PokerStars Hand #254384435962:  Hold'em No Limit ($0.50/$1.00 USD) - 2025/01/15 16:44:08 WET [2025/01/15 11:44:08 ET]
Table 'Zamenhof III' 6-max Seat #1 is the button
Seat 1: ez@@yG@m3 ($100 in chips) 
Seat 2: Evelexy1 ($80 in chips) 
Seat 3: nastja336 ($100 in chips) 
Seat 4: BenCampbel10 ($100 in chips) 
Evelexy1: posts small blind $0.50
nastja336: posts big blind $1
*** HOLE CARDS ***
BenCampbel10: raises $1 to $2
ez@@yG@m3: folds 
Evelexy1: folds 
nastja336: calls $1
*** FLOP *** [6h 3s 9h]
nastja336: checks 
BenCampbel10: bets $5.60
nastja336: calls $5.60
*** TURN *** [6h 3s 9h] [7h]
nastja336: checks 
BenCampbel10: checks 
*** RIVER *** [6h 3s 9h 7h] [Ad]
nastja336: checks 
BenCampbel10: bets $7.40
nastja336: folds 
Uncalled bet ($7.40) returned to BenCampbel10
BenCampbel10 collected $14.92 from pot
BenCampbel10: doesn't show hand 
*** SUMMARY ***
Total pot $15.70 | Rake $0.78 
Board [6h 3s 9h 7h Ad]
Seat 1: ez@@yG@m3 (button) folded before Flop (didn't bet)
Seat 2: Evelexy1 (small blind) folded before Flop
Seat 3: nastja336 (big blind) folded on the River
Seat 4: BenCampbel10 collected ($14.92)



PokerStars Hand #254384448483:  Hold'em No Limit ($0.50/$1.00 USD) - 2025/01/15 16:45:01 WET [2025/01/15 11:45:01 ET]
Table 'Zamenhof III' 6-max Seat #2 is the button
Seat 1: ez@@yG@m3 ($100 in chips) 
Seat 2: Evelexy1 ($100 in chips) 
Seat 3: nastja336 ($100 in chips) 
Seat 4: BenCampbel10 ($107.32 in chips) 
nastja336: posts small blind $0.50
BenCampbel10: posts big blind $1
*** HOLE CARDS ***
ez@@yG@m3: raises $2 to $3
jreddish33 joins the table at seat #5 
jreddish33 is disconnected 
Evelexy1: raises $6 to $9
Gfoer joins the table at seat #6 
nastja336: folds 
BenCampbel10: folds 
ez@@yG@m3: calls $6
*** FLOP *** [Ks 5d Tc]
ez@@yG@m3: checks 
Evelexy1: bets $6.17
ez@@yG@m3: calls $6.17
*** TURN *** [Ks 5d Tc] [4h]
ez@@yG@m3: checks 
Evelexy1: checks 
*** RIVER *** [Ks 5d Tc 4h] [Kc]
ez@@yG@m3: bets $14
Evelexy1: folds 
Uncalled bet ($14) returned to ez@@yG@m3
ez@@yG@m3 collected $30.84 from pot
ez@@yG@m3: doesn't show hand 
*** SUMMARY ***
Total pot $31.84 | Rake $1 
Board [Ks 5d Tc 4h Kc]
Seat 1: ez@@yG@m3 collected ($30.84)
Seat 2: Evelexy1 (button) folded on the River
Seat 3: nastja336 (small blind) folded before Flop
Seat 4: BenCampbel10 (big blind) folded before Flop



PokerStars Hand #254384456251:  Hold'em No Limit ($0.50/$1.00 USD) - 2025/01/15 16:45:33 WET [2025/01/15 11:45:33 ET]
Table 'Zamenhof III' 6-max Seat #3 is the button
Seat 6: Gfoer ($100 in chips) is sitting out
Seat 1: ez@@yG@m3 ($115.67 in chips) 
Seat 2: Evelexy1 ($100 in chips) 
Seat 3: nastja336 ($100 in chips) 
Seat 4: BenCampbel10 ($106.32 in chips) 
Seat 5: jreddish33 ($43.27 in chips) 
BenCampbel10: posts small blind $0.50
jreddish33: posts big blind $1
Gfoer: sits out 
*** HOLE CARDS ***
ez@@yG@m3: folds 
Evelexy1: folds 
nastja336: folds 
BenCampbel10: folds 
Uncalled bet ($0.50) returned to jreddish33
jreddish33 collected $1 from pot
*** SUMMARY ***
Total pot $1 | Rake $0 
Seat 6: Gfoer
Seat 1: ez@@yG@m3 folded before Flop (didn't bet)
Seat 2: Evelexy1 folded before Flop (didn't bet)
Seat 3: nastja336 (button) folded before Flop (didn't bet)
Seat 4: BenCampbel10 (small blind) folded before Flop
Seat 5: jreddish33 (big blind) collected ($1)



PokerStars Hand #254384458565:  Hold'em No Limit ($0.50/$1.00 USD) - 2025/01/15 16:45:43 WET [2025/01/15 11:45:43 ET]
Table 'Zamenhof III' 6-max Seat #4 is the button
Seat 1: ez@@yG@m3 ($115.67 in chips) 
Seat 2: Evelexy1 ($100 in chips) 
Seat 3: nastja336 ($100 in chips) 
Seat 4: BenCampbel10 ($105.82 in chips) 
Seat 5: jreddish33 ($43.77 in chips) 
Seat 6: Gfoer ($100 in chips) 
jreddish33: posts small blind $0.50
Gfoer: posts big blind $1
*** HOLE CARDS ***
ez@@yG@m3: folds 
Evelexy1: folds 
nastja336: raises $1.50 to $2.50
BenCampbel10: raises $5 to $7.50
jreddish33: folds 
Gfoer: folds 
nastja336: folds 
Uncalled bet ($5) returned to BenCampbel10
BenCampbel10 collected $6.50 from pot
*** SUMMARY ***
Total pot $6.50 | Rake $0 
Seat 1: ez@@yG@m3 folded before Flop (didn't bet)
Seat 2: Evelexy1 folded before Flop (didn't bet)
Seat 3: nastja336 folded before Flop
Seat 4: BenCampbel10 (button) collected ($6.50)
Seat 5: jreddish33 (small blind) folded before Flop
Seat 6: Gfoer (big blind) folded before Flop



PokerStars Hand #254384462986:  Hold'em No Limit ($0.50/$1.00 USD) - 2025/01/15 16:46:01 WET [2025/01/15 11:46:01 ET]
Table 'Zamenhof III' 6-max Seat #5 is the button
Seat 1: ez@@yG@m3 ($115.67 in chips) 
Seat 2: Evelexy1 ($100 in chips) 
Seat 3: nastja336 ($100 in chips) 
Seat 4: BenCampbel10 ($109.82 in chips) 
Seat 5: jreddish33 ($43.27 in chips) 
Seat 6: Gfoer ($100 in chips) 
Gfoer: posts small blind $0.50
ez@@yG@m3: posts big blind $1
*** HOLE CARDS ***
Evelexy1: folds 
nastja336: raises $1.50 to $2.50
BenCampbel10: folds 
jreddish33: folds 
Gfoer: folds 
ez@@yG@m3: folds 
Uncalled bet ($1.50) returned to nastja336
nastja336 collected $2.50 from pot
nastja336: doesn't show hand 
*** SUMMARY ***
Total pot $2.50 | Rake $0 
Seat 1: ez@@yG@m3 (big blind) folded before Flop
Seat 2: Evelexy1 folded before Flop (didn't bet)
Seat 3: nastja336 collected ($2.50)
Seat 4: BenCampbel10 folded before Flop (didn't bet)
Seat 5: jreddish33 (button) folded before Flop (didn't bet)
Seat 6: Gfoer (small blind) folded before Flop



PokerStars Hand #254384469237:  Hold'em No Limit ($0.50/$1.00 USD) - 2025/01/15 16:46:28 WET [2025/01/15 11:46:28 ET]
Table 'Zamenhof III' 6-max Seat #6 is the button
Seat 1: ez@@yG@m3 ($114.67 in chips) 
Seat 2: Evelexy1 ($100 in chips) 
Seat 3: nastja336 ($101.50 in chips) 
Seat 4: BenCampbel10 ($109.82 in chips) 
Seat 5: jreddish33 ($43.27 in chips) 
Seat 6: Gfoer ($100 in chips) 
ez@@yG@m3: posts small blind $0.50
Evelexy1: posts big blind $1
*** HOLE CARDS ***
nastja336: folds 
BenCampbel10: folds 
jreddish33: raises $1 to $2
Gfoer: folds 
ez@@yG@m3: folds 
Evelexy1: folds 
Uncalled bet ($1) returned to jreddish33
jreddish33 collected $2.50 from pot
*** SUMMARY ***
Total pot $2.50 | Rake $0 
Seat 1: ez@@yG@m3 (small blind) folded before Flop
Seat 2: Evelexy1 (big blind) folded before Flop
Seat 3: nastja336 folded before Flop (didn't bet)
Seat 4: BenCampbel10 folded before Flop (didn't bet)
Seat 5: jreddish33 collected ($2.50)
Seat 6: Gfoer (button) folded before Flop (didn't bet)



PokerStars Hand #254384472810:  Hold'em No Limit ($0.50/$1.00 USD) - 2025/01/15 16:46:43 WET [2025/01/15 11:46:43 ET]
Table 'Zamenhof III' 6-max Seat #1 is the button
Seat 1: ez@@yG@m3 ($114.17 in chips) 
Seat 2: Evelexy1 ($100 in chips) 
Seat 3: nastja336 ($101.50 in chips) 
Seat 4: BenCampbel10 ($109.82 in chips) 
Seat 5: jreddish33 ($44.77 in chips) 
Seat 6: Gfoer ($100 in chips) 
Evelexy1: posts small blind $0.50
nastja336: posts big blind $1
*** HOLE CARDS ***
BenCampbel10: folds 
jreddish33: folds 
Gfoer: raises $1.20 to $2.20
ez@@yG@m3: raises $5.80 to $8
Evelexy1: folds 
nastja336: folds 
Gfoer: raises $13 to $21
ez@@yG@m3: raises $93.17 to $114.17 and is all-in
Gfoer: calls $79 and is all-in
Uncalled bet ($14.17) returned to ez@@yG@m3
*** FLOP *** [5s Qs 9h]
*** TURN *** [5s Qs 9h] [8s]
*** RIVER *** [5s Qs 9h 8s] [Qc]
*** SHOW DOWN ***
Gfoer: shows [Th Tc] (two pair, Queens and Tens)
ez@@yG@m3: shows [As Ks] (a flush, Ace high)
ez@@yG@m3 collected $199 from pot
*** SUMMARY ***
Total pot $201.50 | Rake $2.50 
Board [5s Qs 9h 8s Qc]
Seat 1: ez@@yG@m3 (button) showed [As Ks] and won ($199) with a flush, Ace high
Seat 2: Evelexy1 (small blind) folded before Flop
Seat 3: nastja336 (big blind) folded before Flop
Seat 4: BenCampbel10 folded before Flop (didn't bet)
Seat 5: jreddish33 folded before Flop (didn't bet)
Seat 6: Gfoer showed [Th Tc] and lost with two pair, Queens and Tens



PokerStars Hand #254384482780:  Hold'em No Limit ($0.50/$1.00 USD) - 2025/01/15 16:47:25 WET [2025/01/15 11:47:25 ET]
Table 'Zamenhof III' 6-max Seat #2 is the button
Seat 1: ez@@yG@m3 ($213.17 in chips) 
Seat 2: Evelexy1 ($100 in chips) 
Seat 3: nastja336 ($100.50 in chips) 
Seat 4: BenCampbel10 ($109.82 in chips) 
Seat 5: jreddish33 ($44.77 in chips) 
Seat 6: Gfoer ($100 in chips) 
nastja336: posts small blind $0.50
BenCampbel10: posts big blind $1
*** HOLE CARDS ***
jreddish33: folds 
Gfoer: folds 
ez@@yG@m3: raises $2 to $3
Evelexy1: folds 
nastja336: folds 
BenCampbel10: calls $2
*** FLOP *** [4h 7s 6c]
BenCampbel10: checks 
ez@@yG@m3: bets $4
BenCampbel10: calls $4
*** TURN *** [4h 7s 6c] [Ah]
BenCampbel10: checks 
ez@@yG@m3: bets $9
BenCampbel10: calls $9
*** RIVER *** [4h 7s 6c Ah] [2c]
BenCampbel10: checks 
ez@@yG@m3: checks 
*** SHOW DOWN ***
BenCampbel10: shows [6h Kh] (a pair of Sixes)
ez@@yG@m3: mucks hand 
BenCampbel10 collected $30.88 from pot
*** SUMMARY ***
Total pot $32.50 | Rake $1.62 
Board [4h 7s 6c Ah 2c]
Seat 1: ez@@yG@m3 mucked
Seat 2: Evelexy1 (button) folded before Flop (didn't bet)
Seat 3: nastja336 (small blind) folded before Flop
Seat 4: BenCampbel10 (big blind) showed [6h Kh] and won ($30.88) with a pair of Sixes
Seat 5: jreddish33 folded before Flop (didn't bet)
Seat 6: Gfoer folded before Flop (didn't bet)



PokerStars Hand #254384496280:  Hold'em No Limit ($0.50/$1.00 USD) - 2025/01/15 16:48:21 WET [2025/01/15 11:48:21 ET]
Table 'Zamenhof III' 6-max Seat #3 is the button
Seat 1: ez@@yG@m3 ($197.17 in chips) 
Seat 2: Evelexy1 ($100 in chips) 
Seat 3: nastja336 ($100 in chips) 
Seat 4: BenCampbel10 ($124.70 in chips) 
Seat 5: jreddish33 ($44.77 in chips) 
Seat 6: Gfoer ($100 in chips) 
BenCampbel10: posts small blind $0.50
jreddish33: posts big blind $1
*** HOLE CARDS ***
Gfoer: folds 
ez@@yG@m3: folds 
Evelexy1: folds 
nastja336: raises $1.50 to $2.50
BenCampbel10: folds 
jreddish33: calls $1.50
*** FLOP *** [7h Kc 8d]
jreddish33: checks 
nastja336: bets $1.72
jreddish33: folds 
Uncalled bet ($1.72) returned to nastja336
nastja336 collected $5.22 from pot
nastja336: doesn't show hand 
*** SUMMARY ***
Total pot $5.50 | Rake $0.28 
Board [7h Kc 8d]
Seat 1: ez@@yG@m3 folded before Flop (didn't bet)
Seat 2: Evelexy1 folded before Flop (didn't bet)
Seat 3: nastja336 (button) collected ($5.22)
Seat 4: BenCampbel10 (small blind) folded before Flop
Seat 5: jreddish33 (big blind) folded on the Flop
Seat 6: Gfoer folded before Flop (didn't bet)



PokerStars Hand #254384504193:  Hold'em No Limit ($0.50/$1.00 USD) - 2025/01/15 16:48:54 WET [2025/01/15 11:48:54 ET]
Table 'Zamenhof III' 6-max Seat #4 is the button
Seat 1: ez@@yG@m3 ($197.17 in chips) 
Seat 2: Evelexy1 ($100 in chips) 
Seat 3: nastja336 ($102.72 in chips) 
Seat 4: BenCampbel10 ($124.20 in chips) 
Seat 5: jreddish33 ($42.27 in chips) 
Seat 6: Gfoer ($100 in chips) 
jreddish33: posts small blind $0.50
Gfoer: posts big blind $1
*** HOLE CARDS ***
ez@@yG@m3: folds 
Evelexy1: folds 
nastja336: raises $1.50 to $2.50
BenCampbel10: folds 
jreddish33: calls $2
Gfoer: raises $11.50 to $14
nastja336: folds 
jreddish33: raises $28.27 to $42.27 and is all-in
Gfoer: calls $28.27
*** FLOP *** [8h 4d Ah]
*** TURN *** [8h 4d Ah] [6s]
*** RIVER *** [8h 4d Ah 6s] [Jc]
*** SHOW DOWN ***
jreddish33: shows [Td Kc] (high card Ace)
Gfoer: shows [Ks Kh] (a pair of Kings)
jreddish33 is disconnected 
Gfoer collected $84.54 from pot
*** SUMMARY ***
Total pot $87.04 | Rake $2.50 
Board [8h 4d Ah 6s Jc]
Seat 1: ez@@yG@m3 folded before Flop (didn't bet)
Seat 2: Evelexy1 folded before Flop (didn't bet)
Seat 3: nastja336 folded before Flop
Seat 4: BenCampbel10 (button) folded before Flop (didn't bet)
Seat 5: jreddish33 (small blind) showed [Td Kc] and lost with high card Ace
Seat 6: Gfoer (big blind) showed [Ks Kh] and won ($84.54) with a pair of Kings



PokerStars Hand #254384513314:  Hold'em No Limit ($0.50/$1.00 USD) - 2025/01/15 16:49:32 WET [2025/01/15 11:49:32 ET]
Table 'Zamenhof III' 6-max Seat #6 is the button
Seat 5: jreddish33 ($0 in chips) is sitting out
Seat 1: ez@@yG@m3 ($197.17 in chips) 
Seat 2: Evelexy1 ($100 in chips) 
Seat 3: nastja336 ($100.22 in chips) 
Seat 4: BenCampbel10 ($124.20 in chips) 
Seat 6: Gfoer ($142.27 in chips) 
ez@@yG@m3: posts small blind $0.50
Evelexy1: posts big blind $1
*** HOLE CARDS ***
nastja336: raises $1.50 to $2.50
BenCampbel10: folds 
Gfoer: raises $6 to $8.50
ez@@yG@m3: folds 
Evelexy1: folds 
nastja336: folds 
Uncalled bet ($6) returned to Gfoer
Gfoer collected $6.50 from pot
Gfoer: doesn't show hand 
*** SUMMARY ***
Total pot $6.50 | Rake $0 
Seat 5: jreddish33
Seat 1: ez@@yG@m3 (small blind) folded before Flop
Seat 2: Evelexy1 (big blind) folded before Flop
Seat 3: nastja336 folded before Flop
Seat 4: BenCampbel10 folded before Flop (didn't bet)
Seat 6: Gfoer (button) collected ($6.50)



PokerStars Hand #254384517131:  Hold'em No Limit ($0.50/$1.00 USD) - 2025/01/15 16:49:48 WET [2025/01/15 11:49:48 ET]
Table 'Zamenhof III' 6-max Seat #4 is the button
Seat 3: nastja336 ($100 in chips) is sitting out
Seat 5: jreddish33 ($0 in chips) is sitting out
Seat 6: Gfoer ($146.27 in chips) is sitting out
Seat 1: ez@@yG@m3 ($196.67 in chips) 
Seat 4: BenCampbel10 ($124.20 in chips) 
BenCampbel10: posts small blind $0.50
Gfoer: is sitting out 
Evelexy1 leaves the table
ez@@yG@m3: posts big blind $1
*** HOLE CARDS ***
nastja336 leaves the table
Gfoer leaves the table
BenCampbel10: raises $1 to $2
ez@@yG@m3: folds 
Uncalled bet ($1) returned to BenCampbel10
BenCampbel10 collected $2 from pot
BenCampbel10: doesn't show hand 
*** SUMMARY ***
Total pot $2 | Rake $0 
Seat 3: nastja336
Seat 5: jreddish33
Seat 6: Gfoer
Seat 1: ez@@yG@m3 (big blind) folded before Flop
Seat 4: BenCampbel10 (button) (small blind) collected ($2)



PokerStars Hand #254384822826:  Hold'em No Limit ($0.50/$1.00 USD) - 2025/01/15 17:11:53 WET [2025/01/15 12:11:53 ET]
Table 'Zamenhof III' 6-max Seat #5 is the button
Seat 1: BenCampbel10 ($125.20 in chips) 
Seat 3: End0eugh ($60.13 in chips) 
Seat 4: whlzor ($100 in chips) 
Seat 5: ReVeu710 ($100 in chips) 
BenCampbel10: posts small blind $0.50
End0eugh: posts big blind $1
*** HOLE CARDS ***
whlzor: folds 
ReVeu710: raises $1.50 to $2.50
BenCampbel10: folds 
End0eugh: calls $1.50
*** FLOP *** [8c Ah Qs]
End0eugh: checks 
DIMAN_324 joins the table at seat #6 
ReVeu710: bets $1.30
End0eugh: folds 
Uncalled bet ($1.30) returned to ReVeu710
ReVeu710 collected $5.22 from pot
ReVeu710: doesn't show hand 
*** SUMMARY ***
Total pot $5.50 | Rake $0.28 
Board [8c Ah Qs]
Seat 1: BenCampbel10 (small blind) folded before Flop
Seat 3: End0eugh (big blind) folded on the Flop
Seat 4: whlzor folded before Flop (didn't bet)
Seat 5: ReVeu710 (button) collected ($5.22)



PokerStars Hand #254384830309:  Hold'em No Limit ($0.50/$1.00 USD) - 2025/01/15 17:12:22 WET [2025/01/15 12:12:22 ET]
Table 'Zamenhof III' 6-max Seat #1 is the button
Seat 6: DIMAN_324 ($100 in chips) is sitting out
Seat 1: BenCampbel10 ($124.70 in chips) 
Seat 3: End0eugh ($57.63 in chips) 
Seat 4: whlzor ($100 in chips) 
Seat 5: ReVeu710 ($102.72 in chips) 
End0eugh: posts small blind $0.50
whlzor: posts big blind $1
DIMAN_324: sits out 
*** HOLE CARDS ***
ReVeu710: folds 
BenCampbel10: raises $1 to $2
ReVeu710 leaves the table
End0eugh: calls $1.50
blistein joins the table at seat #5 
whlzor: calls $1
*** FLOP *** [Ks Td Qd]
GuigaMan joins the table at seat #2 
End0eugh: checks 
whlzor: checks 
BenCampbel10: checks 
*** TURN *** [Ks Td Qd] [9s]
End0eugh: checks 
whlzor: checks 
BenCampbel10: checks 
*** RIVER *** [Ks Td Qd 9s] [Qs]
End0eugh: checks 
whlzor: checks 
BenCampbel10: checks 
*** SHOW DOWN ***
End0eugh: shows [5s 6d] (a pair of Queens)
whlzor: shows [5h 6h] (a pair of Queens)
BenCampbel10: shows [2c Kc] (two pair, Kings and Queens)
BenCampbel10 collected $5.70 from pot
*** SUMMARY ***
Total pot $6 | Rake $0.30 
Board [Ks Td Qd 9s Qs]
Seat 6: DIMAN_324
Seat 1: BenCampbel10 (button) showed [2c Kc] and won ($5.70) with two pair, Kings and Queens
Seat 3: End0eugh (small blind) showed [5s 6d] and lost with a pair of Queens
Seat 4: whlzor (big blind) showed [5h 6h] and lost with a pair of Queens
Seat 5: ReVeu710 folded before Flop (didn't bet)



PokerStars Hand #254384845677:  Hold'em No Limit ($0.50/$1.00 USD) - 2025/01/15 17:13:22 WET [2025/01/15 12:13:22 ET]
Table 'Zamenhof III' 6-max Seat #3 is the button
Seat 2: GuigaMan ($100 in chips) is sitting out
Seat 6: DIMAN_324 ($100 in chips) is sitting out
Seat 1: BenCampbel10 ($128.40 in chips) 
Seat 3: End0eugh ($76.41 in chips) 
Seat 4: whlzor ($100 in chips) 
Seat 5: blistein ($100 in chips) 
whlzor: posts small blind $0.50
blistein: posts big blind $1
DIMAN_324: sits out 
GuigaMan: sits out 
*** HOLE CARDS ***
BenCampbel10: folds 
End0eugh: folds 
whlzor: folds 
Uncalled bet ($0.50) returned to blistein
blistein collected $1 from pot
blistein: doesn't show hand 
*** SUMMARY ***
Total pot $1 | Rake $0 
Seat 2: GuigaMan
Seat 6: DIMAN_324
Seat 1: BenCampbel10 folded before Flop (didn't bet)
Seat 3: End0eugh (button) folded before Flop (didn't bet)
Seat 4: whlzor (small blind) folded before Flop
Seat 5: blistein (big blind) collected ($1)



PokerStars Hand #254384847793:  Hold'em No Limit ($0.50/$1.00 USD) - 2025/01/15 17:13:30 WET [2025/01/15 12:13:30 ET]
Table 'Zamenhof III' 6-max Seat #4 is the button
Seat 2: GuigaMan ($100 in chips) is sitting out
Seat 1: BenCampbel10 ($128.40 in chips) 
Seat 3: End0eugh ($76.41 in chips) 
Seat 4: whlzor ($100 in chips) 
Seat 5: blistein ($100.50 in chips) 
Seat 6: DIMAN_324 ($100 in chips) 
blistein: posts small blind $0.50
DIMAN_324: posts big blind $1
GuigaMan: sits out 
*** HOLE CARDS ***
BenCampbel10: raises $1 to $2
End0eugh: calls $2
whlzor: folds 
blistein: folds 
DIMAN_324: calls $1
*** FLOP *** [2d Jc 2s]
DIMAN_324: checks 
BenCampbel10: checks 
End0eugh: checks 
*** TURN *** [2d Jc 2s] [2c]
DIMAN_324: checks 
BenCampbel10: checks 
End0eugh: checks 
*** RIVER *** [2d Jc 2s 2c] [4s]
DIMAN_324: checks 
BenCampbel10: bets $4.64
End0eugh: folds 
DIMAN_324: folds 
Uncalled bet ($4.64) returned to BenCampbel10
BenCampbel10 collected $6.18 from pot
*** SUMMARY ***
Total pot $6.50 | Rake $0.32 
Board [2d Jc 2s 2c 4s]
Seat 2: GuigaMan
Seat 1: BenCampbel10 collected ($6.18)
Seat 3: End0eugh folded on the River
Seat 4: whlzor (button) folded before Flop (didn't bet)
Seat 5: blistein (small blind) folded before Flop
Seat 6: DIMAN_324 (big blind) folded on the River



PokerStars Hand #254384870801:  Hold'em No Limit ($0.50/$1.00 USD) - 2025/01/15 17:15:00 WET [2025/01/15 12:15:00 ET]
Table 'Zamenhof III' 6-max Seat #5 is the button
Seat 2: GuigaMan ($100 in chips) is sitting out
Seat 1: BenCampbel10 ($132.58 in chips) 
Seat 3: End0eugh ($74.41 in chips) 
Seat 4: whlzor ($100 in chips) 
Seat 5: blistein ($100 in chips) 
Seat 6: DIMAN_324 ($100 in chips) 
DIMAN_324: posts small blind $0.50
BenCampbel10: posts big blind $1
GuigaMan: sits out 
*** HOLE CARDS ***
End0eugh: calls $1
whlzor: folds 
blistein: folds 
DIMAN_324: folds 
BenCampbel10: checks 
*** FLOP *** [7s Ks Th]
BenCampbel10: checks 
End0eugh: bets $2
blistein leaves the table
BenCampbel10: calls $2
*** TURN *** [7s Ks Th] [8d]
BenCampbel10: checks 
End0eugh: checks 
*** RIVER *** [7s Ks Th 8d] [9s]
BenCampbel10: checks 
End0eugh: checks 
*** SHOW DOWN ***
BenCampbel10: shows [2h Ts] (a pair of Tens)
End0eugh: shows [8c Kc] (two pair, Kings and Eights)
End0eugh collected $6.18 from pot
*** SUMMARY ***
Total pot $6.50 | Rake $0.32 
Board [7s Ks Th 8d 9s]
Seat 2: GuigaMan
Seat 1: BenCampbel10 (big blind) showed [2h Ts] and lost with a pair of Tens
Seat 3: End0eugh showed [8c Kc] and won ($6.18) with two pair, Kings and Eights
Seat 4: whlzor folded before Flop (didn't bet)
Seat 5: blistein (button) folded before Flop (didn't bet)
Seat 6: DIMAN_324 (small blind) folded before Flop



PokerStars Hand #254384879703:  Hold'em No Limit ($0.50/$1.00 USD) - 2025/01/15 17:15:34 WET [2025/01/15 12:15:34 ET]
Table 'Zamenhof III' 6-max Seat #6 is the button
Seat 1: BenCampbel10 ($129.58 in chips) 
Seat 2: GuigaMan ($100 in chips) 
Seat 3: End0eugh ($77.59 in chips) 
Seat 4: whlzor ($100 in chips) 
Seat 6: DIMAN_324 ($100 in chips) 
BenCampbel10: posts small blind $0.50
Lucastitos joins the table at seat #5 
GuigaMan: posts big blind $1
*** HOLE CARDS ***
End0eugh: folds 
whlzor: folds 
DIMAN_324: raises $1 to $2
BenCampbel10: folds 
GuigaMan: folds 
Uncalled bet ($1) returned to DIMAN_324
DIMAN_324 collected $2.50 from pot
DIMAN_324: doesn't show hand 
*** SUMMARY ***
Total pot $2.50 | Rake $0 
Seat 1: BenCampbel10 (small blind) folded before Flop
Seat 2: GuigaMan (big blind) folded before Flop
Seat 3: End0eugh folded before Flop (didn't bet)
Seat 4: whlzor folded before Flop (didn't bet)
Seat 6: DIMAN_324 (button) collected ($2.50)



PokerStars Hand #254384884155:  Hold'em No Limit ($0.50/$1.00 USD) - 2025/01/15 17:15:52 WET [2025/01/15 12:15:52 ET]
Table 'Zamenhof III' 6-max Seat #1 is the button
Seat 5: Lucastitos ($100 in chips) is sitting out
Seat 1: BenCampbel10 ($129.08 in chips) 
Seat 2: GuigaMan ($100 in chips) 
Seat 3: End0eugh ($77.59 in chips) 
Seat 4: whlzor ($100 in chips) 
Seat 6: DIMAN_324 ($101.50 in chips) 
GuigaMan: posts small blind $0.50
End0eugh: posts big blind $1
Lucastitos: sits out 
*** HOLE CARDS ***
whlzor: folds 
DIMAN_324: folds 
whlzor leaves the table
BenCampbel10: folds 
GuigaMan: folds 
Uncalled bet ($0.50) returned to End0eugh
Xenicide joins the table at seat #4 
End0eugh collected $1 from pot
*** SUMMARY ***
Total pot $1 | Rake $0 
Seat 5: Lucastitos
Seat 1: BenCampbel10 (button) folded before Flop (didn't bet)
Seat 2: GuigaMan (small blind) folded before Flop
Seat 3: End0eugh (big blind) collected ($1)
Seat 4: whlzor folded before Flop (didn't bet)
Seat 6: DIMAN_324 folded before Flop (didn't bet)



PokerStars Hand #254384887504:  Hold'em No Limit ($0.50/$1.00 USD) - 2025/01/15 17:16:05 WET [2025/01/15 12:16:05 ET]
Table 'Zamenhof III' 6-max Seat #2 is the button
Seat 5: Lucastitos ($100 in chips) is sitting out
Seat 1: BenCampbel10 ($129.08 in chips) 
Seat 2: GuigaMan ($100 in chips) 
Seat 3: End0eugh ($78.09 in chips) 
Seat 4: Xenicide ($100 in chips) 
Seat 6: DIMAN_324 ($101.50 in chips) 
End0eugh: posts small blind $0.50
Xenicide: posts big blind $1
Lucastitos: sits out 
*** HOLE CARDS ***
DIMAN_324: folds 
BenCampbel10: folds 
GuigaMan: raises $1.10 to $2.10
End0eugh: folds 
Xenicide: calls $1.10
*** FLOP *** [3h Qd Ac]
Xenicide: checks 
GuigaMan: bets $1
Xenicide: calls $1
*** TURN *** [3h Qd Ac] [8d]
Xenicide: checks 
GuigaMan: checks 
*** RIVER *** [3h Qd Ac 8d] [6s]
Xenicide: bets $3.18
GuigaMan: folds 
Uncalled bet ($3.18) returned to Xenicide
Xenicide collected $6.36 from pot
*** SUMMARY ***
Total pot $6.70 | Rake $0.34 
Board [3h Qd Ac 8d 6s]
Seat 5: Lucastitos
Seat 1: BenCampbel10 folded before Flop (didn't bet)
Seat 2: GuigaMan (button) folded on the River
Seat 3: End0eugh (small blind) folded before Flop
Seat 4: Xenicide (big blind) collected ($6.36)
Seat 6: DIMAN_324 folded before Flop (didn't bet)



PokerStars Hand #254384901563:  Hold'em No Limit ($0.50/$1.00 USD) - 2025/01/15 17:16:59 WET [2025/01/15 12:16:59 ET]
Table 'Zamenhof III' 6-max Seat #3 is the button
Seat 1: BenCampbel10 ($129.08 in chips) 
Seat 2: GuigaMan ($100 in chips) 
Seat 3: End0eugh ($77.59 in chips) 
Seat 4: Xenicide ($103.26 in chips) 
Seat 5: Lucastitos ($100 in chips) 
Seat 6: DIMAN_324 ($101.50 in chips) 
Xenicide: posts small blind $0.50
Lucastitos: posts big blind $1
*** HOLE CARDS ***
DIMAN_324: folds 
BenCampbel10: folds 
GuigaMan: folds 
End0eugh: calls $1
Xenicide: calls $0.50
Lucastitos: checks 
*** FLOP *** [Qs Qh 3h]
Xenicide: checks 
Lucastitos: checks 
End0eugh: bets $1.43
Xenicide: folds 
Lucastitos: folds 
Uncalled bet ($1.43) returned to End0eugh
End0eugh collected $2.85 from pot
*** SUMMARY ***
Total pot $3 | Rake $0.15 
Board [Qs Qh 3h]
Seat 1: BenCampbel10 folded before Flop (didn't bet)
Seat 2: GuigaMan folded before Flop (didn't bet)
Seat 3: End0eugh (button) collected ($2.85)
Seat 4: Xenicide (small blind) folded on the Flop
Seat 5: Lucastitos (big blind) folded on the Flop
Seat 6: DIMAN_324 folded before Flop (didn't bet)



PokerStars Hand #254384920233:  Hold'em No Limit ($0.50/$1.00 USD) - 2025/01/15 17:18:11 WET [2025/01/15 12:18:11 ET]
Table 'Zamenhof III' 6-max Seat #4 is the button
Seat 1: BenCampbel10 ($129.08 in chips) 
Seat 2: GuigaMan ($100 in chips) 
Seat 3: End0eugh ($82.10 in chips) 
Seat 4: Xenicide ($102.26 in chips) 
Seat 5: Lucastitos ($100 in chips) 
Seat 6: DIMAN_324 ($101.50 in chips) 
Lucastitos: posts small blind $0.50
DIMAN_324: posts big blind $1
*** HOLE CARDS ***
BenCampbel10: folds 
GuigaMan: folds 
End0eugh: folds 
Xenicide: folds 
Lucastitos: folds 
Uncalled bet ($0.50) returned to DIMAN_324
DIMAN_324 collected $1 from pot
DIMAN_324: doesn't show hand 
*** SUMMARY ***
Total pot $1 | Rake $0 
Seat 1: BenCampbel10 folded before Flop (didn't bet)
Seat 2: GuigaMan folded before Flop (didn't bet)
Seat 3: End0eugh folded before Flop (didn't bet)
Seat 4: Xenicide (button) folded before Flop (didn't bet)
Seat 5: Lucastitos (small blind) folded before Flop
Seat 6: DIMAN_324 (big blind) collected ($1)



PokerStars Hand #254384925863:  Hold'em No Limit ($0.50/$1.00 USD) - 2025/01/15 17:18:33 WET [2025/01/15 12:18:33 ET]
Table 'Zamenhof III' 6-max Seat #5 is the button
Seat 1: BenCampbel10 ($129.08 in chips) 
Seat 2: GuigaMan ($100 in chips) 
Seat 3: End0eugh ($82.10 in chips) 
Seat 4: Xenicide ($102.26 in chips) 
Seat 5: Lucastitos ($100 in chips) 
Seat 6: DIMAN_324 ($102 in chips) 
DIMAN_324: posts small blind $0.50
BenCampbel10: posts big blind $1
*** HOLE CARDS ***
GuigaMan: folds 
End0eugh: folds 
Xenicide: raises $1 to $2
Lucastitos: folds 
DIMAN_324: raises $9 to $11
BenCampbel10: folds 
Xenicide: folds 
Uncalled bet ($9) returned to DIMAN_324
DIMAN_324 collected $5 from pot
DIMAN_324: doesn't show hand 
*** SUMMARY ***
Total pot $5 | Rake $0 
Seat 1: BenCampbel10 (big blind) folded before Flop
Seat 2: GuigaMan folded before Flop (didn't bet)
Seat 3: End0eugh folded before Flop (didn't bet)
Seat 4: Xenicide folded before Flop
Seat 5: Lucastitos (button) folded before Flop (didn't bet)
Seat 6: DIMAN_324 (small blind) collected ($5)



PokerStars Hand #254384935889:  Hold'em No Limit ($0.50/$1.00 USD) - 2025/01/15 17:19:11 WET [2025/01/15 12:19:11 ET]
Table 'Zamenhof III' 6-max Seat #6 is the button
Seat 1: BenCampbel10 ($128.08 in chips) 
Seat 2: GuigaMan ($100 in chips) 
Seat 3: End0eugh ($82.10 in chips) 
Seat 4: Xenicide ($100.26 in chips) 
Seat 5: Lucastitos ($100 in chips) 
Seat 6: DIMAN_324 ($105 in chips) 
BenCampbel10: posts small blind $0.50
GuigaMan: posts big blind $1
*** HOLE CARDS ***
End0eugh: folds 
Xenicide: folds 
Lucastitos: raises $1.30 to $2.30
DIMAN_324: folds 
BenCampbel10: folds 
GuigaMan: raises $8.70 to $11
Lucastitos: calls $8.70
*** FLOP *** [Ac Kh 3d]
GuigaMan: bets $4
Lucastitos: folds 
Uncalled bet ($4) returned to GuigaMan
GuigaMan collected $21.38 from pot
GuigaMan: doesn't show hand 
*** SUMMARY ***
Total pot $22.50 | Rake $1.12 
Board [Ac Kh 3d]
Seat 1: BenCampbel10 (small blind) folded before Flop
Seat 2: GuigaMan (big blind) collected ($21.38)
Seat 3: End0eugh folded before Flop (didn't bet)
Seat 4: Xenicide folded before Flop (didn't bet)
Seat 5: Lucastitos folded on the Flop
Seat 6: DIMAN_324 (button) folded before Flop (didn't bet)



PokerStars Hand #254384948192:  Hold'em No Limit ($0.50/$1.00 USD) - 2025/01/15 17:19:58 WET [2025/01/15 12:19:58 ET]
Table 'Zamenhof III' 6-max Seat #1 is the button
Seat 1: BenCampbel10 ($127.58 in chips) 
Seat 2: GuigaMan ($110.38 in chips) 
Seat 3: End0eugh ($82.10 in chips) 
Seat 4: Xenicide ($100.26 in chips) 
Seat 5: Lucastitos ($100 in chips) 
Seat 6: DIMAN_324 ($105 in chips) 
GuigaMan: posts small blind $0.50
End0eugh: posts big blind $1
*** HOLE CARDS ***
Xenicide: folds 
Lucastitos: folds 
DIMAN_324: raises $1 to $2
BenCampbel10: raises $4 to $6
GuigaMan: folds 
End0eugh: folds 
DIMAN_324: calls $4
*** FLOP *** [Qh Jh Js]
DIMAN_324: checks 
BenCampbel10: bets $3.60
DIMAN_324: raises $15.02 to $18.62
BenCampbel10: folds 
Uncalled bet ($15.02) returned to DIMAN_324
DIMAN_324 collected $19.66 from pot
DIMAN_324: doesn't show hand 
*** SUMMARY ***
Total pot $20.70 | Rake $1.04 
Board [Qh Jh Js]
Seat 1: BenCampbel10 (button) folded on the Flop
Seat 2: GuigaMan (small blind) folded before Flop
Seat 3: End0eugh (big blind) folded before Flop
Seat 4: Xenicide folded before Flop (didn't bet)
Seat 5: Lucastitos folded before Flop (didn't bet)
Seat 6: DIMAN_324 collected ($19.66)



PokerStars Hand #254384961486:  Hold'em No Limit ($0.50/$1.00 USD) - 2025/01/15 17:20:49 WET [2025/01/15 12:20:49 ET]
Table 'Zamenhof III' 6-max Seat #2 is the button
Seat 1: BenCampbel10 ($117.98 in chips) 
Seat 2: GuigaMan ($109.88 in chips) 
Seat 3: End0eugh ($81.10 in chips) 
Seat 4: Xenicide ($100.26 in chips) 
Seat 5: Lucastitos ($100 in chips) 
Seat 6: DIMAN_324 ($115.06 in chips) 
End0eugh: posts small blind $0.50
Xenicide: posts big blind $1
*** HOLE CARDS ***
Lucastitos: folds 
DIMAN_324: raises $1 to $2
BenCampbel10: folds 
GuigaMan: folds 
End0eugh: folds 
Xenicide: calls $1
*** FLOP *** [4d Qd 2h]
Xenicide: checks 
DIMAN_324: bets $1.28
Xenicide: calls $1.28
*** TURN *** [4d Qd 2h] [9c]
Xenicide: checks 
DIMAN_324: bets $8.92
Xenicide: calls $8.92
*** RIVER *** [4d Qd 2h 9c] [5d]
Xenicide: checks 
DIMAN_324: checks 
*** SHOW DOWN ***
Xenicide: shows [Qh Ts] (a pair of Queens)
DIMAN_324: mucks hand 
Xenicide collected $23.66 from pot
*** SUMMARY ***
Total pot $24.90 | Rake $1.24 
Board [4d Qd 2h 9c 5d]
Seat 1: BenCampbel10 folded before Flop (didn't bet)
Seat 2: GuigaMan (button) folded before Flop (didn't bet)
Seat 3: End0eugh (small blind) folded before Flop
Seat 4: Xenicide (big blind) showed [Qh Ts] and won ($23.66) with a pair of Queens
Seat 5: Lucastitos folded before Flop (didn't bet)
Seat 6: DIMAN_324 mucked



PokerStars Hand #254384987221:  Hold'em No Limit ($0.50/$1.00 USD) - 2025/01/15 17:22:27 WET [2025/01/15 12:22:27 ET]
Table 'Zamenhof III' 6-max Seat #3 is the button
Seat 1: BenCampbel10 ($117.98 in chips) 
Seat 2: GuigaMan ($109.88 in chips) 
Seat 3: End0eugh ($80.60 in chips) 
Seat 4: Xenicide ($111.72 in chips) 
Seat 5: Lucastitos ($100 in chips) 
Seat 6: DIMAN_324 ($102.86 in chips) 
Xenicide: posts small blind $0.50
Lucastitos: posts big blind $1
*** HOLE CARDS ***
DIMAN_324: folds 
BenCampbel10: folds 
GuigaMan: raises $1 to $2
End0eugh: folds 
Xenicide: folds 
Lucastitos: folds 
Uncalled bet ($1) returned to GuigaMan
GuigaMan collected $2.50 from pot
GuigaMan: doesn't show hand 
*** SUMMARY ***
Total pot $2.50 | Rake $0 
Seat 1: BenCampbel10 folded before Flop (didn't bet)
Seat 2: GuigaMan collected ($2.50)
Seat 3: End0eugh (button) folded before Flop (didn't bet)
Seat 4: Xenicide (small blind) folded before Flop
Seat 5: Lucastitos (big blind) folded before Flop
Seat 6: DIMAN_324 folded before Flop (didn't bet)



PokerStars Hand #254384994299:  Hold'em No Limit ($0.50/$1.00 USD) - 2025/01/15 17:22:55 WET [2025/01/15 12:22:55 ET]
Table 'Zamenhof III' 6-max Seat #4 is the button
Seat 1: BenCampbel10 ($117.98 in chips) 
Seat 2: GuigaMan ($111.38 in chips) 
Seat 3: End0eugh ($80.60 in chips) 
Seat 4: Xenicide ($111.22 in chips) 
Seat 5: Lucastitos ($100 in chips) 
Seat 6: DIMAN_324 ($102.86 in chips) 
Lucastitos: posts small blind $0.50
DIMAN_324: posts big blind $1
*** HOLE CARDS ***
BenCampbel10: folds 
GuigaMan: raises $1 to $2
End0eugh: folds 
Xenicide: folds 
Lucastitos: folds 
DIMAN_324: calls $1
*** FLOP *** [Jc 6c Jd]
DIMAN_324: checks 
GuigaMan: checks 
*** TURN *** [Jc 6c Jd] [Ad]
DIMAN_324: checks 
GuigaMan: checks 
*** RIVER *** [Jc 6c Jd Ad] [8d]
DIMAN_324: bets $1.28
GuigaMan: folds 
Uncalled bet ($1.28) returned to DIMAN_324
DIMAN_324 collected $4.28 from pot
DIMAN_324: doesn't show hand 
*** SUMMARY ***
Total pot $4.50 | Rake $0.22 
Board [Jc 6c Jd Ad 8d]
Seat 1: BenCampbel10 folded before Flop (didn't bet)
Seat 2: GuigaMan folded on the River
Seat 3: End0eugh folded before Flop (didn't bet)
Seat 4: Xenicide (button) folded before Flop (didn't bet)
Seat 5: Lucastitos (small blind) folded before Flop
Seat 6: DIMAN_324 (big blind) collected ($4.28)



PokerStars Hand #254385009590:  Hold'em No Limit ($0.50/$1.00 USD) - 2025/01/15 17:23:53 WET [2025/01/15 12:23:53 ET]
Table 'Zamenhof III' 6-max Seat #5 is the button
Seat 1: BenCampbel10 ($117.98 in chips) 
Seat 2: GuigaMan ($109.38 in chips) 
Seat 3: End0eugh ($80.60 in chips) 
Seat 4: Xenicide ($111.22 in chips) 
Seat 5: Lucastitos ($100 in chips) 
Seat 6: DIMAN_324 ($105.14 in chips) 
DIMAN_324: posts small blind $0.50
BenCampbel10: posts big blind $1
*** HOLE CARDS ***
GuigaMan: folds 
End0eugh: raises $1 to $2
Xenicide: folds 
Lucastitos: folds 
DIMAN_324: folds 
BenCampbel10: folds 
Uncalled bet ($1) returned to End0eugh
End0eugh collected $2.50 from pot
*** SUMMARY ***
Total pot $2.50 | Rake $0 
Seat 1: BenCampbel10 (big blind) folded before Flop
Seat 2: GuigaMan folded before Flop (didn't bet)
Seat 3: End0eugh collected ($2.50)
Seat 4: Xenicide folded before Flop (didn't bet)
Seat 5: Lucastitos (button) folded before Flop (didn't bet)
Seat 6: DIMAN_324 (small blind) folded before Flop



PokerStars Hand #254385014461:  Hold'em No Limit ($0.50/$1.00 USD) - 2025/01/15 17:24:12 WET [2025/01/15 12:24:12 ET]
Table 'Zamenhof III' 6-max Seat #6 is the button
Seat 1: BenCampbel10 ($116.98 in chips) 
Seat 2: GuigaMan ($109.38 in chips) 
Seat 3: End0eugh ($82.10 in chips) 
Seat 4: Xenicide ($111.22 in chips) 
Seat 5: Lucastitos ($100 in chips) 
Seat 6: DIMAN_324 ($104.64 in chips) 
BenCampbel10: posts small blind $0.50
GuigaMan: posts big blind $1
*** HOLE CARDS ***
End0eugh: raises $1 to $2
Xenicide: folds 
Lucastitos: folds 
DIMAN_324: folds 
BenCampbel10: folds 
GuigaMan: calls $1
*** FLOP *** [7h 2d 7d]
GuigaMan: checks 
End0eugh: bets $1.28
GuigaMan: folds 
Uncalled bet ($1.28) returned to End0eugh
End0eugh collected $4.28 from pot
*** SUMMARY ***
Total pot $4.50 | Rake $0.22 
Board [7h 2d 7d]
Seat 1: BenCampbel10 (small blind) folded before Flop
Seat 2: GuigaMan (big blind) folded on the Flop
Seat 3: End0eugh collected ($4.28)
Seat 4: Xenicide folded before Flop (didn't bet)
Seat 5: Lucastitos folded before Flop (didn't bet)
Seat 6: DIMAN_324 (button) folded before Flop (didn't bet)



PokerStars Hand #254385021223:  Hold'em No Limit ($0.50/$1.00 USD) - 2025/01/15 17:24:37 WET [2025/01/15 12:24:37 ET]
Table 'Zamenhof III' 6-max Seat #1 is the button
Seat 1: BenCampbel10 ($116.48 in chips) 
Seat 2: GuigaMan ($107.38 in chips) 
Seat 3: End0eugh ($84.38 in chips) 
Seat 4: Xenicide ($111.22 in chips) 
Seat 5: Lucastitos ($100 in chips) 
Seat 6: DIMAN_324 ($104.64 in chips) 
GuigaMan: posts small blind $0.50
End0eugh: posts big blind $1
*** HOLE CARDS ***
Xenicide: folds 
Lucastitos: folds 
DIMAN_324: raises $1 to $2
BenCampbel10: raises $4 to $6
GuigaMan: folds 
End0eugh: folds 
DIMAN_324: folds 
Uncalled bet ($4) returned to BenCampbel10
BenCampbel10 collected $5.50 from pot
*** SUMMARY ***
Total pot $5.50 | Rake $0 
Seat 1: BenCampbel10 (button) collected ($5.50)
Seat 2: GuigaMan (small blind) folded before Flop
Seat 3: End0eugh (big blind) folded before Flop
Seat 4: Xenicide folded before Flop (didn't bet)
Seat 5: Lucastitos folded before Flop (didn't bet)
Seat 6: DIMAN_324 folded before Flop



PokerStars Hand #254385029476:  Hold'em No Limit ($0.50/$1.00 USD) - 2025/01/15 17:25:09 WET [2025/01/15 12:25:09 ET]
Table 'Zamenhof III' 6-max Seat #2 is the button
Seat 1: BenCampbel10 ($119.98 in chips) 
Seat 2: GuigaMan ($106.88 in chips) 
Seat 3: End0eugh ($83.38 in chips) 
Seat 4: Xenicide ($111.22 in chips) 
Seat 5: Lucastitos ($100 in chips) 
Seat 6: DIMAN_324 ($102.64 in chips) 
End0eugh: posts small blind $0.50
Xenicide: posts big blind $1
*** HOLE CARDS ***
Lucastitos: folds 
DIMAN_324: raises $1 to $2
BenCampbel10: folds 
GuigaMan: folds 
End0eugh: folds 
Xenicide: folds 
Uncalled bet ($1) returned to DIMAN_324
DIMAN_324 collected $2.50 from pot
DIMAN_324: doesn't show hand 
*** SUMMARY ***
Total pot $2.50 | Rake $0 
Seat 1: BenCampbel10 folded before Flop (didn't bet)
Seat 2: GuigaMan (button) folded before Flop (didn't bet)
Seat 3: End0eugh (small blind) folded before Flop
Seat 4: Xenicide (big blind) folded before Flop
Seat 5: Lucastitos folded before Flop (didn't bet)
Seat 6: DIMAN_324 collected ($2.50)



PokerStars Hand #254385035741:  Hold'em No Limit ($0.50/$1.00 USD) - 2025/01/15 17:25:33 WET [2025/01/15 12:25:33 ET]
Table 'Zamenhof III' 6-max Seat #3 is the button
Seat 1: BenCampbel10 ($119.98 in chips) 
Seat 2: GuigaMan ($106.88 in chips) 
Seat 3: End0eugh ($82.88 in chips) 
Seat 4: Xenicide ($110.22 in chips) 
Seat 5: Lucastitos ($100 in chips) 
Seat 6: DIMAN_324 ($104.14 in chips) 
Xenicide: posts small blind $0.50
Lucastitos: posts big blind $1
*** HOLE CARDS ***
DIMAN_324: raises $1 to $2
BenCampbel10: folds 
GuigaMan: folds 
End0eugh: folds 
Xenicide: folds 
Lucastitos: folds 
Uncalled bet ($1) returned to DIMAN_324
DIMAN_324 collected $2.50 from pot
DIMAN_324: doesn't show hand 
*** SUMMARY ***
Total pot $2.50 | Rake $0 
Seat 1: BenCampbel10 folded before Flop (didn't bet)
Seat 2: GuigaMan folded before Flop (didn't bet)
Seat 3: End0eugh (button) folded before Flop (didn't bet)
Seat 4: Xenicide (small blind) folded before Flop
Seat 5: Lucastitos (big blind) folded before Flop
Seat 6: DIMAN_324 collected ($2.50)



PokerStars Hand #254385046615:  Hold'em No Limit ($0.50/$1.00 USD) - 2025/01/15 17:26:14 WET [2025/01/15 12:26:14 ET]
Table 'Zamenhof III' 6-max Seat #4 is the button
Seat 1: BenCampbel10 ($119.98 in chips) 
Seat 2: GuigaMan ($106.88 in chips) 
Seat 3: End0eugh ($82.88 in chips) 
Seat 4: Xenicide ($109.72 in chips) 
Seat 5: Lucastitos ($100 in chips) 
Seat 6: DIMAN_324 ($105.64 in chips) 
Lucastitos: posts small blind $0.50
DIMAN_324: posts big blind $1
*** HOLE CARDS ***
BenCampbel10: folds 
GuigaMan: folds 
End0eugh: folds 
Xenicide: raises $1.25 to $2.25
Lucastitos: folds 
DIMAN_324: calls $1.25
*** FLOP *** [7s Th 6s]
DIMAN_324: checks 
Xenicide: checks 
*** TURN *** [7s Th 6s] [6c]
DIMAN_324: checks 
Xenicide: checks 
*** RIVER *** [7s Th 6s 6c] [Kc]
DIMAN_324: checks 
Xenicide: bets $4.75
DIMAN_324: folds 
Uncalled bet ($4.75) returned to Xenicide
Xenicide collected $4.75 from pot
*** SUMMARY ***
Total pot $5 | Rake $0.25 
Board [7s Th 6s 6c Kc]
Seat 1: BenCampbel10 folded before Flop (didn't bet)
Seat 2: GuigaMan folded before Flop (didn't bet)
Seat 3: End0eugh folded before Flop (didn't bet)
Seat 4: Xenicide (button) collected ($4.75)
Seat 5: Lucastitos (small blind) folded before Flop
Seat 6: DIMAN_324 (big blind) folded on the River



PokerStars Hand #254385066349:  Hold'em No Limit ($0.50/$1.00 USD) - 2025/01/15 17:27:30 WET [2025/01/15 12:27:30 ET]
Table 'Zamenhof III' 6-max Seat #5 is the button
Seat 1: BenCampbel10 ($119.98 in chips) 
Seat 2: GuigaMan ($106.88 in chips) 
Seat 3: End0eugh ($82.88 in chips) 
Seat 4: Xenicide ($112.22 in chips) 
Seat 5: Lucastitos ($100 in chips) 
Seat 6: DIMAN_324 ($103.39 in chips) 
DIMAN_324: posts small blind $0.50
BenCampbel10: posts big blind $1
*** HOLE CARDS ***
GuigaMan: folds 
End0eugh: folds 
Xenicide: folds 
Lucastitos: folds 
DIMAN_324: raises $2 to $3
BenCampbel10: calls $2
*** FLOP *** [Qd 2c 8h]
DIMAN_324: bets $1.71
BenCampbel10: folds 
Uncalled bet ($1.71) returned to DIMAN_324
DIMAN_324 collected $5.70 from pot
DIMAN_324: doesn't show hand 
*** SUMMARY ***
Total pot $6 | Rake $0.30 
Board [Qd 2c 8h]
Seat 1: BenCampbel10 (big blind) folded on the Flop
Seat 2: GuigaMan folded before Flop (didn't bet)
Seat 3: End0eugh folded before Flop (didn't bet)
Seat 4: Xenicide folded before Flop (didn't bet)
Seat 5: Lucastitos (button) folded before Flop (didn't bet)
Seat 6: DIMAN_324 (small blind) collected ($5.70)



PokerStars Hand #254385078576:  Hold'em No Limit ($0.50/$1.00 USD) - 2025/01/15 17:28:16 WET [2025/01/15 12:28:16 ET]
Table 'Zamenhof III' 6-max Seat #6 is the button
Seat 1: BenCampbel10 ($116.98 in chips) 
Seat 2: GuigaMan ($106.88 in chips) 
Seat 3: End0eugh ($82.88 in chips) 
Seat 4: Xenicide ($112.22 in chips) 
Seat 5: Lucastitos ($100 in chips) 
Seat 6: DIMAN_324 ($106.09 in chips) 
BenCampbel10: posts small blind $0.50
GuigaMan: posts big blind $1
*** HOLE CARDS ***
End0eugh: folds 
Xenicide: raises $1 to $2
Lucastitos: folds 
DIMAN_324: folds 
BenCampbel10: raises $7.50 to $9.50
GuigaMan: folds 
Xenicide: folds 
Uncalled bet ($7.50) returned to BenCampbel10
BenCampbel10 collected $5 from pot
BenCampbel10: doesn't show hand 
*** SUMMARY ***
Total pot $5 | Rake $0 
Seat 1: BenCampbel10 (small blind) collected ($5)
Seat 2: GuigaMan (big blind) folded before Flop
Seat 3: End0eugh folded before Flop (didn't bet)
Seat 4: Xenicide folded before Flop
Seat 5: Lucastitos folded before Flop (didn't bet)
Seat 6: DIMAN_324 (button) folded before Flop (didn't bet)



PokerStars Hand #254385086466:  Hold'em No Limit ($0.50/$1.00 USD) - 2025/01/15 17:28:47 WET [2025/01/15 12:28:47 ET]
Table 'Zamenhof III' 6-max Seat #1 is the button
Seat 1: BenCampbel10 ($119.98 in chips) 
Seat 2: GuigaMan ($105.88 in chips) 
Seat 3: End0eugh ($82.88 in chips) 
Seat 4: Xenicide ($110.22 in chips) 
Seat 5: Lucastitos ($100 in chips) 
Seat 6: DIMAN_324 ($106.09 in chips) 
GuigaMan: posts small blind $0.50
End0eugh: posts big blind $1
*** HOLE CARDS ***
Xenicide: folds 
Lucastitos: folds 
DIMAN_324: raises $1.50 to $2.50
BenCampbel10: folds 
GuigaMan: folds 
End0eugh: folds 
Uncalled bet ($1.50) returned to DIMAN_324
DIMAN_324 collected $2.50 from pot
DIMAN_324: doesn't show hand 
*** SUMMARY ***
Total pot $2.50 | Rake $0 
Seat 1: BenCampbel10 (button) folded before Flop (didn't bet)
Seat 2: GuigaMan (small blind) folded before Flop
Seat 3: End0eugh (big blind) folded before Flop
Seat 4: Xenicide folded before Flop (didn't bet)
Seat 5: Lucastitos folded before Flop (didn't bet)
Seat 6: DIMAN_324 collected ($2.50)



PokerStars Hand #254385092022:  Hold'em No Limit ($0.50/$1.00 USD) - 2025/01/15 17:29:08 WET [2025/01/15 12:29:08 ET]
Table 'Zamenhof III' 6-max Seat #2 is the button
Seat 1: BenCampbel10 ($119.98 in chips) 
Seat 2: GuigaMan ($105.38 in chips) 
Seat 3: End0eugh ($81.88 in chips) 
Seat 4: Xenicide ($110.22 in chips) 
Seat 5: Lucastitos ($100 in chips) 
Seat 6: DIMAN_324 ($107.59 in chips) 
End0eugh: posts small blind $0.50
Xenicide: posts big blind $1
*** HOLE CARDS ***
Lucastitos: folds 
DIMAN_324: raises $1 to $2
BenCampbel10: folds 
GuigaMan: folds 
End0eugh: calls $1.50
Xenicide: folds 
*** FLOP *** [4d Ts Jc]
End0eugh: checks 
DIMAN_324: bets $1.43
End0eugh: calls $1.43
*** TURN *** [4d Ts Jc] [3c]
End0eugh: checks 
DIMAN_324: bets $9.94
End0eugh: folds 
Uncalled bet ($9.94) returned to DIMAN_324
DIMAN_324 collected $7.47 from pot
DIMAN_324: doesn't show hand 
*** SUMMARY ***
Total pot $7.86 | Rake $0.39 
Board [4d Ts Jc 3c]
Seat 1: BenCampbel10 folded before Flop (didn't bet)
Seat 2: GuigaMan (button) folded before Flop (didn't bet)
Seat 3: End0eugh (small blind) folded on the Turn
Seat 4: Xenicide (big blind) folded before Flop
Seat 5: Lucastitos folded before Flop (didn't bet)
Seat 6: DIMAN_324 collected ($7.47)



PokerStars Hand #254385102092:  Hold'em No Limit ($0.50/$1.00 USD) - 2025/01/15 17:29:47 WET [2025/01/15 12:29:47 ET]
Table 'Zamenhof III' 6-max Seat #3 is the button
Seat 1: BenCampbel10 ($119.98 in chips) 
Seat 2: GuigaMan ($105.38 in chips) 
Seat 3: End0eugh ($78.45 in chips) 
Seat 4: Xenicide ($109.22 in chips) 
Seat 5: Lucastitos ($100 in chips) 
Seat 6: DIMAN_324 ($111.63 in chips) 
Xenicide: posts small blind $0.50
Lucastitos: posts big blind $1
*** HOLE CARDS ***
DIMAN_324: folds 
BenCampbel10: folds 
GuigaMan: folds 
End0eugh: raises $1.50 to $2.50
Xenicide: folds 
Lucastitos: calls $1.50
*** FLOP *** [7h Td Tc]
Lucastitos: checks 
End0eugh: checks 
*** TURN *** [7h Td Tc] [Jc]
Lucastitos: checks 
End0eugh: bets $1.61
Lucastitos: folds 
Uncalled bet ($1.61) returned to End0eugh
End0eugh collected $5.22 from pot
*** SUMMARY ***
Total pot $5.50 | Rake $0.28 
Board [7h Td Tc Jc]
Seat 1: BenCampbel10 folded before Flop (didn't bet)
Seat 2: GuigaMan folded before Flop (didn't bet)
Seat 3: End0eugh (button) collected ($5.22)
Seat 4: Xenicide (small blind) folded before Flop
Seat 5: Lucastitos (big blind) folded on the Turn
Seat 6: DIMAN_324 folded before Flop (didn't bet)



PokerStars Hand #254385117971:  Hold'em No Limit ($0.50/$1.00 USD) - 2025/01/15 17:30:46 WET [2025/01/15 12:30:46 ET]
Table 'Zamenhof III' 6-max Seat #4 is the button
Seat 1: BenCampbel10 ($119.98 in chips) 
Seat 2: GuigaMan ($105.38 in chips) 
Seat 3: End0eugh ($81.17 in chips) 
Seat 4: Xenicide ($108.72 in chips) 
Seat 5: Lucastitos ($100 in chips) 
Seat 6: DIMAN_324 ($111.63 in chips) 
Lucastitos: posts small blind $0.50
DIMAN_324: posts big blind $1
*** HOLE CARDS ***
BenCampbel10: folds 
GuigaMan: raises $1.10 to $2.10
End0eugh: calls $2.10
Xenicide: folds 
Lucastitos: folds 
DIMAN_324: raises $11.40 to $13.50
GuigaMan: folds 
End0eugh: folds 
Uncalled bet ($11.40) returned to DIMAN_324
DIMAN_324 collected $6.80 from pot
DIMAN_324: doesn't show hand 
*** SUMMARY ***
Total pot $6.80 | Rake $0 
Seat 1: BenCampbel10 folded before Flop (didn't bet)
Seat 2: GuigaMan folded before Flop
Seat 3: End0eugh folded before Flop
Seat 4: Xenicide (button) folded before Flop (didn't bet)
Seat 5: Lucastitos (small blind) folded before Flop
Seat 6: DIMAN_324 (big blind) collected ($6.80)



PokerStars Hand #254385128554:  Hold'em No Limit ($0.50/$1.00 USD) - 2025/01/15 17:31:26 WET [2025/01/15 12:31:26 ET]
Table 'Zamenhof III' 6-max Seat #5 is the button
Seat 1: BenCampbel10 ($119.98 in chips) 
Seat 2: GuigaMan ($103.28 in chips) 
Seat 3: End0eugh ($79.07 in chips) 
Seat 4: Xenicide ($108.72 in chips) 
Seat 5: Lucastitos ($100 in chips) 
Seat 6: DIMAN_324 ($116.33 in chips) 
DIMAN_324: posts small blind $0.50
BenCampbel10: posts big blind $1
*** HOLE CARDS ***
GuigaMan: folds 
End0eugh: folds 
Xenicide: folds 
Lucastitos: folds 
DIMAN_324: raises $2 to $3
BenCampbel10: calls $2
*** FLOP *** [Ac 3c 9c]
DIMAN_324: checks 
End0eugh is disconnected 
BenCampbel10: bets $1.30
DIMAN_324: calls $1.30
*** TURN *** [Ac 3c 9c] [5s]
DIMAN_324: checks 
BenCampbel10: checks 
*** RIVER *** [Ac 3c 9c 5s] [7c]
DIMAN_324: checks 
BenCampbel10: bets $6.10
DIMAN_324: calls $6.10
*** SHOW DOWN ***
BenCampbel10: shows [Kh 6h] (high card Ace)
DIMAN_324: shows [Ts Tc] (a flush, Ace high)
DIMAN_324 collected $19.76 from pot
*** SUMMARY ***
Total pot $20.80 | Rake $1.04 
Board [Ac 3c 9c 5s 7c]
Seat 1: BenCampbel10 (big blind) showed [Kh 6h] and lost with high card Ace
Seat 2: GuigaMan folded before Flop (didn't bet)
Seat 3: End0eugh folded before Flop (didn't bet)
Seat 4: Xenicide folded before Flop (didn't bet)
Seat 5: Lucastitos (button) folded before Flop (didn't bet)
Seat 6: DIMAN_324 (small blind) showed [Ts Tc] and won ($19.76) with a flush, Ace high



PokerStars Hand #254385148925:  Hold'em No Limit ($0.50/$1.00 USD) - 2025/01/15 17:32:41 WET [2025/01/15 12:32:41 ET]
Table 'Zamenhof III' 6-max Seat #6 is the button
Seat 1: BenCampbel10 ($109.58 in chips) 
Seat 2: GuigaMan ($103.28 in chips) 
Seat 3: End0eugh ($79.07 in chips) 
Seat 4: Xenicide ($108.72 in chips) 
Seat 5: Lucastitos ($100 in chips) 
Seat 6: DIMAN_324 ($125.69 in chips) 
BenCampbel10: posts small blind $0.50
GuigaMan: posts big blind $1
*** HOLE CARDS ***
End0eugh: folds 
Xenicide: raises $1 to $2
Lucastitos: folds 
DIMAN_324: folds 
BenCampbel10: folds 
GuigaMan: folds 
Uncalled bet ($1) returned to Xenicide
Xenicide collected $2.50 from pot
*** SUMMARY ***
Total pot $2.50 | Rake $0 
Seat 1: BenCampbel10 (small blind) folded before Flop
Seat 2: GuigaMan (big blind) folded before Flop
Seat 3: End0eugh folded before Flop (didn't bet)
Seat 4: Xenicide collected ($2.50)
Seat 5: Lucastitos folded before Flop (didn't bet)
Seat 6: DIMAN_324 (button) folded before Flop (didn't bet)



PokerStars Hand #254385155633:  Hold'em No Limit ($0.50/$1.00 USD) - 2025/01/15 17:33:06 WET [2025/01/15 12:33:06 ET]
Table 'Zamenhof III' 6-max Seat #1 is the button
Seat 1: BenCampbel10 ($109.08 in chips) 
Seat 2: GuigaMan ($102.28 in chips) 
Seat 3: End0eugh ($79.07 in chips) 
Seat 4: Xenicide ($110.22 in chips) 
Seat 5: Lucastitos ($100 in chips) 
Seat 6: DIMAN_324 ($125.69 in chips) 
GuigaMan: posts small blind $0.50
End0eugh: posts big blind $1
*** HOLE CARDS ***
Xenicide: raises $1 to $2
Lucastitos: folds 
DIMAN_324: folds 
BenCampbel10: folds 
GuigaMan: folds 
End0eugh: folds 
Uncalled bet ($1) returned to Xenicide
Xenicide collected $2.50 from pot
*** SUMMARY ***
Total pot $2.50 | Rake $0 
Seat 1: BenCampbel10 (button) folded before Flop (didn't bet)
Seat 2: GuigaMan (small blind) folded before Flop
Seat 3: End0eugh (big blind) folded before Flop
Seat 4: Xenicide collected ($2.50)
Seat 5: Lucastitos folded before Flop (didn't bet)
Seat 6: DIMAN_324 folded before Flop (didn't bet)



PokerStars Hand #254385162387:  Hold'em No Limit ($0.50/$1.00 USD) - 2025/01/15 17:33:31 WET [2025/01/15 12:33:31 ET]
Table 'Zamenhof III' 6-max Seat #2 is the button
Seat 1: BenCampbel10 ($109.08 in chips) 
Seat 2: GuigaMan ($101.78 in chips) 
Seat 3: End0eugh ($78.07 in chips) 
Seat 4: Xenicide ($111.72 in chips) 
Seat 5: Lucastitos ($100 in chips) 
Seat 6: DIMAN_324 ($125.69 in chips) 
End0eugh: posts small blind $0.50
Xenicide: posts big blind $1
*** HOLE CARDS ***
Lucastitos: folds 
DIMAN_324: folds 
BenCampbel10: raises $1 to $2
GuigaMan: raises $4 to $6
End0eugh: folds 
Xenicide: folds 
BenCampbel10: calls $4
*** FLOP *** [Js Kd 8s]
BenCampbel10: checks 
GuigaMan: bets $3.85
BenCampbel10: raises $9.26 to $13.11
GuigaMan: folds 
Uncalled bet ($9.26) returned to BenCampbel10
BenCampbel10 collected $20.14 from pot
*** SUMMARY ***
Total pot $21.20 | Rake $1.06 
Board [Js Kd 8s]
Seat 1: BenCampbel10 collected ($20.14)
Seat 2: GuigaMan (button) folded on the Flop
Seat 3: End0eugh (small blind) folded before Flop
Seat 4: Xenicide (big blind) folded before Flop
Seat 5: Lucastitos folded before Flop (didn't bet)
Seat 6: DIMAN_324 folded before Flop (didn't bet)



PokerStars Hand #254385174431:  Hold'em No Limit ($0.50/$1.00 USD) - 2025/01/15 17:34:16 WET [2025/01/15 12:34:16 ET]
Table 'Zamenhof III' 6-max Seat #3 is the button
Seat 1: BenCampbel10 ($119.37 in chips) 
Seat 2: GuigaMan ($100 in chips) 
Seat 3: End0eugh ($77.57 in chips) 
Seat 4: Xenicide ($110.72 in chips) 
Seat 5: Lucastitos ($100 in chips) 
Seat 6: DIMAN_324 ($125.69 in chips) 
Xenicide: posts small blind $0.50
Lucastitos: posts big blind $1
*** HOLE CARDS ***
DIMAN_324: raises $1 to $2
BenCampbel10: folds 
GuigaMan: folds 
End0eugh: calls $2
Xenicide: folds 
Lucastitos: folds 
*** FLOP *** [7s Kd 4h]
DIMAN_324: bets $1.57
End0eugh: calls $1.57
*** TURN *** [7s Kd 4h] [5h]
DIMAN_324: checks 
End0eugh: bets $3.11
DIMAN_324: folds 
Uncalled bet ($3.11) returned to End0eugh
End0eugh collected $8.21 from pot
*** SUMMARY ***
Total pot $8.64 | Rake $0.43 
Board [7s Kd 4h 5h]
Seat 1: BenCampbel10 folded before Flop (didn't bet)
Seat 2: GuigaMan folded before Flop (didn't bet)
Seat 3: End0eugh (button) collected ($8.21)
Seat 4: Xenicide (small blind) folded before Flop
Seat 5: Lucastitos (big blind) folded before Flop
Seat 6: DIMAN_324 folded on the Turn



PokerStars Hand #254385187699:  Hold'em No Limit ($0.50/$1.00 USD) - 2025/01/15 17:35:05 WET [2025/01/15 12:35:05 ET]
Table 'Zamenhof III' 6-max Seat #4 is the button
Seat 1: BenCampbel10 ($119.37 in chips) 
Seat 2: GuigaMan ($100 in chips) 
Seat 3: End0eugh ($82.21 in chips) 
Seat 4: Xenicide ($110.22 in chips) 
Seat 5: Lucastitos ($100 in chips) 
Seat 6: DIMAN_324 ($122.12 in chips) 
Lucastitos: posts small blind $0.50
DIMAN_324: posts big blind $1
*** HOLE CARDS ***
BenCampbel10: folds 
GuigaMan: raises $1.10 to $2.10
End0eugh: folds 
Xenicide: folds 
Lucastitos: folds 
DIMAN_324: folds 
Uncalled bet ($1.10) returned to GuigaMan
GuigaMan collected $2.50 from pot
GuigaMan: doesn't show hand 
*** SUMMARY ***
Total pot $2.50 | Rake $0 
Seat 1: BenCampbel10 folded before Flop (didn't bet)
Seat 2: GuigaMan collected ($2.50)
Seat 3: End0eugh folded before Flop (didn't bet)
Seat 4: Xenicide (button) folded before Flop (didn't bet)
Seat 5: Lucastitos (small blind) folded before Flop
Seat 6: DIMAN_324 (big blind) folded before Flop



PokerStars Hand #254385192177:  Hold'em No Limit ($0.50/$1.00 USD) - 2025/01/15 17:35:22 WET [2025/01/15 12:35:22 ET]
Table 'Zamenhof III' 6-max Seat #5 is the button
Seat 1: BenCampbel10 ($119.37 in chips) is sitting out
Seat 2: GuigaMan ($101.50 in chips) 
Seat 3: End0eugh ($82.21 in chips) 
Seat 4: Xenicide ($110.22 in chips) 
Seat 5: Lucastitos ($100 in chips) 
Seat 6: DIMAN_324 ($121.12 in chips) 
DIMAN_324: posts small blind $0.50
BenCampbel10: is sitting out 
GuigaMan: posts big blind $1
*** HOLE CARDS ***
End0eugh: raises $1 to $2
Xenicide: folds 
BenCampbel10 leaves the table
Lucastitos: folds 
DIMAN_324: raises $8 to $10
GuigaMan: folds 
End0eugh: folds 
Uncalled bet ($8) returned to DIMAN_324
DIMAN_324 collected $5 from pot
DIMAN_324: doesn't show hand 
*** SUMMARY ***
Total pot $5 | Rake $0 
Seat 1: BenCampbel10
Seat 2: GuigaMan (big blind) folded before Flop
Seat 3: End0eugh folded before Flop
Seat 4: Xenicide folded before Flop (didn't bet)
Seat 5: Lucastitos (button) folded before Flop (didn't bet)
Seat 6: DIMAN_324 (small blind) collected ($5)



PokerStars Hand #254385198989:  Hold'em No Limit ($0.50/$1.00 USD) - 2025/01/15 17:35:47 WET [2025/01/15 12:35:47 ET]
Table 'Zamenhof III' 6-max Seat #6 is the button
Seat 2: GuigaMan ($100.50 in chips) 
Seat 3: End0eugh ($80.21 in chips) 
Seat 4: Xenicide ($110.22 in chips) 
Seat 5: Lucastitos ($100 in chips) 
Seat 6: DIMAN_324 ($124.12 in chips) 
GuigaMan: posts small blind $0.50
End0eugh: posts big blind $1
*** HOLE CARDS ***
Xenicide: raises $1 to $2
Evelexy1 joins the table at seat #1 
Lucastitos: raises $4 to $6
DIMAN_324: folds 
GuigaMan: folds 
End0eugh: folds 
Xenicide: raises $12 to $18
Lucastitos: calls $12
*** FLOP *** [4s 3s Kh]
Xenicide: bets $8.90
Lucastitos: raises $11.10 to $20
Xenicide: raises $72.22 to $92.22 and is all-in
Lucastitos: calls $62 and is all-in
Uncalled bet ($10.22) returned to Xenicide
*** TURN *** [4s 3s Kh] [3c]
*** RIVER *** [4s 3s Kh 3c] [9s]
*** SHOW DOWN ***
Xenicide: shows [Ac Ah] (two pair, Aces and Threes)
Lucastitos: shows [6s 7s] (a flush, Nine high)
Lucastitos collected $199 from pot
*** SUMMARY ***
Total pot $201.50 | Rake $2.50 
Board [4s 3s Kh 3c 9s]
Seat 2: GuigaMan (small blind) folded before Flop
Seat 3: End0eugh (big blind) folded before Flop
Seat 4: Xenicide showed [Ac Ah] and lost with two pair, Aces and Threes
Seat 5: Lucastitos showed [6s 7s] and won ($199) with a flush, Nine high
Seat 6: DIMAN_324 (button) folded before Flop (didn't bet)



PokerStars Hand #254385220850:  Hold'em No Limit ($0.50/$1.00 USD) - 2025/01/15 17:37:07 WET [2025/01/15 12:37:07 ET]
Table 'Zamenhof III' 6-max Seat #2 is the button
Seat 1: Evelexy1 ($100 in chips) is sitting out
Seat 2: GuigaMan ($100 in chips) 
Seat 3: End0eugh ($79.21 in chips) 
Seat 4: Xenicide ($100 in chips) 
Seat 5: Lucastitos ($199 in chips) 
Seat 6: DIMAN_324 ($124.12 in chips) 
End0eugh: posts small blind $0.50
Xenicide: posts big blind $1
Evelexy1: sits out 
*** HOLE CARDS ***
Lucastitos: folds 
DIMAN_324: folds 
GuigaMan: raises $1.10 to $2.10
End0eugh: raises $3.90 to $6
Xenicide: folds 
GuigaMan: folds 
Uncalled bet ($3.90) returned to End0eugh
End0eugh collected $5.20 from pot
*** SUMMARY ***
Total pot $5.20 | Rake $0 
Seat 1: Evelexy1
Seat 2: GuigaMan (button) folded before Flop
Seat 3: End0eugh (small blind) collected ($5.20)
Seat 4: Xenicide (big blind) folded before Flop
Seat 5: Lucastitos folded before Flop (didn't bet)
Seat 6: DIMAN_324 folded before Flop (didn't bet)



PokerStars Hand #254385227839:  Hold'em No Limit ($0.50/$1.00 USD) - 2025/01/15 17:37:33 WET [2025/01/15 12:37:33 ET]
Table 'Zamenhof III' 6-max Seat #3 is the button
Seat 1: Evelexy1 ($100 in chips) is sitting out
Seat 2: GuigaMan ($100 in chips) 
Seat 3: End0eugh ($82.31 in chips) 
Seat 4: Xenicide ($100 in chips) 
Seat 5: Lucastitos ($199 in chips) 
Seat 6: DIMAN_324 ($124.12 in chips) 
Xenicide: posts small blind $0.50
Lucastitos: posts big blind $1
Evelexy1: sits out 
*** HOLE CARDS ***
DIMAN_324: raises $1 to $2
GuigaMan: folds 
End0eugh: folds 
Xenicide: folds 
Lucastitos: folds 
Uncalled bet ($1) returned to DIMAN_324
DIMAN_324 collected $2.50 from pot
DIMAN_324: doesn't show hand 
*** SUMMARY ***
Total pot $2.50 | Rake $0 
Seat 1: Evelexy1
Seat 2: GuigaMan folded before Flop (didn't bet)
Seat 3: End0eugh (button) folded before Flop (didn't bet)
Seat 4: Xenicide (small blind) folded before Flop
Seat 5: Lucastitos (big blind) folded before Flop
Seat 6: DIMAN_324 collected ($2.50)



PokerStars Hand #254385232589:  Hold'em No Limit ($0.50/$1.00 USD) - 2025/01/15 17:37:50 WET [2025/01/15 12:37:50 ET]
Table 'Zamenhof III' 6-max Seat #4 is the button
Seat 1: Evelexy1 ($100 in chips) is sitting out
Seat 2: GuigaMan ($100 in chips) 
Seat 3: End0eugh ($82.31 in chips) 
Seat 4: Xenicide ($100 in chips) 
Seat 5: Lucastitos ($198 in chips) 
Seat 6: DIMAN_324 ($125.62 in chips) 
Lucastitos: posts small blind $0.50
DIMAN_324: posts big blind $1
Evelexy1: sits out 
*** HOLE CARDS ***
GuigaMan: folds 
End0eugh: raises $1 to $2
Xenicide: folds 
Lucastitos: folds 
DIMAN_324: raises $8 to $10
End0eugh: calls $8
*** FLOP *** [5c Td As]
DIMAN_324: bets $5.84
End0eugh: calls $5.84
*** TURN *** [5c Td As] [6s]
DIMAN_324: bets $16.50
End0eugh: folds 
Uncalled bet ($16.50) returned to DIMAN_324
DIMAN_324 collected $30.57 from pot
DIMAN_324: doesn't show hand 
*** SUMMARY ***
Total pot $32.18 | Rake $1.61 
Board [5c Td As 6s]
Seat 1: Evelexy1
Seat 2: GuigaMan folded before Flop (didn't bet)
Seat 3: End0eugh folded on the Turn
Seat 4: Xenicide (button) folded before Flop (didn't bet)
Seat 5: Lucastitos (small blind) folded before Flop
Seat 6: DIMAN_324 (big blind) collected ($30.57)



PokerStars Hand #254385251113:  Hold'em No Limit ($0.50/$1.00 USD) - 2025/01/15 17:38:58 WET [2025/01/15 12:38:58 ET]
Table 'Zamenhof III' 6-max Seat #5 is the button
Seat 1: Evelexy1 ($100 in chips) 
Seat 2: GuigaMan ($100 in chips) 
Seat 3: End0eugh ($66.47 in chips) 
Seat 4: Xenicide ($100 in chips) 
Seat 5: Lucastitos ($197.50 in chips) 
Seat 6: DIMAN_324 ($140.35 in chips) 
DIMAN_324: posts small blind $0.50
Evelexy1: posts big blind $1
*** HOLE CARDS ***
GuigaMan: raises $1.10 to $2.10
End0eugh: calls $2.10
Xenicide: raises $7.40 to $9.50
Lucastitos: folds 
DIMAN_324: folds 
Evelexy1: folds 
GuigaMan: folds 
End0eugh: calls $7.40
*** FLOP *** [Ac 6d 8c]
End0eugh: checks 
Xenicide: bets $6.66
End0eugh: folds 
Uncalled bet ($6.66) returned to Xenicide
Xenicide collected $21.47 from pot
*** SUMMARY ***
Total pot $22.60 | Rake $1.13 
Board [Ac 6d 8c]
Seat 1: Evelexy1 (big blind) folded before Flop
Seat 2: GuigaMan folded before Flop
Seat 3: End0eugh folded on the Flop
Seat 4: Xenicide collected ($21.47)
Seat 5: Lucastitos (button) folded before Flop (didn't bet)
Seat 6: DIMAN_324 (small blind) folded before Flop



PokerStars Hand #254385260405:  Hold'em No Limit ($0.50/$1.00 USD) - 2025/01/15 17:39:32 WET [2025/01/15 12:39:32 ET]
Table 'Zamenhof III' 6-max Seat #6 is the button
Seat 1: Evelexy1 ($100 in chips) 
Seat 2: GuigaMan ($100 in chips) 
Seat 3: End0eugh ($56.97 in chips) 
Seat 4: Xenicide ($111.97 in chips) 
Seat 5: Lucastitos ($197.50 in chips) 
Seat 6: DIMAN_324 ($139.85 in chips) 
Evelexy1: posts small blind $0.50
GuigaMan: posts big blind $1
*** HOLE CARDS ***
End0eugh: folds 
Xenicide: folds 
Lucastitos: folds 
DIMAN_324: raises $1 to $2
Evelexy1: raises $7.76 to $9.76
GuigaMan: folds 
DIMAN_324: folds 
Uncalled bet ($7.76) returned to Evelexy1
Evelexy1 collected $5 from pot
Evelexy1: doesn't show hand 
*** SUMMARY ***
Total pot $5 | Rake $0 
Seat 1: Evelexy1 (small blind) collected ($5)
Seat 2: GuigaMan (big blind) folded before Flop
Seat 3: End0eugh folded before Flop (didn't bet)
Seat 4: Xenicide folded before Flop (didn't bet)
Seat 5: Lucastitos folded before Flop (didn't bet)
Seat 6: DIMAN_324 (button) folded before Flop



PokerStars Hand #254385265597:  Hold'em No Limit ($0.50/$1.00 USD) - 2025/01/15 17:39:52 WET [2025/01/15 12:39:52 ET]
Table 'Zamenhof III' 6-max Seat #1 is the button
Seat 1: Evelexy1 ($103 in chips) 
Seat 2: GuigaMan ($100 in chips) 
Seat 3: End0eugh ($56.97 in chips) 
Seat 4: Xenicide ($111.97 in chips) 
Seat 5: Lucastitos ($197.50 in chips) 
Seat 6: DIMAN_324 ($137.85 in chips) 
GuigaMan: posts small blind $0.50
End0eugh: posts big blind $1
*** HOLE CARDS ***
Xenicide: folds 
Lucastitos: folds 
DIMAN_324: folds 
Evelexy1: folds 
GuigaMan: folds 
Uncalled bet ($0.50) returned to End0eugh
End0eugh collected $1 from pot
*** SUMMARY ***
Total pot $1 | Rake $0 
Seat 1: Evelexy1 (button) folded before Flop (didn't bet)
Seat 2: GuigaMan (small blind) folded before Flop
Seat 3: End0eugh (big blind) collected ($1)
Seat 4: Xenicide folded before Flop (didn't bet)
Seat 5: Lucastitos folded before Flop (didn't bet)
Seat 6: DIMAN_324 folded before Flop (didn't bet)



PokerStars Hand #254385269374:  Hold'em No Limit ($0.50/$1.00 USD) - 2025/01/15 17:40:05 WET [2025/01/15 12:40:05 ET]
Table 'Zamenhof III' 6-max Seat #2 is the button
Seat 1: Evelexy1 ($103 in chips) 
Seat 2: GuigaMan ($100 in chips) 
Seat 3: End0eugh ($57.47 in chips) 
Seat 4: Xenicide ($111.97 in chips) 
Seat 5: Lucastitos ($197.50 in chips) 
Seat 6: DIMAN_324 ($137.85 in chips) 
End0eugh: posts small blind $0.50
Xenicide: posts big blind $1
*** HOLE CARDS ***
Lucastitos: raises $1 to $2
DIMAN_324: folds 
Evelexy1: folds 
GuigaMan: folds 
End0eugh: calls $1.50
Xenicide: folds 
*** FLOP *** [3c 4c As]
End0eugh: checks 
Lucastitos: bets $1.28
End0eugh: folds 
Uncalled bet ($1.28) returned to Lucastitos
Lucastitos collected $4.75 from pot
Lucastitos: doesn't show hand 
*** SUMMARY ***
Total pot $5 | Rake $0.25 
Board [3c 4c As]
Seat 1: Evelexy1 folded before Flop (didn't bet)
Seat 2: GuigaMan (button) folded before Flop (didn't bet)
Seat 3: End0eugh (small blind) folded on the Flop
Seat 4: Xenicide (big blind) folded before Flop
Seat 5: Lucastitos collected ($4.75)
Seat 6: DIMAN_324 folded before Flop (didn't bet)



PokerStars Hand #254385275136:  Hold'em No Limit ($0.50/$1.00 USD) - 2025/01/15 17:40:27 WET [2025/01/15 12:40:27 ET]
Table 'Zamenhof III' 6-max Seat #3 is the button
Seat 1: Evelexy1 ($103 in chips) 
Seat 2: GuigaMan ($100 in chips) 
Seat 3: End0eugh ($55.47 in chips) 
Seat 4: Xenicide ($110.97 in chips) 
Seat 5: Lucastitos ($200.25 in chips) 
Seat 6: DIMAN_324 ($137.85 in chips) 
Xenicide: posts small blind $0.50
Lucastitos: posts big blind $1
*** HOLE CARDS ***
DIMAN_324: folds 
Evelexy1: raises $1 to $2
GuigaMan: folds 
End0eugh: folds 
Xenicide: folds 
Lucastitos: folds 
Uncalled bet ($1) returned to Evelexy1
Evelexy1 collected $2.50 from pot
Evelexy1: doesn't show hand 
*** SUMMARY ***
Total pot $2.50 | Rake $0 
Seat 1: Evelexy1 collected ($2.50)
Seat 2: GuigaMan folded before Flop (didn't bet)
Seat 3: End0eugh (button) folded before Flop (didn't bet)
Seat 4: Xenicide (small blind) folded before Flop
Seat 5: Lucastitos (big blind) folded before Flop
Seat 6: DIMAN_324 folded before Flop (didn't bet)



PokerStars Hand #254385284103:  Hold'em No Limit ($0.50/$1.00 USD) - 2025/01/15 17:41:00 WET [2025/01/15 12:41:00 ET]
Table 'Zamenhof III' 6-max Seat #4 is the button
Seat 1: Evelexy1 ($104.50 in chips) is sitting out
Seat 2: GuigaMan ($100 in chips) 
Seat 3: End0eugh ($55.47 in chips) 
Seat 4: Xenicide ($110.47 in chips) 
Seat 5: Lucastitos ($199.25 in chips) 
Seat 6: DIMAN_324 ($137.85 in chips) 
Lucastitos: posts small blind $0.50
DIMAN_324: posts big blind $1
*** HOLE CARDS ***
GuigaMan: folds 
End0eugh: folds 
Xenicide: folds 
Lucastitos: folds 
Uncalled bet ($0.50) returned to DIMAN_324
DIMAN_324 collected $1 from pot
DIMAN_324: doesn't show hand 
*** SUMMARY ***
Total pot $1 | Rake $0 
Seat 1: Evelexy1
Seat 2: GuigaMan folded before Flop (didn't bet)
Seat 3: End0eugh folded before Flop (didn't bet)
Seat 4: Xenicide (button) folded before Flop (didn't bet)
Seat 5: Lucastitos (small blind) folded before Flop
Seat 6: DIMAN_324 (big blind) collected ($1)



PokerStars Hand #254385289949:  Hold'em No Limit ($0.50/$1.00 USD) - 2025/01/15 17:41:21 WET [2025/01/15 12:41:21 ET]
Table 'Zamenhof III' 6-max Seat #5 is the button
Seat 1: Evelexy1 ($104.50 in chips) is sitting out
Seat 2: GuigaMan ($100 in chips) 
Seat 3: End0eugh ($55.47 in chips) 
Seat 4: Xenicide ($110.47 in chips) 
Seat 5: Lucastitos ($198.75 in chips) 
Seat 6: DIMAN_324 ($138.35 in chips) 
DIMAN_324: posts small blind $0.50
GuigaMan: posts big blind $1
*** HOLE CARDS ***
End0eugh: folds 
Xenicide: folds 
Lucastitos: raises $1.40 to $2.40
DIMAN_324: folds 
GuigaMan: raises $8.60 to $11
Lucastitos: calls $8.60
*** FLOP *** [7d 3c Kh]
GuigaMan: bets $6.41
Lucastitos: folds 
Uncalled bet ($6.41) returned to GuigaMan
GuigaMan collected $21.38 from pot
GuigaMan: doesn't show hand 
*** SUMMARY ***
Total pot $22.50 | Rake $1.12 
Board [7d 3c Kh]
Seat 1: Evelexy1
Seat 2: GuigaMan (big blind) collected ($21.38)
Seat 3: End0eugh folded before Flop (didn't bet)
Seat 4: Xenicide folded before Flop (didn't bet)
Seat 5: Lucastitos (button) folded on the Flop
Seat 6: DIMAN_324 (small blind) folded before Flop



PokerStars Hand #254385296901:  Hold'em No Limit ($0.50/$1.00 USD) - 2025/01/15 17:41:47 WET [2025/01/15 12:41:47 ET]
Table 'Zamenhof III' 6-max Seat #6 is the button
Seat 1: Evelexy1 ($104.50 in chips) is sitting out
Seat 2: GuigaMan ($110.38 in chips) 
Seat 3: End0eugh ($55.47 in chips) 
Seat 4: Xenicide ($110.47 in chips) 
Seat 5: Lucastitos ($187.75 in chips) 
Seat 6: DIMAN_324 ($137.85 in chips) 
GuigaMan: posts small blind $0.50
End0eugh: posts big blind $1
*** HOLE CARDS ***
Xenicide: folds 
Lucastitos: folds 
DIMAN_324: folds 
GuigaMan: folds 
Uncalled bet ($0.50) returned to End0eugh
End0eugh collected $1 from pot
*** SUMMARY ***
Total pot $1 | Rake $0 
Seat 1: Evelexy1
Seat 2: GuigaMan (small blind) folded before Flop
Seat 3: End0eugh (big blind) collected ($1)
Seat 4: Xenicide folded before Flop (didn't bet)
Seat 5: Lucastitos folded before Flop (didn't bet)
Seat 6: DIMAN_324 (button) folded before Flop (didn't bet)



PokerStars Hand #254385299642:  Hold'em No Limit ($0.50/$1.00 USD) - 2025/01/15 17:41:57 WET [2025/01/15 12:41:57 ET]
Table 'Zamenhof III' 6-max Seat #2 is the button
Seat 1: Evelexy1 ($104.50 in chips) is sitting out
Seat 2: GuigaMan ($109.88 in chips) 
Seat 3: End0eugh ($55.97 in chips) 
Seat 4: Xenicide ($110.47 in chips) 
Seat 5: Lucastitos ($187.75 in chips) 
Seat 6: DIMAN_324 ($137.85 in chips) 
End0eugh: posts small blind $0.50
Xenicide: posts big blind $1
*** HOLE CARDS ***
Lucastitos: folds 
DIMAN_324: folds 
GuigaMan: folds 
End0eugh: raises $1 to $2
Xenicide: raises $5 to $7
End0eugh: calls $5
*** FLOP *** [Kc 7s Qs]
End0eugh: checks 
Xenicide: bets $4.12
End0eugh: calls $4.12
*** TURN *** [Kc 7s Qs] [3c]
End0eugh: checks 
Xenicide: bets $11.62
End0eugh: folds 
Uncalled bet ($11.62) returned to Xenicide
Xenicide collected $21.13 from pot
*** SUMMARY ***
Total pot $22.24 | Rake $1.11 
Board [Kc 7s Qs 3c]
Seat 1: Evelexy1
Seat 2: GuigaMan (button) folded before Flop (didn't bet)
Seat 3: End0eugh (small blind) folded on the Turn
Seat 4: Xenicide (big blind) collected ($21.13)
Seat 5: Lucastitos folded before Flop (didn't bet)
Seat 6: DIMAN_324 folded before Flop (didn't bet)



PokerStars Hand #254385314014:  Hold'em No Limit ($0.50/$1.00 USD) - 2025/01/15 17:42:49 WET [2025/01/15 12:42:49 ET]
Table 'Zamenhof III' 6-max Seat #3 is the button
Seat 1: Evelexy1 ($104.50 in chips) is sitting out
Seat 2: GuigaMan ($109.88 in chips) 
Seat 3: End0eugh ($44.85 in chips) 
Seat 4: Xenicide ($120.48 in chips) 
Seat 5: Lucastitos ($187.75 in chips) 
Seat 6: DIMAN_324 ($137.85 in chips) 
Xenicide: posts small blind $0.50
Lucastitos: posts big blind $1
*** HOLE CARDS ***
DIMAN_324: folds 
GuigaMan: folds 
End0eugh: raises $1.50 to $2.50
Xenicide: raises $7 to $9.50
Lucastitos: folds 
End0eugh: calls $7
*** FLOP *** [Qc 7s Ks]
Xenicide: bets $4.75
End0eugh: raises $30.60 to $35.35 and is all-in
Xenicide: folds 
Uncalled bet ($30.60) returned to End0eugh
End0eugh collected $28.02 from pot
*** SUMMARY ***
Total pot $29.50 | Rake $1.48 
Board [Qc 7s Ks]
Seat 1: Evelexy1
Seat 2: GuigaMan folded before Flop (didn't bet)
Seat 3: End0eugh (button) collected ($28.02)
Seat 4: Xenicide (small blind) folded on the Flop
Seat 5: Lucastitos (big blind) folded before Flop
Seat 6: DIMAN_324 folded before Flop (didn't bet)



PokerStars Hand #254385324447:  Hold'em No Limit ($0.50/$1.00 USD) - 2025/01/15 17:43:27 WET [2025/01/15 12:43:27 ET]
Table 'Zamenhof III' 6-max Seat #4 is the button
Seat 1: Evelexy1 ($104.50 in chips) is sitting out
Seat 2: GuigaMan ($109.88 in chips) 
Seat 3: End0eugh ($58.62 in chips) 
Seat 4: Xenicide ($106.23 in chips) 
Seat 5: Lucastitos ($186.75 in chips) 
Seat 6: DIMAN_324 ($137.85 in chips) 
Lucastitos: posts small blind $0.50
DIMAN_324: posts big blind $1
*** HOLE CARDS ***
GuigaMan: folds 
End0eugh: raises $1.50 to $2.50
Xenicide: raises $4.50 to $7
Lucastitos: folds 
DIMAN_324: folds 
End0eugh: raises $12.50 to $19.50
Xenicide: folds 
Uncalled bet ($12.50) returned to End0eugh
End0eugh collected $15.50 from pot
*** SUMMARY ***
Total pot $15.50 | Rake $0 
Seat 1: Evelexy1
Seat 2: GuigaMan folded before Flop (didn't bet)
Seat 3: End0eugh collected ($15.50)
Seat 4: Xenicide (button) folded before Flop
Seat 5: Lucastitos (small blind) folded before Flop
Seat 6: DIMAN_324 (big blind) folded before Flop



PokerStars Hand #254385332532:  Hold'em No Limit ($0.50/$1.00 USD) - 2025/01/15 17:43:57 WET [2025/01/15 12:43:57 ET]
Table 'Zamenhof III' 6-max Seat #5 is the button
Seat 1: Evelexy1 ($104.50 in chips) is sitting out
Seat 2: GuigaMan ($109.88 in chips) 
Seat 3: End0eugh ($67.12 in chips) 
Seat 4: Xenicide ($100 in chips) 
Seat 5: Lucastitos ($186.25 in chips) 
Seat 6: DIMAN_324 ($136.85 in chips) 
DIMAN_324: posts small blind $0.50
GuigaMan: posts big blind $1
*** HOLE CARDS ***
End0eugh: calls $1
Xenicide: folds 
Lucastitos: folds 
DIMAN_324: folds 
GuigaMan: raises $4 to $5
End0eugh: folds 
Uncalled bet ($4) returned to GuigaMan
GuigaMan collected $2.50 from pot
GuigaMan: doesn't show hand 
*** SUMMARY ***
Total pot $2.50 | Rake $0 
Seat 1: Evelexy1
Seat 2: GuigaMan (big blind) collected ($2.50)
Seat 3: End0eugh folded before Flop
Seat 4: Xenicide folded before Flop (didn't bet)
Seat 5: Lucastitos (button) folded before Flop (didn't bet)
Seat 6: DIMAN_324 (small blind) folded before Flop



PokerStars Hand #254385337836:  Hold'em No Limit ($0.50/$1.00 USD) - 2025/01/15 17:44:16 WET [2025/01/15 12:44:16 ET]
Table 'Zamenhof III' 6-max Seat #6 is the button
Seat 1: Evelexy1 ($104.50 in chips) is sitting out
Seat 2: GuigaMan ($111.38 in chips) 
Seat 3: End0eugh ($66.12 in chips) 
Seat 4: Xenicide ($100 in chips) 
Seat 5: Lucastitos ($186.25 in chips) 
Seat 6: DIMAN_324 ($136.35 in chips) 
GuigaMan: posts small blind $0.50
End0eugh: posts big blind $1
*** HOLE CARDS ***
Xenicide: raises $1 to $2
Lucastitos: calls $2
DIMAN_324: raises $8 to $10
GuigaMan: folds 
End0eugh: folds 
Xenicide: raises $13.50 to $23.50
Lucastitos: folds 
DIMAN_324: calls $13.50
*** FLOP *** [4c As Td]
Xenicide: bets $12
DIMAN_324: folds 
Uncalled bet ($12) returned to Xenicide
Xenicide collected $48 from pot
*** SUMMARY ***
Total pot $50.50 | Rake $2.50 
Board [4c As Td]
Seat 1: Evelexy1
Seat 2: GuigaMan (small blind) folded before Flop
Seat 3: End0eugh (big blind) folded before Flop
Seat 4: Xenicide collected ($48)
Seat 5: Lucastitos folded before Flop
Seat 6: DIMAN_324 (button) folded on the Flop



PokerStars Hand #254385356656:  Hold'em No Limit ($0.50/$1.00 USD) - 2025/01/15 17:45:25 WET [2025/01/15 12:45:25 ET]
Table 'Zamenhof III' 6-max Seat #2 is the button
Seat 1: Evelexy1 ($104.50 in chips) is sitting out
Seat 2: GuigaMan ($110.88 in chips) 
Seat 3: End0eugh ($65.12 in chips) 
Seat 4: Xenicide ($124.50 in chips) 
Seat 5: Lucastitos ($184.25 in chips) 
Seat 6: DIMAN_324 ($112.85 in chips) 
End0eugh: posts small blind $0.50
Xenicide: posts big blind $1
*** HOLE CARDS ***
Lucastitos: raises $1.10 to $2.10
DIMAN_324: folds 
GuigaMan: folds 
End0eugh: folds 
Xenicide: raises $7.90 to $10
Lucastitos: folds 
Uncalled bet ($7.90) returned to Xenicide
Xenicide collected $4.70 from pot
*** SUMMARY ***
Total pot $4.70 | Rake $0 
Seat 1: Evelexy1
Seat 2: GuigaMan (button) folded before Flop (didn't bet)
Seat 3: End0eugh (small blind) folded before Flop
Seat 4: Xenicide (big blind) collected ($4.70)
Seat 5: Lucastitos folded before Flop
Seat 6: DIMAN_324 folded before Flop (didn't bet)



PokerStars Hand #254385368500:  Hold'em No Limit ($0.50/$1.00 USD) - 2025/01/15 17:46:08 WET [2025/01/15 12:46:08 ET]
Table 'Zamenhof III' 6-max Seat #3 is the button
Seat 1: Evelexy1 ($104.50 in chips) is sitting out
Seat 2: GuigaMan ($110.88 in chips) 
Seat 3: End0eugh ($64.62 in chips) 
Seat 4: Xenicide ($127.10 in chips) 
Seat 5: Lucastitos ($182.15 in chips) 
Seat 6: DIMAN_324 ($112.85 in chips) 
Xenicide: posts small blind $0.50
Lucastitos: posts big blind $1
*** HOLE CARDS ***
DIMAN_324: folds 
GuigaMan: raises $1.10 to $2.10
End0eugh: folds 
Xenicide: folds 
Lucastitos: folds 
Uncalled bet ($1.10) returned to GuigaMan
GuigaMan collected $2.50 from pot
GuigaMan: doesn't show hand 
*** SUMMARY ***
Total pot $2.50 | Rake $0 
Seat 1: Evelexy1
Seat 2: GuigaMan collected ($2.50)
Seat 3: End0eugh (button) folded before Flop (didn't bet)
Seat 4: Xenicide (small blind) folded before Flop
Seat 5: Lucastitos (big blind) folded before Flop
Seat 6: DIMAN_324 folded before Flop (didn't bet)



PokerStars Hand #254385373746:  Hold'em No Limit ($0.50/$1.00 USD) - 2025/01/15 17:46:27 WET [2025/01/15 12:46:27 ET]
Table 'Zamenhof III' 6-max Seat #4 is the button
Seat 1: Evelexy1 ($104.50 in chips) is sitting out
Seat 2: GuigaMan ($112.38 in chips) 
Seat 3: End0eugh ($64.62 in chips) 
Seat 4: Xenicide ($126.60 in chips) 
Seat 5: Lucastitos ($181.15 in chips) 
Seat 6: DIMAN_324 ($112.85 in chips) 
Lucastitos: posts small blind $0.50
DIMAN_324: posts big blind $1
Evelexy1: sits out 
*** HOLE CARDS ***
GuigaMan: raises $1.10 to $2.10
End0eugh: calls $2.10
Xenicide: folds 
Lucastitos: folds 
DIMAN_324: folds 
*** FLOP *** [5s 3h 8c]
GuigaMan: checks 
End0eugh: bets $1.63
GuigaMan: calls $1.63
*** TURN *** [5s 3h 8c] [Jd]
GuigaMan: checks 
End0eugh: checks 
*** RIVER *** [5s 3h 8c Jd] [8h]
GuigaMan: bets $6.38
End0eugh: folds [5d]
Uncalled bet ($6.38) returned to GuigaMan
GuigaMan collected $8.51 from pot
GuigaMan: doesn't show hand 
*** SUMMARY ***
Total pot $8.96 | Rake $0.45 
Board [5s 3h 8c Jd 8h]
Seat 1: Evelexy1
Seat 2: GuigaMan collected ($8.51)
Seat 3: End0eugh folded on the River
Seat 4: Xenicide (button) folded before Flop (didn't bet)
Seat 5: Lucastitos (small blind) folded before Flop
Seat 6: DIMAN_324 (big blind) folded before Flop



PokerStars Hand #254385382391:  Hold'em No Limit ($0.50/$1.00 USD) - 2025/01/15 17:46:59 WET [2025/01/15 12:46:59 ET]
Table 'Zamenhof III' 6-max Seat #5 is the button
Seat 1: Evelexy1 ($104.50 in chips) 
Seat 2: GuigaMan ($117.16 in chips) 
Seat 3: End0eugh ($60.89 in chips) 
Seat 4: Xenicide ($126.60 in chips) 
Seat 5: Lucastitos ($180.65 in chips) 
Seat 6: DIMAN_324 ($111.85 in chips) 
DIMAN_324: posts small blind $0.50
Evelexy1: posts big blind $1
*** HOLE CARDS ***
GuigaMan: folds 
End0eugh: raises $1 to $2
Xenicide: raises $4 to $6
Lucastitos: folds 
DIMAN_324: folds 
Evelexy1: folds 
End0eugh: raises $6 to $12
Xenicide: calls $6
*** FLOP *** [7c 5d 7h]
End0eugh: bets $5
Xenicide: calls $5
*** TURN *** [7c 5d 7h] [6h]
End0eugh: bets $13
Xenicide: calls $13
*** RIVER *** [7c 5d 7h 6h] [Ad]
End0eugh: bets $30.89 and is all-in
Xenicide: calls $30.89
*** SHOW DOWN ***
End0eugh: shows [Qd Qc] (two pair, Queens and Sevens)
Xenicide: shows [Ah Qh] (two pair, Aces and Sevens)
Xenicide collected $120.78 from pot
*** SUMMARY ***
Total pot $123.28 | Rake $2.50 
Board [7c 5d 7h 6h Ad]
Seat 1: Evelexy1 (big blind) folded before Flop
Seat 2: GuigaMan folded before Flop (didn't bet)
Seat 3: End0eugh showed [Qd Qc] and lost with two pair, Queens and Sevens
Seat 4: Xenicide showed [Ah Qh] and won ($120.78) with two pair, Aces and Sevens
Seat 5: Lucastitos (button) folded before Flop (didn't bet)
Seat 6: DIMAN_324 (small blind) folded before Flop



PokerStars Hand #254385404032:  Hold'em No Limit ($0.50/$1.00 USD) - 2025/01/15 17:48:18 WET [2025/01/15 12:48:18 ET]
Table 'Zamenhof III' 6-max Seat #6 is the button
Seat 3: End0eugh ($0 in chips) is sitting out
Seat 1: Evelexy1 ($103.50 in chips) 
Seat 2: GuigaMan ($117.16 in chips) 
Seat 4: Xenicide ($186.49 in chips) 
Seat 5: Lucastitos ($180.65 in chips) 
Seat 6: DIMAN_324 ($111.35 in chips) 
Evelexy1: posts small blind $0.50
GuigaMan: posts big blind $1
*** HOLE CARDS ***
Xenicide: folds 
Lucastitos: raises $1.30 to $2.30
End0eugh leaves the table
DIMAN_324: raises $5.40 to $7.70
Evelexy1: folds 
GuigaMan: folds 
Lucastitos: folds 
Uncalled bet ($5.40) returned to DIMAN_324
DIMAN_324 collected $6.10 from pot
DIMAN_324: doesn't show hand 
*** SUMMARY ***
Total pot $6.10 | Rake $0 
Seat 3: End0eugh
Seat 1: Evelexy1 (small blind) folded before Flop
Seat 2: GuigaMan (big blind) folded before Flop
Seat 4: Xenicide folded before Flop (didn't bet)
Seat 5: Lucastitos folded before Flop
Seat 6: DIMAN_324 (button) collected ($6.10)



PokerStars Hand #254385408885:  Hold'em No Limit ($0.50/$1.00 USD) - 2025/01/15 17:48:36 WET [2025/01/15 12:48:36 ET]
Table 'Zamenhof III' 6-max Seat #1 is the button
Seat 4: Xenicide ($186.49 in chips) is sitting out
Seat 1: Evelexy1 ($103 in chips) 
Seat 2: GuigaMan ($116.16 in chips) 
Seat 5: Lucastitos ($178.35 in chips) 
Seat 6: DIMAN_324 ($115.15 in chips) 
GuigaMan: posts small blind $0.50
Xenicide: is sitting out 
Lucastitos: posts big blind $1
*** HOLE CARDS ***
Xenicide leaves the table
DIMAN_324: raises $1 to $2
Evelexy1: folds 
GuigaMan: folds 
Lucastitos: calls $1
*** FLOP *** [Kd 6d 9c]
Lucastitos: checks 
Evelexy1 leaves the table
DIMAN_324: checks 
*** TURN *** [Kd 6d 9c] [5c]
Lucastitos: checks 
DIMAN_324: checks 
*** RIVER *** [Kd 6d 9c 5c] [4d]
Lucastitos: bets $1.41
DIMAN_324: folds 
Uncalled bet ($1.41) returned to Lucastitos
Lucastitos collected $4.28 from pot
Lucastitos: doesn't show hand 
*** SUMMARY ***
Total pot $4.50 | Rake $0.22 
Board [Kd 6d 9c 5c 4d]
Seat 4: Xenicide
Seat 1: Evelexy1 (button) folded before Flop (didn't bet)
Seat 2: GuigaMan (small blind) folded before Flop
Seat 5: Lucastitos (big blind) collected ($4.28)
Seat 6: DIMAN_324 folded on the River



PokerStars Hand #254385426749:  Hold'em No Limit ($0.50/$1.00 USD) - 2025/01/15 17:49:40 WET [2025/01/15 12:49:40 ET]
Table 'Zamenhof III' 6-max Seat #5 is the button
Seat 6: DIMAN_324 ($113.15 in chips) is sitting out
Seat 2: GuigaMan ($115.66 in chips) 
Seat 5: Lucastitos ($180.63 in chips) 
Lucastitos: posts small blind $0.50
DIMAN_324: is sitting out 
GuigaMan: posts big blind $1
*** HOLE CARDS ***
Lucastitos: folds 
Uncalled bet ($0.50) returned to GuigaMan
GuigaMan collected $1 from pot
GuigaMan: doesn't show hand 
*** SUMMARY ***
Total pot $1 | Rake $0 
Seat 6: DIMAN_324
Seat 2: GuigaMan (big blind) collected ($1)
Seat 5: Lucastitos (button) (small blind) folded before Flop



