PokerStars Hand #254386860707:  Hold'em No Limit ($0.50/$1.00 USD) - 2025/01/15 19:15:56 WET [2025/01/15 14:15:56 ET]
Table 'Gertrud III' 6-max Seat #1 is the button
Seat 5: M1k_DP ($100 in chips) is sitting out
Seat 1: nastja336 ($130.23 in chips) 
Seat 2: mattwut1 ($100 in chips) 
Seat 3: DL1B ($100.88 in chips) 
Seat 4: MoRsCeReBruM ($100 in chips) 
Seat 6: Desverdi ($72.47 in chips) 
mattwut1: posts small blind $0.50
DL1B: posts big blind $1
*** HOLE CARDS ***
MoRsCeReBruM: folds 
Desverdi: folds 
nastja336: raises $1.50 to $2.50
mattwut1: raises $6.50 to $9
DL1B: folds 
nastja336: raises $15 to $24
mattwut1: folds 
Uncalled bet ($15) returned to nastja336
nastja336 collected $19 from pot
nastja336: doesn't show hand 
*** SUMMARY ***
Total pot $19 | Rake $0 
Seat 5: M1k_DP
Seat 1: nastja336 (button) collected ($19)
Seat 2: mattwut1 (small blind) folded before Flop
Seat 3: DL1B (big blind) folded before Flop
Seat 4: MoRsCeReBruM folded before Flop (didn't bet)
Seat 6: Desverdi folded before Flop (didn't bet)



PokerStars Hand #254386869629:  Hold'em No Limit ($0.50/$1.00 USD) - 2025/01/15 19:16:26 WET [2025/01/15 14:16:26 ET]
Table 'Gertrud III' 6-max Seat #2 is the button
Seat 5: M1k_DP ($100 in chips) is sitting out
Seat 1: nastja336 ($140.23 in chips) 
Seat 2: mattwut1 ($100 in chips) 
Seat 3: DL1B ($100 in chips) 
Seat 4: MoRsCeReBruM ($100 in chips) 
Seat 6: Desverdi ($72.47 in chips) 
DL1B: posts small blind $0.50
MoRsCeReBruM: posts big blind $1
*** HOLE CARDS ***
Desverdi: folds 
nastja336: folds 
mattwut1: folds 
DL1B: folds 
Uncalled bet ($0.50) returned to MoRsCeReBruM
MoRsCeReBruM collected $1 from pot
MoRsCeReBruM: doesn't show hand 
*** SUMMARY ***
Total pot $1 | Rake $0 
Seat 5: M1k_DP
Seat 1: nastja336 folded before Flop (didn't bet)
Seat 2: mattwut1 (button) folded before Flop (didn't bet)
Seat 3: DL1B (small blind) folded before Flop
Seat 4: MoRsCeReBruM (big blind) collected ($1)
Seat 6: Desverdi folded before Flop (didn't bet)



PokerStars Hand #254386874985:  Hold'em No Limit ($0.50/$1.00 USD) - 2025/01/15 19:16:45 WET [2025/01/15 14:16:45 ET]
Table 'Gertrud III' 6-max Seat #3 is the button
Seat 5: M1k_DP ($100 in chips) is sitting out
Seat 1: nastja336 ($140.23 in chips) 
Seat 2: mattwut1 ($100 in chips) 
Seat 3: DL1B ($100 in chips) 
Seat 4: MoRsCeReBruM ($100.50 in chips) 
Seat 6: Desverdi ($72.47 in chips) 
MoRsCeReBruM: posts small blind $0.50
Desverdi: posts big blind $1
*** HOLE CARDS ***
nastja336: folds 
mattwut1: raises $1.50 to $2.50
DL1B: folds 
MoRsCeReBruM: folds 
Desverdi: folds 
Uncalled bet ($1.50) returned to mattwut1
mattwut1 collected $2.50 from pot
mattwut1: doesn't show hand 
*** SUMMARY ***
Total pot $2.50 | Rake $0 
Seat 5: M1k_DP
Seat 1: nastja336 folded before Flop (didn't bet)
Seat 2: mattwut1 collected ($2.50)
Seat 3: DL1B (button) folded before Flop (didn't bet)
Seat 4: MoRsCeReBruM (small blind) folded before Flop
Seat 6: Desverdi (big blind) folded before Flop



PokerStars Hand #254386881602:  Hold'em No Limit ($0.50/$1.00 USD) - 2025/01/15 19:17:07 WET [2025/01/15 14:17:07 ET]
Table 'Gertrud III' 6-max Seat #4 is the button
Seat 5: M1k_DP ($100 in chips) is sitting out
Seat 1: nastja336 ($140.23 in chips) 
Seat 2: mattwut1 ($101.50 in chips) 
Seat 3: DL1B ($100 in chips) 
Seat 4: MoRsCeReBruM ($100 in chips) 
Seat 6: Desverdi ($71.47 in chips) 
Desverdi: posts small blind $0.50
nastja336: posts big blind $1
*** HOLE CARDS ***
mattwut1: folds 
DL1B: folds 
MoRsCeReBruM: folds 
Desverdi: folds 
Uncalled bet ($0.50) returned to nastja336
nastja336 collected $1 from pot
nastja336: doesn't show hand 
*** SUMMARY ***
Total pot $1 | Rake $0 
Seat 5: M1k_DP
Seat 1: nastja336 (big blind) collected ($1)
Seat 2: mattwut1 folded before Flop (didn't bet)
Seat 3: DL1B folded before Flop (didn't bet)
Seat 4: MoRsCeReBruM (button) folded before Flop (didn't bet)
Seat 6: Desverdi (small blind) folded before Flop



PokerStars Hand #254386886524:  Hold'em No Limit ($0.50/$1.00 USD) - 2025/01/15 19:17:24 WET [2025/01/15 14:17:24 ET]
Table 'Gertrud III' 6-max Seat #6 is the button
Seat 2: mattwut1 ($101.50 in chips) is sitting out
Seat 5: M1k_DP ($100 in chips) is sitting out
Seat 1: nastja336 ($140.73 in chips) 
Seat 3: DL1B ($100 in chips) 
Seat 4: MoRsCeReBruM ($100 in chips) 
Seat 6: Desverdi ($70.97 in chips) 
nastja336: posts small blind $0.50
mattwut1: is sitting out 
DL1B: posts big blind $1
*** HOLE CARDS ***
MoRsCeReBruM: folds 
Desverdi: calls $1
nastja336: calls $0.50
DL1B: checks 
*** FLOP *** [Kc 7h 8s]
nastja336: checks 
DL1B: checks 
Desverdi: checks 
*** TURN *** [Kc 7h 8s] [Qs]
nastja336: checks 
DL1B: checks 
Desverdi: checks 
*** RIVER *** [Kc 7h 8s Qs] [Td]
nastja336: checks 
DL1B: checks 
Desverdi: checks 
*** SHOW DOWN ***
nastja336: shows [5c Ah] (high card Ace)
DL1B: mucks hand 
Desverdi: shows [9s Qh] (a pair of Queens)
Desverdi collected $2.85 from pot
*** SUMMARY ***
Total pot $3 | Rake $0.15 
Board [Kc 7h 8s Qs Td]
Seat 2: mattwut1
Seat 5: M1k_DP
Seat 1: nastja336 (small blind) showed [5c Ah] and lost with high card Ace
Seat 3: DL1B (big blind) mucked
Seat 4: MoRsCeReBruM folded before Flop (didn't bet)
Seat 6: Desverdi (button) showed [9s Qh] and won ($2.85) with a pair of Queens



PokerStars Hand #254386898863:  Hold'em No Limit ($0.50/$1.00 USD) - 2025/01/15 19:18:05 WET [2025/01/15 14:18:05 ET]
Table 'Gertrud III' 6-max Seat #1 is the button
Seat 2: mattwut1 ($101.50 in chips) is sitting out
Seat 5: M1k_DP ($100 in chips) is sitting out
Seat 1: nastja336 ($139.73 in chips) 
Seat 3: DL1B ($100 in chips) 
Seat 4: MoRsCeReBruM ($100 in chips) 
Seat 6: Desverdi ($72.82 in chips) 
DL1B: posts small blind $0.50
MoRsCeReBruM: posts big blind $1
M1k_DP: sits out 
*** HOLE CARDS ***
Desverdi: calls $1
nastja336: folds 
DL1B: folds 
MoRsCeReBruM: checks 
*** FLOP *** [Ts 9h Qc]
MoRsCeReBruM: checks 
Desverdi: checks 
*** TURN *** [Ts 9h Qc] [Td]
MoRsCeReBruM: bets $1
Desverdi: calls $1
*** RIVER *** [Ts 9h Qc Td] [9c]
MoRsCeReBruM: checks 
Desverdi: checks 
*** SHOW DOWN ***
MoRsCeReBruM: shows [6h Jc] (two pair, Tens and Nines)
Desverdi: shows [Kh 7h] (two pair, Tens and Nines - King kicker)
Desverdi collected $4.28 from pot
*** SUMMARY ***
Total pot $4.50 | Rake $0.22 
Board [Ts 9h Qc Td 9c]
Seat 2: mattwut1
Seat 5: M1k_DP
Seat 1: nastja336 (button) folded before Flop (didn't bet)
Seat 3: DL1B (small blind) folded before Flop
Seat 4: MoRsCeReBruM (big blind) showed [6h Jc] and lost with two pair, Tens and Nines
Seat 6: Desverdi showed [Kh 7h] and won ($4.28) with two pair, Tens and Nines



PokerStars Hand #254386906865:  Hold'em No Limit ($0.50/$1.00 USD) - 2025/01/15 19:18:33 WET [2025/01/15 14:18:33 ET]
Table 'Gertrud III' 6-max Seat #3 is the button
Seat 2: mattwut1 ($101.50 in chips) is sitting out
Seat 1: nastja336 ($139.73 in chips) 
Seat 3: DL1B ($100 in chips) 
Seat 4: MoRsCeReBruM ($100 in chips) 
Seat 5: M1k_DP ($100 in chips) 
Seat 6: Desverdi ($75.10 in chips) 
MoRsCeReBruM: posts small blind $0.50
M1k_DP: posts big blind $1
mattwut1: sits out 
*** HOLE CARDS ***
Desverdi: folds 
nastja336: folds 
DL1B: folds 
MoRsCeReBruM: folds 
Uncalled bet ($0.50) returned to M1k_DP
M1k_DP collected $1 from pot
M1k_DP: doesn't show hand 
*** SUMMARY ***
Total pot $1 | Rake $0 
Seat 2: mattwut1
Seat 1: nastja336 folded before Flop (didn't bet)
Seat 3: DL1B (button) folded before Flop (didn't bet)
Seat 4: MoRsCeReBruM (small blind) folded before Flop
Seat 5: M1k_DP (big blind) collected ($1)
Seat 6: Desverdi folded before Flop (didn't bet)



PokerStars Hand #254386910913:  Hold'em No Limit ($0.50/$1.00 USD) - 2025/01/15 19:18:46 WET [2025/01/15 14:18:46 ET]
Table 'Gertrud III' 6-max Seat #4 is the button
Seat 2: mattwut1 ($101.50 in chips) is sitting out
Seat 1: nastja336 ($139.73 in chips) 
Seat 3: DL1B ($100 in chips) 
Seat 4: MoRsCeReBruM ($100 in chips) 
Seat 5: M1k_DP ($100.50 in chips) 
Seat 6: Desverdi ($75.10 in chips) 
M1k_DP: posts small blind $0.50
Desverdi: posts big blind $1
mattwut1: sits out 
*** HOLE CARDS ***
nastja336: folds 
DL1B: raises $1.50 to $2.50
MoRsCeReBruM: folds 
M1k_DP: folds 
Desverdi: folds 
Uncalled bet ($1.50) returned to DL1B
DL1B collected $2.50 from pot
DL1B: doesn't show hand 
*** SUMMARY ***
Total pot $2.50 | Rake $0 
Seat 2: mattwut1
Seat 1: nastja336 folded before Flop (didn't bet)
Seat 3: DL1B collected ($2.50)
Seat 4: MoRsCeReBruM (button) folded before Flop (didn't bet)
Seat 5: M1k_DP (small blind) folded before Flop
Seat 6: Desverdi (big blind) folded before Flop



PokerStars Hand #254386914924:  Hold'em No Limit ($0.50/$1.00 USD) - 2025/01/15 19:19:00 WET [2025/01/15 14:19:00 ET]
Table 'Gertrud III' 6-max Seat #5 is the button
Seat 2: mattwut1 ($101.50 in chips) is sitting out
Seat 1: nastja336 ($139.73 in chips) 
Seat 3: DL1B ($101.50 in chips) 
Seat 4: MoRsCeReBruM ($100 in chips) 
Seat 5: M1k_DP ($100 in chips) 
Seat 6: Desverdi ($74.10 in chips) 
Desverdi: posts small blind $0.50
nastja336: posts big blind $1
mattwut1: sits out 
*** HOLE CARDS ***
DL1B: folds 
MoRsCeReBruM: folds 
M1k_DP: raises $1.25 to $2.25
Desverdi: calls $1.75
nastja336: folds 
*** FLOP *** [7d Ts 5d]
Desverdi: checks 
M1k_DP: bets $1.72
Desverdi: calls $1.72
*** TURN *** [7d Ts 5d] [Js]
Desverdi: checks 
M1k_DP: checks 
*** RIVER *** [7d Ts 5d Js] [Ah]
Desverdi: checks 
M1k_DP: bets $16.50
Desverdi: calls $16.50
*** SHOW DOWN ***
M1k_DP: shows [Kc Qc] (a straight, Ten to Ace)
Desverdi: shows [Ac 8c] (a pair of Aces)
M1k_DP collected $39.84 from pot
*** SUMMARY ***
Total pot $41.94 | Rake $2.10 
Board [7d Ts 5d Js Ah]
Seat 2: mattwut1
Seat 1: nastja336 (big blind) folded before Flop
Seat 3: DL1B folded before Flop (didn't bet)
Seat 4: MoRsCeReBruM folded before Flop (didn't bet)
Seat 5: M1k_DP (button) showed [Kc Qc] and won ($39.84) with a straight, Ten to Ace
Seat 6: Desverdi (small blind) showed [Ac 8c] and lost with a pair of Aces



PokerStars Hand #254386931211:  Hold'em No Limit ($0.50/$1.00 USD) - 2025/01/15 19:19:56 WET [2025/01/15 14:19:56 ET]
Table 'Gertrud III' 6-max Seat #6 is the button
Seat 1: nastja336 ($138.73 in chips) 
Seat 2: mattwut1 ($101.50 in chips) 
Seat 3: DL1B ($101.50 in chips) 
Seat 4: MoRsCeReBruM ($100 in chips) 
Seat 5: M1k_DP ($119.37 in chips) 
Seat 6: Desverdi ($53.63 in chips) 
nastja336: posts small blind $0.50
mattwut1: posts big blind $1
*** HOLE CARDS ***
DL1B: raises $2 to $3
MoRsCeReBruM: folds 
M1k_DP: folds 
Desverdi: raises $7 to $10
nastja336: folds 
mattwut1: folds 
DL1B: folds 
Uncalled bet ($7) returned to Desverdi
Desverdi collected $7.50 from pot
*** SUMMARY ***
Total pot $7.50 | Rake $0 
Seat 1: nastja336 (small blind) folded before Flop
Seat 2: mattwut1 (big blind) folded before Flop
Seat 3: DL1B folded before Flop
Seat 4: MoRsCeReBruM folded before Flop (didn't bet)
Seat 5: M1k_DP folded before Flop (didn't bet)
Seat 6: Desverdi (button) collected ($7.50)



PokerStars Hand #254386943171:  Hold'em No Limit ($0.50/$1.00 USD) - 2025/01/15 19:20:37 WET [2025/01/15 14:20:37 ET]
Table 'Gertrud III' 6-max Seat #1 is the button
Seat 1: nastja336 ($138.23 in chips) 
Seat 2: mattwut1 ($100.50 in chips) 
Seat 3: DL1B ($100 in chips) 
Seat 4: MoRsCeReBruM ($100 in chips) 
Seat 5: M1k_DP ($119.37 in chips) 
Seat 6: Desverdi ($58.13 in chips) 
mattwut1: posts small blind $0.50
DL1B: posts big blind $1
*** HOLE CARDS ***
MoRsCeReBruM: raises $1 to $2
M1k_DP: folds 
Desverdi: folds 
nastja336: folds 
mattwut1: folds 
DL1B: folds 
Uncalled bet ($1) returned to MoRsCeReBruM
MoRsCeReBruM collected $2.50 from pot
MoRsCeReBruM: doesn't show hand 
*** SUMMARY ***
Total pot $2.50 | Rake $0 
Seat 1: nastja336 (button) folded before Flop (didn't bet)
Seat 2: mattwut1 (small blind) folded before Flop
Seat 3: DL1B (big blind) folded before Flop
Seat 4: MoRsCeReBruM collected ($2.50)
Seat 5: M1k_DP folded before Flop (didn't bet)
Seat 6: Desverdi folded before Flop (didn't bet)



PokerStars Hand #254386953116:  Hold'em No Limit ($0.50/$1.00 USD) - 2025/01/15 19:21:11 WET [2025/01/15 14:21:11 ET]
Table 'Gertrud III' 6-max Seat #2 is the button
Seat 4: MoRsCeReBruM ($101.50 in chips) is sitting out
Seat 1: nastja336 ($138.23 in chips) 
Seat 2: mattwut1 ($100 in chips) 
Seat 3: DL1B ($100 in chips) 
Seat 5: M1k_DP ($119.37 in chips) 
Seat 6: Desverdi ($58.13 in chips) 
DL1B: posts small blind $0.50
MoRsCeReBruM: is sitting out 
M1k_DP: posts big blind $1
*** HOLE CARDS ***
Desverdi: calls $1
nastja336: folds 
MoRsCeReBruM leaves the table
mattwut1 has timed out
mattwut1: folds 
DL1B: folds 
M1k_DP: raises $4 to $5
Desverdi: calls $4
*** FLOP *** [4h Ts As]
M1k_DP: bets $9.88
Desverdi: folds 
Uncalled bet ($9.88) returned to M1k_DP
M1k_DP collected $9.98 from pot
M1k_DP: doesn't show hand 
*** SUMMARY ***
Total pot $10.50 | Rake $0.52 
Board [4h Ts As]
Seat 4: MoRsCeReBruM
Seat 1: nastja336 folded before Flop (didn't bet)
Seat 2: mattwut1 (button) folded before Flop (didn't bet)
Seat 3: DL1B (small blind) folded before Flop
Seat 5: M1k_DP (big blind) collected ($9.98)
Seat 6: Desverdi folded on the Flop



PokerStars Hand #254386965597:  Hold'em No Limit ($0.50/$1.00 USD) - 2025/01/15 19:21:54 WET [2025/01/15 14:21:54 ET]
Table 'Gertrud III' 6-max Seat #3 is the button
Seat 2: mattwut1 ($100 in chips) is sitting out
Seat 1: nastja336 ($138.23 in chips) 
Seat 3: DL1B ($100 in chips) 
Seat 5: M1k_DP ($124.35 in chips) 
Seat 6: Desverdi ($53.13 in chips) 
M1k_DP: posts small blind $0.50
Desverdi: posts big blind $1
*** HOLE CARDS ***
ptolejmus joins the table at seat #4 
nastja336: raises $1.50 to $2.50
DL1B: folds 
M1k_DP: folds 
Desverdi: folds 
Uncalled bet ($1.50) returned to nastja336
nastja336 collected $2.50 from pot
nastja336: doesn't show hand 
*** SUMMARY ***
Total pot $2.50 | Rake $0 
Seat 2: mattwut1
Seat 1: nastja336 collected ($2.50)
Seat 3: DL1B (button) folded before Flop (didn't bet)
Seat 5: M1k_DP (small blind) folded before Flop
Seat 6: Desverdi (big blind) folded before Flop



PokerStars Hand #254386972183:  Hold'em No Limit ($0.50/$1.00 USD) - 2025/01/15 19:22:16 WET [2025/01/15 14:22:16 ET]
Table 'Gertrud III' 6-max Seat #5 is the button
Seat 2: mattwut1 ($100 in chips) is sitting out
Seat 4: ptolejmus ($10 in chips) is sitting out
Seat 1: nastja336 ($139.73 in chips) 
Seat 3: DL1B ($100 in chips) 
Seat 5: M1k_DP ($123.85 in chips) 
Seat 6: Desverdi ($52.13 in chips) 
Desverdi: posts small blind $0.50
nastja336: posts big blind $1
ptolejmus: sits out 
*** HOLE CARDS ***
DL1B: folds 
M1k_DP: raises $1.50 to $2.50
Desverdi: folds 
nastja336: calls $1.50
*** FLOP *** [8d Th 2c]
nastja336: checks 
M1k_DP: bets $1.72
nastja336: folds 
Uncalled bet ($1.72) returned to M1k_DP
M1k_DP collected $5.22 from pot
M1k_DP: doesn't show hand 
*** SUMMARY ***
Total pot $5.50 | Rake $0.28 
Board [8d Th 2c]
Seat 2: mattwut1
Seat 4: ptolejmus
Seat 1: nastja336 (big blind) folded on the Flop
Seat 3: DL1B folded before Flop (didn't bet)
Seat 5: M1k_DP (button) collected ($5.22)
Seat 6: Desverdi (small blind) folded before Flop



PokerStars Hand #254386989824:  Hold'em No Limit ($0.50/$1.00 USD) - 2025/01/15 19:23:16 WET [2025/01/15 14:23:16 ET]
Table 'Gertrud III' 6-max Seat #6 is the button
Seat 4: ptolejmus ($10 in chips) is sitting out
Seat 1: nastja336 ($137.23 in chips) 
Seat 2: mattwut1 ($100 in chips) 
Seat 3: DL1B ($100 in chips) 
Seat 5: M1k_DP ($126.57 in chips) 
Seat 6: Desverdi ($51.63 in chips) 
nastja336: posts small blind $0.50
mattwut1: posts big blind $1
ptolejmus: sits out 
*** HOLE CARDS ***
DL1B: folds 
M1k_DP: folds 
Desverdi: calls $1
nastja336: raises $3 to $4
mattwut1: folds 
Desverdi: calls $3
*** FLOP *** [6d Jd 2d]
nastja336: checks 
Desverdi: bets $6
nastja336: calls $6
*** TURN *** [6d Jd 2d] [2h]
nastja336: checks 
Desverdi: bets $8
nastja336: raises $12 to $20
Desverdi: calls $12
*** RIVER *** [6d Jd 2d 2h] [8d]
nastja336: bets $29.25
Desverdi: calls $21.63 and is all-in
Uncalled bet ($7.62) returned to nastja336
*** SHOW DOWN ***
nastja336: shows [6s 6h] (a full house, Sixes full of Deuces)
Desverdi: shows [Kd Jh] (a flush, King high)
nastja336 collected $101.76 from pot
*** SUMMARY ***
Total pot $104.26 | Rake $2.50 
Board [6d Jd 2d 2h 8d]
Seat 4: ptolejmus
Seat 1: nastja336 (small blind) showed [6s 6h] and won ($101.76) with a full house, Sixes full of Deuces
Seat 2: mattwut1 (big blind) folded before Flop
Seat 3: DL1B folded before Flop (didn't bet)
Seat 5: M1k_DP folded before Flop (didn't bet)
Seat 6: Desverdi (button) showed [Kd Jh] and lost with a flush, King high



PokerStars Hand #254387004591:  Hold'em No Limit ($0.50/$1.00 USD) - 2025/01/15 19:24:06 WET [2025/01/15 14:24:06 ET]
Table 'Gertrud III' 6-max Seat #1 is the button
Seat 4: ptolejmus ($10 in chips) is sitting out
Seat 6: Desverdi ($0 in chips) is sitting out
Seat 1: nastja336 ($187.36 in chips) 
Seat 2: mattwut1 ($100 in chips) 
Seat 3: DL1B ($100 in chips) 
Seat 5: M1k_DP ($126.57 in chips) 
mattwut1: posts small blind $0.50
DL1B: posts big blind $1
ptolejmus: sits out 
*** HOLE CARDS ***
Desverdi leaves the table
M1k_DP: folds 
nastja336: folds 
mattwut1: folds 
Uncalled bet ($0.50) returned to DL1B
DL1B collected $1 from pot
DL1B: doesn't show hand 
*** SUMMARY ***
Total pot $1 | Rake $0 
Seat 4: ptolejmus
Seat 6: Desverdi
Seat 1: nastja336 (button) folded before Flop (didn't bet)
Seat 2: mattwut1 (small blind) folded before Flop
Seat 3: DL1B (big blind) collected ($1)
Seat 5: M1k_DP folded before Flop (didn't bet)



PokerStars Hand #254387009115:  Hold'em No Limit ($0.50/$1.00 USD) - 2025/01/15 19:24:22 WET [2025/01/15 14:24:22 ET]
Table 'Gertrud III' 6-max Seat #2 is the button
Seat 1: nastja336 ($187.36 in chips) 
Seat 2: mattwut1 ($100 in chips) 
Seat 3: DL1B ($100.50 in chips) 
Seat 4: ptolejmus ($10 in chips) 
Seat 5: M1k_DP ($126.57 in chips) 
DL1B: posts small blind $0.50
ptolejmus: posts big blind $1
*** HOLE CARDS ***
M1k_DP: folds 
nastja336: folds 
mattwut1: folds 
DL1B: folds 
Uncalled bet ($0.50) returned to ptolejmus
ptolejmus collected $1 from pot
*** SUMMARY ***
Total pot $1 | Rake $0 
Seat 1: nastja336 folded before Flop (didn't bet)
Seat 2: mattwut1 (button) folded before Flop (didn't bet)
Seat 3: DL1B (small blind) folded before Flop
Seat 4: ptolejmus (big blind) collected ($1)
Seat 5: M1k_DP folded before Flop (didn't bet)



PokerStars Hand #254387011667:  Hold'em No Limit ($0.50/$1.00 USD) - 2025/01/15 19:24:31 WET [2025/01/15 14:24:31 ET]
Table 'Gertrud III' 6-max Seat #3 is the button
Seat 1: nastja336 ($187.36 in chips) is sitting out
Seat 5: M1k_DP ($126.57 in chips) is sitting out
Seat 2: mattwut1 ($100 in chips) 
Seat 3: DL1B ($100 in chips) 
Seat 4: ptolejmus ($10.50 in chips) 
ptolejmus: posts small blind $0.50
M1k_DP: is sitting out 
nastja336: is sitting out 
mattwut1: posts big blind $1
*** HOLE CARDS ***
nastja336 leaves the table
M1k_DP leaves the table
DL1B: folds 
michasia joins the table at seat #6 
ptolejmus: raises $1 to $2
mattwut1: calls $1
*** FLOP *** [6h 9d 2s]
camilinho UC joins the table at seat #1 
coeeeelho joins the table at seat #5 
ptolejmus: bets $1.94
coeeeelho leaves the table
mattwut1: folds 
Uncalled bet ($1.94) returned to ptolejmus
ptolejmus collected $3.80 from pot
*** SUMMARY ***
Total pot $4 | Rake $0.20 
Board [6h 9d 2s]
Seat 1: nastja336
Seat 5: M1k_DP
Seat 2: mattwut1 (big blind) folded on the Flop
Seat 3: DL1B (button) folded before Flop (didn't bet)
Seat 4: ptolejmus (small blind) collected ($3.80)



PokerStars Hand #254387025818:  Hold'em No Limit ($0.50/$1.00 USD) - 2025/01/15 19:25:18 WET [2025/01/15 14:25:18 ET]
Table 'Gertrud III' 6-max Seat #2 is the button
Seat 1: camilinho UC ($12 in chips) is sitting out
Seat 3: DL1B ($100 in chips) is sitting out
Seat 6: michasia ($100 in chips) is sitting out
Seat 2: mattwut1 ($100 in chips) 
Seat 4: ptolejmus ($12.30 in chips) 
mattwut1: posts small blind $0.50
DL1B: is sitting out 
ptolejmus: posts big blind $1
*** HOLE CARDS ***
mattwut1: raises $1.20 to $2.20
DL1B leaves the table
ptolejmus: calls $1.20
*** FLOP *** [Ts 9c 3c]
BGS013 joins the table at seat #3 
nastja336 joins the table at seat #5 
ptolejmus: checks 
nastja336 leaves the table
mattwut1: checks 
*** TURN *** [Ts 9c 3c] [9d]
ptolejmus: bets $3.14
mattwut1: folds 
Uncalled bet ($3.14) returned to ptolejmus
ptolejmus collected $4.18 from pot
*** SUMMARY ***
Total pot $4.40 | Rake $0.22 
Board [Ts 9c 3c 9d]
Seat 1: camilinho UC
Seat 3: DL1B
Seat 6: michasia
Seat 2: mattwut1 (button) (small blind) folded on the Turn
Seat 4: ptolejmus (big blind) collected ($4.18)



PokerStars Hand #254387039302:  Hold'em No Limit ($0.50/$1.00 USD) - 2025/01/15 19:26:05 WET [2025/01/15 14:26:05 ET]
Table 'Gertrud III' 6-max Seat #4 is the button
Seat 1: camilinho UC ($12 in chips) is sitting out
Seat 6: michasia ($100 in chips) is sitting out
Seat 2: mattwut1 ($100 in chips) 
Seat 3: BGS013 ($100 in chips) 
Seat 4: ptolejmus ($14.28 in chips) 
mattwut1: posts small blind $0.50
BGS013: posts big blind $1
*** HOLE CARDS ***
ptolejmus: folds 
mattwut1: folds 
Uncalled bet ($0.50) returned to BGS013
BGS013 collected $1 from pot
BGS013: doesn't show hand 
*** SUMMARY ***
Total pot $1 | Rake $0 
Seat 1: camilinho UC
Seat 6: michasia
Seat 2: mattwut1 (small blind) folded before Flop
Seat 3: BGS013 (big blind) collected ($1)
Seat 4: ptolejmus (button) folded before Flop (didn't bet)



PokerStars Hand #254387041380:  Hold'em No Limit ($0.50/$1.00 USD) - 2025/01/15 19:26:12 WET [2025/01/15 14:26:12 ET]
Table 'Gertrud III' 6-max Seat #2 is the button
Seat 1: camilinho UC ($12 in chips) is sitting out
Seat 6: michasia ($100 in chips) is sitting out
Seat 2: mattwut1 ($100 in chips) 
Seat 3: BGS013 ($100.50 in chips) 
Seat 4: ptolejmus ($14.28 in chips) 
BGS013: posts small blind $0.50
ptolejmus: posts big blind $1
michasia: sits out 
camilinho UC: sits out 
*** HOLE CARDS ***
mattwut1: folds 
BGS013: folds 
Uncalled bet ($0.50) returned to ptolejmus
ptolejmus collected $1 from pot
ImaPeppaPig joins the table at seat #5 
*** SUMMARY ***
Total pot $1 | Rake $0 
Seat 1: camilinho UC
Seat 6: michasia
Seat 2: mattwut1 (button) folded before Flop (didn't bet)
Seat 3: BGS013 (small blind) folded before Flop
Seat 4: ptolejmus (big blind) collected ($1)



PokerStars Hand #254387044941:  Hold'em No Limit ($0.50/$1.00 USD) - 2025/01/15 19:26:24 WET [2025/01/15 14:26:24 ET]
Table 'Gertrud III' 6-max Seat #3 is the button
Seat 1: camilinho UC ($12 in chips) is sitting out
Seat 6: michasia ($100 in chips) is sitting out
Seat 2: mattwut1 ($100 in chips) 
Seat 3: BGS013 ($100 in chips) 
Seat 4: ptolejmus ($14.78 in chips) 
Seat 5: ImaPeppaPig ($100 in chips) 
ptolejmus: posts small blind $0.50
ImaPeppaPig: posts big blind $1
michasia: sits out 
camilinho UC: sits out 
*** HOLE CARDS ***
mattwut1: folds 
BGS013: raises $1.50 to $2.50
ptolejmus: folds 
ImaPeppaPig: folds 
Uncalled bet ($1.50) returned to BGS013
BGS013 collected $2.50 from pot
BGS013: doesn't show hand 
*** SUMMARY ***
Total pot $2.50 | Rake $0 
Seat 1: camilinho UC
Seat 6: michasia
Seat 2: mattwut1 folded before Flop (didn't bet)
Seat 3: BGS013 (button) collected ($2.50)
Seat 4: ptolejmus (small blind) folded before Flop
Seat 5: ImaPeppaPig (big blind) folded before Flop



PokerStars Hand #254387049747:  Hold'em No Limit ($0.50/$1.00 USD) - 2025/01/15 19:26:41 WET [2025/01/15 14:26:41 ET]
Table 'Gertrud III' 6-max Seat #4 is the button
Seat 1: camilinho UC ($12 in chips) is sitting out
Seat 2: mattwut1 ($100 in chips) 
Seat 3: BGS013 ($101.50 in chips) 
Seat 4: ptolejmus ($14.28 in chips) 
Seat 5: ImaPeppaPig ($100 in chips) 
Seat 6: michasia ($100 in chips) 
ImaPeppaPig: posts small blind $0.50
michasia: posts big blind $1
camilinho UC: sits out 
*** HOLE CARDS ***
mattwut1: folds 
BGS013: folds 
ptolejmus: folds 
ImaPeppaPig: folds 
Uncalled bet ($0.50) returned to michasia
michasia collected $1 from pot
michasia: doesn't show hand 
*** SUMMARY ***
Total pot $1 | Rake $0 
Seat 1: camilinho UC
Seat 2: mattwut1 folded before Flop (didn't bet)
Seat 3: BGS013 folded before Flop (didn't bet)
Seat 4: ptolejmus (button) folded before Flop (didn't bet)
Seat 5: ImaPeppaPig (small blind) folded before Flop
Seat 6: michasia (big blind) collected ($1)



PokerStars Hand #254387054884:  Hold'em No Limit ($0.50/$1.00 USD) - 2025/01/15 19:26:58 WET [2025/01/15 14:26:58 ET]
Table 'Gertrud III' 6-max Seat #5 is the button
Seat 1: camilinho UC ($12 in chips) 
Seat 2: mattwut1 ($100 in chips) 
Seat 3: BGS013 ($101.50 in chips) 
Seat 4: ptolejmus ($14.28 in chips) 
Seat 5: ImaPeppaPig ($100 in chips) 
Seat 6: michasia ($100.50 in chips) 
michasia: posts small blind $0.50
camilinho UC: posts big blind $1
*** HOLE CARDS ***
mattwut1: folds 
BGS013: folds 
ptolejmus: folds 
ImaPeppaPig: folds 
michasia: folds 
Uncalled bet ($0.50) returned to camilinho UC
camilinho UC collected $1 from pot
camilinho UC: doesn't show hand 
*** SUMMARY ***
Total pot $1 | Rake $0 
Seat 1: camilinho UC (big blind) collected ($1)
Seat 2: mattwut1 folded before Flop (didn't bet)
Seat 3: BGS013 folded before Flop (didn't bet)
Seat 4: ptolejmus folded before Flop (didn't bet)
Seat 5: ImaPeppaPig (button) folded before Flop (didn't bet)
Seat 6: michasia (small blind) folded before Flop



PokerStars Hand #254387058580:  Hold'em No Limit ($0.50/$1.00 USD) - 2025/01/15 19:27:11 WET [2025/01/15 14:27:11 ET]
Table 'Gertrud III' 6-max Seat #6 is the button
Seat 2: mattwut1 ($100 in chips) is sitting out
Seat 1: camilinho UC ($12.50 in chips) 
Seat 3: BGS013 ($101.50 in chips) 
Seat 4: ptolejmus ($14.28 in chips) 
Seat 5: ImaPeppaPig ($100 in chips) 
Seat 6: michasia ($100 in chips) 
camilinho UC: posts small blind $0.50
mattwut1: is sitting out 
BGS013: posts big blind $1
*** HOLE CARDS ***
ptolejmus: folds 
ImaPeppaPig: folds 
michasia: folds 
camilinho UC: calls $0.50
BGS013: checks 
*** FLOP *** [2c 4d 5h]
camilinho UC: bets $1
BGS013: folds 
Uncalled bet ($1) returned to camilinho UC
camilinho UC collected $1.90 from pot
camilinho UC: doesn't show hand 
*** SUMMARY ***
Total pot $2 | Rake $0.10 
Board [2c 4d 5h]
Seat 2: mattwut1
Seat 1: camilinho UC (small blind) collected ($1.90)
Seat 3: BGS013 (big blind) folded on the Flop
Seat 4: ptolejmus folded before Flop (didn't bet)
Seat 5: ImaPeppaPig folded before Flop (didn't bet)
Seat 6: michasia (button) folded before Flop (didn't bet)



PokerStars Hand #254387069477:  Hold'em No Limit ($0.50/$1.00 USD) - 2025/01/15 19:27:48 WET [2025/01/15 14:27:48 ET]
Table 'Gertrud III' 6-max Seat #1 is the button
Seat 2: mattwut1 ($100 in chips) is sitting out
Seat 1: camilinho UC ($13.40 in chips) 
Seat 3: BGS013 ($100.50 in chips) 
Seat 4: ptolejmus ($14.28 in chips) 
Seat 5: ImaPeppaPig ($100 in chips) 
Seat 6: michasia ($100 in chips) 
BGS013: posts small blind $0.50
ptolejmus: posts big blind $1
*** HOLE CARDS ***
ImaPeppaPig: folds 
michasia: raises $1 to $2
camilinho UC: calls $2
BGS013: folds 
ptolejmus: folds 
*** FLOP *** [4s 2c Ac]
michasia: checks 
camilinho UC: bets $2
michasia: folds 
Uncalled bet ($2) returned to camilinho UC
camilinho UC collected $5.22 from pot
camilinho UC: doesn't show hand 
*** SUMMARY ***
Total pot $5.50 | Rake $0.28 
Board [4s 2c Ac]
Seat 2: mattwut1
Seat 1: camilinho UC (button) collected ($5.22)
Seat 3: BGS013 (small blind) folded before Flop
Seat 4: ptolejmus (big blind) folded before Flop
Seat 5: ImaPeppaPig folded before Flop (didn't bet)
Seat 6: michasia folded on the Flop



PokerStars Hand #254387075353:  Hold'em No Limit ($0.50/$1.00 USD) - 2025/01/15 19:28:08 WET [2025/01/15 14:28:08 ET]
Table 'Gertrud III' 6-max Seat #3 is the button
Seat 2: mattwut1 ($100 in chips) is sitting out
Seat 1: camilinho UC ($16.62 in chips) 
Seat 3: BGS013 ($100 in chips) 
Seat 4: ptolejmus ($13.28 in chips) 
Seat 5: ImaPeppaPig ($100 in chips) 
Seat 6: michasia ($100 in chips) 
ptolejmus: posts small blind $0.50
ImaPeppaPig: posts big blind $1
mattwut1: sits out 
*** HOLE CARDS ***
michasia: folds 
camilinho UC: raises $1 to $2
michasia leaves the table
BGS013: folds 
ptolejmus: folds 
ImaPeppaPig: calls $1
*** FLOP *** [Tc As 3d]
ImaPeppaPig: checks 
camilinho UC: bets $1.63
ImaPeppaPig: calls $1.63
*** TURN *** [Tc As 3d] [3s]
ImaPeppaPig: checks 
camilinho UC: checks 
*** RIVER *** [Tc As 3d 3s] [9h]
ImaPeppaPig: checks 
camilinho UC: checks 
*** SHOW DOWN ***
ImaPeppaPig: shows [Qh Js] (a pair of Threes)
camilinho UC: shows [2h 2s] (two pair, Threes and Deuces)
camilinho UC collected $7.37 from pot
*** SUMMARY ***
Total pot $7.76 | Rake $0.39 
Board [Tc As 3d 3s 9h]
Seat 2: mattwut1
Seat 1: camilinho UC showed [2h 2s] and won ($7.37) with two pair, Threes and Deuces
Seat 3: BGS013 (button) folded before Flop (didn't bet)
Seat 4: ptolejmus (small blind) folded before Flop
Seat 5: ImaPeppaPig (big blind) showed [Qh Js] and lost with a pair of Threes
Seat 6: michasia folded before Flop (didn't bet)



PokerStars Hand #254387088282:  Hold'em No Limit ($0.50/$1.00 USD) - 2025/01/15 19:28:52 WET [2025/01/15 14:28:52 ET]
Table 'Gertrud III' 6-max Seat #4 is the button
Seat 2: mattwut1 ($100 in chips) is sitting out
Seat 1: camilinho UC ($20.36 in chips) 
Seat 3: BGS013 ($100 in chips) 
Seat 4: ptolejmus ($12.78 in chips) 
Seat 5: ImaPeppaPig ($100 in chips) 
ImaPeppaPig: posts small blind $0.50
camilinho UC: posts big blind $1
mattwut1: sits out 
*** HOLE CARDS ***
BGS013: raises $1.50 to $2.50
ptolejmus: folds 
ImaPeppaPig: folds 
camilinho UC: folds 
Uncalled bet ($1.50) returned to BGS013
BGS013 collected $2.50 from pot
BGS013: doesn't show hand 
*** SUMMARY ***
Total pot $2.50 | Rake $0 
Seat 2: mattwut1
Seat 1: camilinho UC (big blind) folded before Flop
Seat 3: BGS013 collected ($2.50)
Seat 4: ptolejmus (button) folded before Flop (didn't bet)
Seat 5: ImaPeppaPig (small blind) folded before Flop



PokerStars Hand #254387096385:  Hold'em No Limit ($0.50/$1.00 USD) - 2025/01/15 19:29:20 WET [2025/01/15 14:29:20 ET]
Table 'Gertrud III' 6-max Seat #5 is the button
Seat 1: camilinho UC ($19.36 in chips) 
Seat 2: mattwut1 ($100 in chips) 
Seat 3: BGS013 ($101.50 in chips) 
Seat 4: ptolejmus ($12.78 in chips) 
Seat 5: ImaPeppaPig ($100 in chips) 
camilinho UC: posts small blind $0.50
mattwut1: posts big blind $1
*** HOLE CARDS ***
BGS013: folds 
ptolejmus: folds 
ImaPeppaPig: raises $1.50 to $2.50
camilinho UC: folds 
mattwut1: folds 
Uncalled bet ($1.50) returned to ImaPeppaPig
ImaPeppaPig collected $2.50 from pot
ImaPeppaPig: doesn't show hand 
*** SUMMARY ***
Total pot $2.50 | Rake $0 
Seat 1: camilinho UC (small blind) folded before Flop
Seat 2: mattwut1 (big blind) folded before Flop
Seat 3: BGS013 folded before Flop (didn't bet)
Seat 4: ptolejmus folded before Flop (didn't bet)
Seat 5: ImaPeppaPig (button) collected ($2.50)



PokerStars Hand #254387102111:  Hold'em No Limit ($0.50/$1.00 USD) - 2025/01/15 19:29:39 WET [2025/01/15 14:29:39 ET]
Table 'Gertrud III' 6-max Seat #1 is the button
Seat 1: camilinho UC ($18.86 in chips) 
Seat 2: mattwut1 ($100 in chips) 
Seat 3: BGS013 ($101.50 in chips) 
Seat 4: ptolejmus ($12.78 in chips) 
Seat 5: ImaPeppaPig ($101.50 in chips) 
mattwut1: posts small blind $0.50
BGS013: posts big blind $1
*** HOLE CARDS ***
ptolejmus: raises $1 to $2
ImaPeppaPig: folds 
camilinho UC: raises $16.86 to $18.86 and is all-in
SeaHawksOnAir joins the table at seat #6 
SeaHawksOnAir is disconnected 
mattwut1: folds 
BGS013: folds 
ptolejmus: folds 
Uncalled bet ($16.86) returned to camilinho UC
camilinho UC collected $5.50 from pot
camilinho UC: doesn't show hand 
*** SUMMARY ***
Total pot $5.50 | Rake $0 
Seat 1: camilinho UC (button) collected ($5.50)
Seat 2: mattwut1 (small blind) folded before Flop
Seat 3: BGS013 (big blind) folded before Flop
Seat 4: ptolejmus folded before Flop
Seat 5: ImaPeppaPig folded before Flop (didn't bet)



PokerStars Hand #254387108195:  Hold'em No Limit ($0.50/$1.00 USD) - 2025/01/15 19:30:00 WET [2025/01/15 14:30:00 ET]
Table 'Gertrud III' 6-max Seat #2 is the button
Seat 6: SeaHawksOnAir ($10 in chips) is sitting out
Seat 1: camilinho UC ($22.36 in chips) 
Seat 2: mattwut1 ($100 in chips) 
Seat 3: BGS013 ($100.50 in chips) 
Seat 4: ptolejmus ($10.78 in chips) 
Seat 5: ImaPeppaPig ($101.50 in chips) 
BGS013: posts small blind $0.50
ptolejmus: posts big blind $1
SeaHawksOnAir: sits out 
*** HOLE CARDS ***
ImaPeppaPig: folds 
camilinho UC: raises $21.36 to $22.36 and is all-in
mattwut1: folds 
BGS013: folds 
ptolejmus: folds 
Uncalled bet ($21.36) returned to camilinho UC
camilinho UC collected $2.50 from pot
camilinho UC: doesn't show hand 
*** SUMMARY ***
Total pot $2.50 | Rake $0 
Seat 6: SeaHawksOnAir
Seat 1: camilinho UC collected ($2.50)
Seat 2: mattwut1 (button) folded before Flop (didn't bet)
Seat 3: BGS013 (small blind) folded before Flop
Seat 4: ptolejmus (big blind) folded before Flop
Seat 5: ImaPeppaPig folded before Flop (didn't bet)



PokerStars Hand #254387114232:  Hold'em No Limit ($0.50/$1.00 USD) - 2025/01/15 19:30:20 WET [2025/01/15 14:30:20 ET]
Table 'Gertrud III' 6-max Seat #3 is the button
Seat 6: SeaHawksOnAir ($10 in chips) is sitting out
Seat 1: camilinho UC ($23.86 in chips) 
Seat 2: mattwut1 ($100 in chips) 
Seat 3: BGS013 ($100 in chips) 
Seat 4: ptolejmus ($10 in chips) 
Seat 5: ImaPeppaPig ($101.50 in chips) 
ptolejmus: posts small blind $0.50
ImaPeppaPig: posts big blind $1
SeaHawksOnAir: sits out 
*** HOLE CARDS ***
camilinho UC: calls $1
mattwut1: folds 
BGS013: raises $2.50 to $3.50
ptolejmus: folds 
ImaPeppaPig: folds 
camilinho UC: calls $2.50
*** FLOP *** [8s 7s 7h]
camilinho UC: checks 
BGS013: bets $2.10
camilinho UC: raises $6.67 to $8.77
BGS013: folds 
Uncalled bet ($6.67) returned to camilinho UC
camilinho UC collected $12.06 from pot
camilinho UC: doesn't show hand 
*** SUMMARY ***
Total pot $12.70 | Rake $0.64 
Board [8s 7s 7h]
Seat 6: SeaHawksOnAir
Seat 1: camilinho UC collected ($12.06)
Seat 2: mattwut1 folded before Flop (didn't bet)
Seat 3: BGS013 (button) folded on the Flop
Seat 4: ptolejmus (small blind) folded before Flop
Seat 5: ImaPeppaPig (big blind) folded before Flop



PokerStars Hand #254387126664:  Hold'em No Limit ($0.50/$1.00 USD) - 2025/01/15 19:31:02 WET [2025/01/15 14:31:02 ET]
Table 'Gertrud III' 6-max Seat #4 is the button
Seat 1: camilinho UC ($30.32 in chips) 
Seat 2: mattwut1 ($100 in chips) 
Seat 3: BGS013 ($100 in chips) 
Seat 4: ptolejmus ($10 in chips) 
Seat 5: ImaPeppaPig ($100.50 in chips) 
Seat 6: SeaHawksOnAir ($10 in chips) 
ImaPeppaPig: posts small blind $0.50
SeaHawksOnAir: posts big blind $1
*** HOLE CARDS ***
camilinho UC: folds 
mattwut1: folds 
BGS013: folds 
ptolejmus: raises $1 to $2
ImaPeppaPig: folds 
SeaHawksOnAir: calls $1
*** FLOP *** [Qc Ts Jd]
SeaHawksOnAir: bets $2.14
ptolejmus: raises $5.86 to $8 and is all-in
SeaHawksOnAir: calls $5.86 and is all-in
*** TURN *** [Qc Ts Jd] [5d]
*** RIVER *** [Qc Ts Jd 5d] [As]
*** SHOW DOWN ***
SeaHawksOnAir: shows [Ac 2h] (a pair of Aces)
ptolejmus: shows [Ah Js] (two pair, Aces and Jacks)
ptolejmus collected $19.48 from pot
*** SUMMARY ***
Total pot $20.50 | Rake $1.02 
Board [Qc Ts Jd 5d As]
Seat 1: camilinho UC folded before Flop (didn't bet)
Seat 2: mattwut1 folded before Flop (didn't bet)
Seat 3: BGS013 folded before Flop (didn't bet)
Seat 4: ptolejmus (button) showed [Ah Js] and won ($19.48) with two pair, Aces and Jacks
Seat 5: ImaPeppaPig (small blind) folded before Flop
Seat 6: SeaHawksOnAir (big blind) showed [Ac 2h] and lost with a pair of Aces



PokerStars Hand #254387141903:  Hold'em No Limit ($0.50/$1.00 USD) - 2025/01/15 19:31:55 WET [2025/01/15 14:31:55 ET]
Table 'Gertrud III' 6-max Seat #5 is the button
Seat 6: SeaHawksOnAir ($0 in chips) is sitting out
Seat 1: camilinho UC ($30.32 in chips) 
Seat 2: mattwut1 ($100 in chips) 
Seat 3: BGS013 ($100 in chips) 
Seat 4: ptolejmus ($19.48 in chips) 
Seat 5: ImaPeppaPig ($100 in chips) 
camilinho UC: posts small blind $0.50
mattwut1: posts big blind $1
*** HOLE CARDS ***
BGS013: raises $1 to $2
ptolejmus: folds 
ImaPeppaPig: folds 
camilinho UC: folds 
mattwut1: calls $1
*** FLOP *** [8d 6h 5h]
mattwut1: checks 
BGS013: bets $1.11
mattwut1: raises $4.29 to $5.40
BGS013: calls $4.29
*** TURN *** [8d 6h 5h] [Td]
mattwut1: bets $11
BGS013: calls $11
*** RIVER *** [8d 6h 5h Td] [Qc]
mattwut1: bets $27
BGS013: folds 
Uncalled bet ($27) returned to mattwut1
mattwut1 collected $35.44 from pot
mattwut1: doesn't show hand 
*** SUMMARY ***
Total pot $37.30 | Rake $1.86 
Board [8d 6h 5h Td Qc]
Seat 6: SeaHawksOnAir
Seat 1: camilinho UC (small blind) folded before Flop
Seat 2: mattwut1 (big blind) collected ($35.44)
Seat 3: BGS013 folded on the River
Seat 4: ptolejmus folded before Flop (didn't bet)
Seat 5: ImaPeppaPig (button) folded before Flop (didn't bet)



PokerStars Hand #254387160894:  Hold'em No Limit ($0.50/$1.00 USD) - 2025/01/15 19:33:00 WET [2025/01/15 14:33:00 ET]
Table 'Gertrud III' 6-max Seat #1 is the button
Seat 1: camilinho UC ($29.82 in chips) 
Seat 2: mattwut1 ($117.04 in chips) 
Seat 3: BGS013 ($100 in chips) 
Seat 4: ptolejmus ($19.48 in chips) 
Seat 5: ImaPeppaPig ($100 in chips) 
Seat 6: SeaHawksOnAir ($10.96 in chips) 
mattwut1: posts small blind $0.50
BGS013: posts big blind $1
SeaHawksOnAir: posts small blind $0.50
*** HOLE CARDS ***
ptolejmus: folds 
ImaPeppaPig: raises $2 to $3
SeaHawksOnAir: folds 
camilinho UC: folds 
mattwut1: folds 
BGS013: folds 
Uncalled bet ($2) returned to ImaPeppaPig
ImaPeppaPig collected $3 from pot
ImaPeppaPig: doesn't show hand 
*** SUMMARY ***
Total pot $3 | Rake $0 
Seat 1: camilinho UC (button) folded before Flop (didn't bet)
Seat 2: mattwut1 (small blind) folded before Flop
Seat 3: BGS013 (big blind) folded before Flop
Seat 4: ptolejmus folded before Flop (didn't bet)
Seat 5: ImaPeppaPig collected ($3)
Seat 6: SeaHawksOnAir folded before Flop (didn't bet)



PokerStars Hand #254387166138:  Hold'em No Limit ($0.50/$1.00 USD) - 2025/01/15 19:33:18 WET [2025/01/15 14:33:18 ET]
Table 'Gertrud III' 6-max Seat #2 is the button
Seat 1: camilinho UC ($29.82 in chips) 
Seat 2: mattwut1 ($116.54 in chips) 
Seat 3: BGS013 ($100 in chips) 
Seat 4: ptolejmus ($19.48 in chips) 
Seat 5: ImaPeppaPig ($102 in chips) 
Seat 6: SeaHawksOnAir ($10.46 in chips) 
BGS013: posts small blind $0.50
ptolejmus: posts big blind $1
*** HOLE CARDS ***
ImaPeppaPig: folds 
SeaHawksOnAir: folds 
camilinho UC: raises $1 to $2
mattwut1: folds 
BGS013: folds 
ptolejmus: folds 
Uncalled bet ($1) returned to camilinho UC
camilinho UC collected $2.50 from pot
camilinho UC: doesn't show hand 
*** SUMMARY ***
Total pot $2.50 | Rake $0 
Seat 1: camilinho UC collected ($2.50)
Seat 2: mattwut1 (button) folded before Flop (didn't bet)
Seat 3: BGS013 (small blind) folded before Flop
Seat 4: ptolejmus (big blind) folded before Flop
Seat 5: ImaPeppaPig folded before Flop (didn't bet)
Seat 6: SeaHawksOnAir folded before Flop (didn't bet)



PokerStars Hand #254387171417:  Hold'em No Limit ($0.50/$1.00 USD) - 2025/01/15 19:33:36 WET [2025/01/15 14:33:36 ET]
Table 'Gertrud III' 6-max Seat #3 is the button
Seat 1: camilinho UC ($31.32 in chips) 
Seat 2: mattwut1 ($116.54 in chips) 
Seat 3: BGS013 ($100 in chips) 
Seat 4: ptolejmus ($18.48 in chips) 
Seat 5: ImaPeppaPig ($102 in chips) 
Seat 6: SeaHawksOnAir ($10.46 in chips) 
ptolejmus: posts small blind $0.50
ImaPeppaPig: posts big blind $1
*** HOLE CARDS ***
SeaHawksOnAir: folds 
camilinho UC: folds 
mattwut1: folds 
BGS013: raises $1.50 to $2.50
ptolejmus: folds 
ImaPeppaPig: raises $9.50 to $12
BGS013: folds 
Uncalled bet ($9.50) returned to ImaPeppaPig
ImaPeppaPig collected $5.50 from pot
ImaPeppaPig: doesn't show hand 
*** SUMMARY ***
Total pot $5.50 | Rake $0 
Seat 1: camilinho UC folded before Flop (didn't bet)
Seat 2: mattwut1 folded before Flop (didn't bet)
Seat 3: BGS013 (button) folded before Flop
Seat 4: ptolejmus (small blind) folded before Flop
Seat 5: ImaPeppaPig (big blind) collected ($5.50)
Seat 6: SeaHawksOnAir folded before Flop (didn't bet)



PokerStars Hand #254387178223:  Hold'em No Limit ($0.50/$1.00 USD) - 2025/01/15 19:33:59 WET [2025/01/15 14:33:59 ET]
Table 'Gertrud III' 6-max Seat #4 is the button
Seat 1: camilinho UC ($31.32 in chips) 
Seat 2: mattwut1 ($116.54 in chips) 
Seat 3: BGS013 ($100 in chips) 
Seat 4: ptolejmus ($17.98 in chips) 
Seat 5: ImaPeppaPig ($105 in chips) 
Seat 6: SeaHawksOnAir ($10.46 in chips) 
ImaPeppaPig: posts small blind $0.50
SeaHawksOnAir: posts big blind $1
*** HOLE CARDS ***
camilinho UC: raises $1.50 to $2.50
mattwut1: folds 
BGS013: folds 
ptolejmus: folds 
ImaPeppaPig: folds 
SeaHawksOnAir: folds 
Uncalled bet ($1.50) returned to camilinho UC
camilinho UC collected $2.50 from pot
camilinho UC: doesn't show hand 
*** SUMMARY ***
Total pot $2.50 | Rake $0 
Seat 1: camilinho UC collected ($2.50)
Seat 2: mattwut1 folded before Flop (didn't bet)
Seat 3: BGS013 folded before Flop (didn't bet)
Seat 4: ptolejmus (button) folded before Flop (didn't bet)
Seat 5: ImaPeppaPig (small blind) folded before Flop
Seat 6: SeaHawksOnAir (big blind) folded before Flop



PokerStars Hand #254387184737:  Hold'em No Limit ($0.50/$1.00 USD) - 2025/01/15 19:34:22 WET [2025/01/15 14:34:22 ET]
Table 'Gertrud III' 6-max Seat #5 is the button
Seat 1: camilinho UC ($32.82 in chips) 
Seat 2: mattwut1 ($116.54 in chips) 
Seat 3: BGS013 ($100 in chips) 
Seat 4: ptolejmus ($17.98 in chips) 
Seat 5: ImaPeppaPig ($104.50 in chips) 
Seat 6: SeaHawksOnAir ($9.46 in chips) 
SeaHawksOnAir: posts small blind $0.50
camilinho UC: posts big blind $1
*** HOLE CARDS ***
mattwut1: raises $1.50 to $2.50
BGS013: folds 
ptolejmus: folds 
ImaPeppaPig: folds 
SeaHawksOnAir: raises $6.96 to $9.46 and is all-in
camilinho UC: raises $23.36 to $32.82 and is all-in
mattwut1: calls $30.32
*** FLOP *** [2h Qs 4c]
*** TURN *** [2h Qs 4c] [6d]
*** RIVER *** [2h Qs 4c 6d] [Ts]
*** SHOW DOWN ***
camilinho UC: shows [3s 3d] (a pair of Threes)
mattwut1: shows [Jh Jc] (a pair of Jacks)
mattwut1 collected $45.64 from side pot
SeaHawksOnAir: shows [Ac Js] (high card Ace)
mattwut1 collected $26.96 from main pot
*** SUMMARY ***
Total pot $75.10 Main pot $26.96. Side pot $45.64. | Rake $2.50 
Board [2h Qs 4c 6d Ts]
Seat 1: camilinho UC (big blind) showed [3s 3d] and lost with a pair of Threes
Seat 2: mattwut1 showed [Jh Jc] and won ($72.60) with a pair of Jacks
Seat 3: BGS013 folded before Flop (didn't bet)
Seat 4: ptolejmus folded before Flop (didn't bet)
Seat 5: ImaPeppaPig (button) folded before Flop (didn't bet)
Seat 6: SeaHawksOnAir (small blind) showed [Ac Js] and lost with high card Ace



PokerStars Hand #254387198361:  Hold'em No Limit ($0.50/$1.00 USD) - 2025/01/15 19:35:08 WET [2025/01/15 14:35:08 ET]
Table 'Gertrud III' 6-max Seat #2 is the button
Seat 1: camilinho UC ($0 in chips) is sitting out
Seat 6: SeaHawksOnAir ($0 in chips) is sitting out
Seat 2: mattwut1 ($156.32 in chips) 
Seat 3: BGS013 ($100 in chips) 
Seat 4: ptolejmus ($17.98 in chips) 
Seat 5: ImaPeppaPig ($104.50 in chips) 
BGS013: posts small blind $0.50
ptolejmus: posts big blind $1
*** HOLE CARDS ***
ImaPeppaPig: folds 
mattwut1: raises $1.20 to $2.20
BGS013: folds 
SeaHawksOnAir is disconnected 
ptolejmus: folds 
Uncalled bet ($1.20) returned to mattwut1
mattwut1 collected $2.50 from pot
mattwut1: doesn't show hand 
*** SUMMARY ***
Total pot $2.50 | Rake $0 
Seat 1: camilinho UC
Seat 6: SeaHawksOnAir
Seat 2: mattwut1 (button) collected ($2.50)
Seat 3: BGS013 (small blind) folded before Flop
Seat 4: ptolejmus (big blind) folded before Flop
Seat 5: ImaPeppaPig folded before Flop (didn't bet)



PokerStars Hand #254387204076:  Hold'em No Limit ($0.50/$1.00 USD) - 2025/01/15 19:35:28 WET [2025/01/15 14:35:28 ET]
Table 'Gertrud III' 6-max Seat #3 is the button
Seat 1: camilinho UC ($0 in chips) is sitting out
Seat 6: SeaHawksOnAir ($0 in chips) is sitting out
Seat 2: mattwut1 ($157.82 in chips) 
Seat 3: BGS013 ($100 in chips) 
Seat 4: ptolejmus ($16.98 in chips) 
Seat 5: ImaPeppaPig ($104.50 in chips) 
ptolejmus: posts small blind $0.50
ImaPeppaPig: posts big blind $1
*** HOLE CARDS ***
mattwut1: folds 
camilinho UC leaves the table
BGS013: folds 
ptolejmus: raises $15.98 to $16.98 and is all-in
ImaPeppaPig: calls $15.98
*** FIRST FLOP *** [5s Kh Jd]
*** FIRST TURN *** [5s Kh Jd] [6c]
*** FIRST RIVER *** [5s Kh Jd 6c] [Kc]
*** SECOND FLOP *** [Td Js Ks]
*** SECOND TURN *** [Td Js Ks] [8s]
*** SECOND RIVER *** [Td Js Ks 8s] [9h]
*** FIRST SHOW DOWN ***
ptolejmus: shows [9s Ac] (a pair of Kings)
ImaPeppaPig: shows [4c 4s] (two pair, Kings and Fours)
ImaPeppaPig collected $16.48 from pot
*** SECOND SHOW DOWN ***
ptolejmus: shows [9s Ac] (a pair of Nines)
ImaPeppaPig: shows [4c 4s] (a pair of Fours)
ptolejmus collected $16.48 from pot
*** SUMMARY ***
Total pot $33.96 | Rake $1 
Hand was run twice
FIRST Board [5s Kh Jd 6c Kc]
SECOND Board [Td Js Ks 8s 9h]
Seat 1: camilinho UC
Seat 6: SeaHawksOnAir
Seat 2: mattwut1 folded before Flop (didn't bet)
Seat 3: BGS013 (button) folded before Flop (didn't bet)
Seat 4: ptolejmus (small blind) showed [9s Ac] and lost with a pair of Kings, and won ($16.48) with a pair of Nines
Seat 5: ImaPeppaPig (big blind) showed [4c 4s] and won ($16.48) with two pair, Kings and Fours, and lost with a pair of Fours



PokerStars Hand #254387211558:  Hold'em No Limit ($0.50/$1.00 USD) - 2025/01/15 19:35:54 WET [2025/01/15 14:35:54 ET]
Table 'Gertrud III' 6-max Seat #4 is the button
Seat 6: SeaHawksOnAir ($0 in chips) is sitting out
Seat 2: mattwut1 ($157.82 in chips) 
Seat 3: BGS013 ($100 in chips) 
Seat 4: ptolejmus ($16.48 in chips) 
Seat 5: ImaPeppaPig ($104 in chips) 
ImaPeppaPig: posts small blind $0.50
mattwut1: posts big blind $1
*** HOLE CARDS ***
SeaHawksOnAir is disconnected 
BGS013: folds 
ptolejmus: folds 
ImaPeppaPig: raises $2 to $3
BGS013 leaves the table
mattwut1: calls $2
*** FLOP *** [3h Kh 6c]
ImaPeppaPig: bets $3
mattwut1: calls $3
*** TURN *** [3h Kh 6c] [8c]
ImaPeppaPig: checks 
SeaHawksOnAir is disconnected 
mattwut1: checks 
*** RIVER *** [3h Kh 6c 8c] [Qs]
ImaPeppaPig: bets $1
mattwut1: raises $8.84 to $9.84
ImaPeppaPig: calls $8.84
*** SHOW DOWN ***
mattwut1: shows [7d Kd] (a pair of Kings)
ImaPeppaPig: mucks hand 
mattwut1 collected $30.68 from pot
*** SUMMARY ***
Total pot $31.68 | Rake $1 
Board [3h Kh 6c 8c Qs]
Seat 6: SeaHawksOnAir
Seat 2: mattwut1 (big blind) showed [7d Kd] and won ($30.68) with a pair of Kings
Seat 3: BGS013 folded before Flop (didn't bet)
Seat 4: ptolejmus (button) folded before Flop (didn't bet)
Seat 5: ImaPeppaPig (small blind) mucked



PokerStars Hand #254387227096:  Hold'em No Limit ($0.50/$1.00 USD) - 2025/01/15 19:36:47 WET [2025/01/15 14:36:47 ET]
Table 'Gertrud III' 6-max Seat #2 is the button
Seat 4: ptolejmus ($16.48 in chips) is sitting out
Seat 6: SeaHawksOnAir ($0 in chips) is sitting out
Seat 2: mattwut1 ($172.66 in chips) 
Seat 5: ImaPeppaPig ($100 in chips) 
mattwut1: posts small blind $0.50
ptolejmus: is sitting out 
ImaPeppaPig: posts big blind $1
*** HOLE CARDS ***
ptolejmus leaves the table
mattwut1: folds 
Uncalled bet ($0.50) returned to ImaPeppaPig
ImaPeppaPig collected $1 from pot
ImaPeppaPig: doesn't show hand 
*** SUMMARY ***
Total pot $1 | Rake $0 
Seat 4: ptolejmus
Seat 6: SeaHawksOnAir
Seat 2: mattwut1 (button) (small blind) folded before Flop
Seat 5: ImaPeppaPig (big blind) collected ($1)



PokerStars Hand #254387229537:  Hold'em No Limit ($0.50/$1.00 USD) - 2025/01/15 19:36:55 WET [2025/01/15 14:36:55 ET]
Table 'Gertrud III' 6-max Seat #5 is the button
Seat 6: SeaHawksOnAir ($0 in chips) is sitting out
Seat 2: mattwut1 ($172.16 in chips) 
Seat 5: ImaPeppaPig ($100.50 in chips) 
ImaPeppaPig: posts small blind $0.50
mattwut1: posts big blind $1
*** HOLE CARDS ***
ImaPeppaPig: folds 
Uncalled bet ($0.50) returned to mattwut1
mattwut1 collected $1 from pot
mattwut1: doesn't show hand 
*** SUMMARY ***
Total pot $1 | Rake $0 
Seat 6: SeaHawksOnAir
Seat 2: mattwut1 (big blind) collected ($1)
Seat 5: ImaPeppaPig (button) (small blind) folded before Flop



PokerStars Hand #254387231232:  Hold'em No Limit ($0.50/$1.00 USD) - 2025/01/15 19:37:01 WET [2025/01/15 14:37:01 ET]
Table 'Gertrud III' 6-max Seat #2 is the button
Seat 6: SeaHawksOnAir ($0 in chips) is sitting out
Seat 2: mattwut1 ($172.66 in chips) 
Seat 5: ImaPeppaPig ($100 in chips) 
mattwut1: posts small blind $0.50
ImaPeppaPig: posts big blind $1
*** HOLE CARDS ***
mattwut1: raises $1.20 to $2.20
ImaPeppaPig: calls $1.20
*** FLOP *** [8s 4d 2d]
ImaPeppaPig: checks 
dreimis190 joins the table at seat #3 
kekoccc joins the table at seat #4 
KarP93 joins the table at seat #1 
mattwut1: bets $2.76
ImaPeppaPig: folds 
Uncalled bet ($2.76) returned to mattwut1
mattwut1 collected $4.18 from pot
mattwut1: doesn't show hand 
*** SUMMARY ***
Total pot $4.40 | Rake $0.22 
Board [8s 4d 2d]
Seat 6: SeaHawksOnAir
Seat 2: mattwut1 (button) (small blind) collected ($4.18)
Seat 5: ImaPeppaPig (big blind) folded on the Flop



PokerStars Hand #254387236635:  Hold'em No Limit ($0.50/$1.00 USD) - 2025/01/15 19:37:20 WET [2025/01/15 14:37:20 ET]
Table 'Gertrud III' 6-max Seat #5 is the button
Seat 1: KarP93 ($100 in chips) is sitting out
Seat 4: kekoccc ($100 in chips) is sitting out
Seat 6: SeaHawksOnAir ($27.91 in chips) is sitting out
Seat 2: mattwut1 ($174.64 in chips) 
Seat 3: dreimis190 ($100 in chips) 
Seat 5: ImaPeppaPig ($100 in chips) 
mattwut1: posts small blind $0.50
dreimis190: posts big blind $1
kekoccc: sits out 
*** HOLE CARDS ***
ImaPeppaPig: folds 
mattwut1: raises $1.50 to $2.50
dreimis190: calls $1.50
*** FLOP *** [Qh 2c Td]
mattwut1: bets $1.57
dreimis190: calls $1.57
*** TURN *** [Qh 2c Td] [8c]
mattwut1: checks 
dreimis190: checks 
*** RIVER *** [Qh 2c Td 8c] [9c]
mattwut1: checks 
dreimis190: checks 
*** SHOW DOWN ***
mattwut1: shows [3d 6d] (high card Queen)
dreimis190: shows [As Tc] (a pair of Tens)
dreimis190 collected $7.73 from pot
*** SUMMARY ***
Total pot $8.14 | Rake $0.41 
Board [Qh 2c Td 8c 9c]
Seat 1: KarP93
Seat 4: kekoccc
Seat 6: SeaHawksOnAir
Seat 2: mattwut1 (small blind) showed [3d 6d] and lost with high card Queen
Seat 3: dreimis190 (big blind) showed [As Tc] and won ($7.73) with a pair of Tens
Seat 5: ImaPeppaPig (button) folded before Flop (didn't bet)



PokerStars Hand #254387254452:  Hold'em No Limit ($0.50/$1.00 USD) - 2025/01/15 19:38:20 WET [2025/01/15 14:38:20 ET]
Table 'Gertrud III' 6-max Seat #2 is the button
Seat 1: KarP93 ($100 in chips) is sitting out
Seat 2: mattwut1 ($170.57 in chips) 
Seat 3: dreimis190 ($103.66 in chips) 
Seat 4: kekoccc ($100 in chips) 
Seat 5: ImaPeppaPig ($100 in chips) 
Seat 6: SeaHawksOnAir ($27.91 in chips) 
dreimis190: posts small blind $0.50
kekoccc: posts big blind $1
SeaHawksOnAir: posts small & big blinds $1.50
KarP93: sits out 
*** HOLE CARDS ***
ImaPeppaPig: folds 
SeaHawksOnAir: raises $1 to $2
mattwut1: folds 
dreimis190: folds 
kekoccc: calls $1
*** FLOP *** [3d 2c Ac]
kekoccc: checks 
SeaHawksOnAir: bets $4.75
kekoccc: calls $4.75
*** TURN *** [3d 2c Ac] [7d]
kekoccc: checks 
SeaHawksOnAir: bets $6.89
kekoccc: calls $6.89
*** RIVER *** [3d 2c Ac 7d] [4c]
kekoccc: checks 
SeaHawksOnAir: checks 
*** SHOW DOWN ***
kekoccc: shows [7c Jc] (a flush, Ace high)
SeaHawksOnAir: mucks hand 
kekoccc collected $26.87 from pot
*** SUMMARY ***
Total pot $28.28 | Rake $1.41 
Board [3d 2c Ac 7d 4c]
Seat 1: KarP93
Seat 2: mattwut1 (button) folded before Flop (didn't bet)
Seat 3: dreimis190 (small blind) folded before Flop
Seat 4: kekoccc (big blind) showed [7c Jc] and won ($26.87) with a flush, Ace high
Seat 5: ImaPeppaPig folded before Flop (didn't bet)
Seat 6: SeaHawksOnAir mucked



PokerStars Hand #254387270851:  Hold'em No Limit ($0.50/$1.00 USD) - 2025/01/15 19:39:16 WET [2025/01/15 14:39:16 ET]
Table 'Gertrud III' 6-max Seat #3 is the button
Seat 1: KarP93 ($100 in chips) is sitting out
Seat 2: mattwut1 ($170.57 in chips) 
Seat 3: dreimis190 ($103.16 in chips) 
Seat 4: kekoccc ($113.23 in chips) 
Seat 5: ImaPeppaPig ($100 in chips) 
Seat 6: SeaHawksOnAir ($13.77 in chips) 
kekoccc: posts small blind $0.50
ImaPeppaPig: posts big blind $1
KarP93: sits out 
*** HOLE CARDS ***
SeaHawksOnAir: folds 
mattwut1: folds 
dreimis190: folds 
kekoccc: raises $2 to $3
ImaPeppaPig: calls $2
*** FLOP *** [5c 4c Th]
kekoccc: checks 
ImaPeppaPig: bets $3
kekoccc: folds 
Uncalled bet ($3) returned to ImaPeppaPig
ImaPeppaPig collected $5.70 from pot
ImaPeppaPig: doesn't show hand 
*** SUMMARY ***
Total pot $6 | Rake $0.30 
Board [5c 4c Th]
Seat 1: KarP93
Seat 2: mattwut1 folded before Flop (didn't bet)
Seat 3: dreimis190 (button) folded before Flop (didn't bet)
Seat 4: kekoccc (small blind) folded on the Flop
Seat 5: ImaPeppaPig (big blind) collected ($5.70)
Seat 6: SeaHawksOnAir folded before Flop (didn't bet)



PokerStars Hand #254387282357:  Hold'em No Limit ($0.50/$1.00 USD) - 2025/01/15 19:39:55 WET [2025/01/15 14:39:55 ET]
Table 'Gertrud III' 6-max Seat #4 is the button
Seat 1: KarP93 ($100 in chips) is sitting out
Seat 2: mattwut1 ($170.57 in chips) 
Seat 3: dreimis190 ($103.16 in chips) 
Seat 4: kekoccc ($110.23 in chips) 
Seat 5: ImaPeppaPig ($102.70 in chips) 
Seat 6: SeaHawksOnAir ($13.77 in chips) 
ImaPeppaPig: posts small blind $0.50
SeaHawksOnAir: posts big blind $1
KarP93: sits out 
*** HOLE CARDS ***
mattwut1: raises $1.20 to $2.20
dreimis190: folds 
kekoccc: folds 
ImaPeppaPig: folds 
SeaHawksOnAir: folds 
Uncalled bet ($1.20) returned to mattwut1
mattwut1 collected $2.50 from pot
mattwut1: doesn't show hand 
*** SUMMARY ***
Total pot $2.50 | Rake $0 
Seat 1: KarP93
Seat 2: mattwut1 collected ($2.50)
Seat 3: dreimis190 folded before Flop (didn't bet)
Seat 4: kekoccc (button) folded before Flop (didn't bet)
Seat 5: ImaPeppaPig (small blind) folded before Flop
Seat 6: SeaHawksOnAir (big blind) folded before Flop



PokerStars Hand #254387286243:  Hold'em No Limit ($0.50/$1.00 USD) - 2025/01/15 19:40:08 WET [2025/01/15 14:40:08 ET]
Table 'Gertrud III' 6-max Seat #5 is the button
Seat 1: KarP93 ($100 in chips) 
Seat 2: mattwut1 ($172.07 in chips) 
Seat 3: dreimis190 ($103.16 in chips) 
Seat 4: kekoccc ($110.23 in chips) 
Seat 5: ImaPeppaPig ($102.20 in chips) 
Seat 6: SeaHawksOnAir ($12.77 in chips) 
SeaHawksOnAir: posts small blind $0.50
KarP93: posts big blind $1
*** HOLE CARDS ***
mattwut1: folds 
dreimis190: folds 
kekoccc: raises $1.50 to $2.50
ImaPeppaPig: folds 
SeaHawksOnAir: raises $10.27 to $12.77 and is all-in
KarP93: folds 
kekoccc: calls $10.27
*** FLOP *** [Ts 5c As]
*** TURN *** [Ts 5c As] [4h]
*** RIVER *** [Ts 5c As 4h] [Td]
*** SHOW DOWN ***
SeaHawksOnAir: shows [Ad Kd] (two pair, Aces and Tens)
kekoccc: shows [Ac Qd] (two pair, Aces and Tens - lower kicker)
SeaHawksOnAir collected $25.21 from pot
*** SUMMARY ***
Total pot $26.54 | Rake $1.33 
Board [Ts 5c As 4h Td]
Seat 1: KarP93 (big blind) folded before Flop
Seat 2: mattwut1 folded before Flop (didn't bet)
Seat 3: dreimis190 folded before Flop (didn't bet)
Seat 4: kekoccc showed [Ac Qd] and lost with two pair, Aces and Tens
Seat 5: ImaPeppaPig (button) folded before Flop (didn't bet)
Seat 6: SeaHawksOnAir (small blind) showed [Ad Kd] and won ($25.21) with two pair, Aces and Tens



PokerStars Hand #254387294675:  Hold'em No Limit ($0.50/$1.00 USD) - 2025/01/15 19:40:37 WET [2025/01/15 14:40:37 ET]
Table 'Gertrud III' 6-max Seat #6 is the button
Seat 1: KarP93 ($100 in chips) 
Seat 2: mattwut1 ($172.07 in chips) 
Seat 3: dreimis190 ($103.16 in chips) 
Seat 4: kekoccc ($100 in chips) 
Seat 5: ImaPeppaPig ($102.20 in chips) 
Seat 6: SeaHawksOnAir ($25.21 in chips) 
KarP93: posts small blind $0.50
mattwut1: posts big blind $1
*** HOLE CARDS ***
dreimis190: folds 
kekoccc: folds 
ImaPeppaPig: folds 
SeaHawksOnAir: folds 
KarP93: folds 
Uncalled bet ($0.50) returned to mattwut1
mattwut1 collected $1 from pot
mattwut1: doesn't show hand 
*** SUMMARY ***
Total pot $1 | Rake $0 
Seat 1: KarP93 (small blind) folded before Flop
Seat 2: mattwut1 (big blind) collected ($1)
Seat 3: dreimis190 folded before Flop (didn't bet)
Seat 4: kekoccc folded before Flop (didn't bet)
Seat 5: ImaPeppaPig folded before Flop (didn't bet)
Seat 6: SeaHawksOnAir (button) folded before Flop (didn't bet)



PokerStars Hand #254387298681:  Hold'em No Limit ($0.50/$1.00 USD) - 2025/01/15 19:40:50 WET [2025/01/15 14:40:50 ET]
Table 'Gertrud III' 6-max Seat #1 is the button
Seat 3: dreimis190 ($103.16 in chips) is sitting out
Seat 4: kekoccc ($100 in chips) is sitting out
Seat 1: KarP93 ($100 in chips) 
Seat 2: mattwut1 ($172.57 in chips) 
Seat 5: ImaPeppaPig ($102.20 in chips) 
Seat 6: SeaHawksOnAir ($25.21 in chips) 
mattwut1: posts small blind $0.50
kekoccc: is sitting out 
ImaPeppaPig: posts big blind $1
*** HOLE CARDS ***
SeaHawksOnAir: folds 
kekoccc leaves the table
KarP93: folds 
mattwut1: raises $1.50 to $2.50
ImaPeppaPig: calls $1.50
*** FLOP *** [Qs 9s Ad]
ptolejmus joins the table at seat #4 
mattwut1: checks 
ImaPeppaPig: checks 
*** TURN *** [Qs 9s Ad] [8s]
mattwut1: checks 
ImaPeppaPig: checks 
*** RIVER *** [Qs 9s Ad 8s] [7h]
mattwut1: checks 
ImaPeppaPig: bets $3.61
mattwut1: calls $3.61
*** SHOW DOWN ***
ImaPeppaPig: shows [7s 8h] (two pair, Eights and Sevens)
mattwut1: mucks hand 
ImaPeppaPig collected $11.61 from pot
*** SUMMARY ***
Total pot $12.22 | Rake $0.61 
Board [Qs 9s Ad 8s 7h]
Seat 3: dreimis190
Seat 4: kekoccc
Seat 1: KarP93 (button) folded before Flop (didn't bet)
Seat 2: mattwut1 (small blind) mucked
Seat 5: ImaPeppaPig (big blind) showed [7s 8h] and won ($11.61) with two pair, Eights and Sevens
Seat 6: SeaHawksOnAir folded before Flop (didn't bet)



PokerStars Hand #254387318945:  Hold'em No Limit ($0.50/$1.00 USD) - 2025/01/15 19:42:00 WET [2025/01/15 14:42:00 ET]
Table 'Gertrud III' 6-max Seat #2 is the button
Seat 3: dreimis190 ($103.16 in chips) is sitting out
Seat 4: ptolejmus ($16.48 in chips) is sitting out
Seat 1: KarP93 ($100 in chips) 
Seat 2: mattwut1 ($166.46 in chips) 
Seat 5: ImaPeppaPig ($107.70 in chips) 
Seat 6: SeaHawksOnAir ($25.21 in chips) 
ImaPeppaPig: posts small blind $0.50
SeaHawksOnAir: posts big blind $1
*** HOLE CARDS ***
KarP93: folds 
mattwut1: folds 
ImaPeppaPig: raises $2 to $3
SeaHawksOnAir: folds 
Uncalled bet ($2) returned to ImaPeppaPig
ImaPeppaPig collected $2 from pot
ImaPeppaPig: doesn't show hand 
*** SUMMARY ***
Total pot $2 | Rake $0 
Seat 3: dreimis190
Seat 4: ptolejmus
Seat 1: KarP93 folded before Flop (didn't bet)
Seat 2: mattwut1 (button) folded before Flop (didn't bet)
Seat 5: ImaPeppaPig (small blind) collected ($2)
Seat 6: SeaHawksOnAir (big blind) folded before Flop



PokerStars Hand #254387323466:  Hold'em No Limit ($0.50/$1.00 USD) - 2025/01/15 19:42:16 WET [2025/01/15 14:42:16 ET]
Table 'Gertrud III' 6-max Seat #5 is the button
Seat 3: dreimis190 ($103.16 in chips) is sitting out
Seat 4: ptolejmus ($16.48 in chips) is sitting out
Seat 1: KarP93 ($100 in chips) 
Seat 2: mattwut1 ($166.46 in chips) 
Seat 5: ImaPeppaPig ($108.70 in chips) 
Seat 6: SeaHawksOnAir ($24.21 in chips) 
SeaHawksOnAir: posts small blind $0.50
KarP93: posts big blind $1
ptolejmus: sits out 
*** HOLE CARDS ***
mattwut1: folds 
ImaPeppaPig: raises $1.50 to $2.50
SeaHawksOnAir: calls $2
KarP93: calls $1.50
*** FLOP *** [8h Jd 5d]
SeaHawksOnAir: checks 
KarP93: checks 
ImaPeppaPig: checks 
*** TURN *** [8h Jd 5d] [7s]
SeaHawksOnAir: checks 
KarP93: bets $5.34
ImaPeppaPig: calls $5.34
SeaHawksOnAir: folds 
*** RIVER *** [8h Jd 5d 7s] [4d]
KarP93: bets $24
ImaPeppaPig: folds 
Uncalled bet ($24) returned to KarP93
KarP93 collected $17.27 from pot
KarP93: doesn't show hand 
*** SUMMARY ***
Total pot $18.18 | Rake $0.91 
Board [8h Jd 5d 7s 4d]
Seat 3: dreimis190
Seat 4: ptolejmus
Seat 1: KarP93 (big blind) collected ($17.27)
Seat 2: mattwut1 folded before Flop (didn't bet)
Seat 5: ImaPeppaPig (button) folded on the River
Seat 6: SeaHawksOnAir (small blind) folded on the Turn



PokerStars Hand #254387346609:  Hold'em No Limit ($0.50/$1.00 USD) - 2025/01/15 19:43:34 WET [2025/01/15 14:43:34 ET]
Table 'Gertrud III' 6-max Seat #6 is the button
Seat 3: dreimis190 ($103.16 in chips) is sitting out
Seat 4: ptolejmus ($16.48 in chips) is sitting out
Seat 1: KarP93 ($109.43 in chips) 
Seat 2: mattwut1 ($166.46 in chips) 
Seat 5: ImaPeppaPig ($100.86 in chips) 
Seat 6: SeaHawksOnAir ($21.71 in chips) 
KarP93: posts small blind $0.50
mattwut1: posts big blind $1
ptolejmus: sits out 
*** HOLE CARDS ***
ImaPeppaPig: folds 
SeaHawksOnAir: folds 
KarP93: folds 
Uncalled bet ($0.50) returned to mattwut1
mattwut1 collected $1 from pot
mattwut1: doesn't show hand 
*** SUMMARY ***
Total pot $1 | Rake $0 
Seat 3: dreimis190
Seat 4: ptolejmus
Seat 1: KarP93 (small blind) folded before Flop
Seat 2: mattwut1 (big blind) collected ($1)
Seat 5: ImaPeppaPig folded before Flop (didn't bet)
Seat 6: SeaHawksOnAir (button) folded before Flop (didn't bet)



PokerStars Hand #254387387465:  Hold'em No Limit ($0.50/$1.00 USD) - 2025/01/15 19:45:53 WET [2025/01/15 14:45:53 ET]
Table 'Gertrud III' 6-max Seat #5 is the button
Seat 3: dreimis190 ($103.16 in chips) is sitting out
Seat 1: KarP93 ($108.93 in chips) 
Seat 2: mattwut1 ($145.03 in chips) 
Seat 4: ptolejmus ($16.48 in chips) 
Seat 5: ImaPeppaPig ($121.07 in chips) 
Seat 6: SeaHawksOnAir ($21.21 in chips) 
SeaHawksOnAir: posts small blind $0.50
KarP93: posts big blind $1
dreimis190: sits out 
*** HOLE CARDS ***
mattwut1: raises $1.20 to $2.20
ptolejmus: folds 
ImaPeppaPig: folds 
SeaHawksOnAir: calls $1.70
KarP93: folds 
*** FLOP *** [5h Js Th]
SeaHawksOnAir: bets $5.13
mattwut1: folds 
Uncalled bet ($5.13) returned to SeaHawksOnAir
SeaHawksOnAir collected $5.13 from pot
*** SUMMARY ***
Total pot $5.40 | Rake $0.27 
Board [5h Js Th]
Seat 3: dreimis190
Seat 1: KarP93 (big blind) folded before Flop
Seat 2: mattwut1 folded on the Flop
Seat 4: ptolejmus folded before Flop (didn't bet)
Seat 5: ImaPeppaPig (button) folded before Flop (didn't bet)
Seat 6: SeaHawksOnAir (small blind) collected ($5.13)



PokerStars Hand #254387393945:  Hold'em No Limit ($0.50/$1.00 USD) - 2025/01/15 19:46:15 WET [2025/01/15 14:46:15 ET]
Table 'Gertrud III' 6-max Seat #6 is the button
Seat 3: dreimis190 ($103.16 in chips) is sitting out
Seat 1: KarP93 ($107.93 in chips) 
Seat 2: mattwut1 ($142.83 in chips) 
Seat 4: ptolejmus ($16.48 in chips) 
Seat 5: ImaPeppaPig ($121.07 in chips) 
Seat 6: SeaHawksOnAir ($24.14 in chips) 
KarP93: posts small blind $0.50
mattwut1: posts big blind $1
dreimis190: sits out 
*** HOLE CARDS ***
ptolejmus: folds 
ImaPeppaPig: folds 
SeaHawksOnAir: folds 
KarP93: raises $2 to $3
mattwut1: folds 
Uncalled bet ($2) returned to KarP93
KarP93 collected $2 from pot
KarP93: doesn't show hand 
*** SUMMARY ***
Total pot $2 | Rake $0 
Seat 3: dreimis190
Seat 1: KarP93 (small blind) collected ($2)
Seat 2: mattwut1 (big blind) folded before Flop
Seat 4: ptolejmus folded before Flop (didn't bet)
Seat 5: ImaPeppaPig folded before Flop (didn't bet)
Seat 6: SeaHawksOnAir (button) folded before Flop (didn't bet)



PokerStars Hand #254387399577:  Hold'em No Limit ($0.50/$1.00 USD) - 2025/01/15 19:46:34 WET [2025/01/15 14:46:34 ET]
Table 'Gertrud III' 6-max Seat #1 is the button
Seat 1: KarP93 ($108.93 in chips) 
Seat 2: mattwut1 ($141.83 in chips) 
Seat 3: dreimis190 ($103.16 in chips) 
Seat 4: ptolejmus ($16.48 in chips) 
Seat 5: ImaPeppaPig ($121.07 in chips) 
Seat 6: SeaHawksOnAir ($24.14 in chips) 
mattwut1: posts small blind $0.50
dreimis190: posts big blind $1
*** HOLE CARDS ***
ptolejmus: folds 
ImaPeppaPig: folds 
SeaHawksOnAir: folds 
KarP93: folds 
mattwut1: raises $1.50 to $2.50
dreimis190: raises $6 to $8.50
mattwut1: folds 
Uncalled bet ($6) returned to dreimis190
dreimis190 collected $5 from pot
dreimis190: doesn't show hand 
*** SUMMARY ***
Total pot $5 | Rake $0 
Seat 1: KarP93 (button) folded before Flop (didn't bet)
Seat 2: mattwut1 (small blind) folded before Flop
Seat 3: dreimis190 (big blind) collected ($5)
Seat 4: ptolejmus folded before Flop (didn't bet)
Seat 5: ImaPeppaPig folded before Flop (didn't bet)
Seat 6: SeaHawksOnAir folded before Flop (didn't bet)



PokerStars Hand #254387407034:  Hold'em No Limit ($0.50/$1.00 USD) - 2025/01/15 19:47:00 WET [2025/01/15 14:47:00 ET]
Table 'Gertrud III' 6-max Seat #2 is the button
Seat 1: KarP93 ($108.93 in chips) 
Seat 2: mattwut1 ($139.33 in chips) 
Seat 3: dreimis190 ($105.66 in chips) 
Seat 4: ptolejmus ($16.48 in chips) 
Seat 5: ImaPeppaPig ($121.07 in chips) 
Seat 6: SeaHawksOnAir ($24.14 in chips) 
dreimis190: posts small blind $0.50
ptolejmus: posts big blind $1
*** HOLE CARDS ***
ImaPeppaPig: raises $1.50 to $2.50
SeaHawksOnAir: folds 
KarP93: folds 
mattwut1: calls $2.50
dreimis190: folds 
ptolejmus: folds 
*** FLOP *** [3c Qs 9d]
ImaPeppaPig: checks 
mattwut1: bets $2.04
ImaPeppaPig: calls $2.04
*** TURN *** [3c Qs 9d] [8s]
ImaPeppaPig: checks 
mattwut1: bets $6.63
ImaPeppaPig: folds 
Uncalled bet ($6.63) returned to mattwut1
mattwut1 collected $10.05 from pot
mattwut1: doesn't show hand 
*** SUMMARY ***
Total pot $10.58 | Rake $0.53 
Board [3c Qs 9d 8s]
Seat 1: KarP93 folded before Flop (didn't bet)
Seat 2: mattwut1 (button) collected ($10.05)
Seat 3: dreimis190 (small blind) folded before Flop
Seat 4: ptolejmus (big blind) folded before Flop
Seat 5: ImaPeppaPig folded on the Turn
Seat 6: SeaHawksOnAir folded before Flop (didn't bet)



PokerStars Hand #254387419852:  Hold'em No Limit ($0.50/$1.00 USD) - 2025/01/15 19:47:44 WET [2025/01/15 14:47:44 ET]
Table 'Gertrud III' 6-max Seat #3 is the button
Seat 1: KarP93 ($108.93 in chips) 
Seat 2: mattwut1 ($144.84 in chips) 
Seat 3: dreimis190 ($105.16 in chips) 
Seat 4: ptolejmus ($16.48 in chips) 
Seat 5: ImaPeppaPig ($116.53 in chips) 
Seat 6: SeaHawksOnAir ($24.14 in chips) 
ptolejmus: posts small blind $0.50
ImaPeppaPig: posts big blind $1
*** HOLE CARDS ***
SeaHawksOnAir: raises $1 to $2
KarP93: folds 
mattwut1: folds 
dreimis190: folds 
ptolejmus: folds 
ImaPeppaPig: folds 
Uncalled bet ($1) returned to SeaHawksOnAir
SeaHawksOnAir collected $2.50 from pot
*** SUMMARY ***
Total pot $2.50 | Rake $0 
Seat 1: KarP93 folded before Flop (didn't bet)
Seat 2: mattwut1 folded before Flop (didn't bet)
Seat 3: dreimis190 (button) folded before Flop (didn't bet)
Seat 4: ptolejmus (small blind) folded before Flop
Seat 5: ImaPeppaPig (big blind) folded before Flop
Seat 6: SeaHawksOnAir collected ($2.50)



PokerStars Hand #254387425510:  Hold'em No Limit ($0.50/$1.00 USD) - 2025/01/15 19:48:03 WET [2025/01/15 14:48:03 ET]
Table 'Gertrud III' 6-max Seat #4 is the button
Seat 1: KarP93 ($108.93 in chips) 
Seat 2: mattwut1 ($144.84 in chips) 
Seat 3: dreimis190 ($105.16 in chips) 
Seat 4: ptolejmus ($16.48 in chips) 
Seat 5: ImaPeppaPig ($115.53 in chips) 
Seat 6: SeaHawksOnAir ($25.64 in chips) 
ImaPeppaPig: posts small blind $0.50
SeaHawksOnAir: posts big blind $1
*** HOLE CARDS ***
KarP93: folds 
mattwut1: folds 
dreimis190: raises $1.50 to $2.50
ptolejmus: raises $13.98 to $16.48 and is all-in
ImaPeppaPig: folds 
SeaHawksOnAir: folds 
dreimis190: folds 
Uncalled bet ($13.98) returned to ptolejmus
ptolejmus collected $6.50 from pot
*** SUMMARY ***
Total pot $6.50 | Rake $0 
Seat 1: KarP93 folded before Flop (didn't bet)
Seat 2: mattwut1 folded before Flop (didn't bet)
Seat 3: dreimis190 folded before Flop
Seat 4: ptolejmus (button) collected ($6.50)
Seat 5: ImaPeppaPig (small blind) folded before Flop
Seat 6: SeaHawksOnAir (big blind) folded before Flop



PokerStars Hand #254387435560:  Hold'em No Limit ($0.50/$1.00 USD) - 2025/01/15 19:48:37 WET [2025/01/15 14:48:37 ET]
Table 'Gertrud III' 6-max Seat #5 is the button
Seat 1: KarP93 ($108.93 in chips) 
Seat 2: mattwut1 ($144.84 in chips) 
Seat 3: dreimis190 ($102.66 in chips) 
Seat 4: ptolejmus ($20.48 in chips) 
Seat 5: ImaPeppaPig ($115.03 in chips) 
Seat 6: SeaHawksOnAir ($24.64 in chips) 
SeaHawksOnAir: posts small blind $0.50
KarP93: posts big blind $1
*** HOLE CARDS ***
mattwut1: folds 
dreimis190: folds 
ptolejmus: folds 
ImaPeppaPig: raises $1.50 to $2.50
SeaHawksOnAir: calls $2
KarP93: folds 
*** FLOP *** [4d 6c 4s]
SeaHawksOnAir: bets $1
ImaPeppaPig: calls $1
*** TURN *** [4d 6c 4s] [8c]
SeaHawksOnAir: bets $1
ImaPeppaPig: calls $1
*** RIVER *** [4d 6c 4s 8c] [Jd]
SeaHawksOnAir: bets $1
ImaPeppaPig: calls $1
*** SHOW DOWN ***
SeaHawksOnAir: shows [Ad Qs] (a pair of Fours)
ImaPeppaPig: mucks hand 
SeaHawksOnAir collected $11.40 from pot
*** SUMMARY ***
Total pot $12 | Rake $0.60 
Board [4d 6c 4s 8c Jd]
Seat 1: KarP93 (big blind) folded before Flop
Seat 2: mattwut1 folded before Flop (didn't bet)
Seat 3: dreimis190 folded before Flop (didn't bet)
Seat 4: ptolejmus folded before Flop (didn't bet)
Seat 5: ImaPeppaPig (button) mucked
Seat 6: SeaHawksOnAir (small blind) showed [Ad Qs] and won ($11.40) with a pair of Fours



PokerStars Hand #254387445429:  Hold'em No Limit ($0.50/$1.00 USD) - 2025/01/15 19:49:12 WET [2025/01/15 14:49:12 ET]
Table 'Gertrud III' 6-max Seat #6 is the button
Seat 1: KarP93 ($107.93 in chips) 
Seat 2: mattwut1 ($144.84 in chips) 
Seat 3: dreimis190 ($102.66 in chips) 
Seat 4: ptolejmus ($20.48 in chips) 
Seat 5: ImaPeppaPig ($109.53 in chips) 
Seat 6: SeaHawksOnAir ($30.54 in chips) 
KarP93: posts small blind $0.50
mattwut1: posts big blind $1
*** HOLE CARDS ***
dreimis190: folds 
ptolejmus: raises $1 to $2
ImaPeppaPig: folds 
SeaHawksOnAir: folds 
KarP93: folds 
mattwut1: folds 
Uncalled bet ($1) returned to ptolejmus
ptolejmus collected $2.50 from pot
*** SUMMARY ***
Total pot $2.50 | Rake $0 
Seat 1: KarP93 (small blind) folded before Flop
Seat 2: mattwut1 (big blind) folded before Flop
Seat 3: dreimis190 folded before Flop (didn't bet)
Seat 4: ptolejmus collected ($2.50)
Seat 5: ImaPeppaPig folded before Flop (didn't bet)
Seat 6: SeaHawksOnAir (button) folded before Flop (didn't bet)



PokerStars Hand #254387450165:  Hold'em No Limit ($0.50/$1.00 USD) - 2025/01/15 19:49:28 WET [2025/01/15 14:49:28 ET]
Table 'Gertrud III' 6-max Seat #1 is the button
Seat 3: dreimis190 ($102.66 in chips) is sitting out
Seat 1: KarP93 ($107.43 in chips) 
Seat 2: mattwut1 ($143.84 in chips) 
Seat 4: ptolejmus ($21.98 in chips) 
Seat 5: ImaPeppaPig ($109.53 in chips) 
Seat 6: SeaHawksOnAir ($30.54 in chips) 
mattwut1: posts small blind $0.50
dreimis190: is sitting out 
ptolejmus: posts big blind $1
*** HOLE CARDS ***
dreimis190 leaves the table
ImaPeppaPig: raises $1.50 to $2.50
SeaHawksOnAir: calls $2.50
KarP93: folds 
mattwut1: folds 
XneferX joins the table at seat #3 
ptolejmus: folds 
*** FLOP *** [Tc 3d Qh]
ImaPeppaPig: checks 
SeaHawksOnAir: bets $1
ImaPeppaPig: folds 
Uncalled bet ($1) returned to SeaHawksOnAir
SeaHawksOnAir collected $6.18 from pot
*** SUMMARY ***
Total pot $6.50 | Rake $0.32 
Board [Tc 3d Qh]
Seat 3: dreimis190
Seat 1: KarP93 (button) folded before Flop (didn't bet)
Seat 2: mattwut1 (small blind) folded before Flop
Seat 4: ptolejmus (big blind) folded before Flop
Seat 5: ImaPeppaPig folded on the Flop
Seat 6: SeaHawksOnAir collected ($6.18)



PokerStars Hand #254387461035:  Hold'em No Limit ($0.50/$1.00 USD) - 2025/01/15 19:50:05 WET [2025/01/15 14:50:05 ET]
Table 'Gertrud III' 6-max Seat #2 is the button
Seat 3: XneferX ($100 in chips) is sitting out
Seat 1: KarP93 ($107.43 in chips) 
Seat 2: mattwut1 ($143.34 in chips) 
Seat 4: ptolejmus ($20.98 in chips) 
Seat 5: ImaPeppaPig ($107.03 in chips) 
Seat 6: SeaHawksOnAir ($34.22 in chips) 
ptolejmus: posts small blind $0.50
ImaPeppaPig: posts big blind $1
*** HOLE CARDS ***
SeaHawksOnAir: calls $1
KarP93: folds 
mattwut1: raises $2.10 to $3.10
ptolejmus: folds 
ImaPeppaPig: folds 
SeaHawksOnAir: calls $2.10
*** FLOP *** [8h 9d 3h]
SeaHawksOnAir: bets $1
mattwut1: calls $1
*** TURN *** [8h 9d 3h] [Qc]
SeaHawksOnAir: bets $2
mattwut1: folds 
Uncalled bet ($2) returned to SeaHawksOnAir
SeaHawksOnAir collected $9.22 from pot
*** SUMMARY ***
Total pot $9.70 | Rake $0.48 
Board [8h 9d 3h Qc]
Seat 3: XneferX
Seat 1: KarP93 folded before Flop (didn't bet)
Seat 2: mattwut1 (button) folded on the Turn
Seat 4: ptolejmus (small blind) folded before Flop
Seat 5: ImaPeppaPig (big blind) folded before Flop
Seat 6: SeaHawksOnAir collected ($9.22)



PokerStars Hand #254387472815:  Hold'em No Limit ($0.50/$1.00 USD) - 2025/01/15 19:50:46 WET [2025/01/15 14:50:46 ET]
Table 'Gertrud III' 6-max Seat #4 is the button
Seat 3: XneferX ($100 in chips) is sitting out
Seat 1: KarP93 ($107.43 in chips) 
Seat 2: mattwut1 ($139.24 in chips) 
Seat 4: ptolejmus ($20.48 in chips) 
Seat 5: ImaPeppaPig ($106.03 in chips) 
Seat 6: SeaHawksOnAir ($39.34 in chips) 
ImaPeppaPig: posts small blind $0.50
SeaHawksOnAir: posts big blind $1
XneferX: sits out 
*** HOLE CARDS ***
KarP93: folds 
mattwut1: folds 
ptolejmus: folds 
ImaPeppaPig: folds 
Uncalled bet ($0.50) returned to SeaHawksOnAir
SeaHawksOnAir collected $1 from pot
*** SUMMARY ***
Total pot $1 | Rake $0 
Seat 3: XneferX
Seat 1: KarP93 folded before Flop (didn't bet)
Seat 2: mattwut1 folded before Flop (didn't bet)
Seat 4: ptolejmus (button) folded before Flop (didn't bet)
Seat 5: ImaPeppaPig (small blind) folded before Flop
Seat 6: SeaHawksOnAir (big blind) collected ($1)



PokerStars Hand #254387477995:  Hold'em No Limit ($0.50/$1.00 USD) - 2025/01/15 19:51:03 WET [2025/01/15 14:51:03 ET]
Table 'Gertrud III' 6-max Seat #5 is the button
Seat 3: XneferX ($100 in chips) is sitting out
Seat 1: KarP93 ($107.43 in chips) 
Seat 2: mattwut1 ($139.24 in chips) 
Seat 4: ptolejmus ($20.48 in chips) 
Seat 5: ImaPeppaPig ($105.53 in chips) 
Seat 6: SeaHawksOnAir ($39.84 in chips) 
SeaHawksOnAir: posts small blind $0.50
KarP93: posts big blind $1
XneferX: sits out 
*** HOLE CARDS ***
mattwut1: folds 
ptolejmus: raises $1 to $2
ImaPeppaPig: folds 
SeaHawksOnAir: calls $1.50
KarP93: calls $1
*** FLOP *** [Qd 8d 5c]
SeaHawksOnAir: checks 
KarP93: checks 
ptolejmus: bets $2.91
SeaHawksOnAir: folds 
KarP93: calls $2.91
*** TURN *** [Qd 8d 5c] [7h]
KarP93: checks 
ptolejmus: bets $15.57 and is all-in
KarP93: folds 
Uncalled bet ($15.57) returned to ptolejmus
ptolejmus collected $11.23 from pot
*** SUMMARY ***
Total pot $11.82 | Rake $0.59 
Board [Qd 8d 5c 7h]
Seat 3: XneferX
Seat 1: KarP93 (big blind) folded on the Turn
Seat 2: mattwut1 folded before Flop (didn't bet)
Seat 4: ptolejmus collected ($11.23)
Seat 5: ImaPeppaPig (button) folded before Flop (didn't bet)
Seat 6: SeaHawksOnAir (small blind) folded on the Flop



PokerStars Hand #254387510123:  Hold'em No Limit ($0.50/$1.00 USD) - 2025/01/15 19:52:54 WET [2025/01/15 14:52:54 ET]
Table 'Gertrud III' 6-max Seat #6 is the button
Seat 3: XneferX ($100 in chips) is sitting out
Seat 1: KarP93 ($102.52 in chips) 
Seat 2: mattwut1 ($139.24 in chips) 
Seat 4: ptolejmus ($26.80 in chips) 
Seat 5: ImaPeppaPig ($105.53 in chips) 
Seat 6: SeaHawksOnAir ($37.84 in chips) 
KarP93: posts small blind $0.50
mattwut1: posts big blind $1
XneferX: sits out 
*** HOLE CARDS ***
ptolejmus: folds 
ImaPeppaPig: folds 
SeaHawksOnAir: calls $1
KarP93: folds 
mattwut1: checks 
*** FLOP *** [Jc Js 2d]
mattwut1: checks 
SeaHawksOnAir: bets $2
mattwut1: folds 
Uncalled bet ($2) returned to SeaHawksOnAir
SeaHawksOnAir collected $2.38 from pot
*** SUMMARY ***
Total pot $2.50 | Rake $0.12 
Board [Jc Js 2d]
Seat 3: XneferX
Seat 1: KarP93 (small blind) folded before Flop
Seat 2: mattwut1 (big blind) folded on the Flop
Seat 4: ptolejmus folded before Flop (didn't bet)
Seat 5: ImaPeppaPig folded before Flop (didn't bet)
Seat 6: SeaHawksOnAir (button) collected ($2.38)



PokerStars Hand #254387522226:  Hold'em No Limit ($0.50/$1.00 USD) - 2025/01/15 19:53:36 WET [2025/01/15 14:53:36 ET]
Table 'Gertrud III' 6-max Seat #1 is the button
Seat 1: KarP93 ($102.02 in chips) 
Seat 2: mattwut1 ($138.24 in chips) 
Seat 3: XneferX ($100 in chips) 
Seat 4: ptolejmus ($26.80 in chips) 
Seat 5: ImaPeppaPig ($105.53 in chips) 
Seat 6: SeaHawksOnAir ($39.22 in chips) 
mattwut1: posts small blind $0.50
XneferX: posts big blind $1
*** HOLE CARDS ***
ptolejmus: folds 
ImaPeppaPig: folds 
SeaHawksOnAir: folds 
KarP93: raises $1.50 to $2.50
mattwut1: folds 
XneferX: raises $9.50 to $12
KarP93: calls $9.50
*** FLOP *** [5d Td 2c]
XneferX: checks 
KarP93: bets $7.68
XneferX: calls $7.68
*** TURN *** [5d Td 2c] [7c]
XneferX: checks 
KarP93: bets $12.50
XneferX: raises $67.82 to $80.32 and is all-in
KarP93: folds 
Uncalled bet ($67.82) returned to XneferX
XneferX collected $62.36 from pot
XneferX: doesn't show hand 
*** SUMMARY ***
Total pot $64.86 | Rake $2.50 
Board [5d Td 2c 7c]
Seat 1: KarP93 (button) folded on the Turn
Seat 2: mattwut1 (small blind) folded before Flop
Seat 3: XneferX (big blind) collected ($62.36)
Seat 4: ptolejmus folded before Flop (didn't bet)
Seat 5: ImaPeppaPig folded before Flop (didn't bet)
Seat 6: SeaHawksOnAir folded before Flop (didn't bet)



PokerStars Hand #254387558379:  Hold'em No Limit ($0.50/$1.00 USD) - 2025/01/15 19:55:50 WET [2025/01/15 14:55:50 ET]
Table 'Gertrud III' 6-max Seat #2 is the button
Seat 4: ptolejmus ($26.80 in chips) is sitting out
Seat 1: KarP93 ($100 in chips) 
Seat 2: mattwut1 ($137.74 in chips) 
Seat 3: XneferX ($130.18 in chips) 
Seat 5: ImaPeppaPig ($105.53 in chips) 
Seat 6: SeaHawksOnAir ($39.22 in chips) 
XneferX: posts small blind $0.50
ptolejmus: is sitting out 
ImaPeppaPig: posts big blind $1
*** HOLE CARDS ***
SeaHawksOnAir: folds 
KarP93: raises $1.50 to $2.50
mattwut1: folds 
ptolejmus leaves the table
XneferX: folds 
ImaPeppaPig: folds 
Uncalled bet ($1.50) returned to KarP93
KarP93 collected $2.50 from pot
KarP93: doesn't show hand 
*** SUMMARY ***
Total pot $2.50 | Rake $0 
Seat 4: ptolejmus
Seat 1: KarP93 collected ($2.50)
Seat 2: mattwut1 (button) folded before Flop (didn't bet)
Seat 3: XneferX (small blind) folded before Flop
Seat 5: ImaPeppaPig (big blind) folded before Flop
Seat 6: SeaHawksOnAir folded before Flop (didn't bet)



PokerStars Hand #254387563636:  Hold'em No Limit ($0.50/$1.00 USD) - 2025/01/15 19:56:15 WET [2025/01/15 14:56:15 ET]
Table 'Gertrud III' 6-max Seat #3 is the button
Seat 1: KarP93 ($101.50 in chips) 
Seat 2: mattwut1 ($137.74 in chips) 
Seat 3: XneferX ($129.68 in chips) 
Seat 5: ImaPeppaPig ($104.53 in chips) 
Seat 6: SeaHawksOnAir ($39.22 in chips) 
ImaPeppaPig: posts small blind $0.50
SeaHawksOnAir: posts big blind $1
*** HOLE CARDS ***
KarP93: folds 
mattwut1: raises $1.20 to $2.20
XneferX: folds 
ImaPeppaPig: folds 
SeaHawksOnAir: folds 
Uncalled bet ($1.20) returned to mattwut1
mattwut1 collected $2.50 from pot
mattwut1: doesn't show hand 
*** SUMMARY ***
Total pot $2.50 | Rake $0 
Seat 1: KarP93 folded before Flop (didn't bet)
Seat 2: mattwut1 collected ($2.50)
Seat 3: XneferX (button) folded before Flop (didn't bet)
Seat 5: ImaPeppaPig (small blind) folded before Flop
Seat 6: SeaHawksOnAir (big blind) folded before Flop



PokerStars Hand #254387566379:  Hold'em No Limit ($0.50/$1.00 USD) - 2025/01/15 19:56:28 WET [2025/01/15 14:56:28 ET]
Table 'Gertrud III' 6-max Seat #5 is the button
Seat 1: KarP93 ($101.50 in chips) 
Seat 2: mattwut1 ($139.24 in chips) 
Seat 3: XneferX ($129.68 in chips) 
Seat 5: ImaPeppaPig ($104.03 in chips) 
Seat 6: SeaHawksOnAir ($38.22 in chips) 
SeaHawksOnAir: posts small blind $0.50
KarP93: posts big blind $1
*** HOLE CARDS ***
mattwut1: folds 
XneferX: folds 
ImaPeppaPig: raises $1.50 to $2.50
SeaHawksOnAir: folds 
KarP93: folds 
Uncalled bet ($1.50) returned to ImaPeppaPig
ImaPeppaPig collected $2.50 from pot
ImaPeppaPig: doesn't show hand 
*** SUMMARY ***
Total pot $2.50 | Rake $0 
Seat 1: KarP93 (big blind) folded before Flop
Seat 2: mattwut1 folded before Flop (didn't bet)
Seat 3: XneferX folded before Flop (didn't bet)
Seat 5: ImaPeppaPig (button) collected ($2.50)
Seat 6: SeaHawksOnAir (small blind) folded before Flop



PokerStars Hand #254387568938:  Hold'em No Limit ($0.50/$1.00 USD) - 2025/01/15 19:56:40 WET [2025/01/15 14:56:40 ET]
Table 'Gertrud III' 6-max Seat #6 is the button
Seat 2: mattwut1 ($139.24 in chips) is sitting out
Seat 1: KarP93 ($100.50 in chips) 
Seat 3: XneferX ($129.68 in chips) 
Seat 5: ImaPeppaPig ($105.53 in chips) 
Seat 6: SeaHawksOnAir ($37.72 in chips) 
KarP93: posts small blind $0.50
mattwut1: is sitting out 
XneferX: posts big blind $1
*** HOLE CARDS ***
ImaPeppaPig: folds 
SeaHawksOnAir: calls $1
KarP93: calls $0.50
XneferX: checks 
*** FLOP *** [4d Ks Qh]
KarP93: checks 
MaikonAll joins the table at seat #4 
XneferX: checks 
SeaHawksOnAir: bets $2.85
KarP93: raises $8.55 to $11.40
XneferX: folds 
SeaHawksOnAir: raises $25.32 to $36.72 and is all-in
KarP93: calls $25.32
*** TURN *** [4d Ks Qh] [Ac]
*** RIVER *** [4d Ks Qh Ac] [Jc]
*** SHOW DOWN ***
KarP93: shows [Qs 4s] (two pair, Queens and Fours)
SeaHawksOnAir: shows [Qd Kh] (two pair, Kings and Queens)
SeaHawksOnAir collected $75.44 from pot
*** SUMMARY ***
Total pot $76.44 | Rake $1 
Board [4d Ks Qh Ac Jc]
Seat 2: mattwut1
Seat 1: KarP93 (small blind) showed [Qs 4s] and lost with two pair, Queens and Fours
Seat 3: XneferX (big blind) folded on the Flop
Seat 5: ImaPeppaPig folded before Flop (didn't bet)
Seat 6: SeaHawksOnAir (button) showed [Qd Kh] and won ($75.44) with two pair, Kings and Queens



PokerStars Hand #254387585156:  Hold'em No Limit ($0.50/$1.00 USD) - 2025/01/15 19:57:55 WET [2025/01/15 14:57:55 ET]
Table 'Gertrud III' 6-max Seat #1 is the button
Seat 2: mattwut1 ($139.24 in chips) is sitting out
Seat 1: KarP93 ($100 in chips) 
Seat 3: XneferX ($128.68 in chips) 
Seat 4: MaikonAll ($100 in chips) 
Seat 5: ImaPeppaPig ($105.53 in chips) 
Seat 6: SeaHawksOnAir ($75.44 in chips) 
XneferX: posts small blind $0.50
MaikonAll: posts big blind $1
*** HOLE CARDS ***
ImaPeppaPig: folds 
SeaHawksOnAir: folds 
KarP93: folds 
SeaHawksOnAir leaves the table
XneferX: folds 
Uncalled bet ($0.50) returned to MaikonAll
MaikonAll collected $1 from pot
MaikonAll: doesn't show hand 
*** SUMMARY ***
Total pot $1 | Rake $0 
Seat 2: mattwut1
Seat 1: KarP93 (button) folded before Flop (didn't bet)
Seat 3: XneferX (small blind) folded before Flop
Seat 4: MaikonAll (big blind) collected ($1)
Seat 5: ImaPeppaPig folded before Flop (didn't bet)
Seat 6: SeaHawksOnAir folded before Flop (didn't bet)



PokerStars Hand #254387588376:  Hold'em No Limit ($0.50/$1.00 USD) - 2025/01/15 19:58:11 WET [2025/01/15 14:58:11 ET]
Table 'Gertrud III' 6-max Seat #3 is the button
Seat 2: mattwut1 ($139.24 in chips) is sitting out
Seat 1: KarP93 ($100 in chips) 
Seat 3: XneferX ($128.18 in chips) 
Seat 4: MaikonAll ($100.50 in chips) 
Seat 5: ImaPeppaPig ($105.53 in chips) 
MaikonAll: posts small blind $0.50
ImaPeppaPig: posts big blind $1
*** HOLE CARDS ***
KarP93: folds 
XneferX: folds 
MaikonAll: raises $2 to $3
ImaPeppaPig: folds 
Uncalled bet ($2) returned to MaikonAll
MaikonAll collected $2 from pot
MaikonAll: doesn't show hand 
*** SUMMARY ***
Total pot $2 | Rake $0 
Seat 2: mattwut1
Seat 1: KarP93 folded before Flop (didn't bet)
Seat 3: XneferX (button) folded before Flop (didn't bet)
Seat 4: MaikonAll (small blind) collected ($2)
Seat 5: ImaPeppaPig (big blind) folded before Flop



PokerStars Hand #254387591172:  Hold'em No Limit ($0.50/$1.00 USD) - 2025/01/15 19:58:24 WET [2025/01/15 14:58:24 ET]
Table 'Gertrud III' 6-max Seat #5 is the button
Seat 1: KarP93 ($100 in chips) is sitting out
Seat 2: mattwut1 ($139.24 in chips) is sitting out
Seat 3: XneferX ($128.18 in chips) is sitting out
Seat 4: MaikonAll ($101.50 in chips) 
Seat 5: ImaPeppaPig ($104.53 in chips) 
ImaPeppaPig: posts small blind $0.50
KarP93: is sitting out 
XneferX: is sitting out 
MaikonAll: posts big blind $1
*** HOLE CARDS ***
ImaPeppaPig: folds 
Uncalled bet ($0.50) returned to MaikonAll
MaikonAll collected $1 from pot
MaikonAll: doesn't show hand 
*** SUMMARY ***
Total pot $1 | Rake $0 
Seat 1: KarP93
Seat 2: mattwut1
Seat 3: XneferX
Seat 4: MaikonAll (big blind) collected ($1)
Seat 5: ImaPeppaPig (button) (small blind) folded before Flop



PokerStars Hand #254387593101:  Hold'em No Limit ($0.50/$1.00 USD) - 2025/01/15 19:58:32 WET [2025/01/15 14:58:32 ET]
Table 'Gertrud III' 6-max Seat #4 is the button
Seat 1: KarP93 ($100 in chips) is sitting out
Seat 2: mattwut1 ($139.24 in chips) is sitting out
Seat 3: XneferX ($128.18 in chips) is sitting out
Seat 4: MaikonAll ($102 in chips) 
Seat 5: ImaPeppaPig ($104.03 in chips) 
MaikonAll: posts small blind $0.50
ImaPeppaPig: posts big blind $1
*** HOLE CARDS ***
XneferX leaves the table
KarP93 leaves the table
MaikonAll: raises $1.50 to $2.50
ImaPeppaPig: calls $1.50
*** FLOP *** [4s 5c As]
ImaPeppaPig: checks 
MaikonAll: checks 
*** TURN *** [4s 5c As] [8c]
ImaPeppaPig: checks 
MaikonAll: bets $3.56
ImaPeppaPig: folds 
Uncalled bet ($3.56) returned to MaikonAll
MaikonAll collected $4.75 from pot
MaikonAll: doesn't show hand 
*** SUMMARY ***
Total pot $5 | Rake $0.25 
Board [4s 5c As 8c]
Seat 1: KarP93
Seat 2: mattwut1
Seat 3: XneferX
Seat 4: MaikonAll (button) (small blind) collected ($4.75)
Seat 5: ImaPeppaPig (big blind) folded on the Turn



