PokerStars Hand #254385197621:  Hold'em No Limit ($0.50/$1.00 USD) - 2025/01/15 17:35:41 WET [2025/01/15 12:35:41 ET]
Table 'Cantabia III' 6-max Seat #2 is the button
Seat 4: AIien Hand ($100 in chips) is sitting out
Seat 1: tukeiron ($104 in chips) 
Seat 2: Alexo20161220 ($35.80 in chips) 
Seat 3: Gfoer ($100 in chips) 
Seat 5: blistein ($102.93 in chips) 
Seat 6: K.Antagonist ($103.80 in chips) 
Gfoer: posts small blind $0.50
AIien Hand: is sitting out 
blistein: posts big blind $1
*** HOLE CARDS ***
K.Antagonist: folds 
tukeiron: folds 
Alexo20161220: calls $1
Gfoer: folds 
blistein: checks 
*** FLOP *** [6c 8d 4d]
blistein: checks 
Alexo20161220: checks 
*** TURN *** [6c 8d 4d] [3c]
blistein: checks 
Alexo20161220: checks 
*** RIVER *** [6c 8d 4d 3c] [5d]
blistein: bets $1.19
Alexo20161220: folds 
Uncalled bet ($1.19) returned to blistein
blistein collected $2.38 from pot
blistein: doesn't show hand 
*** SUMMARY ***
Total pot $2.50 | Rake $0.12 
Board [6c 8d 4d 3c 5d]
Seat 4: AIien Hand
Seat 1: tukeiron folded before Flop (didn't bet)
Seat 2: Alexo20161220 (button) folded on the River
Seat 3: Gfoer (small blind) folded before Flop
Seat 5: blistein (big blind) collected ($2.38)
Seat 6: K.Antagonist folded before Flop (didn't bet)



PokerStars Hand #254385207377:  Hold'em No Limit ($0.50/$1.00 USD) - 2025/01/15 17:36:18 WET [2025/01/15 12:36:18 ET]
Table 'Cantabia III' 6-max Seat #3 is the button
Seat 4: AIien Hand ($100 in chips) is sitting out
Seat 1: tukeiron ($104 in chips) 
Seat 2: Alexo20161220 ($34.80 in chips) 
Seat 3: Gfoer ($100 in chips) 
Seat 5: blistein ($104.31 in chips) 
Seat 6: K.Antagonist ($103.80 in chips) 
blistein: posts small blind $0.50
K.Antagonist: posts big blind $1
*** HOLE CARDS ***
tukeiron: folds 
Alexo20161220: folds 
Gfoer: raises $1 to $2
blistein: raises $9 to $11
K.Antagonist: folds 
Gfoer: calls $9
*** FLOP *** [9c 4d As]
blistein: bets $5.46
Gfoer: raises $9.54 to $15
blistein: calls $9.54
*** TURN *** [9c 4d As] [Ts]
blistein: checks 
Gfoer: bets $74 and is all-in
blistein: folds 
Uncalled bet ($74) returned to Gfoer
Gfoer collected $50.50 from pot
Gfoer: doesn't show hand 
*** SUMMARY ***
Total pot $53 | Rake $2.50 
Board [9c 4d As Ts]
Seat 4: AIien Hand
Seat 1: tukeiron folded before Flop (didn't bet)
Seat 2: Alexo20161220 folded before Flop (didn't bet)
Seat 3: Gfoer (button) collected ($50.50)
Seat 5: blistein (small blind) folded on the Turn
Seat 6: K.Antagonist (big blind) folded before Flop



PokerStars Hand #254385241278:  Hold'em No Limit ($0.50/$1.00 USD) - 2025/01/15 17:38:22 WET [2025/01/15 12:38:22 ET]
Table 'Cantabia III' 6-max Seat #5 is the button
Seat 4: AIien Hand ($100 in chips) is sitting out
Seat 1: tukeiron ($104 in chips) 
Seat 2: Alexo20161220 ($34.80 in chips) 
Seat 3: Gfoer ($124.50 in chips) 
Seat 5: blistein ($100 in chips) 
Seat 6: K.Antagonist ($102.80 in chips) 
K.Antagonist: posts small blind $0.50
tukeiron: posts big blind $1
*** HOLE CARDS ***
Alexo20161220: folds 
Gfoer: folds 
blistein: raises $1.50 to $2.50
K.Antagonist: folds 
tukeiron: calls $1.50
*** FLOP *** [3s Th 4s]
tukeiron: checks 
blistein: bets $1.77
tukeiron: calls $1.77
*** TURN *** [3s Th 4s] [Ac]
tukeiron: checks 
blistein: bets $6.44
tukeiron: calls $6.44
*** RIVER *** [3s Th 4s Ac] [9h]
tukeiron: checks 
blistein: checks 
*** SHOW DOWN ***
tukeiron: shows [Kh Qc] (high card Ace)
blistein: shows [As 5s] (a pair of Aces)
blistein collected $20.82 from pot
*** SUMMARY ***
Total pot $21.92 | Rake $1.10 
Board [3s Th 4s Ac 9h]
Seat 4: AIien Hand
Seat 1: tukeiron (big blind) showed [Kh Qc] and lost with high card Ace
Seat 2: Alexo20161220 folded before Flop (didn't bet)
Seat 3: Gfoer folded before Flop (didn't bet)
Seat 5: blistein (button) showed [As 5s] and won ($20.82) with a pair of Aces
Seat 6: K.Antagonist (small blind) folded before Flop



PokerStars Hand #254385265192:  Hold'em No Limit ($0.50/$1.00 USD) - 2025/01/15 17:39:50 WET [2025/01/15 12:39:50 ET]
Table 'Cantabia III' 6-max Seat #6 is the button
Seat 4: AIien Hand ($100 in chips) is sitting out
Seat 1: tukeiron ($100 in chips) 
Seat 2: Alexo20161220 ($34.80 in chips) 
Seat 3: Gfoer ($124.50 in chips) 
Seat 5: blistein ($110.11 in chips) 
Seat 6: K.Antagonist ($102.30 in chips) 
tukeiron: posts small blind $0.50
Alexo20161220: posts big blind $1
AIien Hand: sits out 
*** HOLE CARDS ***
Gfoer: folds 
blistein: folds 
K.Antagonist: folds 
tukeiron: folds 
Uncalled bet ($0.50) returned to Alexo20161220
Alexo20161220 collected $1 from pot
*** SUMMARY ***
Total pot $1 | Rake $0 
Seat 4: AIien Hand
Seat 1: tukeiron (small blind) folded before Flop
Seat 2: Alexo20161220 (big blind) collected ($1)
Seat 3: Gfoer folded before Flop (didn't bet)
Seat 5: blistein folded before Flop (didn't bet)
Seat 6: K.Antagonist (button) folded before Flop (didn't bet)



PokerStars Hand #254385269342:  Hold'em No Limit ($0.50/$1.00 USD) - 2025/01/15 17:40:05 WET [2025/01/15 12:40:05 ET]
Table 'Cantabia III' 6-max Seat #1 is the button
Seat 4: AIien Hand ($100 in chips) is sitting out
Seat 1: tukeiron ($100 in chips) 
Seat 2: Alexo20161220 ($35.30 in chips) 
Seat 3: Gfoer ($124.50 in chips) 
Seat 5: blistein ($110.11 in chips) 
Seat 6: K.Antagonist ($102.30 in chips) 
Alexo20161220: posts small blind $0.50
Gfoer: posts big blind $1
AIien Hand: sits out 
*** HOLE CARDS ***
blistein: folds 
K.Antagonist: raises $1.50 to $2.50
tukeiron: folds 
Alexo20161220: folds 
Gfoer: folds 
Uncalled bet ($1.50) returned to K.Antagonist
K.Antagonist collected $2.50 from pot
K.Antagonist: doesn't show hand 
*** SUMMARY ***
Total pot $2.50 | Rake $0 
Seat 4: AIien Hand
Seat 1: tukeiron (button) folded before Flop (didn't bet)
Seat 2: Alexo20161220 (small blind) folded before Flop
Seat 3: Gfoer (big blind) folded before Flop
Seat 5: blistein folded before Flop (didn't bet)
Seat 6: K.Antagonist collected ($2.50)



PokerStars Hand #254385273619:  Hold'em No Limit ($0.50/$1.00 USD) - 2025/01/15 17:40:21 WET [2025/01/15 12:40:21 ET]
Table 'Cantabia III' 6-max Seat #2 is the button
Seat 1: tukeiron ($100 in chips) 
Seat 2: Alexo20161220 ($34.80 in chips) 
Seat 3: Gfoer ($123.50 in chips) 
Seat 4: AIien Hand ($100 in chips) 
Seat 5: blistein ($110.11 in chips) 
Seat 6: K.Antagonist ($103.80 in chips) 
Gfoer: posts small blind $0.50
AIien Hand: posts big blind $1
*** HOLE CARDS ***
blistein: folds 
K.Antagonist: folds 
tukeiron: raises $2.50 to $3.50
Alexo20161220: folds 
Gfoer: folds 
AIien Hand: raises $10.50 to $14
tukeiron: raises $12 to $26
AIien Hand: calls $12
*** FLOP *** [As 5h Ks]
AIien Hand: checks 
tukeiron: bets $7.50
AIien Hand: folds 
Uncalled bet ($7.50) returned to tukeiron
tukeiron collected $50 from pot
tukeiron: doesn't show hand 
*** SUMMARY ***
Total pot $52.50 | Rake $2.50 
Board [As 5h Ks]
Seat 1: tukeiron collected ($50)
Seat 2: Alexo20161220 (button) folded before Flop (didn't bet)
Seat 3: Gfoer (small blind) folded before Flop
Seat 4: AIien Hand (big blind) folded on the Flop
Seat 5: blistein folded before Flop (didn't bet)
Seat 6: K.Antagonist folded before Flop (didn't bet)



PokerStars Hand #254385297068:  Hold'em No Limit ($0.50/$1.00 USD) - 2025/01/15 17:41:48 WET [2025/01/15 12:41:48 ET]
Table 'Cantabia III' 6-max Seat #3 is the button
Seat 1: tukeiron ($124 in chips) 
Seat 2: Alexo20161220 ($34.80 in chips) 
Seat 3: Gfoer ($123 in chips) 
Seat 4: AIien Hand ($100 in chips) 
Seat 5: blistein ($110.11 in chips) 
Seat 6: K.Antagonist ($103.80 in chips) 
AIien Hand: posts small blind $0.50
blistein: posts big blind $1
*** HOLE CARDS ***
K.Antagonist: folds 
tukeiron: folds 
Alexo20161220: raises $33.80 to $34.80 and is all-in
Gfoer: folds 
AIien Hand: folds 
blistein: folds 
Uncalled bet ($33.80) returned to Alexo20161220
Alexo20161220 collected $2.50 from pot
*** SUMMARY ***
Total pot $2.50 | Rake $0 
Seat 1: tukeiron folded before Flop (didn't bet)
Seat 2: Alexo20161220 collected ($2.50)
Seat 3: Gfoer (button) folded before Flop (didn't bet)
Seat 4: AIien Hand (small blind) folded before Flop
Seat 5: blistein (big blind) folded before Flop
Seat 6: K.Antagonist folded before Flop (didn't bet)



PokerStars Hand #254385302620:  Hold'em No Limit ($0.50/$1.00 USD) - 2025/01/15 17:42:08 WET [2025/01/15 12:42:08 ET]
Table 'Cantabia III' 6-max Seat #4 is the button
Seat 1: tukeiron ($124 in chips) 
Seat 2: Alexo20161220 ($36.30 in chips) 
Seat 3: Gfoer ($123 in chips) 
Seat 4: AIien Hand ($100 in chips) 
Seat 5: blistein ($109.11 in chips) 
Seat 6: K.Antagonist ($103.80 in chips) 
blistein: posts small blind $0.50
K.Antagonist: posts big blind $1
*** HOLE CARDS ***
tukeiron: folds 
Alexo20161220: folds 
Gfoer: folds 
AIien Hand: raises $1.50 to $2.50
blistein: folds 
K.Antagonist: calls $1.50
*** FLOP *** [2s 8d Kd]
K.Antagonist: checks 
AIien Hand: checks 
*** TURN *** [2s 8d Kd] [2h]
K.Antagonist: checks 
AIien Hand: bets $2.09
K.Antagonist: calls $2.09
*** RIVER *** [2s 8d Kd 2h] [4d]
K.Antagonist: checks 
AIien Hand: bets $13.25
K.Antagonist: folds 
Uncalled bet ($13.25) returned to AIien Hand
AIien Hand collected $9.20 from pot
AIien Hand: doesn't show hand 
*** SUMMARY ***
Total pot $9.68 | Rake $0.48 
Board [2s 8d Kd 2h 4d]
Seat 1: tukeiron folded before Flop (didn't bet)
Seat 2: Alexo20161220 folded before Flop (didn't bet)
Seat 3: Gfoer folded before Flop (didn't bet)
Seat 4: AIien Hand (button) collected ($9.20)
Seat 5: blistein (small blind) folded before Flop
Seat 6: K.Antagonist (big blind) folded on the River



PokerStars Hand #254385330488:  Hold'em No Limit ($0.50/$1.00 USD) - 2025/01/15 17:43:49 WET [2025/01/15 12:43:49 ET]
Table 'Cantabia III' 6-max Seat #5 is the button
Seat 1: tukeiron ($124 in chips) 
Seat 2: Alexo20161220 ($36.30 in chips) 
Seat 3: Gfoer ($123 in chips) 
Seat 4: AIien Hand ($104.61 in chips) 
Seat 5: blistein ($108.61 in chips) 
Seat 6: K.Antagonist ($100 in chips) 
K.Antagonist: posts small blind $0.50
tukeiron: posts big blind $1
*** HOLE CARDS ***
Alexo20161220: folds 
Gfoer: raises $1.20 to $2.20
AIien Hand: folds 
blistein: folds 
Alexo20161220 leaves the table
K.Antagonist: folds 
BoyLoc0 joins the table at seat #2 
BoyLoc0 leaves the table
tukeiron: calls $1.20
*** FLOP *** [Qd 6d Th]
tukeiron: checks 
Gfoer: bets $1.55
tukeiron: folds 
Uncalled bet ($1.55) returned to Gfoer
Gfoer collected $4.66 from pot
Gfoer: doesn't show hand 
*** SUMMARY ***
Total pot $4.90 | Rake $0.24 
Board [Qd 6d Th]
Seat 1: tukeiron (big blind) folded on the Flop
Seat 2: Alexo20161220 folded before Flop (didn't bet)
Seat 3: Gfoer collected ($4.66)
Seat 4: AIien Hand folded before Flop (didn't bet)
Seat 5: blistein (button) folded before Flop (didn't bet)
Seat 6: K.Antagonist (small blind) folded before Flop



PokerStars Hand #254385341187:  Hold'em No Limit ($0.50/$1.00 USD) - 2025/01/15 17:44:28 WET [2025/01/15 12:44:28 ET]
Table 'Cantabia III' 6-max Seat #6 is the button
Seat 3: Gfoer ($125.46 in chips) is sitting out
Seat 1: tukeiron ($121.80 in chips) 
Seat 4: AIien Hand ($104.61 in chips) 
Seat 5: blistein ($108.61 in chips) 
Seat 6: K.Antagonist ($100 in chips) 
tukeiron: posts small blind $0.50
Gfoer: is sitting out 
AIien Hand: posts big blind $1
*** HOLE CARDS ***
blistein: folds 
Gfoer leaves the table
K.Antagonist: folds 
tukeiron: raises $2 to $3
AIien Hand: folds 
Uncalled bet ($2) returned to tukeiron
tukeiron collected $2 from pot
blistein leaves the table
*** SUMMARY ***
Total pot $2 | Rake $0 
Seat 3: Gfoer
Seat 1: tukeiron (small blind) collected ($2)
Seat 4: AIien Hand (big blind) folded before Flop
Seat 5: blistein folded before Flop (didn't bet)
Seat 6: K.Antagonist (button) folded before Flop (didn't bet)



PokerStars Hand #254385482915:  Hold'em No Limit ($0.50/$1.00 USD) - 2025/01/15 17:53:03 WET [2025/01/15 12:53:03 ET]
Table 'Cantabia III' 6-max Seat #1 is the button
Seat 1: NISIY ($100 in chips) 
Seat 3: MAO_DZEDYN_S ($100 in chips) 
Seat 5: poker_soul11 ($100 in chips) 
MAO_DZEDYN_S: posts small blind $0.50
poker_soul11: posts big blind $1
*** HOLE CARDS ***
NISIY: folds 
MAO_DZEDYN_S: folds 
Uncalled bet ($0.50) returned to poker_soul11
poker_soul11 collected $1 from pot
poker_soul11: doesn't show hand 
*** SUMMARY ***
Total pot $1 | Rake $0 
Seat 1: NISIY (button) folded before Flop (didn't bet)
Seat 3: MAO_DZEDYN_S (small blind) folded before Flop
Seat 5: poker_soul11 (big blind) collected ($1)



PokerStars Hand #254385487954:  Hold'em No Limit ($0.50/$1.00 USD) - 2025/01/15 17:53:21 WET [2025/01/15 12:53:21 ET]
Table 'Cantabia III' 6-max Seat #3 is the button
Seat 1: NISIY ($100 in chips) 
Seat 3: MAO_DZEDYN_S ($100 in chips) 
Seat 5: poker_soul11 ($100.50 in chips) 
poker_soul11: posts small blind $0.50
NISIY: posts big blind $1
*** HOLE CARDS ***
MAO_DZEDYN_S: folds 
poker_soul11: folds 
Uncalled bet ($0.50) returned to NISIY
NISIY collected $1 from pot
NISIY: doesn't show hand 
*** SUMMARY ***
Total pot $1 | Rake $0 
Seat 1: NISIY (big blind) collected ($1)
Seat 3: MAO_DZEDYN_S (button) folded before Flop (didn't bet)
Seat 5: poker_soul11 (small blind) folded before Flop



PokerStars Hand #254385491710:  Hold'em No Limit ($0.50/$1.00 USD) - 2025/01/15 17:53:35 WET [2025/01/15 12:53:35 ET]
Table 'Cantabia III' 6-max Seat #5 is the button
Seat 1: NISIY ($100.50 in chips) 
Seat 3: MAO_DZEDYN_S ($100 in chips) 
Seat 5: poker_soul11 ($100 in chips) 
NISIY: posts small blind $0.50
MAO_DZEDYN_S: posts big blind $1
*** HOLE CARDS ***
poker_soul11: raises $1.20 to $2.20
NISIY: folds 
MAO_DZEDYN_S: folds 
Uncalled bet ($1.20) returned to poker_soul11
poker_soul11 collected $2.50 from pot
poker_soul11: doesn't show hand 
*** SUMMARY ***
Total pot $2.50 | Rake $0 
Seat 1: NISIY (small blind) folded before Flop
Seat 3: MAO_DZEDYN_S (big blind) folded before Flop
Seat 5: poker_soul11 (button) collected ($2.50)



PokerStars Hand #254385495949:  Hold'em No Limit ($0.50/$1.00 USD) - 2025/01/15 17:53:50 WET [2025/01/15 12:53:50 ET]
Table 'Cantabia III' 6-max Seat #1 is the button
Seat 1: NISIY ($100 in chips) 
Seat 3: MAO_DZEDYN_S ($100 in chips) 
Seat 5: poker_soul11 ($101.50 in chips) 
MAO_DZEDYN_S: posts small blind $0.50
poker_soul11: posts big blind $1
*** HOLE CARDS ***
NISIY: raises $1.50 to $2.50
MAO_DZEDYN_S: folds 
poker_soul11: folds 
Uncalled bet ($1.50) returned to NISIY
NISIY collected $2.50 from pot
NISIY: doesn't show hand 
*** SUMMARY ***
Total pot $2.50 | Rake $0 
Seat 1: NISIY (button) collected ($2.50)
Seat 3: MAO_DZEDYN_S (small blind) folded before Flop
Seat 5: poker_soul11 (big blind) folded before Flop



PokerStars Hand #254385501913:  Hold'em No Limit ($0.50/$1.00 USD) - 2025/01/15 17:54:12 WET [2025/01/15 12:54:12 ET]
Table 'Cantabia III' 6-max Seat #3 is the button
Seat 1: NISIY ($101.50 in chips) 
Seat 3: MAO_DZEDYN_S ($100 in chips) 
Seat 5: poker_soul11 ($100.50 in chips) 
poker_soul11: posts small blind $0.50
NISIY: posts big blind $1
*** HOLE CARDS ***
MAO_DZEDYN_S: folds 
poker_soul11: raises $2 to $3
NISIY: raises $6 to $9
poker_soul11: raises $91.50 to $100.50 and is all-in
NISIY: folds 
Uncalled bet ($91.50) returned to poker_soul11
poker_soul11 collected $18 from pot
poker_soul11: doesn't show hand 
*** SUMMARY ***
Total pot $18 | Rake $0 
Seat 1: NISIY (big blind) folded before Flop
Seat 3: MAO_DZEDYN_S (button) folded before Flop (didn't bet)
Seat 5: poker_soul11 (small blind) collected ($18)



PokerStars Hand #254385508716:  Hold'em No Limit ($0.50/$1.00 USD) - 2025/01/15 17:54:37 WET [2025/01/15 12:54:37 ET]
Table 'Cantabia III' 6-max Seat #5 is the button
Seat 1: NISIY ($100 in chips) 
Seat 3: MAO_DZEDYN_S ($100 in chips) 
Seat 5: poker_soul11 ($109.50 in chips) 
NISIY: posts small blind $0.50
MAO_DZEDYN_S: posts big blind $1
*** HOLE CARDS ***
poker_soul11: folds 
NISIY: folds 
Uncalled bet ($0.50) returned to MAO_DZEDYN_S
MAO_DZEDYN_S collected $1 from pot
MAO_DZEDYN_S: doesn't show hand 
*** SUMMARY ***
Total pot $1 | Rake $0 
Seat 1: NISIY (small blind) folded before Flop
Seat 3: MAO_DZEDYN_S (big blind) collected ($1)
Seat 5: poker_soul11 (button) folded before Flop (didn't bet)



PokerStars Hand #254385511046:  Hold'em No Limit ($0.50/$1.00 USD) - 2025/01/15 17:54:45 WET [2025/01/15 12:54:45 ET]
Table 'Cantabia III' 6-max Seat #1 is the button
Seat 1: NISIY ($100 in chips) 
Seat 3: MAO_DZEDYN_S ($100.50 in chips) 
Seat 5: poker_soul11 ($109.50 in chips) 
MAO_DZEDYN_S: posts small blind $0.50
poker_soul11: posts big blind $1
*** HOLE CARDS ***
NISIY: folds 
MAO_DZEDYN_S: folds 
Uncalled bet ($0.50) returned to poker_soul11
poker_soul11 collected $1 from pot
poker_soul11: doesn't show hand 
*** SUMMARY ***
Total pot $1 | Rake $0 
Seat 1: NISIY (button) folded before Flop (didn't bet)
Seat 3: MAO_DZEDYN_S (small blind) folded before Flop
Seat 5: poker_soul11 (big blind) collected ($1)



PokerStars Hand #254385514104:  Hold'em No Limit ($0.50/$1.00 USD) - 2025/01/15 17:54:57 WET [2025/01/15 12:54:57 ET]
Table 'Cantabia III' 6-max Seat #3 is the button
Seat 1: NISIY ($100 in chips) 
Seat 3: MAO_DZEDYN_S ($100 in chips) 
Seat 5: poker_soul11 ($110 in chips) 
poker_soul11: posts small blind $0.50
NISIY: posts big blind $1
*** HOLE CARDS ***
MAO_DZEDYN_S: raises $1.50 to $2.50
poker_soul11: folds 
NISIY: folds 
Uncalled bet ($1.50) returned to MAO_DZEDYN_S
MAO_DZEDYN_S collected $2.50 from pot
MAO_DZEDYN_S: doesn't show hand 
*** SUMMARY ***
Total pot $2.50 | Rake $0 
Seat 1: NISIY (big blind) folded before Flop
Seat 3: MAO_DZEDYN_S (button) collected ($2.50)
Seat 5: poker_soul11 (small blind) folded before Flop



PokerStars Hand #254385517421:  Hold'em No Limit ($0.50/$1.00 USD) - 2025/01/15 17:55:09 WET [2025/01/15 12:55:09 ET]
Table 'Cantabia III' 6-max Seat #5 is the button
Seat 1: NISIY ($100 in chips) 
Seat 3: MAO_DZEDYN_S ($101.50 in chips) 
Seat 5: poker_soul11 ($109.50 in chips) 
NISIY: posts small blind $0.50
MAO_DZEDYN_S: posts big blind $1
*** HOLE CARDS ***
poker_soul11: folds 
NISIY: raises $2 to $3
MAO_DZEDYN_S: calls $2
*** FLOP *** [7s 6c 8h]
NISIY: checks 
MAO_DZEDYN_S: bets $1.71
NISIY: folds 
Uncalled bet ($1.71) returned to MAO_DZEDYN_S
MAO_DZEDYN_S collected $5.70 from pot
MAO_DZEDYN_S: doesn't show hand 
*** SUMMARY ***
Total pot $6 | Rake $0.30 
Board [7s 6c 8h]
Seat 1: NISIY (small blind) folded on the Flop
Seat 3: MAO_DZEDYN_S (big blind) collected ($5.70)
Seat 5: poker_soul11 (button) folded before Flop (didn't bet)



PokerStars Hand #254385526104:  Hold'em No Limit ($0.50/$1.00 USD) - 2025/01/15 17:55:49 WET [2025/01/15 12:55:49 ET]
Table 'Cantabia III' 6-max Seat #1 is the button
Seat 1: NISIY ($100 in chips) 
Seat 3: MAO_DZEDYN_S ($104.20 in chips) 
Seat 5: poker_soul11 ($109.50 in chips) 
MAO_DZEDYN_S: posts small blind $0.50
poker_soul11: posts big blind $1
*** HOLE CARDS ***
NISIY: raises $1.50 to $2.50
MAO_DZEDYN_S: folds 
poker_soul11: folds 
Uncalled bet ($1.50) returned to NISIY
NISIY collected $2.50 from pot
NISIY: doesn't show hand 
*** SUMMARY ***
Total pot $2.50 | Rake $0 
Seat 1: NISIY (button) collected ($2.50)
Seat 3: MAO_DZEDYN_S (small blind) folded before Flop
Seat 5: poker_soul11 (big blind) folded before Flop



PokerStars Hand #254385529645:  Hold'em No Limit ($0.50/$1.00 USD) - 2025/01/15 17:56:06 WET [2025/01/15 12:56:06 ET]
Table 'Cantabia III' 6-max Seat #3 is the button
Seat 1: NISIY ($101.50 in chips) 
Seat 3: MAO_DZEDYN_S ($103.70 in chips) 
Seat 5: poker_soul11 ($108.50 in chips) 
poker_soul11: posts small blind $0.50
NISIY: posts big blind $1
*** HOLE CARDS ***
MAO_DZEDYN_S: raises $1.50 to $2.50
poker_soul11: folds 
NISIY: calls $1.50
*** FLOP *** [As 4s 9h]
NISIY: checks 
MAO_DZEDYN_S: bets $1.57
NISIY: folds 
Uncalled bet ($1.57) returned to MAO_DZEDYN_S
MAO_DZEDYN_S collected $5.22 from pot
MAO_DZEDYN_S: doesn't show hand 
*** SUMMARY ***
Total pot $5.50 | Rake $0.28 
Board [As 4s 9h]
Seat 1: NISIY (big blind) folded on the Flop
Seat 3: MAO_DZEDYN_S (button) collected ($5.22)
Seat 5: poker_soul11 (small blind) folded before Flop



PokerStars Hand #254385537494:  Hold'em No Limit ($0.50/$1.00 USD) - 2025/01/15 17:56:42 WET [2025/01/15 12:56:42 ET]
Table 'Cantabia III' 6-max Seat #5 is the button
Seat 1: NISIY ($100 in chips) 
Seat 3: MAO_DZEDYN_S ($106.42 in chips) 
Seat 5: poker_soul11 ($108 in chips) 
NISIY: posts small blind $0.50
MAO_DZEDYN_S: posts big blind $1
*** HOLE CARDS ***
poker_soul11: folds 
NISIY: raises $2 to $3
MAO_DZEDYN_S: folds 
Uncalled bet ($2) returned to NISIY
NISIY collected $2 from pot
NISIY: doesn't show hand 
*** SUMMARY ***
Total pot $2 | Rake $0 
Seat 1: NISIY (small blind) collected ($2)
Seat 3: MAO_DZEDYN_S (big blind) folded before Flop
Seat 5: poker_soul11 (button) folded before Flop (didn't bet)



PokerStars Hand #254385539884:  Hold'em No Limit ($0.50/$1.00 USD) - 2025/01/15 17:56:54 WET [2025/01/15 12:56:54 ET]
Table 'Cantabia III' 6-max Seat #1 is the button
Seat 1: NISIY ($101 in chips) 
Seat 3: MAO_DZEDYN_S ($105.42 in chips) 
Seat 5: poker_soul11 ($108 in chips) 
MAO_DZEDYN_S: posts small blind $0.50
poker_soul11: posts big blind $1
*** HOLE CARDS ***
NISIY: raises $1.50 to $2.50
MAO_DZEDYN_S: raises $8.50 to $11
poker_soul11: folds 
NISIY: folds 
Uncalled bet ($8.50) returned to MAO_DZEDYN_S
MAO_DZEDYN_S collected $6 from pot
MAO_DZEDYN_S: doesn't show hand 
*** SUMMARY ***
Total pot $6 | Rake $0 
Seat 1: NISIY (button) folded before Flop
Seat 3: MAO_DZEDYN_S (small blind) collected ($6)
Seat 5: poker_soul11 (big blind) folded before Flop



PokerStars Hand #254385542933:  Hold'em No Limit ($0.50/$1.00 USD) - 2025/01/15 17:57:08 WET [2025/01/15 12:57:08 ET]
Table 'Cantabia III' 6-max Seat #3 is the button
Seat 1: NISIY ($100 in chips) 
Seat 3: MAO_DZEDYN_S ($108.92 in chips) 
Seat 5: poker_soul11 ($107 in chips) 
poker_soul11: posts small blind $0.50
NISIY: posts big blind $1
*** HOLE CARDS ***
MAO_DZEDYN_S: folds 
poker_soul11: folds 
Uncalled bet ($0.50) returned to NISIY
NISIY collected $1 from pot
NISIY: doesn't show hand 
*** SUMMARY ***
Total pot $1 | Rake $0 
Seat 1: NISIY (big blind) collected ($1)
Seat 3: MAO_DZEDYN_S (button) folded before Flop (didn't bet)
Seat 5: poker_soul11 (small blind) folded before Flop



PokerStars Hand #254385545870:  Hold'em No Limit ($0.50/$1.00 USD) - 2025/01/15 17:57:21 WET [2025/01/15 12:57:21 ET]
Table 'Cantabia III' 6-max Seat #5 is the button
Seat 1: NISIY ($100.50 in chips) 
Seat 3: MAO_DZEDYN_S ($108.92 in chips) 
Seat 5: poker_soul11 ($106.50 in chips) 
NISIY: posts small blind $0.50
MAO_DZEDYN_S: posts big blind $1
*** HOLE CARDS ***
poker_soul11: raises $1.20 to $2.20
NISIY: raises $9.80 to $12
MAO_DZEDYN_S: folds 
poker_soul11: folds 
Uncalled bet ($9.80) returned to NISIY
NISIY collected $5.40 from pot
NISIY: doesn't show hand 
*** SUMMARY ***
Total pot $5.40 | Rake $0 
Seat 1: NISIY (small blind) collected ($5.40)
Seat 3: MAO_DZEDYN_S (big blind) folded before Flop
Seat 5: poker_soul11 (button) folded before Flop



PokerStars Hand #254385552781:  Hold'em No Limit ($0.50/$1.00 USD) - 2025/01/15 17:57:54 WET [2025/01/15 12:57:54 ET]
Table 'Cantabia III' 6-max Seat #1 is the button
Seat 1: NISIY ($103.70 in chips) 
Seat 3: MAO_DZEDYN_S ($107.92 in chips) 
Seat 5: poker_soul11 ($104.30 in chips) 
MAO_DZEDYN_S: posts small blind $0.50
poker_soul11: posts big blind $1
*** HOLE CARDS ***
NISIY: raises $1.50 to $2.50
MAO_DZEDYN_S: folds 
poker_soul11: calls $1.50
*** FLOP *** [2d 4s 7d]
poker_soul11: checks 
NISIY: bets $1.72
poker_soul11: raises $4.33 to $6.05
NISIY: folds 
Uncalled bet ($4.33) returned to poker_soul11
poker_soul11 collected $8.49 from pot
poker_soul11: doesn't show hand 
*** SUMMARY ***
Total pot $8.94 | Rake $0.45 
Board [2d 4s 7d]
Seat 1: NISIY (button) folded on the Flop
Seat 3: MAO_DZEDYN_S (small blind) folded before Flop
Seat 5: poker_soul11 (big blind) collected ($8.49)



PokerStars Hand #254385563874:  Hold'em No Limit ($0.50/$1.00 USD) - 2025/01/15 17:58:45 WET [2025/01/15 12:58:45 ET]
Table 'Cantabia III' 6-max Seat #3 is the button
Seat 1: NISIY ($100 in chips) 
Seat 3: MAO_DZEDYN_S ($107.42 in chips) 
Seat 5: poker_soul11 ($108.57 in chips) 
poker_soul11: posts small blind $0.50
NISIY: posts big blind $1
*** HOLE CARDS ***
MAO_DZEDYN_S: raises $1.50 to $2.50
poker_soul11: folds 
NISIY: folds 
Uncalled bet ($1.50) returned to MAO_DZEDYN_S
MAO_DZEDYN_S collected $2.50 from pot
MAO_DZEDYN_S: doesn't show hand 
*** SUMMARY ***
Total pot $2.50 | Rake $0 
Seat 1: NISIY (big blind) folded before Flop
Seat 3: MAO_DZEDYN_S (button) collected ($2.50)
Seat 5: poker_soul11 (small blind) folded before Flop



PokerStars Hand #254385588720:  Hold'em No Limit ($0.50/$1.00 USD) - 2025/01/15 18:00:39 WET [2025/01/15 13:00:39 ET]
Table 'Cantabia III' 6-max Seat #3 is the button
Seat 1: NISIY ($112 in chips) 
Seat 3: MAO_DZEDYN_S ($107.42 in chips) 
Seat 5: poker_soul11 ($100.50 in chips) 
poker_soul11: posts small blind $0.50
NISIY: posts big blind $1
*** HOLE CARDS ***
MAO_DZEDYN_S: raises $1.50 to $2.50
poker_soul11: folds 
NISIY: folds 
Uncalled bet ($1.50) returned to MAO_DZEDYN_S
MAO_DZEDYN_S collected $2.50 from pot
MAO_DZEDYN_S: doesn't show hand 
*** SUMMARY ***
Total pot $2.50 | Rake $0 
Seat 1: NISIY (big blind) folded before Flop
Seat 3: MAO_DZEDYN_S (button) collected ($2.50)
Seat 5: poker_soul11 (small blind) folded before Flop



PokerStars Hand #254385596087:  Hold'em No Limit ($0.50/$1.00 USD) - 2025/01/15 18:01:10 WET [2025/01/15 13:01:10 ET]
Table 'Cantabia III' 6-max Seat #5 is the button
Seat 1: NISIY ($111 in chips) 
Seat 3: MAO_DZEDYN_S ($108.92 in chips) 
Seat 5: poker_soul11 ($100 in chips) 
NISIY: posts small blind $0.50
MAO_DZEDYN_S: posts big blind $1
*** HOLE CARDS ***
poker_soul11: raises $1 to $2
NISIY: raises $9 to $11
MAO_DZEDYN_S: folds 
poker_soul11: calls $9
*** FLOP *** [3c Tc 7s]
NISIY: bets $7.26
poker_soul11: calls $7.26
*** TURN *** [3c Tc 7s] [Qs]
NISIY: bets $24.10
poker_soul11: folds 
Uncalled bet ($24.10) returned to NISIY
NISIY collected $36.52 from pot
NISIY: doesn't show hand 
*** SUMMARY ***
Total pot $37.52 | Rake $1 
Board [3c Tc 7s Qs]
Seat 1: NISIY (small blind) collected ($36.52)
Seat 3: MAO_DZEDYN_S (big blind) folded before Flop
Seat 5: poker_soul11 (button) folded on the Turn



PokerStars Hand #254385616094:  Hold'em No Limit ($0.50/$1.00 USD) - 2025/01/15 18:02:27 WET [2025/01/15 13:02:27 ET]
Table 'Cantabia III' 6-max Seat #1 is the button
Seat 1: NISIY ($129.26 in chips) 
Seat 3: MAO_DZEDYN_S ($107.92 in chips) 
Seat 5: poker_soul11 ($100 in chips) 
MAO_DZEDYN_S: posts small blind $0.50
poker_soul11: posts big blind $1
*** HOLE CARDS ***
NISIY: raises $1.50 to $2.50
MAO_DZEDYN_S: folds 
poker_soul11: raises $9.50 to $12
Poker9803 joins the table at seat #2 
Zvst joins the table at seat #4 
NISIY: folds 
Uncalled bet ($9.50) returned to poker_soul11
poker_soul11 collected $5.50 from pot
poker_soul11: doesn't show hand 
*** SUMMARY ***
Total pot $5.50 | Rake $0 
Seat 1: NISIY (button) folded before Flop
Seat 3: MAO_DZEDYN_S (small blind) folded before Flop
Seat 5: poker_soul11 (big blind) collected ($5.50)



PokerStars Hand #254385622832:  Hold'em No Limit ($0.50/$1.00 USD) - 2025/01/15 18:02:53 WET [2025/01/15 13:02:53 ET]
Table 'Cantabia III' 6-max Seat #3 is the button
Seat 2: Poker9803 ($100 in chips) is sitting out
Seat 4: Zvst ($100 in chips) is sitting out
Seat 1: NISIY ($126.76 in chips) 
Seat 3: MAO_DZEDYN_S ($107.42 in chips) 
Seat 5: poker_soul11 ($103 in chips) 
poker_soul11: posts small blind $0.50
NISIY: posts big blind $1
Poker9803: sits out 
*** HOLE CARDS ***
MAO_DZEDYN_S: raises $1.50 to $2.50
poker_soul11: raises $9.50 to $12
NISIY: folds 
MAO_DZEDYN_S: folds 
Uncalled bet ($9.50) returned to poker_soul11
poker_soul11 collected $6 from pot
poker_soul11: doesn't show hand 
*** SUMMARY ***
Total pot $6 | Rake $0 
Seat 2: Poker9803
Seat 4: Zvst
Seat 1: NISIY (big blind) folded before Flop
Seat 3: MAO_DZEDYN_S (button) folded before Flop
Seat 5: poker_soul11 (small blind) collected ($6)



PokerStars Hand #254385632236:  Hold'em No Limit ($0.50/$1.00 USD) - 2025/01/15 18:03:27 WET [2025/01/15 13:03:27 ET]
Table 'Cantabia III' 6-max Seat #5 is the button
Seat 4: Zvst ($100 in chips) is sitting out
Seat 1: NISIY ($125.76 in chips) 
Seat 2: Poker9803 ($100 in chips) 
Seat 3: MAO_DZEDYN_S ($104.92 in chips) 
Seat 5: poker_soul11 ($106.50 in chips) 
NISIY: posts small blind $0.50
Poker9803: posts big blind $1
Zvst: sits out 
*** HOLE CARDS ***
MAO_DZEDYN_S: folds 
poker_soul11: raises $1.20 to $2.20
NISIY: folds 
Poker9803: raises $9.24 to $11.44
poker_soul11: folds 
Uncalled bet ($9.24) returned to Poker9803
Poker9803 collected $4.90 from pot
Poker9803: doesn't show hand 
*** SUMMARY ***
Total pot $4.90 | Rake $0 
Seat 4: Zvst
Seat 1: NISIY (small blind) folded before Flop
Seat 2: Poker9803 (big blind) collected ($4.90)
Seat 3: MAO_DZEDYN_S folded before Flop (didn't bet)
Seat 5: poker_soul11 (button) folded before Flop



PokerStars Hand #254385640200:  Hold'em No Limit ($0.50/$1.00 USD) - 2025/01/15 18:03:56 WET [2025/01/15 13:03:56 ET]
Table 'Cantabia III' 6-max Seat #1 is the button
Seat 4: Zvst ($100 in chips) is sitting out
Seat 1: NISIY ($125.26 in chips) 
Seat 2: Poker9803 ($102.70 in chips) 
Seat 3: MAO_DZEDYN_S ($104.92 in chips) 
Seat 5: poker_soul11 ($104.30 in chips) 
Poker9803: posts small blind $0.50
MAO_DZEDYN_S: posts big blind $1
Zvst: sits out 
*** HOLE CARDS ***
poker_soul11: raises $1.20 to $2.20
NISIY: folds 
Poker9803: folds 
MAO_DZEDYN_S: folds 
Uncalled bet ($1.20) returned to poker_soul11
poker_soul11 collected $2.50 from pot
poker_soul11: doesn't show hand 
*** SUMMARY ***
Total pot $2.50 | Rake $0 
Seat 4: Zvst
Seat 1: NISIY (button) folded before Flop (didn't bet)
Seat 2: Poker9803 (small blind) folded before Flop
Seat 3: MAO_DZEDYN_S (big blind) folded before Flop
Seat 5: poker_soul11 collected ($2.50)



PokerStars Hand #254385650048:  Hold'em No Limit ($0.50/$1.00 USD) - 2025/01/15 18:04:31 WET [2025/01/15 13:04:31 ET]
Table 'Cantabia III' 6-max Seat #2 is the button
Seat 1: NISIY ($125.26 in chips) 
Seat 2: Poker9803 ($102.20 in chips) 
Seat 3: MAO_DZEDYN_S ($103.92 in chips) 
Seat 4: Zvst ($100 in chips) 
Seat 5: poker_soul11 ($105.80 in chips) 
MAO_DZEDYN_S: posts small blind $0.50
Zvst: posts big blind $1
*** HOLE CARDS ***
poker_soul11: folds 
NISIY: raises $1.50 to $2.50
Poker9803: folds 
MAO_DZEDYN_S: folds 
Zvst: calls $1.50
*** FLOP *** [3c 8d 6s]
Zvst: checks 
NISIY: bets $1.72
Zvst: raises $6.77 to $8.49
NISIY: calls $6.77
*** TURN *** [3c 8d 6s] [9d]
Zvst: bets $14.24
GuigaMan joins the table at seat #6 
NISIY: folds 
Uncalled bet ($14.24) returned to Zvst
Zvst collected $21.36 from pot
Zvst: doesn't show hand 
*** SUMMARY ***
Total pot $22.48 | Rake $1.12 
Board [3c 8d 6s 9d]
Seat 1: NISIY folded on the Turn
Seat 2: Poker9803 (button) folded before Flop (didn't bet)
Seat 3: MAO_DZEDYN_S (small blind) folded before Flop
Seat 4: Zvst (big blind) collected ($21.36)
Seat 5: poker_soul11 folded before Flop (didn't bet)



PokerStars Hand #254385668047:  Hold'em No Limit ($0.50/$1.00 USD) - 2025/01/15 18:05:36 WET [2025/01/15 13:05:36 ET]
Table 'Cantabia III' 6-max Seat #3 is the button
Seat 6: GuigaMan ($100 in chips) is sitting out
Seat 1: NISIY ($114.27 in chips) 
Seat 2: Poker9803 ($102.20 in chips) 
Seat 3: MAO_DZEDYN_S ($103.42 in chips) 
Seat 4: Zvst ($110.37 in chips) 
Seat 5: poker_soul11 ($105.80 in chips) 
Zvst: posts small blind $0.50
poker_soul11: posts big blind $1
GuigaMan: sits out 
*** HOLE CARDS ***
NISIY: folds 
Poker9803: raises $1.50 to $2.50
MAO_DZEDYN_S: folds 
Zvst: folds 
poker_soul11: calls $1.50
*** FLOP *** [3s 4c As]
poker_soul11: checks 
Poker9803: checks 
*** TURN *** [3s 4c As] [Qh]
poker_soul11: bets $2.61
Poker9803: raises $9.39 to $12
poker_soul11: folds 
Uncalled bet ($9.39) returned to Poker9803
Poker9803 collected $10.18 from pot
Poker9803: doesn't show hand 
*** SUMMARY ***
Total pot $10.72 | Rake $0.54 
Board [3s 4c As Qh]
Seat 6: GuigaMan
Seat 1: NISIY folded before Flop (didn't bet)
Seat 2: Poker9803 collected ($10.18)
Seat 3: MAO_DZEDYN_S (button) folded before Flop (didn't bet)
Seat 4: Zvst (small blind) folded before Flop
Seat 5: poker_soul11 (big blind) folded on the Turn



PokerStars Hand #254385681548:  Hold'em No Limit ($0.50/$1.00 USD) - 2025/01/15 18:06:24 WET [2025/01/15 13:06:24 ET]
Table 'Cantabia III' 6-max Seat #4 is the button
Seat 1: NISIY ($114.27 in chips) 
Seat 2: Poker9803 ($107.27 in chips) 
Seat 3: MAO_DZEDYN_S ($103.42 in chips) 
Seat 4: Zvst ($109.87 in chips) 
Seat 5: poker_soul11 ($100.69 in chips) 
Seat 6: GuigaMan ($100 in chips) 
poker_soul11: posts small blind $0.50
GuigaMan: posts big blind $1
*** HOLE CARDS ***
NISIY: folds 
Poker9803: folds 
MAO_DZEDYN_S: folds 
NISIY leaves the table
Zvst: raises $1.50 to $2.50
poker_soul11: folds 
GuigaMan: folds 
Uncalled bet ($1.50) returned to Zvst
Zvst collected $2.50 from pot
Zvst: doesn't show hand 
*** SUMMARY ***
Total pot $2.50 | Rake $0 
Seat 1: NISIY folded before Flop (didn't bet)
Seat 2: Poker9803 folded before Flop (didn't bet)
Seat 3: MAO_DZEDYN_S folded before Flop (didn't bet)
Seat 4: Zvst (button) collected ($2.50)
Seat 5: poker_soul11 (small blind) folded before Flop
Seat 6: GuigaMan (big blind) folded before Flop



PokerStars Hand #254385686874:  Hold'em No Limit ($0.50/$1.00 USD) - 2025/01/15 18:06:43 WET [2025/01/15 13:06:43 ET]
Table 'Cantabia III' 6-max Seat #6 is the button
Seat 2: Poker9803 ($107.27 in chips) is sitting out
Seat 3: MAO_DZEDYN_S ($103.42 in chips) is sitting out
Seat 4: Zvst ($111.37 in chips) is sitting out
Seat 5: poker_soul11 ($100.19 in chips) 
Seat 6: GuigaMan ($100 in chips) 
GuigaMan: posts small blind $0.50
Poker9803: is sitting out 
MAO_DZEDYN_S: is sitting out 
Zvst: is sitting out 
poker_soul11: posts big blind $1
*** HOLE CARDS ***
GuigaMan: raises $1.10 to $2.10
Zvst leaves the table
poker_soul11: raises $9.90 to $12
MAO_DZEDYN_S leaves the table
GuigaMan: folds 
Uncalled bet ($9.90) returned to poker_soul11
poker_soul11 collected $4.20 from pot
poker_soul11: doesn't show hand 
Poker9803 leaves the table
*** SUMMARY ***
Total pot $4.20 | Rake $0 
Seat 2: Poker9803
Seat 3: MAO_DZEDYN_S
Seat 4: Zvst
Seat 5: poker_soul11 (big blind) collected ($4.20)
Seat 6: GuigaMan (button) (small blind) folded before Flop



PokerStars Hand #254385690121:  Hold'em No Limit ($0.50/$1.00 USD) - 2025/01/15 18:06:54 WET [2025/01/15 13:06:54 ET]
Table 'Cantabia III' 6-max Seat #5 is the button
Seat 5: poker_soul11 ($102.29 in chips) 
Seat 6: GuigaMan ($100 in chips) 
poker_soul11: posts small blind $0.50
GuigaMan: posts big blind $1
*** HOLE CARDS ***
poker_soul11: raises $1.50 to $2.50
GuigaMan: folds 
Uncalled bet ($1.50) returned to poker_soul11
poker_soul11 collected $2 from pot
poker_soul11: doesn't show hand 
*** SUMMARY ***
Total pot $2 | Rake $0 
Seat 5: poker_soul11 (button) (small blind) collected ($2)
Seat 6: GuigaMan (big blind) folded before Flop



PokerStars Hand #254385692405:  Hold'em No Limit ($0.50/$1.00 USD) - 2025/01/15 18:07:02 WET [2025/01/15 13:07:02 ET]
Table 'Cantabia III' 6-max Seat #6 is the button
Seat 5: poker_soul11 ($103.29 in chips) 
Seat 6: GuigaMan ($100 in chips) 
GuigaMan: posts small blind $0.50
poker_soul11: posts big blind $1
*** HOLE CARDS ***
GuigaMan: folds 
Uncalled bet ($0.50) returned to poker_soul11
poker_soul11 collected $1 from pot
poker_soul11: doesn't show hand 
GuigaMan leaves the table
*** SUMMARY ***
Total pot $1 | Rake $0 
Seat 5: poker_soul11 (big blind) collected ($1)
Seat 6: GuigaMan (button) (small blind) folded before Flop



PokerStars Hand #254385907074:  Hold'em No Limit ($0.50/$1.00 USD) - 2025/01/15 18:19:41 WET [2025/01/15 13:19:41 ET]
Table 'Cantabia III' 6-max Seat #1 is the button
Seat 1: Gfoer ($100 in chips) 
Seat 2: whlzor ($100 in chips) 
Seat 3: don-lumo ($98.88 in chips) 
Seat 4: blistein ($100 in chips) 
Seat 5: poker_soul11 ($103.79 in chips) 
Seat 6: EvilReality ($100 in chips) 
whlzor: posts small blind $0.50
don-lumo: posts big blind $1
*** HOLE CARDS ***
blistein: folds 
poker_soul11: folds 
EvilReality: raises $1.50 to $2.50
Gfoer: folds 
whlzor: folds 
don-lumo: calls $1.50
*** FLOP *** [Td Kd As]
don-lumo: checks 
EvilReality: bets $4.44
don-lumo: folds 
Uncalled bet ($4.44) returned to EvilReality
EvilReality collected $5.22 from pot
EvilReality: doesn't show hand 
*** SUMMARY ***
Total pot $5.50 | Rake $0.28 
Board [Td Kd As]
Seat 1: Gfoer (button) folded before Flop (didn't bet)
Seat 2: whlzor (small blind) folded before Flop
Seat 3: don-lumo (big blind) folded on the Flop
Seat 4: blistein folded before Flop (didn't bet)
Seat 5: poker_soul11 folded before Flop (didn't bet)
Seat 6: EvilReality collected ($5.22)



PokerStars Hand #254385915800:  Hold'em No Limit ($0.50/$1.00 USD) - 2025/01/15 18:20:11 WET [2025/01/15 13:20:11 ET]
Table 'Cantabia III' 6-max Seat #2 is the button
Seat 1: Gfoer ($100 in chips) 
Seat 2: whlzor ($100 in chips) 
Seat 3: don-lumo ($96.38 in chips) 
Seat 4: blistein ($100 in chips) 
Seat 5: poker_soul11 ($103.79 in chips) 
Seat 6: EvilReality ($102.72 in chips) 
don-lumo: posts small blind $0.50
blistein: posts big blind $1
*** HOLE CARDS ***
poker_soul11: folds 
EvilReality: raises $1.50 to $2.50
Gfoer: raises $6 to $8.50
whlzor: folds 
don-lumo: folds 
blistein: folds 
EvilReality: folds 
Uncalled bet ($6) returned to Gfoer
Gfoer collected $6.50 from pot
Gfoer: doesn't show hand 
*** SUMMARY ***
Total pot $6.50 | Rake $0 
Seat 1: Gfoer collected ($6.50)
Seat 2: whlzor (button) folded before Flop (didn't bet)
Seat 3: don-lumo (small blind) folded before Flop
Seat 4: blistein (big blind) folded before Flop
Seat 5: poker_soul11 folded before Flop (didn't bet)
Seat 6: EvilReality folded before Flop



PokerStars Hand #254385924128:  Hold'em No Limit ($0.50/$1.00 USD) - 2025/01/15 18:20:40 WET [2025/01/15 13:20:40 ET]
Table 'Cantabia III' 6-max Seat #3 is the button
Seat 5: poker_soul11 ($103.79 in chips) is sitting out
Seat 1: Gfoer ($104 in chips) 
Seat 2: whlzor ($100 in chips) 
Seat 3: don-lumo ($95.88 in chips) 
Seat 4: blistein ($100 in chips) 
Seat 6: EvilReality ($100.22 in chips) 
blistein: posts small blind $0.50
poker_soul11: is sitting out 
EvilReality: posts big blind $1
*** HOLE CARDS ***
Gfoer: folds 
whlzor: raises $2 to $3
don-lumo: calls $3
blistein: raises $11 to $14
EvilReality: folds 
whlzor: folds 
don-lumo: folds 
Uncalled bet ($11) returned to blistein
blistein collected $10 from pot
blistein: doesn't show hand 
*** SUMMARY ***
Total pot $10 | Rake $0 
Seat 5: poker_soul11
Seat 1: Gfoer folded before Flop (didn't bet)
Seat 2: whlzor folded before Flop
Seat 3: don-lumo (button) folded before Flop
Seat 4: blistein (small blind) collected ($10)
Seat 6: EvilReality (big blind) folded before Flop



PokerStars Hand #254385932353:  Hold'em No Limit ($0.50/$1.00 USD) - 2025/01/15 18:21:08 WET [2025/01/15 13:21:08 ET]
Table 'Cantabia III' 6-max Seat #4 is the button
Seat 5: poker_soul11 ($103.79 in chips) is sitting out
Seat 1: Gfoer ($104 in chips) 
Seat 2: whlzor ($100 in chips) 
Seat 3: don-lumo ($92.88 in chips) 
Seat 4: blistein ($107 in chips) 
Seat 6: EvilReality ($100 in chips) 
EvilReality: posts small blind $0.50
Gfoer: posts big blind $1
*** HOLE CARDS ***
whlzor: folds 
don-lumo: folds 
blistein: raises $1.50 to $2.50
EvilReality: folds 
Gfoer: folds 
Uncalled bet ($1.50) returned to blistein
blistein collected $2.50 from pot
blistein: doesn't show hand 
*** SUMMARY ***
Total pot $2.50 | Rake $0 
Seat 5: poker_soul11
Seat 1: Gfoer (big blind) folded before Flop
Seat 2: whlzor folded before Flop (didn't bet)
Seat 3: don-lumo folded before Flop (didn't bet)
Seat 4: blistein (button) collected ($2.50)
Seat 6: EvilReality (small blind) folded before Flop



PokerStars Hand #254385938214:  Hold'em No Limit ($0.50/$1.00 USD) - 2025/01/15 18:21:28 WET [2025/01/15 13:21:28 ET]
Table 'Cantabia III' 6-max Seat #6 is the button
Seat 5: poker_soul11 ($103.79 in chips) is sitting out
Seat 1: Gfoer ($103 in chips) 
Seat 2: whlzor ($100 in chips) 
Seat 3: don-lumo ($92.88 in chips) 
Seat 4: blistein ($108.50 in chips) 
Seat 6: EvilReality ($100 in chips) 
Gfoer: posts small blind $0.50
whlzor: posts big blind $1
poker_soul11: sits out 
*** HOLE CARDS ***
don-lumo: folds 
blistein: folds 
EvilReality: folds 
Gfoer: raises $1.50 to $2.50
whlzor: calls $1.50
*** FLOP *** [9d Jh 9h]
Gfoer: checks 
whlzor: checks 
*** TURN *** [9d Jh 9h] [2d]
Gfoer: checks 
whlzor: checks 
*** RIVER *** [9d Jh 9h 2d] [7s]
Gfoer: bets $3.56
whlzor: raises $4.44 to $8
Gfoer: folds 
Uncalled bet ($4.44) returned to whlzor
whlzor collected $11.51 from pot
whlzor: doesn't show hand 
*** SUMMARY ***
Total pot $12.12 | Rake $0.61 
Board [9d Jh 9h 2d 7s]
Seat 5: poker_soul11
Seat 1: Gfoer (small blind) folded on the River
Seat 2: whlzor (big blind) collected ($11.51)
Seat 3: don-lumo folded before Flop (didn't bet)
Seat 4: blistein folded before Flop (didn't bet)
Seat 6: EvilReality (button) folded before Flop (didn't bet)



PokerStars Hand #254385959814:  Hold'em No Limit ($0.50/$1.00 USD) - 2025/01/15 18:22:44 WET [2025/01/15 13:22:44 ET]
Table 'Cantabia III' 6-max Seat #1 is the button
Seat 5: poker_soul11 ($103.79 in chips) is sitting out
Seat 1: Gfoer ($100 in chips) 
Seat 2: whlzor ($105.45 in chips) 
Seat 3: don-lumo ($92.88 in chips) 
Seat 4: blistein ($108.50 in chips) 
Seat 6: EvilReality ($100 in chips) 
whlzor: posts small blind $0.50
don-lumo: posts big blind $1
poker_soul11: sits out 
*** HOLE CARDS ***
blistein: raises $1.20 to $2.20
EvilReality: raises $5.30 to $7.50
Gfoer: folds 
whlzor: folds 
don-lumo: folds 
blistein: folds 
Uncalled bet ($5.30) returned to EvilReality
EvilReality collected $5.90 from pot
EvilReality: doesn't show hand 
*** SUMMARY ***
Total pot $5.90 | Rake $0 
Seat 5: poker_soul11
Seat 1: Gfoer (button) folded before Flop (didn't bet)
Seat 2: whlzor (small blind) folded before Flop
Seat 3: don-lumo (big blind) folded before Flop
Seat 4: blistein folded before Flop
Seat 6: EvilReality collected ($5.90)



PokerStars Hand #254385964971:  Hold'em No Limit ($0.50/$1.00 USD) - 2025/01/15 18:23:01 WET [2025/01/15 13:23:01 ET]
Table 'Cantabia III' 6-max Seat #2 is the button
Seat 5: poker_soul11 ($103.79 in chips) is sitting out
Seat 1: Gfoer ($100 in chips) 
Seat 2: whlzor ($104.95 in chips) 
Seat 3: don-lumo ($91.88 in chips) 
Seat 4: blistein ($106.30 in chips) 
Seat 6: EvilReality ($103.70 in chips) 
don-lumo: posts small blind $0.50
blistein: posts big blind $1
poker_soul11: sits out 
*** HOLE CARDS ***
EvilReality: folds 
Gfoer: raises $1.20 to $2.20
whlzor: folds 
don-lumo: folds 
blistein: calls $1.20
*** FLOP *** [Ad 8c 4d]
blistein: checks 
Gfoer: bets $3.50
blistein: calls $3.50
*** TURN *** [Ad 8c 4d] [6s]
blistein: checks 
Gfoer: checks 
*** RIVER *** [Ad 8c 4d 6s] [9d]
blistein: bets $9
Gfoer: calls $9
*** SHOW DOWN ***
blistein: shows [Ac 9c] (two pair, Aces and Nines)
Gfoer: shows [9s 9h] (three of a kind, Nines)
Gfoer collected $28.40 from pot
*** SUMMARY ***
Total pot $29.90 | Rake $1.50 
Board [Ad 8c 4d 6s 9d]
Seat 5: poker_soul11
Seat 1: Gfoer showed [9s 9h] and won ($28.40) with three of a kind, Nines
Seat 2: whlzor (button) folded before Flop (didn't bet)
Seat 3: don-lumo (small blind) folded before Flop
Seat 4: blistein (big blind) showed [Ac 9c] and lost with two pair, Aces and Nines
Seat 6: EvilReality folded before Flop (didn't bet)



PokerStars Hand #254385989398:  Hold'em No Limit ($0.50/$1.00 USD) - 2025/01/15 18:24:26 WET [2025/01/15 13:24:26 ET]
Table 'Cantabia III' 6-max Seat #3 is the button
Seat 1: Gfoer ($113.70 in chips) 
Seat 2: whlzor ($104.95 in chips) 
Seat 3: don-lumo ($91.38 in chips) 
Seat 4: blistein ($100 in chips) 
Seat 5: poker_soul11 ($103.79 in chips) 
Seat 6: EvilReality ($103.70 in chips) 
blistein: posts small blind $0.50
poker_soul11: posts big blind $1
*** HOLE CARDS ***
EvilReality: folds 
Gfoer: folds 
whlzor: folds 
don-lumo: folds 
blistein: raises $2 to $3
poker_soul11: folds 
Uncalled bet ($2) returned to blistein
blistein collected $2 from pot
blistein: doesn't show hand 
*** SUMMARY ***
Total pot $2 | Rake $0 
Seat 1: Gfoer folded before Flop (didn't bet)
Seat 2: whlzor folded before Flop (didn't bet)
Seat 3: don-lumo (button) folded before Flop (didn't bet)
Seat 4: blistein (small blind) collected ($2)
Seat 5: poker_soul11 (big blind) folded before Flop
Seat 6: EvilReality folded before Flop (didn't bet)



PokerStars Hand #254385994421:  Hold'em No Limit ($0.50/$1.00 USD) - 2025/01/15 18:24:43 WET [2025/01/15 13:24:43 ET]
Table 'Cantabia III' 6-max Seat #4 is the button
Seat 1: Gfoer ($113.70 in chips) 
Seat 2: whlzor ($104.95 in chips) 
Seat 3: don-lumo ($91.38 in chips) 
Seat 4: blistein ($101 in chips) 
Seat 5: poker_soul11 ($102.79 in chips) 
Seat 6: EvilReality ($103.70 in chips) 
poker_soul11: posts small blind $0.50
EvilReality: posts big blind $1
*** HOLE CARDS ***
Gfoer: folds 
whlzor: folds 
don-lumo: folds 
blistein: raises $1.50 to $2.50
poker_soul11: folds 
EvilReality: calls $1.50
*** FLOP *** [Kd Tc 2s]
EvilReality: checks 
blistein: checks 
*** TURN *** [Kd Tc 2s] [Jc]
EvilReality: checks 
blistein: bets $2.61
EvilReality: folds 
Uncalled bet ($2.61) returned to blistein
blistein collected $5.22 from pot
blistein: doesn't show hand 
*** SUMMARY ***
Total pot $5.50 | Rake $0.28 
Board [Kd Tc 2s Jc]
Seat 1: Gfoer folded before Flop (didn't bet)
Seat 2: whlzor folded before Flop (didn't bet)
Seat 3: don-lumo folded before Flop (didn't bet)
Seat 4: blistein (button) collected ($5.22)
Seat 5: poker_soul11 (small blind) folded before Flop
Seat 6: EvilReality (big blind) folded on the Turn



PokerStars Hand #254386010226:  Hold'em No Limit ($0.50/$1.00 USD) - 2025/01/15 18:25:37 WET [2025/01/15 13:25:37 ET]
Table 'Cantabia III' 6-max Seat #5 is the button
Seat 1: Gfoer ($113.70 in chips) 
Seat 2: whlzor ($104.95 in chips) 
Seat 3: don-lumo ($91.38 in chips) 
Seat 4: blistein ($103.72 in chips) 
Seat 5: poker_soul11 ($102.29 in chips) 
Seat 6: EvilReality ($101.20 in chips) 
EvilReality: posts small blind $0.50
Gfoer: posts big blind $1
*** HOLE CARDS ***
whlzor: folds 
don-lumo: raises $2 to $3
blistein: folds 
poker_soul11: raises $6 to $9
EvilReality: folds 
Gfoer: folds 
don-lumo: folds 
Uncalled bet ($6) returned to poker_soul11
poker_soul11 collected $7.50 from pot
poker_soul11: doesn't show hand 
*** SUMMARY ***
Total pot $7.50 | Rake $0 
Seat 1: Gfoer (big blind) folded before Flop
Seat 2: whlzor folded before Flop (didn't bet)
Seat 3: don-lumo folded before Flop
Seat 4: blistein folded before Flop (didn't bet)
Seat 5: poker_soul11 (button) collected ($7.50)
Seat 6: EvilReality (small blind) folded before Flop



PokerStars Hand #254386018471:  Hold'em No Limit ($0.50/$1.00 USD) - 2025/01/15 18:26:06 WET [2025/01/15 13:26:06 ET]
Table 'Cantabia III' 6-max Seat #6 is the button
Seat 1: Gfoer ($112.70 in chips) 
Seat 2: whlzor ($104.95 in chips) 
Seat 3: don-lumo ($88.38 in chips) 
Seat 4: blistein ($103.72 in chips) 
Seat 5: poker_soul11 ($106.79 in chips) 
Seat 6: EvilReality ($100.70 in chips) 
Gfoer: posts small blind $0.50
whlzor: posts big blind $1
*** HOLE CARDS ***
don-lumo: raises $2 to $3
blistein: folds 
poker_soul11: folds 
EvilReality: folds 
Gfoer: folds 
whlzor: folds 
Uncalled bet ($2) returned to don-lumo
don-lumo collected $2.50 from pot
*** SUMMARY ***
Total pot $2.50 | Rake $0 
Seat 1: Gfoer (small blind) folded before Flop
Seat 2: whlzor (big blind) folded before Flop
Seat 3: don-lumo collected ($2.50)
Seat 4: blistein folded before Flop (didn't bet)
Seat 5: poker_soul11 folded before Flop (didn't bet)
Seat 6: EvilReality (button) folded before Flop (didn't bet)



PokerStars Hand #254386023808:  Hold'em No Limit ($0.50/$1.00 USD) - 2025/01/15 18:26:25 WET [2025/01/15 13:26:25 ET]
Table 'Cantabia III' 6-max Seat #1 is the button
Seat 1: Gfoer ($112.20 in chips) 
Seat 2: whlzor ($103.95 in chips) 
Seat 3: don-lumo ($89.88 in chips) 
Seat 4: blistein ($103.72 in chips) 
Seat 5: poker_soul11 ($106.79 in chips) 
Seat 6: EvilReality ($100.70 in chips) 
whlzor: posts small blind $0.50
don-lumo: posts big blind $1
*** HOLE CARDS ***
blistein: folds 
poker_soul11: raises $1.20 to $2.20
EvilReality: folds 
Gfoer: folds 
whlzor: folds 
don-lumo: calls $1.20
*** FLOP *** [As 6h 9c]
don-lumo: checks 
poker_soul11: bets $1.17
don-lumo: calls $1.17
*** TURN *** [As 6h 9c] [Qs]
don-lumo: bets $3.44
poker_soul11: raises $6.88 to $10.32
don-lumo: calls $6.88
*** RIVER *** [As 6h 9c Qs] [3s]
don-lumo: checks 
poker_soul11: checks 
*** SHOW DOWN ***
don-lumo: shows [Th Jh] (high card Ace)
poker_soul11: shows [Ad 3d] (two pair, Aces and Threes)
poker_soul11 collected $26.49 from pot
*** SUMMARY ***
Total pot $27.88 | Rake $1.39 
Board [As 6h 9c Qs 3s]
Seat 1: Gfoer (button) folded before Flop (didn't bet)
Seat 2: whlzor (small blind) folded before Flop
Seat 3: don-lumo (big blind) showed [Th Jh] and lost with high card Ace
Seat 4: blistein folded before Flop (didn't bet)
Seat 5: poker_soul11 showed [Ad 3d] and won ($26.49) with two pair, Aces and Threes
Seat 6: EvilReality folded before Flop (didn't bet)



PokerStars Hand #254386035322:  Hold'em No Limit ($0.50/$1.00 USD) - 2025/01/15 18:27:04 WET [2025/01/15 13:27:04 ET]
Table 'Cantabia III' 6-max Seat #2 is the button
Seat 1: Gfoer ($112.20 in chips) 
Seat 2: whlzor ($103.45 in chips) 
Seat 3: don-lumo ($76.19 in chips) 
Seat 4: blistein ($103.72 in chips) 
Seat 5: poker_soul11 ($119.59 in chips) 
Seat 6: EvilReality ($100.70 in chips) 
don-lumo: posts small blind $0.50
blistein: posts big blind $1
*** HOLE CARDS ***
poker_soul11: folds 
EvilReality: folds 
Gfoer: folds 
whlzor: folds 
don-lumo: raises $1 to $2
blistein: raises $6 to $8
don-lumo: folds 
Uncalled bet ($6) returned to blistein
blistein collected $4 from pot
blistein: doesn't show hand 
*** SUMMARY ***
Total pot $4 | Rake $0 
Seat 1: Gfoer folded before Flop (didn't bet)
Seat 2: whlzor (button) folded before Flop (didn't bet)
Seat 3: don-lumo (small blind) folded before Flop
Seat 4: blistein (big blind) collected ($4)
Seat 5: poker_soul11 folded before Flop (didn't bet)
Seat 6: EvilReality folded before Flop (didn't bet)



PokerStars Hand #254386042351:  Hold'em No Limit ($0.50/$1.00 USD) - 2025/01/15 18:27:29 WET [2025/01/15 13:27:29 ET]
Table 'Cantabia III' 6-max Seat #3 is the button
Seat 1: Gfoer ($112.20 in chips) 
Seat 2: whlzor ($103.45 in chips) 
Seat 3: don-lumo ($74.19 in chips) 
Seat 4: blistein ($105.72 in chips) 
Seat 5: poker_soul11 ($119.59 in chips) 
Seat 6: EvilReality ($100.70 in chips) 
blistein: posts small blind $0.50
poker_soul11: posts big blind $1
*** HOLE CARDS ***
EvilReality: folds 
Gfoer: folds 
whlzor: folds 
don-lumo: raises $2 to $3
blistein: raises $6 to $9
poker_soul11: folds 
don-lumo: raises $19 to $28
blistein: folds 
Uncalled bet ($19) returned to don-lumo
don-lumo collected $19 from pot
*** SUMMARY ***
Total pot $19 | Rake $0 
Seat 1: Gfoer folded before Flop (didn't bet)
Seat 2: whlzor folded before Flop (didn't bet)
Seat 3: don-lumo (button) collected ($19)
Seat 4: blistein (small blind) folded before Flop
Seat 5: poker_soul11 (big blind) folded before Flop
Seat 6: EvilReality folded before Flop (didn't bet)



PokerStars Hand #254386056689:  Hold'em No Limit ($0.50/$1.00 USD) - 2025/01/15 18:28:18 WET [2025/01/15 13:28:18 ET]
Table 'Cantabia III' 6-max Seat #4 is the button
Seat 1: Gfoer ($112.20 in chips) 
Seat 2: whlzor ($103.45 in chips) 
Seat 3: don-lumo ($84.19 in chips) 
Seat 4: blistein ($100 in chips) 
Seat 5: poker_soul11 ($118.59 in chips) 
Seat 6: EvilReality ($100.70 in chips) 
poker_soul11: posts small blind $0.50
EvilReality: posts big blind $1
*** HOLE CARDS ***
Gfoer: folds 
whlzor: folds 
don-lumo: folds 
blistein: folds 
poker_soul11: folds 
Uncalled bet ($0.50) returned to EvilReality
EvilReality collected $1 from pot
EvilReality: doesn't show hand 
don-lumo leaves the table
*** SUMMARY ***
Total pot $1 | Rake $0 
Seat 1: Gfoer folded before Flop (didn't bet)
Seat 2: whlzor folded before Flop (didn't bet)
Seat 3: don-lumo folded before Flop (didn't bet)
Seat 4: blistein (button) folded before Flop (didn't bet)
Seat 5: poker_soul11 (small blind) folded before Flop
Seat 6: EvilReality (big blind) collected ($1)



PokerStars Hand #254386060382:  Hold'em No Limit ($0.50/$1.00 USD) - 2025/01/15 18:28:30 WET [2025/01/15 13:28:30 ET]
Table 'Cantabia III' 6-max Seat #5 is the button
Seat 1: Gfoer ($112.20 in chips) 
Seat 2: whlzor ($103.45 in chips) 
Seat 4: blistein ($100 in chips) 
Seat 5: poker_soul11 ($118.09 in chips) 
Seat 6: EvilReality ($101.20 in chips) 
EvilReality: posts small blind $0.50
Gfoer: posts big blind $1
*** HOLE CARDS ***
whlzor: raises $1.50 to $2.50
blistein: folds 
poker_soul11: folds 
EvilReality: folds 
Gfoer: folds 
Uncalled bet ($1.50) returned to whlzor
whlzor collected $2.50 from pot
whlzor: doesn't show hand 
*** SUMMARY ***
Total pot $2.50 | Rake $0 
Seat 1: Gfoer (big blind) folded before Flop
Seat 2: whlzor collected ($2.50)
Seat 4: blistein folded before Flop (didn't bet)
Seat 5: poker_soul11 (button) folded before Flop (didn't bet)
Seat 6: EvilReality (small blind) folded before Flop



PokerStars Hand #254386069612:  Hold'em No Limit ($0.50/$1.00 USD) - 2025/01/15 18:29:02 WET [2025/01/15 13:29:02 ET]
Table 'Cantabia III' 6-max Seat #6 is the button
Seat 2: whlzor ($104.95 in chips) is sitting out
Seat 4: blistein ($100 in chips) is sitting out
Seat 1: Gfoer ($111.20 in chips) 
Seat 5: poker_soul11 ($118.09 in chips) 
Seat 6: EvilReality ($100.70 in chips) 
Gfoer: posts small blind $0.50
whlzor: is sitting out 
blistein: is sitting out 
poker_soul11: posts big blind $1
*** HOLE CARDS ***
EvilReality: folds 
whlzor leaves the table
blistein leaves the table
EvilReality leaves the table
Gfoer: folds 
Uncalled bet ($0.50) returned to poker_soul11
poker_soul11 collected $1 from pot
poker_soul11: doesn't show hand 
*** SUMMARY ***
Total pot $1 | Rake $0 
Seat 2: whlzor
Seat 4: blistein
Seat 1: Gfoer (small blind) folded before Flop
Seat 5: poker_soul11 (big blind) collected ($1)
Seat 6: EvilReality (button) folded before Flop (didn't bet)



