PokerStars Hand #254383896922:  Hold'em No Limit ($0.50/$1.00 USD) - 2025/01/15 16:02:38 WET [2025/01/15 11:02:38 ET]
Table 'Williams III' 6-max Seat #5 is the button
Seat 1: Gfoer ($100 in chips) 
Seat 2: ReVeu710 ($100 in chips) 
Seat 3: lazyG007605 ($36.49 in chips) 
Seat 4: Poker9803 ($100 in chips) 
Seat 5: mr.Jckpot ($100 in chips) 
Seat 6: socito ($100 in chips) 
socito: posts small blind $0.50
Gfoer: posts big blind $1
*** HOLE CARDS ***
ReVeu710: folds 
lazyG007605: folds 
Poker9803: folds 
mr.Jckpot: raises $1.50 to $2.50
ReVeu710 leaves the table
socito: raises $9 to $11.50
Gfoer: folds 
mr.Jckpot: folds 
Uncalled bet ($9) returned to socito
socito collected $6 from pot
socito: doesn't show hand 
Kristo 914 joins the table at seat #2 
*** SUMMARY ***
Total pot $6 | Rake $0 
Seat 1: Gfoer (big blind) folded before Flop
Seat 2: ReVeu710 folded before Flop (didn't bet)
Seat 3: lazyG007605 folded before Flop (didn't bet)
Seat 4: Poker9803 folded before Flop (didn't bet)
Seat 5: mr.Jckpot (button) folded before Flop
Seat 6: socito (small blind) collected ($6)



PokerStars Hand #254383903572:  Hold'em No Limit ($0.50/$1.00 USD) - 2025/01/15 16:03:07 WET [2025/01/15 11:03:07 ET]
Table 'Williams III' 6-max Seat #6 is the button
Seat 1: Gfoer ($100 in chips) 
Seat 2: Kristo 914 ($100 in chips) 
Seat 3: lazyG007605 ($36.49 in chips) 
Seat 4: Poker9803 ($100 in chips) 
Seat 5: mr.Jckpot ($100 in chips) 
Seat 6: socito ($103.50 in chips) 
Gfoer: posts small blind $0.50
Kristo 914: posts big blind $1
*** HOLE CARDS ***
lazyG007605: folds 
Poker9803: folds 
mr.Jckpot: raises $1.50 to $2.50
socito: folds 
Gfoer: folds 
Kristo 914: raises $9.50 to $12
mr.Jckpot: folds 
Uncalled bet ($9.50) returned to Kristo 914
Kristo 914 collected $5.50 from pot
Kristo 914: doesn't show hand 
*** SUMMARY ***
Total pot $5.50 | Rake $0 
Seat 1: Gfoer (small blind) folded before Flop
Seat 2: Kristo 914 (big blind) collected ($5.50)
Seat 3: lazyG007605 folded before Flop (didn't bet)
Seat 4: Poker9803 folded before Flop (didn't bet)
Seat 5: mr.Jckpot folded before Flop
Seat 6: socito (button) folded before Flop (didn't bet)



PokerStars Hand #254383917187:  Hold'em No Limit ($0.50/$1.00 USD) - 2025/01/15 16:04:06 WET [2025/01/15 11:04:06 ET]
Table 'Williams III' 6-max Seat #1 is the button
Seat 1: Gfoer ($100 in chips) 
Seat 2: Kristo 914 ($103 in chips) 
Seat 3: lazyG007605 ($36.49 in chips) 
Seat 4: Poker9803 ($100 in chips) 
Seat 5: mr.Jckpot ($100 in chips) 
Seat 6: socito ($103.50 in chips) 
Kristo 914: posts small blind $0.50
lazyG007605: posts big blind $1
*** HOLE CARDS ***
Poker9803: folds 
mr.Jckpot: folds 
socito: folds 
Gfoer: raises $2 to $3
Kristo 914: folds 
lazyG007605: folds 
Uncalled bet ($2) returned to Gfoer
Gfoer collected $2.50 from pot
Gfoer: doesn't show hand 
*** SUMMARY ***
Total pot $2.50 | Rake $0 
Seat 1: Gfoer (button) collected ($2.50)
Seat 2: Kristo 914 (small blind) folded before Flop
Seat 3: lazyG007605 (big blind) folded before Flop
Seat 4: Poker9803 folded before Flop (didn't bet)
Seat 5: mr.Jckpot folded before Flop (didn't bet)
Seat 6: socito folded before Flop (didn't bet)



PokerStars Hand #254383924648:  Hold'em No Limit ($0.50/$1.00 USD) - 2025/01/15 16:04:39 WET [2025/01/15 11:04:39 ET]
Table 'Williams III' 6-max Seat #2 is the button
Seat 1: Gfoer ($101.50 in chips) 
Seat 2: Kristo 914 ($102.50 in chips) 
Seat 3: lazyG007605 ($35.49 in chips) 
Seat 4: Poker9803 ($100 in chips) 
Seat 5: mr.Jckpot ($100 in chips) 
Seat 6: socito ($103.50 in chips) 
lazyG007605: posts small blind $0.50
Poker9803: posts big blind $1
*** HOLE CARDS ***
mr.Jckpot: folds 
socito: folds 
Gfoer: folds 
Kristo 914: folds 
lazyG007605: calls $0.50
Poker9803: checks 
*** FLOP *** [Ks 8h Qc]
lazyG007605: checks 
Poker9803: checks 
*** TURN *** [Ks 8h Qc] [Jc]
lazyG007605: bets $1
Poker9803: folds 
Uncalled bet ($1) returned to lazyG007605
lazyG007605 collected $1.90 from pot
*** SUMMARY ***
Total pot $2 | Rake $0.10 
Board [Ks 8h Qc Jc]
Seat 1: Gfoer folded before Flop (didn't bet)
Seat 2: Kristo 914 (button) folded before Flop (didn't bet)
Seat 3: lazyG007605 (small blind) collected ($1.90)
Seat 4: Poker9803 (big blind) folded on the Turn
Seat 5: mr.Jckpot folded before Flop (didn't bet)
Seat 6: socito folded before Flop (didn't bet)



PokerStars Hand #254383933145:  Hold'em No Limit ($0.50/$1.00 USD) - 2025/01/15 16:05:15 WET [2025/01/15 11:05:15 ET]
Table 'Williams III' 6-max Seat #3 is the button
Seat 1: Gfoer ($101.50 in chips) 
Seat 2: Kristo 914 ($102.50 in chips) 
Seat 3: lazyG007605 ($36.39 in chips) 
Seat 4: Poker9803 ($100 in chips) 
Seat 5: mr.Jckpot ($100 in chips) 
Seat 6: socito ($103.50 in chips) 
Poker9803: posts small blind $0.50
mr.Jckpot: posts big blind $1
*** HOLE CARDS ***
socito: folds 
Gfoer: raises $1.20 to $2.20
Kristo 914: folds 
lazyG007605: folds 
Poker9803: raises $7.92 to $10.12
mr.Jckpot: folds 
Gfoer: folds 
Uncalled bet ($7.92) returned to Poker9803
Poker9803 collected $5.40 from pot
Poker9803: doesn't show hand 
*** SUMMARY ***
Total pot $5.40 | Rake $0 
Seat 1: Gfoer folded before Flop
Seat 2: Kristo 914 folded before Flop (didn't bet)
Seat 3: lazyG007605 (button) folded before Flop (didn't bet)
Seat 4: Poker9803 (small blind) collected ($5.40)
Seat 5: mr.Jckpot (big blind) folded before Flop
Seat 6: socito folded before Flop (didn't bet)



PokerStars Hand #254383938389:  Hold'em No Limit ($0.50/$1.00 USD) - 2025/01/15 16:05:38 WET [2025/01/15 11:05:38 ET]
Table 'Williams III' 6-max Seat #4 is the button
Seat 1: Gfoer ($100 in chips) 
Seat 2: Kristo 914 ($102.50 in chips) 
Seat 3: lazyG007605 ($36.39 in chips) 
Seat 4: Poker9803 ($103.20 in chips) 
Seat 5: mr.Jckpot ($100 in chips) 
Seat 6: socito ($103.50 in chips) 
mr.Jckpot: posts small blind $0.50
socito: posts big blind $1
*** HOLE CARDS ***
Gfoer: raises $1.20 to $2.20
Kristo 914: folds 
lazyG007605: folds 
Poker9803: folds 
mr.Jckpot: folds 
socito: folds 
Uncalled bet ($1.20) returned to Gfoer
Gfoer collected $2.50 from pot
Gfoer: doesn't show hand 
*** SUMMARY ***
Total pot $2.50 | Rake $0 
Seat 1: Gfoer collected ($2.50)
Seat 2: Kristo 914 folded before Flop (didn't bet)
Seat 3: lazyG007605 folded before Flop (didn't bet)
Seat 4: Poker9803 (button) folded before Flop (didn't bet)
Seat 5: mr.Jckpot (small blind) folded before Flop
Seat 6: socito (big blind) folded before Flop



PokerStars Hand #254383944071:  Hold'em No Limit ($0.50/$1.00 USD) - 2025/01/15 16:06:03 WET [2025/01/15 11:06:03 ET]
Table 'Williams III' 6-max Seat #5 is the button
Seat 1: Gfoer ($101.50 in chips) is sitting out
Seat 2: Kristo 914 ($102.50 in chips) 
Seat 3: lazyG007605 ($36.39 in chips) 
Seat 4: Poker9803 ($103.20 in chips) 
Seat 5: mr.Jckpot ($100 in chips) 
Seat 6: socito ($102.50 in chips) 
socito: posts small blind $0.50
Gfoer: is sitting out 
Kristo 914: posts big blind $1
*** HOLE CARDS ***
Gfoer leaves the table
lazyG007605: folds 
Poker9803: folds 
mr.Jckpot: folds 
socito: folds 
Uncalled bet ($0.50) returned to Kristo 914
Kristo 914 collected $1 from pot
Kristo 914: doesn't show hand 
*** SUMMARY ***
Total pot $1 | Rake $0 
Seat 1: Gfoer
Seat 2: Kristo 914 (big blind) collected ($1)
Seat 3: lazyG007605 folded before Flop (didn't bet)
Seat 4: Poker9803 folded before Flop (didn't bet)
Seat 5: mr.Jckpot (button) folded before Flop (didn't bet)
Seat 6: socito (small blind) folded before Flop



PokerStars Hand #254383947415:  Hold'em No Limit ($0.50/$1.00 USD) - 2025/01/15 16:06:17 WET [2025/01/15 11:06:17 ET]
Table 'Williams III' 6-max Seat #6 is the button
Seat 2: Kristo 914 ($103 in chips) 
Seat 3: lazyG007605 ($36.39 in chips) 
Seat 4: Poker9803 ($103.20 in chips) 
Seat 5: mr.Jckpot ($100 in chips) 
Seat 6: socito ($102 in chips) 
Kristo 914: posts small blind $0.50
lazyG007605: posts big blind $1
*** HOLE CARDS ***
XKTTBOBV11 joins the table at seat #1 
Poker9803: raises $1 to $2
mr.Jckpot: raises $5 to $7
socito: folds 
Kristo 914: folds 
lazyG007605: folds 
Poker9803: folds 
Uncalled bet ($5) returned to mr.Jckpot
mr.Jckpot collected $5.50 from pot
mr.Jckpot: doesn't show hand 
*** SUMMARY ***
Total pot $5.50 | Rake $0 
Seat 2: Kristo 914 (small blind) folded before Flop
Seat 3: lazyG007605 (big blind) folded before Flop
Seat 4: Poker9803 folded before Flop
Seat 5: mr.Jckpot collected ($5.50)
Seat 6: socito (button) folded before Flop (didn't bet)



PokerStars Hand #254383951969:  Hold'em No Limit ($0.50/$1.00 USD) - 2025/01/15 16:06:37 WET [2025/01/15 11:06:37 ET]
Table 'Williams III' 6-max Seat #2 is the button
Seat 1: XKTTBOBV11 ($10 in chips) is sitting out
Seat 2: Kristo 914 ($102.50 in chips) 
Seat 3: lazyG007605 ($35.39 in chips) 
Seat 4: Poker9803 ($101.20 in chips) 
Seat 5: mr.Jckpot ($103.50 in chips) 
Seat 6: socito ($102 in chips) 
lazyG007605: posts small blind $0.50
Poker9803: posts big blind $1
XKTTBOBV11: sits out 
*** HOLE CARDS ***
mr.Jckpot: folds 
socito: raises $1.50 to $2.50
Kristo 914: folds 
lazyG007605: folds 
Poker9803: calls $1.50
*** FLOP *** [5h 2c 6s]
Poker9803: checks 
socito: bets $1.30
Poker9803: raises $4.70 to $6
socito: folds 
Uncalled bet ($4.70) returned to Poker9803
Poker9803 collected $7.70 from pot
Poker9803: doesn't show hand 
*** SUMMARY ***
Total pot $8.10 | Rake $0.40 
Board [5h 2c 6s]
Seat 1: XKTTBOBV11
Seat 2: Kristo 914 (button) folded before Flop (didn't bet)
Seat 3: lazyG007605 (small blind) folded before Flop
Seat 4: Poker9803 (big blind) collected ($7.70)
Seat 5: mr.Jckpot folded before Flop (didn't bet)
Seat 6: socito folded on the Flop



PokerStars Hand #254383960215:  Hold'em No Limit ($0.50/$1.00 USD) - 2025/01/15 16:07:13 WET [2025/01/15 11:07:13 ET]
Table 'Williams III' 6-max Seat #3 is the button
Seat 1: XKTTBOBV11 ($10 in chips) is sitting out
Seat 2: Kristo 914 ($102.50 in chips) 
Seat 3: lazyG007605 ($34.89 in chips) 
Seat 4: Poker9803 ($105.10 in chips) 
Seat 5: mr.Jckpot ($103.50 in chips) 
Seat 6: socito ($100 in chips) 
Poker9803: posts small blind $0.50
mr.Jckpot: posts big blind $1
XKTTBOBV11: sits out 
*** HOLE CARDS ***
socito: raises $1.50 to $2.50
Kristo 914: folds 
lazyG007605: folds 
Poker9803: folds 
mr.Jckpot: folds 
Uncalled bet ($1.50) returned to socito
socito collected $2.50 from pot
socito: doesn't show hand 
*** SUMMARY ***
Total pot $2.50 | Rake $0 
Seat 1: XKTTBOBV11
Seat 2: Kristo 914 folded before Flop (didn't bet)
Seat 3: lazyG007605 (button) folded before Flop (didn't bet)
Seat 4: Poker9803 (small blind) folded before Flop
Seat 5: mr.Jckpot (big blind) folded before Flop
Seat 6: socito collected ($2.50)



PokerStars Hand #254383963999:  Hold'em No Limit ($0.50/$1.00 USD) - 2025/01/15 16:07:30 WET [2025/01/15 11:07:30 ET]
Table 'Williams III' 6-max Seat #4 is the button
Seat 1: XKTTBOBV11 ($10 in chips) is sitting out
Seat 2: Kristo 914 ($102.50 in chips) 
Seat 3: lazyG007605 ($34.89 in chips) 
Seat 4: Poker9803 ($104.60 in chips) 
Seat 5: mr.Jckpot ($102.50 in chips) 
Seat 6: socito ($101.50 in chips) 
mr.Jckpot: posts small blind $0.50
socito: posts big blind $1
XKTTBOBV11: sits out 
*** HOLE CARDS ***
Kristo 914: folds 
lazyG007605: calls $1
Poker9803: folds 
mr.Jckpot: folds 
socito: checks 
*** FLOP *** [8d Ts Kc]
socito: checks 
lazyG007605: bets $3
socito: folds 
Uncalled bet ($3) returned to lazyG007605
lazyG007605 collected $2.38 from pot
*** SUMMARY ***
Total pot $2.50 | Rake $0.12 
Board [8d Ts Kc]
Seat 1: XKTTBOBV11
Seat 2: Kristo 914 folded before Flop (didn't bet)
Seat 3: lazyG007605 collected ($2.38)
Seat 4: Poker9803 (button) folded before Flop (didn't bet)
Seat 5: mr.Jckpot (small blind) folded before Flop
Seat 6: socito (big blind) folded on the Flop



PokerStars Hand #254383972184:  Hold'em No Limit ($0.50/$1.00 USD) - 2025/01/15 16:08:06 WET [2025/01/15 11:08:06 ET]
Table 'Williams III' 6-max Seat #5 is the button
Seat 1: XKTTBOBV11 ($10 in chips) 
Seat 2: Kristo 914 ($102.50 in chips) 
Seat 3: lazyG007605 ($36.27 in chips) 
Seat 4: Poker9803 ($104.60 in chips) 
Seat 5: mr.Jckpot ($102 in chips) 
Seat 6: socito ($100.50 in chips) 
socito: posts small blind $0.50
XKTTBOBV11: posts big blind $1
*** HOLE CARDS ***
Kristo 914: folds 
lazyG007605: folds 
Poker9803: folds 
mr.Jckpot: folds 
socito: folds 
Uncalled bet ($0.50) returned to XKTTBOBV11
XKTTBOBV11 collected $1 from pot
XKTTBOBV11: doesn't show hand 
*** SUMMARY ***
Total pot $1 | Rake $0 
Seat 1: XKTTBOBV11 (big blind) collected ($1)
Seat 2: Kristo 914 folded before Flop (didn't bet)
Seat 3: lazyG007605 folded before Flop (didn't bet)
Seat 4: Poker9803 folded before Flop (didn't bet)
Seat 5: mr.Jckpot (button) folded before Flop (didn't bet)
Seat 6: socito (small blind) folded before Flop



PokerStars Hand #254383975301:  Hold'em No Limit ($0.50/$1.00 USD) - 2025/01/15 16:08:20 WET [2025/01/15 11:08:20 ET]
Table 'Williams III' 6-max Seat #6 is the button
Seat 1: XKTTBOBV11 ($10.50 in chips) 
Seat 2: Kristo 914 ($102.50 in chips) 
Seat 3: lazyG007605 ($36.27 in chips) 
Seat 4: Poker9803 ($104.60 in chips) 
Seat 5: mr.Jckpot ($102 in chips) 
Seat 6: socito ($100 in chips) 
XKTTBOBV11: posts small blind $0.50
Kristo 914: posts big blind $1
*** HOLE CARDS ***
lazyG007605: folds 
Poker9803: folds 
mr.Jckpot: folds 
socito: folds 
XKTTBOBV11: raises $9.50 to $10.50 and is all-in
Kristo 914: folds 
Uncalled bet ($9.50) returned to XKTTBOBV11
XKTTBOBV11 collected $2 from pot
XKTTBOBV11: doesn't show hand 
*** SUMMARY ***
Total pot $2 | Rake $0 
Seat 1: XKTTBOBV11 (small blind) collected ($2)
Seat 2: Kristo 914 (big blind) folded before Flop
Seat 3: lazyG007605 folded before Flop (didn't bet)
Seat 4: Poker9803 folded before Flop (didn't bet)
Seat 5: mr.Jckpot folded before Flop (didn't bet)
Seat 6: socito (button) folded before Flop (didn't bet)



PokerStars Hand #254383979776:  Hold'em No Limit ($0.50/$1.00 USD) - 2025/01/15 16:08:39 WET [2025/01/15 11:08:39 ET]
Table 'Williams III' 6-max Seat #1 is the button
Seat 1: XKTTBOBV11 ($11.50 in chips) 
Seat 2: Kristo 914 ($101.50 in chips) 
Seat 3: lazyG007605 ($36.27 in chips) 
Seat 4: Poker9803 ($104.60 in chips) 
Seat 5: mr.Jckpot ($102 in chips) 
Seat 6: socito ($100 in chips) 
Kristo 914: posts small blind $0.50
lazyG007605: posts big blind $1
*** HOLE CARDS ***
Poker9803: raises $1 to $2
mr.Jckpot: folds 
socito: folds 
XKTTBOBV11: folds 
Kristo 914: raises $8 to $10
lazyG007605: folds 
Poker9803: folds 
Uncalled bet ($8) returned to Kristo 914
Kristo 914 collected $5 from pot
Kristo 914: doesn't show hand 
*** SUMMARY ***
Total pot $5 | Rake $0 
Seat 1: XKTTBOBV11 (button) folded before Flop (didn't bet)
Seat 2: Kristo 914 (small blind) collected ($5)
Seat 3: lazyG007605 (big blind) folded before Flop
Seat 4: Poker9803 folded before Flop
Seat 5: mr.Jckpot folded before Flop (didn't bet)
Seat 6: socito folded before Flop (didn't bet)



PokerStars Hand #254383990989:  Hold'em No Limit ($0.50/$1.00 USD) - 2025/01/15 16:09:29 WET [2025/01/15 11:09:29 ET]
Table 'Williams III' 6-max Seat #2 is the button
Seat 1: XKTTBOBV11 ($20.50 in chips) 
Seat 2: Kristo 914 ($104.50 in chips) 
Seat 3: lazyG007605 ($35.27 in chips) 
Seat 4: Poker9803 ($102.60 in chips) 
Seat 5: mr.Jckpot ($102 in chips) 
Seat 6: socito ($100 in chips) 
lazyG007605: posts small blind $0.50
Poker9803: posts big blind $1
*** HOLE CARDS ***
mr.Jckpot: folds 
socito: folds 
XKTTBOBV11: folds 
Kristo 914 has timed out
Kristo 914: folds 
lazyG007605: folds 
Uncalled bet ($0.50) returned to Poker9803
Poker9803 collected $1 from pot
Poker9803: doesn't show hand 
*** SUMMARY ***
Total pot $1 | Rake $0 
Seat 1: XKTTBOBV11 folded before Flop (didn't bet)
Seat 2: Kristo 914 (button) folded before Flop (didn't bet)
Seat 3: lazyG007605 (small blind) folded before Flop
Seat 4: Poker9803 (big blind) collected ($1)
Seat 5: mr.Jckpot folded before Flop (didn't bet)
Seat 6: socito folded before Flop (didn't bet)



PokerStars Hand #254384000621:  Hold'em No Limit ($0.50/$1.00 USD) - 2025/01/15 16:10:11 WET [2025/01/15 11:10:11 ET]
Table 'Williams III' 6-max Seat #3 is the button
Seat 2: Kristo 914 ($104.50 in chips) is sitting out
Seat 1: XKTTBOBV11 ($20.50 in chips) 
Seat 3: lazyG007605 ($34.77 in chips) 
Seat 4: Poker9803 ($103.10 in chips) 
Seat 5: mr.Jckpot ($102 in chips) 
Seat 6: socito ($100 in chips) 
Poker9803: posts small blind $0.50
mr.Jckpot: posts big blind $1
*** HOLE CARDS ***
socito: raises $1.50 to $2.50
XKTTBOBV11: raises $18 to $20.50 and is all-in
lazyG007605: folds 
Poker9803: folds 
mr.Jckpot: folds 
socito: folds 
Uncalled bet ($18) returned to XKTTBOBV11
XKTTBOBV11 collected $6.50 from pot
XKTTBOBV11: doesn't show hand 
*** SUMMARY ***
Total pot $6.50 | Rake $0 
Seat 2: Kristo 914
Seat 1: XKTTBOBV11 collected ($6.50)
Seat 3: lazyG007605 (button) folded before Flop (didn't bet)
Seat 4: Poker9803 (small blind) folded before Flop
Seat 5: mr.Jckpot (big blind) folded before Flop
Seat 6: socito folded before Flop



PokerStars Hand #254384006030:  Hold'em No Limit ($0.50/$1.00 USD) - 2025/01/15 16:10:34 WET [2025/01/15 11:10:34 ET]
Table 'Williams III' 6-max Seat #4 is the button
Seat 1: XKTTBOBV11 ($24.50 in chips) 
Seat 2: Kristo 914 ($104.50 in chips) 
Seat 3: lazyG007605 ($34.77 in chips) 
Seat 4: Poker9803 ($102.60 in chips) 
Seat 5: mr.Jckpot ($101 in chips) 
Seat 6: socito ($100 in chips) 
mr.Jckpot: posts small blind $0.50
socito: posts big blind $1
*** HOLE CARDS ***
XKTTBOBV11: folds 
Kristo 914: folds 
lazyG007605: folds 
Poker9803: folds 
mr.Jckpot: raises $2 to $3
socito: folds 
Uncalled bet ($2) returned to mr.Jckpot
mr.Jckpot collected $2 from pot
mr.Jckpot: doesn't show hand 
*** SUMMARY ***
Total pot $2 | Rake $0 
Seat 1: XKTTBOBV11 folded before Flop (didn't bet)
Seat 2: Kristo 914 folded before Flop (didn't bet)
Seat 3: lazyG007605 folded before Flop (didn't bet)
Seat 4: Poker9803 (button) folded before Flop (didn't bet)
Seat 5: mr.Jckpot (small blind) collected ($2)
Seat 6: socito (big blind) folded before Flop



PokerStars Hand #254384011134:  Hold'em No Limit ($0.50/$1.00 USD) - 2025/01/15 16:10:56 WET [2025/01/15 11:10:56 ET]
Table 'Williams III' 6-max Seat #5 is the button
Seat 1: XKTTBOBV11 ($24.50 in chips) 
Seat 2: Kristo 914 ($104.50 in chips) 
Seat 3: lazyG007605 ($34.77 in chips) 
Seat 4: Poker9803 ($102.60 in chips) 
Seat 5: mr.Jckpot ($102 in chips) 
Seat 6: socito ($100 in chips) 
socito: posts small blind $0.50
XKTTBOBV11: posts big blind $1
*** HOLE CARDS ***
Kristo 914: folds 
lazyG007605: folds 
Poker9803: raises $1 to $2
mr.Jckpot: folds 
socito: folds 
XKTTBOBV11: folds 
Uncalled bet ($1) returned to Poker9803
Poker9803 collected $2.50 from pot
Poker9803: doesn't show hand 
*** SUMMARY ***
Total pot $2.50 | Rake $0 
Seat 1: XKTTBOBV11 (big blind) folded before Flop
Seat 2: Kristo 914 folded before Flop (didn't bet)
Seat 3: lazyG007605 folded before Flop (didn't bet)
Seat 4: Poker9803 collected ($2.50)
Seat 5: mr.Jckpot (button) folded before Flop (didn't bet)
Seat 6: socito (small blind) folded before Flop



PokerStars Hand #254384014479:  Hold'em No Limit ($0.50/$1.00 USD) - 2025/01/15 16:11:11 WET [2025/01/15 11:11:11 ET]
Table 'Williams III' 6-max Seat #6 is the button
Seat 1: XKTTBOBV11 ($23.50 in chips) 
Seat 2: Kristo 914 ($104.50 in chips) 
Seat 3: lazyG007605 ($34.77 in chips) 
Seat 4: Poker9803 ($104.10 in chips) 
Seat 5: mr.Jckpot ($102 in chips) 
Seat 6: socito ($100 in chips) 
XKTTBOBV11: posts small blind $0.50
Kristo 914: posts big blind $1
*** HOLE CARDS ***
lazyG007605: raises $1 to $2
Poker9803: folds 
mr.Jckpot: folds 
socito: folds 
XKTTBOBV11: folds 
Kristo 914: folds 
Uncalled bet ($1) returned to lazyG007605
lazyG007605 collected $2.50 from pot
*** SUMMARY ***
Total pot $2.50 | Rake $0 
Seat 1: XKTTBOBV11 (small blind) folded before Flop
Seat 2: Kristo 914 (big blind) folded before Flop
Seat 3: lazyG007605 collected ($2.50)
Seat 4: Poker9803 folded before Flop (didn't bet)
Seat 5: mr.Jckpot folded before Flop (didn't bet)
Seat 6: socito (button) folded before Flop (didn't bet)



PokerStars Hand #254384018379:  Hold'em No Limit ($0.50/$1.00 USD) - 2025/01/15 16:11:27 WET [2025/01/15 11:11:27 ET]
Table 'Williams III' 6-max Seat #1 is the button
Seat 1: XKTTBOBV11 ($23 in chips) 
Seat 2: Kristo 914 ($103.50 in chips) 
Seat 3: lazyG007605 ($36.27 in chips) 
Seat 4: Poker9803 ($104.10 in chips) 
Seat 5: mr.Jckpot ($102 in chips) 
Seat 6: socito ($100 in chips) 
Kristo 914: posts small blind $0.50
lazyG007605: posts big blind $1
*** HOLE CARDS ***
Poker9803: folds 
mr.Jckpot: folds 
Poker9803 leaves the table
socito: folds 
XKTTBOBV11: raises $1 to $2
Kristo 914: folds 
Evelexy1 joins the table at seat #4 
lazyG007605: calls $1
*** FLOP *** [Td Kc 4s]
lazyG007605: checks 
XKTTBOBV11: bets $1.71
lazyG007605: folds 
Uncalled bet ($1.71) returned to XKTTBOBV11
XKTTBOBV11 collected $4.28 from pot
XKTTBOBV11: doesn't show hand 
*** SUMMARY ***
Total pot $4.50 | Rake $0.22 
Board [Td Kc 4s]
Seat 1: XKTTBOBV11 (button) collected ($4.28)
Seat 2: Kristo 914 (small blind) folded before Flop
Seat 3: lazyG007605 (big blind) folded on the Flop
Seat 4: Poker9803 folded before Flop (didn't bet)
Seat 5: mr.Jckpot folded before Flop (didn't bet)
Seat 6: socito folded before Flop (didn't bet)



PokerStars Hand #254384025372:  Hold'em No Limit ($0.50/$1.00 USD) - 2025/01/15 16:11:58 WET [2025/01/15 11:11:58 ET]
Table 'Williams III' 6-max Seat #2 is the button
Seat 1: XKTTBOBV11 ($25.28 in chips) 
Seat 2: Kristo 914 ($103 in chips) 
Seat 3: lazyG007605 ($34.27 in chips) 
Seat 4: Evelexy1 ($100 in chips) 
Seat 5: mr.Jckpot ($102 in chips) 
Seat 6: socito ($100 in chips) 
lazyG007605: posts small blind $0.50
Evelexy1: posts big blind $1
*** HOLE CARDS ***
mr.Jckpot: folds 
socito: folds 
XKTTBOBV11: raises $1 to $2
Kristo 914: folds 
lazyG007605: folds 
Evelexy1: calls $1
*** FLOP *** [7h Jh 8c]
Evelexy1: checks 
XKTTBOBV11: bets $1.41
Evelexy1: folds 
Uncalled bet ($1.41) returned to XKTTBOBV11
XKTTBOBV11 collected $4.28 from pot
XKTTBOBV11: doesn't show hand 
*** SUMMARY ***
Total pot $4.50 | Rake $0.22 
Board [7h Jh 8c]
Seat 1: XKTTBOBV11 collected ($4.28)
Seat 2: Kristo 914 (button) folded before Flop (didn't bet)
Seat 3: lazyG007605 (small blind) folded before Flop
Seat 4: Evelexy1 (big blind) folded on the Flop
Seat 5: mr.Jckpot folded before Flop (didn't bet)
Seat 6: socito folded before Flop (didn't bet)



PokerStars Hand #254384032929:  Hold'em No Limit ($0.50/$1.00 USD) - 2025/01/15 16:12:30 WET [2025/01/15 11:12:30 ET]
Table 'Williams III' 6-max Seat #3 is the button
Seat 1: XKTTBOBV11 ($27.56 in chips) 
Seat 2: Kristo 914 ($103 in chips) 
Seat 3: lazyG007605 ($33.77 in chips) 
Seat 4: Evelexy1 ($100 in chips) 
Seat 5: mr.Jckpot ($102 in chips) 
Seat 6: socito ($100 in chips) 
Evelexy1: posts small blind $0.50
mr.Jckpot: posts big blind $1
*** HOLE CARDS ***
socito: folds 
XKTTBOBV11: raises $1 to $2
Kristo 914: folds 
lazyG007605: folds 
Evelexy1: folds 
mr.Jckpot: calls $1
*** FLOP *** [8s 7d Jd]
mr.Jckpot: checks 
XKTTBOBV11: bets $3.85
mr.Jckpot: folds 
Uncalled bet ($3.85) returned to XKTTBOBV11
XKTTBOBV11 collected $4.28 from pot
XKTTBOBV11: doesn't show hand 
*** SUMMARY ***
Total pot $4.50 | Rake $0.22 
Board [8s 7d Jd]
Seat 1: XKTTBOBV11 collected ($4.28)
Seat 2: Kristo 914 folded before Flop (didn't bet)
Seat 3: lazyG007605 (button) folded before Flop (didn't bet)
Seat 4: Evelexy1 (small blind) folded before Flop
Seat 5: mr.Jckpot (big blind) folded on the Flop
Seat 6: socito folded before Flop (didn't bet)



PokerStars Hand #254384039512:  Hold'em No Limit ($0.50/$1.00 USD) - 2025/01/15 16:12:58 WET [2025/01/15 11:12:58 ET]
Table 'Williams III' 6-max Seat #4 is the button
Seat 1: XKTTBOBV11 ($29.84 in chips) 
Seat 2: Kristo 914 ($103 in chips) 
Seat 3: lazyG007605 ($33.77 in chips) 
Seat 4: Evelexy1 ($100 in chips) 
Seat 5: mr.Jckpot ($100 in chips) 
Seat 6: socito ($100 in chips) 
mr.Jckpot: posts small blind $0.50
socito: posts big blind $1
*** HOLE CARDS ***
XKTTBOBV11: folds 
Kristo 914: folds 
lazyG007605: folds 
Evelexy1: raises $1.50 to $2.50
mr.Jckpot: folds 
socito: folds 
Uncalled bet ($1.50) returned to Evelexy1
Evelexy1 collected $2.50 from pot
Evelexy1: doesn't show hand 
*** SUMMARY ***
Total pot $2.50 | Rake $0 
Seat 1: XKTTBOBV11 folded before Flop (didn't bet)
Seat 2: Kristo 914 folded before Flop (didn't bet)
Seat 3: lazyG007605 folded before Flop (didn't bet)
Seat 4: Evelexy1 (button) collected ($2.50)
Seat 5: mr.Jckpot (small blind) folded before Flop
Seat 6: socito (big blind) folded before Flop



PokerStars Hand #254384044033:  Hold'em No Limit ($0.50/$1.00 USD) - 2025/01/15 16:13:18 WET [2025/01/15 11:13:18 ET]
Table 'Williams III' 6-max Seat #5 is the button
Seat 1: XKTTBOBV11 ($29.84 in chips) 
Seat 2: Kristo 914 ($103 in chips) 
Seat 3: lazyG007605 ($33.77 in chips) 
Seat 4: Evelexy1 ($101.50 in chips) 
Seat 5: mr.Jckpot ($100 in chips) 
Seat 6: socito ($100 in chips) 
socito: posts small blind $0.50
XKTTBOBV11: posts big blind $1
*** HOLE CARDS ***
Kristo 914: folds 
lazyG007605: folds 
Evelexy1: folds 
mr.Jckpot: folds 
socito: folds 
Uncalled bet ($0.50) returned to XKTTBOBV11
XKTTBOBV11 collected $1 from pot
XKTTBOBV11: doesn't show hand 
*** SUMMARY ***
Total pot $1 | Rake $0 
Seat 1: XKTTBOBV11 (big blind) collected ($1)
Seat 2: Kristo 914 folded before Flop (didn't bet)
Seat 3: lazyG007605 folded before Flop (didn't bet)
Seat 4: Evelexy1 folded before Flop (didn't bet)
Seat 5: mr.Jckpot (button) folded before Flop (didn't bet)
Seat 6: socito (small blind) folded before Flop



PokerStars Hand #254384046454:  Hold'em No Limit ($0.50/$1.00 USD) - 2025/01/15 16:13:29 WET [2025/01/15 11:13:29 ET]
Table 'Williams III' 6-max Seat #6 is the button
Seat 1: XKTTBOBV11 ($30.34 in chips) 
Seat 2: Kristo 914 ($103 in chips) 
Seat 3: lazyG007605 ($33.77 in chips) 
Seat 4: Evelexy1 ($101.50 in chips) 
Seat 5: mr.Jckpot ($100 in chips) 
Seat 6: socito ($100 in chips) 
XKTTBOBV11: posts small blind $0.50
Kristo 914: posts big blind $1
*** HOLE CARDS ***
lazyG007605: calls $1
Evelexy1: folds 
mr.Jckpot: folds 
socito: raises $3 to $4
XKTTBOBV11: folds 
Kristo 914: folds 
lazyG007605: calls $3
*** FLOP *** [9h Qc Qd]
lazyG007605: checks 
socito: bets $2.26
lazyG007605: calls $2.26
*** TURN *** [9h Qc Qd] [Qs]
lazyG007605: bets $4
socito: folds 
Uncalled bet ($4) returned to lazyG007605
lazyG007605 collected $13.32 from pot
*** SUMMARY ***
Total pot $14.02 | Rake $0.70 
Board [9h Qc Qd Qs]
Seat 1: XKTTBOBV11 (small blind) folded before Flop
Seat 2: Kristo 914 (big blind) folded before Flop
Seat 3: lazyG007605 collected ($13.32)
Seat 4: Evelexy1 folded before Flop (didn't bet)
Seat 5: mr.Jckpot folded before Flop (didn't bet)
Seat 6: socito (button) folded on the Turn



PokerStars Hand #254384061829:  Hold'em No Limit ($0.50/$1.00 USD) - 2025/01/15 16:14:39 WET [2025/01/15 11:14:39 ET]
Table 'Williams III' 6-max Seat #1 is the button
Seat 1: XKTTBOBV11 ($29.84 in chips) 
Seat 2: Kristo 914 ($102 in chips) 
Seat 3: lazyG007605 ($40.83 in chips) 
Seat 4: Evelexy1 ($101.50 in chips) 
Seat 5: mr.Jckpot ($100 in chips) 
Seat 6: socito ($100 in chips) 
Kristo 914: posts small blind $0.50
lazyG007605: posts big blind $1
*** HOLE CARDS ***
Evelexy1: folds 
mr.Jckpot: raises $1.50 to $2.50
socito: folds 
XKTTBOBV11: raises $4.50 to $7
Kristo 914: raises $10 to $17
lazyG007605: folds 
mr.Jckpot: folds 
XKTTBOBV11: raises $12.84 to $29.84 and is all-in
Kristo 914: calls $12.84
*** FLOP *** [8d 5d 9h]
*** TURN *** [8d 5d 9h] [3d]
*** RIVER *** [8d 5d 9h 3d] [6c]
*** SHOW DOWN ***
Kristo 914: shows [Jh Jc] (a pair of Jacks)
XKTTBOBV11: shows [As Ad] (a pair of Aces)
XKTTBOBV11 collected $60.68 from pot
*** SUMMARY ***
Total pot $63.18 | Rake $2.50 
Board [8d 5d 9h 3d 6c]
Seat 1: XKTTBOBV11 (button) showed [As Ad] and won ($60.68) with a pair of Aces
Seat 2: Kristo 914 (small blind) showed [Jh Jc] and lost with a pair of Jacks
Seat 3: lazyG007605 (big blind) folded before Flop
Seat 4: Evelexy1 folded before Flop (didn't bet)
Seat 5: mr.Jckpot folded before Flop
Seat 6: socito folded before Flop (didn't bet)



PokerStars Hand #254384073869:  Hold'em No Limit ($0.50/$1.00 USD) - 2025/01/15 16:15:34 WET [2025/01/15 11:15:34 ET]
Table 'Williams III' 6-max Seat #2 is the button
Seat 1: XKTTBOBV11 ($60.68 in chips) 
Seat 2: Kristo 914 ($100 in chips) 
Seat 3: lazyG007605 ($39.83 in chips) 
Seat 4: Evelexy1 ($101.50 in chips) 
Seat 5: mr.Jckpot ($100 in chips) 
Seat 6: socito ($100 in chips) 
lazyG007605: posts small blind $0.50
Evelexy1: posts big blind $1
*** HOLE CARDS ***
mr.Jckpot: raises $1.50 to $2.50
socito: raises $5 to $7.50
XKTTBOBV11: folds 
Kristo 914: folds 
lazyG007605: folds 
Evelexy1: folds 
mr.Jckpot: folds 
Uncalled bet ($5) returned to socito
socito collected $6.50 from pot
socito: doesn't show hand 
*** SUMMARY ***
Total pot $6.50 | Rake $0 
Seat 1: XKTTBOBV11 folded before Flop (didn't bet)
Seat 2: Kristo 914 (button) folded before Flop (didn't bet)
Seat 3: lazyG007605 (small blind) folded before Flop
Seat 4: Evelexy1 (big blind) folded before Flop
Seat 5: mr.Jckpot folded before Flop
Seat 6: socito collected ($6.50)



PokerStars Hand #254384079463:  Hold'em No Limit ($0.50/$1.00 USD) - 2025/01/15 16:16:01 WET [2025/01/15 11:16:01 ET]
Table 'Williams III' 6-max Seat #3 is the button
Seat 1: XKTTBOBV11 ($60.68 in chips) 
Seat 2: Kristo 914 ($100 in chips) 
Seat 3: lazyG007605 ($39.33 in chips) 
Seat 4: Evelexy1 ($100.50 in chips) 
Seat 5: mr.Jckpot ($100 in chips) 
Seat 6: socito ($104 in chips) 
Evelexy1: posts small blind $0.50
mr.Jckpot: posts big blind $1
*** HOLE CARDS ***
socito: folds 
XKTTBOBV11: folds 
Kristo 914: folds 
lazyG007605: folds 
Evelexy1: folds 
Uncalled bet ($0.50) returned to mr.Jckpot
mr.Jckpot collected $1 from pot
mr.Jckpot: doesn't show hand 
*** SUMMARY ***
Total pot $1 | Rake $0 
Seat 1: XKTTBOBV11 folded before Flop (didn't bet)
Seat 2: Kristo 914 folded before Flop (didn't bet)
Seat 3: lazyG007605 (button) folded before Flop (didn't bet)
Seat 4: Evelexy1 (small blind) folded before Flop
Seat 5: mr.Jckpot (big blind) collected ($1)
Seat 6: socito folded before Flop (didn't bet)



PokerStars Hand #254384084546:  Hold'em No Limit ($0.50/$1.00 USD) - 2025/01/15 16:16:25 WET [2025/01/15 11:16:25 ET]
Table 'Williams III' 6-max Seat #4 is the button
Seat 1: XKTTBOBV11 ($60.68 in chips) 
Seat 2: Kristo 914 ($100 in chips) 
Seat 3: lazyG007605 ($39.33 in chips) 
Seat 4: Evelexy1 ($100 in chips) 
Seat 5: mr.Jckpot ($100.50 in chips) 
Seat 6: socito ($104 in chips) 
mr.Jckpot: posts small blind $0.50
socito: posts big blind $1
*** HOLE CARDS ***
XKTTBOBV11: folds 
Kristo 914: folds 
lazyG007605: folds 
Evelexy1: raises $1.50 to $2.50
mr.Jckpot: folds 
XKTTBOBV11 leaves the table
socito: calls $1.50
*** FLOP *** [Td Qs 9d]
socito: checks 
Evelexy1: checks 
*** TURN *** [Td Qs 9d] [2h]
socito: bets $7.83
Evelexy1: folds 
Uncalled bet ($7.83) returned to socito
socito collected $5.22 from pot
socito: doesn't show hand 
*** SUMMARY ***
Total pot $5.50 | Rake $0.28 
Board [Td Qs 9d 2h]
Seat 1: XKTTBOBV11 folded before Flop (didn't bet)
Seat 2: Kristo 914 folded before Flop (didn't bet)
Seat 3: lazyG007605 folded before Flop (didn't bet)
Seat 4: Evelexy1 (button) folded on the Turn
Seat 5: mr.Jckpot (small blind) folded before Flop
Seat 6: socito (big blind) collected ($5.22)



PokerStars Hand #254384090662:  Hold'em No Limit ($0.50/$1.00 USD) - 2025/01/15 16:16:55 WET [2025/01/15 11:16:55 ET]
Table 'Williams III' 6-max Seat #5 is the button
Seat 2: Kristo 914 ($100 in chips) 
Seat 3: lazyG007605 ($39.33 in chips) 
Seat 4: Evelexy1 ($100 in chips) 
Seat 5: mr.Jckpot ($100 in chips) 
Seat 6: socito ($106.72 in chips) 
socito: posts small blind $0.50
Kristo 914: posts big blind $1
*** HOLE CARDS ***
lazyG007605: folds 
Evelexy1: folds 
mr.Jckpot: folds 
socito: raises $2 to $3
Kristo 914: raises $6 to $9
socito: folds 
Uncalled bet ($6) returned to Kristo 914
Kristo 914 collected $6 from pot
Kristo 914: doesn't show hand 
*** SUMMARY ***
Total pot $6 | Rake $0 
Seat 2: Kristo 914 (big blind) collected ($6)
Seat 3: lazyG007605 folded before Flop (didn't bet)
Seat 4: Evelexy1 folded before Flop (didn't bet)
Seat 5: mr.Jckpot (button) folded before Flop (didn't bet)
Seat 6: socito (small blind) folded before Flop



PokerStars Hand #254384094760:  Hold'em No Limit ($0.50/$1.00 USD) - 2025/01/15 16:17:15 WET [2025/01/15 11:17:15 ET]
Table 'Williams III' 6-max Seat #6 is the button
Seat 2: Kristo 914 ($103 in chips) 
Seat 3: lazyG007605 ($39.33 in chips) 
Seat 4: Evelexy1 ($100 in chips) 
Seat 5: mr.Jckpot ($100 in chips) 
Seat 6: socito ($103.72 in chips) 
Kristo 914: posts small blind $0.50
lazyG007605: posts big blind $1
*** HOLE CARDS ***
Evelexy1: folds 
mr.Jckpot: folds 
socito: raises $1.50 to $2.50
Kristo 914: folds 
Joe_Li7 joins the table at seat #1 
lazyG007605: folds 
Uncalled bet ($1.50) returned to socito
socito collected $2.50 from pot
socito: doesn't show hand 
*** SUMMARY ***
Total pot $2.50 | Rake $0 
Seat 2: Kristo 914 (small blind) folded before Flop
Seat 3: lazyG007605 (big blind) folded before Flop
Seat 4: Evelexy1 folded before Flop (didn't bet)
Seat 5: mr.Jckpot folded before Flop (didn't bet)
Seat 6: socito (button) collected ($2.50)



PokerStars Hand #254384099052:  Hold'em No Limit ($0.50/$1.00 USD) - 2025/01/15 16:17:37 WET [2025/01/15 11:17:37 ET]
Table 'Williams III' 6-max Seat #2 is the button
Seat 1: Joe_Li7 ($100 in chips) is sitting out
Seat 2: Kristo 914 ($102.50 in chips) 
Seat 3: lazyG007605 ($38.33 in chips) 
Seat 4: Evelexy1 ($100 in chips) 
Seat 5: mr.Jckpot ($100 in chips) 
Seat 6: socito ($105.22 in chips) 
lazyG007605: posts small blind $0.50
Evelexy1: posts big blind $1
Joe_Li7: sits out 
*** HOLE CARDS ***
mr.Jckpot: folds 
socito: folds 
Kristo 914: folds 
lazyG007605: calls $0.50
Evelexy1: raises $2.50 to $3.50
lazyG007605: folds 
Uncalled bet ($2.50) returned to Evelexy1
Evelexy1 collected $2 from pot
Evelexy1: doesn't show hand 
*** SUMMARY ***
Total pot $2 | Rake $0 
Seat 1: Joe_Li7
Seat 2: Kristo 914 (button) folded before Flop (didn't bet)
Seat 3: lazyG007605 (small blind) folded before Flop
Seat 4: Evelexy1 (big blind) collected ($2)
Seat 5: mr.Jckpot folded before Flop (didn't bet)
Seat 6: socito folded before Flop (didn't bet)



PokerStars Hand #254384101828:  Hold'em No Limit ($0.50/$1.00 USD) - 2025/01/15 16:17:51 WET [2025/01/15 11:17:51 ET]
Table 'Williams III' 6-max Seat #3 is the button
Seat 1: Joe_Li7 ($100 in chips) is sitting out
Seat 2: Kristo 914 ($102.50 in chips) 
Seat 3: lazyG007605 ($37.33 in chips) 
Seat 4: Evelexy1 ($101 in chips) 
Seat 5: mr.Jckpot ($100 in chips) 
Seat 6: socito ($105.22 in chips) 
Evelexy1: posts small blind $0.50
mr.Jckpot: posts big blind $1
Joe_Li7: sits out 
*** HOLE CARDS ***
socito: folds 
Kristo 914: raises $1.40 to $2.40
lazyG007605: folds 
Evelexy1: folds 
mr.Jckpot: folds 
Uncalled bet ($1.40) returned to Kristo 914
Kristo 914 collected $2.50 from pot
Kristo 914: doesn't show hand 
*** SUMMARY ***
Total pot $2.50 | Rake $0 
Seat 1: Joe_Li7
Seat 2: Kristo 914 collected ($2.50)
Seat 3: lazyG007605 (button) folded before Flop (didn't bet)
Seat 4: Evelexy1 (small blind) folded before Flop
Seat 5: mr.Jckpot (big blind) folded before Flop
Seat 6: socito folded before Flop (didn't bet)



PokerStars Hand #254384105705:  Hold'em No Limit ($0.50/$1.00 USD) - 2025/01/15 16:18:11 WET [2025/01/15 11:18:11 ET]
Table 'Williams III' 6-max Seat #4 is the button
Seat 1: Joe_Li7 ($100 in chips) is sitting out
Seat 2: Kristo 914 ($104 in chips) 
Seat 3: lazyG007605 ($37.33 in chips) 
Seat 4: Evelexy1 ($100.50 in chips) 
Seat 5: mr.Jckpot ($100 in chips) 
Seat 6: socito ($105.22 in chips) 
mr.Jckpot: posts small blind $0.50
socito: posts big blind $1
Joe_Li7: sits out 
*** HOLE CARDS ***
Kristo 914: folds 
lazyG007605: folds 
Evelexy1: folds 
mr.Jckpot: folds 
Uncalled bet ($0.50) returned to socito
socito collected $1 from pot
socito: doesn't show hand 
*** SUMMARY ***
Total pot $1 | Rake $0 
Seat 1: Joe_Li7
Seat 2: Kristo 914 folded before Flop (didn't bet)
Seat 3: lazyG007605 folded before Flop (didn't bet)
Seat 4: Evelexy1 (button) folded before Flop (didn't bet)
Seat 5: mr.Jckpot (small blind) folded before Flop
Seat 6: socito (big blind) collected ($1)



PokerStars Hand #254384107505:  Hold'em No Limit ($0.50/$1.00 USD) - 2025/01/15 16:18:21 WET [2025/01/15 11:18:21 ET]
Table 'Williams III' 6-max Seat #5 is the button
Seat 1: Joe_Li7 ($100 in chips) 
Seat 2: Kristo 914 ($104 in chips) 
Seat 3: lazyG007605 ($37.33 in chips) 
Seat 4: Evelexy1 ($100.50 in chips) 
Seat 5: mr.Jckpot ($100 in chips) 
Seat 6: socito ($105.72 in chips) 
socito: posts small blind $0.50
Joe_Li7: posts big blind $1
*** HOLE CARDS ***
Kristo 914: folds 
lazyG007605: folds 
Evelexy1: raises $1.50 to $2.50
mr.Jckpot: folds 
socito: folds 
Joe_Li7: folds 
Uncalled bet ($1.50) returned to Evelexy1
Evelexy1 collected $2.50 from pot
Evelexy1: doesn't show hand 
*** SUMMARY ***
Total pot $2.50 | Rake $0 
Seat 1: Joe_Li7 (big blind) folded before Flop
Seat 2: Kristo 914 folded before Flop (didn't bet)
Seat 3: lazyG007605 folded before Flop (didn't bet)
Seat 4: Evelexy1 collected ($2.50)
Seat 5: mr.Jckpot (button) folded before Flop (didn't bet)
Seat 6: socito (small blind) folded before Flop



PokerStars Hand #254384110067:  Hold'em No Limit ($0.50/$1.00 USD) - 2025/01/15 16:18:34 WET [2025/01/15 11:18:34 ET]
Table 'Williams III' 6-max Seat #6 is the button
Seat 1: Joe_Li7 ($100 in chips) 
Seat 2: Kristo 914 ($104 in chips) 
Seat 3: lazyG007605 ($37.33 in chips) 
Seat 4: Evelexy1 ($102 in chips) 
Seat 5: mr.Jckpot ($100 in chips) 
Seat 6: socito ($105.22 in chips) 
Joe_Li7: posts small blind $0.50
Kristo 914: posts big blind $1
*** HOLE CARDS ***
lazyG007605: folds 
Evelexy1: folds 
mr.Jckpot: raises $1.50 to $2.50
socito: folds 
Joe_Li7: folds 
Kristo 914: calls $1.50
*** FLOP *** [Qh 5h Jh]
Kristo 914: checks 
mr.Jckpot: checks 
*** TURN *** [Qh 5h Jh] [6s]
Kristo 914: checks 
mr.Jckpot: checks 
*** RIVER *** [Qh 5h Jh 6s] [3h]
Kristo 914: checks 
mr.Jckpot: checks 
*** SHOW DOWN ***
Kristo 914: shows [8d 8h] (a flush, Queen high)
mr.Jckpot: mucks hand 
Kristo 914 collected $5.22 from pot
*** SUMMARY ***
Total pot $5.50 | Rake $0.28 
Board [Qh 5h Jh 6s 3h]
Seat 1: Joe_Li7 (small blind) folded before Flop
Seat 2: Kristo 914 (big blind) showed [8d 8h] and won ($5.22) with a flush, Queen high
Seat 3: lazyG007605 folded before Flop (didn't bet)
Seat 4: Evelexy1 folded before Flop (didn't bet)
Seat 5: mr.Jckpot mucked
Seat 6: socito (button) folded before Flop (didn't bet)



PokerStars Hand #254384119721:  Hold'em No Limit ($0.50/$1.00 USD) - 2025/01/15 16:19:26 WET [2025/01/15 11:19:26 ET]
Table 'Williams III' 6-max Seat #1 is the button
Seat 1: Joe_Li7 ($100 in chips) 
Seat 2: Kristo 914 ($106.72 in chips) 
Seat 3: lazyG007605 ($37.33 in chips) 
Seat 4: Evelexy1 ($102 in chips) 
Seat 5: mr.Jckpot ($100 in chips) 
Seat 6: socito ($105.22 in chips) 
Kristo 914: posts small blind $0.50
lazyG007605: posts big blind $1
*** HOLE CARDS ***
Evelexy1: folds 
mr.Jckpot: folds 
socito: folds 
Joe_Li7: folds 
Kristo 914: raises $2 to $3
lazyG007605: folds 
Uncalled bet ($2) returned to Kristo 914
Kristo 914 collected $2 from pot
Kristo 914: doesn't show hand 
*** SUMMARY ***
Total pot $2 | Rake $0 
Seat 1: Joe_Li7 (button) folded before Flop (didn't bet)
Seat 2: Kristo 914 (small blind) collected ($2)
Seat 3: lazyG007605 (big blind) folded before Flop
Seat 4: Evelexy1 folded before Flop (didn't bet)
Seat 5: mr.Jckpot folded before Flop (didn't bet)
Seat 6: socito folded before Flop (didn't bet)



PokerStars Hand #254384122647:  Hold'em No Limit ($0.50/$1.00 USD) - 2025/01/15 16:19:42 WET [2025/01/15 11:19:42 ET]
Table 'Williams III' 6-max Seat #2 is the button
Seat 1: Joe_Li7 ($100 in chips) 
Seat 2: Kristo 914 ($107.72 in chips) 
Seat 3: lazyG007605 ($36.33 in chips) 
Seat 4: Evelexy1 ($102 in chips) 
Seat 5: mr.Jckpot ($100 in chips) 
Seat 6: socito ($105.22 in chips) 
lazyG007605: posts small blind $0.50
Evelexy1: posts big blind $1
*** HOLE CARDS ***
mr.Jckpot: folds 
socito: raises $1.50 to $2.50
Joe_Li7: folds 
Kristo 914: folds 
lazyG007605: calls $2
Evelexy1: folds 
*** FLOP *** [5h 3d 7c]
lazyG007605: checks 
socito: bets $1.88
lazyG007605: folds 
Uncalled bet ($1.88) returned to socito
socito collected $5.70 from pot
socito: doesn't show hand 
*** SUMMARY ***
Total pot $6 | Rake $0.30 
Board [5h 3d 7c]
Seat 1: Joe_Li7 folded before Flop (didn't bet)
Seat 2: Kristo 914 (button) folded before Flop (didn't bet)
Seat 3: lazyG007605 (small blind) folded on the Flop
Seat 4: Evelexy1 (big blind) folded before Flop
Seat 5: mr.Jckpot folded before Flop (didn't bet)
Seat 6: socito collected ($5.70)



PokerStars Hand #254384129894:  Hold'em No Limit ($0.50/$1.00 USD) - 2025/01/15 16:20:21 WET [2025/01/15 11:20:21 ET]
Table 'Williams III' 6-max Seat #3 is the button
Seat 1: Joe_Li7 ($100 in chips) 
Seat 2: Kristo 914 ($107.72 in chips) 
Seat 3: lazyG007605 ($33.83 in chips) 
Seat 4: Evelexy1 ($101 in chips) 
Seat 5: mr.Jckpot ($100 in chips) 
Seat 6: socito ($108.42 in chips) 
Evelexy1: posts small blind $0.50
mr.Jckpot: posts big blind $1
*** HOLE CARDS ***
socito: folds 
Joe_Li7: folds 
Kristo 914: folds 
lazyG007605: folds 
Evelexy1: raises $1.50 to $2.50
mr.Jckpot: folds 
Uncalled bet ($1.50) returned to Evelexy1
Evelexy1 collected $2 from pot
Evelexy1: doesn't show hand 
*** SUMMARY ***
Total pot $2 | Rake $0 
Seat 1: Joe_Li7 folded before Flop (didn't bet)
Seat 2: Kristo 914 folded before Flop (didn't bet)
Seat 3: lazyG007605 (button) folded before Flop (didn't bet)
Seat 4: Evelexy1 (small blind) collected ($2)
Seat 5: mr.Jckpot (big blind) folded before Flop
Seat 6: socito folded before Flop (didn't bet)



PokerStars Hand #254384132500:  Hold'em No Limit ($0.50/$1.00 USD) - 2025/01/15 16:20:36 WET [2025/01/15 11:20:36 ET]
Table 'Williams III' 6-max Seat #4 is the button
Seat 1: Joe_Li7 ($100 in chips) 
Seat 2: Kristo 914 ($107.72 in chips) 
Seat 3: lazyG007605 ($33.83 in chips) 
Seat 4: Evelexy1 ($102 in chips) 
Seat 5: mr.Jckpot ($100 in chips) 
Seat 6: socito ($108.42 in chips) 
mr.Jckpot: posts small blind $0.50
socito: posts big blind $1
*** HOLE CARDS ***
Joe_Li7: folds 
Kristo 914: folds 
lazyG007605: folds 
Evelexy1: raises $1.50 to $2.50
mr.Jckpot: folds 
socito: folds 
Uncalled bet ($1.50) returned to Evelexy1
Evelexy1 collected $2.50 from pot
Evelexy1: doesn't show hand 
*** SUMMARY ***
Total pot $2.50 | Rake $0 
Seat 1: Joe_Li7 folded before Flop (didn't bet)
Seat 2: Kristo 914 folded before Flop (didn't bet)
Seat 3: lazyG007605 folded before Flop (didn't bet)
Seat 4: Evelexy1 (button) collected ($2.50)
Seat 5: mr.Jckpot (small blind) folded before Flop
Seat 6: socito (big blind) folded before Flop



PokerStars Hand #254384135172:  Hold'em No Limit ($0.50/$1.00 USD) - 2025/01/15 16:20:50 WET [2025/01/15 11:20:50 ET]
Table 'Williams III' 6-max Seat #5 is the button
Seat 1: Joe_Li7 ($100 in chips) is sitting out
Seat 2: Kristo 914 ($107.72 in chips) 
Seat 3: lazyG007605 ($33.83 in chips) 
Seat 4: Evelexy1 ($103.50 in chips) 
Seat 5: mr.Jckpot ($100 in chips) 
Seat 6: socito ($107.42 in chips) 
socito: posts small blind $0.50
Joe_Li7: is sitting out 
Kristo 914: posts big blind $1
*** HOLE CARDS ***
lazyG007605: folds 
Evelexy1: folds 
mr.Jckpot: folds 
socito: folds 
Uncalled bet ($0.50) returned to Kristo 914
Kristo 914 collected $1 from pot
Kristo 914: doesn't show hand 
*** SUMMARY ***
Total pot $1 | Rake $0 
Seat 1: Joe_Li7
Seat 2: Kristo 914 (big blind) collected ($1)
Seat 3: lazyG007605 folded before Flop (didn't bet)
Seat 4: Evelexy1 folded before Flop (didn't bet)
Seat 5: mr.Jckpot (button) folded before Flop (didn't bet)
Seat 6: socito (small blind) folded before Flop



PokerStars Hand #254384136359:  Hold'em No Limit ($0.50/$1.00 USD) - 2025/01/15 16:20:57 WET [2025/01/15 11:20:57 ET]
Table 'Williams III' 6-max Seat #6 is the button
Seat 1: Joe_Li7 ($100 in chips) is sitting out
Seat 2: Kristo 914 ($108.22 in chips) 
Seat 3: lazyG007605 ($33.83 in chips) 
Seat 4: Evelexy1 ($103.50 in chips) 
Seat 5: mr.Jckpot ($100 in chips) 
Seat 6: socito ($106.92 in chips) 
Kristo 914: posts small blind $0.50
lazyG007605: posts big blind $1
*** HOLE CARDS ***
Joe_Li7 leaves the table
Evelexy1: folds 
mr.Jckpot: folds 
socito: folds 
Kristo 914: folds 
Uncalled bet ($0.50) returned to lazyG007605
lazyG007605 collected $1 from pot
nastja336 joins the table at seat #1 
*** SUMMARY ***
Total pot $1 | Rake $0 
Seat 1: Joe_Li7
Seat 2: Kristo 914 (small blind) folded before Flop
Seat 3: lazyG007605 (big blind) collected ($1)
Seat 4: Evelexy1 folded before Flop (didn't bet)
Seat 5: mr.Jckpot folded before Flop (didn't bet)
Seat 6: socito (button) folded before Flop (didn't bet)



PokerStars Hand #254384137919:  Hold'em No Limit ($0.50/$1.00 USD) - 2025/01/15 16:21:06 WET [2025/01/15 11:21:06 ET]
Table 'Williams III' 6-max Seat #2 is the button
Seat 1: nastja336 ($100 in chips) 
Seat 2: Kristo 914 ($107.72 in chips) 
Seat 3: lazyG007605 ($34.33 in chips) 
Seat 4: Evelexy1 ($103.50 in chips) 
Seat 5: mr.Jckpot ($100 in chips) 
Seat 6: socito ($106.92 in chips) 
lazyG007605: posts small blind $0.50
Evelexy1: posts big blind $1
nastja336 is connected 
nastja336: posts big blind $1
*** HOLE CARDS ***
mr.Jckpot: raises $2 to $3
socito: raises $6 to $9
nastja336: folds 
Kristo 914: folds 
lazyG007605: folds 
Evelexy1: folds 
mr.Jckpot: folds 
Uncalled bet ($6) returned to socito
socito collected $8.50 from pot
socito: doesn't show hand 
*** SUMMARY ***
Total pot $8.50 | Rake $0 
Seat 1: nastja336 folded before Flop (didn't bet)
Seat 2: Kristo 914 (button) folded before Flop (didn't bet)
Seat 3: lazyG007605 (small blind) folded before Flop
Seat 4: Evelexy1 (big blind) folded before Flop
Seat 5: mr.Jckpot folded before Flop
Seat 6: socito collected ($8.50)



PokerStars Hand #254384141601:  Hold'em No Limit ($0.50/$1.00 USD) - 2025/01/15 16:21:26 WET [2025/01/15 11:21:26 ET]
Table 'Williams III' 6-max Seat #3 is the button
Seat 1: nastja336 ($100 in chips) 
Seat 2: Kristo 914 ($107.72 in chips) 
Seat 3: lazyG007605 ($33.83 in chips) 
Seat 4: Evelexy1 ($102.50 in chips) 
Seat 5: mr.Jckpot ($100 in chips) 
Seat 6: socito ($112.42 in chips) 
Evelexy1: posts small blind $0.50
mr.Jckpot: posts big blind $1
*** HOLE CARDS ***
socito: raises $1.50 to $2.50
nastja336: folds 
Kristo 914: folds 
lazyG007605: folds 
Evelexy1: folds 
mr.Jckpot: folds 
Uncalled bet ($1.50) returned to socito
socito collected $2.50 from pot
socito: doesn't show hand 
*** SUMMARY ***
Total pot $2.50 | Rake $0 
Seat 1: nastja336 folded before Flop (didn't bet)
Seat 2: Kristo 914 folded before Flop (didn't bet)
Seat 3: lazyG007605 (button) folded before Flop (didn't bet)
Seat 4: Evelexy1 (small blind) folded before Flop
Seat 5: mr.Jckpot (big blind) folded before Flop
Seat 6: socito collected ($2.50)



PokerStars Hand #254384143788:  Hold'em No Limit ($0.50/$1.00 USD) - 2025/01/15 16:21:38 WET [2025/01/15 11:21:38 ET]
Table 'Williams III' 6-max Seat #4 is the button
Seat 1: nastja336 ($100 in chips) 
Seat 2: Kristo 914 ($107.72 in chips) 
Seat 3: lazyG007605 ($33.83 in chips) 
Seat 4: Evelexy1 ($102 in chips) 
Seat 5: mr.Jckpot ($100 in chips) 
Seat 6: socito ($113.92 in chips) 
mr.Jckpot: posts small blind $0.50
socito: posts big blind $1
*** HOLE CARDS ***
nastja336: raises $1.50 to $2.50
Kristo 914: folds 
lazyG007605: folds 
Evelexy1: folds 
mr.Jckpot: folds 
socito: folds 
Uncalled bet ($1.50) returned to nastja336
nastja336 collected $2.50 from pot
nastja336: doesn't show hand 
*** SUMMARY ***
Total pot $2.50 | Rake $0 
Seat 1: nastja336 collected ($2.50)
Seat 2: Kristo 914 folded before Flop (didn't bet)
Seat 3: lazyG007605 folded before Flop (didn't bet)
Seat 4: Evelexy1 (button) folded before Flop (didn't bet)
Seat 5: mr.Jckpot (small blind) folded before Flop
Seat 6: socito (big blind) folded before Flop



PokerStars Hand #254384146322:  Hold'em No Limit ($0.50/$1.00 USD) - 2025/01/15 16:21:53 WET [2025/01/15 11:21:53 ET]
Table 'Williams III' 6-max Seat #5 is the button
Seat 1: nastja336 ($101.50 in chips) 
Seat 2: Kristo 914 ($107.72 in chips) 
Seat 3: lazyG007605 ($33.83 in chips) 
Seat 4: Evelexy1 ($102 in chips) 
Seat 5: mr.Jckpot ($100 in chips) 
Seat 6: socito ($112.92 in chips) 
socito: posts small blind $0.50
nastja336: posts big blind $1
*** HOLE CARDS ***
Kristo 914: folds 
lazyG007605: folds 
Evelexy1: folds 
mr.Jckpot: raises $1.50 to $2.50
socito: folds 
nastja336: folds 
Uncalled bet ($1.50) returned to mr.Jckpot
mr.Jckpot collected $2.50 from pot
mr.Jckpot: doesn't show hand 
*** SUMMARY ***
Total pot $2.50 | Rake $0 
Seat 1: nastja336 (big blind) folded before Flop
Seat 2: Kristo 914 folded before Flop (didn't bet)
Seat 3: lazyG007605 folded before Flop (didn't bet)
Seat 4: Evelexy1 folded before Flop (didn't bet)
Seat 5: mr.Jckpot (button) collected ($2.50)
Seat 6: socito (small blind) folded before Flop



PokerStars Hand #254384152416:  Hold'em No Limit ($0.50/$1.00 USD) - 2025/01/15 16:22:27 WET [2025/01/15 11:22:27 ET]
Table 'Williams III' 6-max Seat #6 is the button
Seat 1: nastja336 ($100.50 in chips) 
Seat 2: Kristo 914 ($107.72 in chips) 
Seat 3: lazyG007605 ($33.83 in chips) 
Seat 4: Evelexy1 ($102 in chips) 
Seat 5: mr.Jckpot ($101.50 in chips) 
Seat 6: socito ($112.42 in chips) 
nastja336: posts small blind $0.50
Kristo 914: posts big blind $1
*** HOLE CARDS ***
lazyG007605: calls $1
Evelexy1: folds 
mr.Jckpot: folds 
socito: folds 
nastja336: raises $3 to $4
Kristo 914: folds 
lazyG007605: calls $3
*** FLOP *** [Ks Kd 7s]
nastja336: bets $2.82
lazyG007605: calls $2.82
*** TURN *** [Ks Kd 7s] [3h]
nastja336: checks 
lazyG007605: checks 
*** RIVER *** [Ks Kd 7s 3h] [7d]
nastja336: checks 
lazyG007605: checks 
*** SHOW DOWN ***
nastja336: shows [9d Ac] (two pair, Kings and Sevens)
lazyG007605: mucks hand 
nastja336 collected $13.91 from pot
*** SUMMARY ***
Total pot $14.64 | Rake $0.73 
Board [Ks Kd 7s 3h 7d]
Seat 1: nastja336 (small blind) showed [9d Ac] and won ($13.91) with two pair, Kings and Sevens
Seat 2: Kristo 914 (big blind) folded before Flop
Seat 3: lazyG007605 mucked
Seat 4: Evelexy1 folded before Flop (didn't bet)
Seat 5: mr.Jckpot folded before Flop (didn't bet)
Seat 6: socito (button) folded before Flop (didn't bet)



PokerStars Hand #254384161537:  Hold'em No Limit ($0.50/$1.00 USD) - 2025/01/15 16:23:18 WET [2025/01/15 11:23:18 ET]
Table 'Williams III' 6-max Seat #1 is the button
Seat 1: nastja336 ($107.59 in chips) 
Seat 2: Kristo 914 ($106.72 in chips) 
Seat 3: lazyG007605 ($27.01 in chips) 
Seat 4: Evelexy1 ($102 in chips) 
Seat 5: mr.Jckpot ($101.50 in chips) 
Seat 6: socito ($112.42 in chips) 
Kristo 914: posts small blind $0.50
lazyG007605: posts big blind $1
*** HOLE CARDS ***
Evelexy1: folds 
mr.Jckpot: folds 
socito: folds 
nastja336: folds 
Kristo 914: raises $2 to $3
lazyG007605: folds 
Uncalled bet ($2) returned to Kristo 914
lazyG007605 leaves the table
Kristo 914 collected $2 from pot
Kristo 914: doesn't show hand 
*** SUMMARY ***
Total pot $2 | Rake $0 
Seat 1: nastja336 (button) folded before Flop (didn't bet)
Seat 2: Kristo 914 (small blind) collected ($2)
Seat 3: lazyG007605 (big blind) folded before Flop
Seat 4: Evelexy1 folded before Flop (didn't bet)
Seat 5: mr.Jckpot folded before Flop (didn't bet)
Seat 6: socito folded before Flop (didn't bet)



PokerStars Hand #254384164295:  Hold'em No Limit ($0.50/$1.00 USD) - 2025/01/15 16:23:34 WET [2025/01/15 11:23:34 ET]
Table 'Williams III' 6-max Seat #2 is the button
Seat 5: mr.Jckpot ($101.50 in chips) is sitting out
Seat 1: nastja336 ($107.59 in chips) 
Seat 2: Kristo 914 ($107.72 in chips) 
Seat 4: Evelexy1 ($102 in chips) 
Seat 6: socito ($112.42 in chips) 
Evelexy1: posts small blind $0.50
mr.Jckpot: is sitting out 
socito: posts big blind $1
*** HOLE CARDS ***
mr.Jckpot leaves the table
nastja336: raises $1.50 to $2.50
Kristo 914: folds 
Evelexy1: folds 
Desverdi joins the table at seat #3 
Desverdi is disconnected 
socito: folds 
Uncalled bet ($1.50) returned to nastja336
nastja336 collected $2.50 from pot
nastja336: doesn't show hand 
*** SUMMARY ***
Total pot $2.50 | Rake $0 
Seat 5: mr.Jckpot
Seat 1: nastja336 collected ($2.50)
Seat 2: Kristo 914 (button) folded before Flop (didn't bet)
Seat 4: Evelexy1 (small blind) folded before Flop
Seat 6: socito (big blind) folded before Flop



PokerStars Hand #254384167656:  Hold'em No Limit ($0.50/$1.00 USD) - 2025/01/15 16:23:53 WET [2025/01/15 11:23:53 ET]
Table 'Williams III' 6-max Seat #4 is the button
Seat 1: nastja336 ($109.09 in chips) is sitting out
Seat 2: Kristo 914 ($107.72 in chips) is sitting out
Seat 3: Desverdi ($10 in chips) 
Seat 4: Evelexy1 ($101.50 in chips) 
Seat 6: socito ($111.42 in chips) 
socito: posts small blind $0.50
nastja336: is sitting out 
Kristo 914: is sitting out 
Desverdi: posts big blind $1
*** HOLE CARDS ***
nastja336 leaves the table
Evelexy1: folds 
socito: raises $2 to $3
Desverdi: folds 
Uncalled bet ($2) returned to socito
przemasek joins the table at seat #5 
socito collected $2 from pot
socito: doesn't show hand 
*** SUMMARY ***
Total pot $2 | Rake $0 
Seat 1: nastja336
Seat 2: Kristo 914
Seat 3: Desverdi (big blind) folded before Flop
Seat 4: Evelexy1 (button) folded before Flop (didn't bet)
Seat 6: socito (small blind) collected ($2)



PokerStars Hand #254384169365:  Hold'em No Limit ($0.50/$1.00 USD) - 2025/01/15 16:24:03 WET [2025/01/15 11:24:03 ET]
Table 'Williams III' 6-max Seat #6 is the button
Seat 2: Kristo 914 ($107.72 in chips) is sitting out
Seat 5: przemasek ($10 in chips) is sitting out
Seat 3: Desverdi ($9 in chips) 
Seat 4: Evelexy1 ($101.50 in chips) 
Seat 6: socito ($112.42 in chips) 
Desverdi: posts small blind $0.50
Evelexy1: posts big blind $1
przemasek: sits out 
*** HOLE CARDS ***
gig.gyty joins the table at seat #1 
socito: raises $1.50 to $2.50
Desverdi: folds 
Evelexy1: folds 
Uncalled bet ($1.50) returned to socito
socito collected $2.50 from pot
socito: doesn't show hand 
*** SUMMARY ***
Total pot $2.50 | Rake $0 
Seat 2: Kristo 914
Seat 5: przemasek
Seat 3: Desverdi (small blind) folded before Flop
Seat 4: Evelexy1 (big blind) folded before Flop
Seat 6: socito (button) collected ($2.50)



PokerStars Hand #254384171422:  Hold'em No Limit ($0.50/$1.00 USD) - 2025/01/15 16:24:15 WET [2025/01/15 11:24:15 ET]
Table 'Williams III' 6-max Seat #3 is the button
Seat 1: gig.gyty ($100 in chips) is sitting out
Seat 2: Kristo 914 ($107.72 in chips) is sitting out
Seat 3: Desverdi ($8.50 in chips) 
Seat 4: Evelexy1 ($100.50 in chips) 
Seat 5: przemasek ($10 in chips) 
Seat 6: socito ($113.92 in chips) 
Evelexy1: posts small blind $0.50
przemasek: posts big blind $1
gig.gyty: sits out 
Kristo 914: sits out 
*** HOLE CARDS ***
socito: folds 
Desverdi: calls $1
Evelexy1: folds 
przemasek: checks 
*** FLOP *** [Th 9d Ah]
przemasek: bets $1
Desverdi: calls $1
*** TURN *** [Th 9d Ah] [7s]
przemasek: bets $1
Desverdi: calls $1
*** RIVER *** [Th 9d Ah 7s] [9c]
przemasek: checks 
Desverdi: bets $2
przemasek: calls $2
*** SHOW DOWN ***
Desverdi: shows [6h Ac] (two pair, Aces and Nines)
przemasek: mucks hand 
Desverdi collected $9.98 from pot
*** SUMMARY ***
Total pot $10.50 | Rake $0.52 
Board [Th 9d Ah 7s 9c]
Seat 1: gig.gyty
Seat 2: Kristo 914
Seat 3: Desverdi (button) showed [6h Ac] and won ($9.98) with two pair, Aces and Nines
Seat 4: Evelexy1 (small blind) folded before Flop
Seat 5: przemasek (big blind) mucked
Seat 6: socito folded before Flop (didn't bet)



PokerStars Hand #254384177590:  Hold'em No Limit ($0.50/$1.00 USD) - 2025/01/15 16:24:48 WET [2025/01/15 11:24:48 ET]
Table 'Williams III' 6-max Seat #4 is the button
Seat 1: gig.gyty ($100 in chips) is sitting out
Seat 2: Kristo 914 ($107.72 in chips) is sitting out
Seat 3: Desverdi ($13.48 in chips) 
Seat 4: Evelexy1 ($100 in chips) 
Seat 5: przemasek ($5 in chips) 
Seat 6: socito ($113.92 in chips) 
przemasek: posts small blind $0.50
socito: posts big blind $1
gig.gyty: sits out 
Kristo 914: sits out 
*** HOLE CARDS ***
Desverdi: folds 
Evelexy1: folds 
przemasek: raises $4 to $5 and is all-in
socito: calls $4
*** FLOP *** [8h 6c 5c]
*** TURN *** [8h 6c 5c] [Jh]
*** RIVER *** [8h 6c 5c Jh] [6s]
*** SHOW DOWN ***
przemasek: shows [Tc Kc] (a pair of Sixes)
socito: shows [Qs Qc] (two pair, Queens and Sixes)
socito collected $9.50 from pot
*** SUMMARY ***
Total pot $10 | Rake $0.50 
Board [8h 6c 5c Jh 6s]
Seat 1: gig.gyty
Seat 2: Kristo 914
Seat 3: Desverdi folded before Flop (didn't bet)
Seat 4: Evelexy1 (button) folded before Flop (didn't bet)
Seat 5: przemasek (small blind) showed [Tc Kc] and lost with a pair of Sixes
Seat 6: socito (big blind) showed [Qs Qc] and won ($9.50) with two pair, Queens and Sixes



PokerStars Hand #254384182123:  Hold'em No Limit ($0.50/$1.00 USD) - 2025/01/15 16:25:12 WET [2025/01/15 11:25:12 ET]
Table 'Williams III' 6-max Seat #6 is the button
Seat 1: gig.gyty ($100 in chips) is sitting out
Seat 2: Kristo 914 ($107.72 in chips) is sitting out
Seat 5: przemasek ($0 in chips) is sitting out
Seat 3: Desverdi ($13.48 in chips) 
Seat 4: Evelexy1 ($100 in chips) 
Seat 6: socito ($118.42 in chips) 
Desverdi: posts small blind $0.50
Evelexy1: posts big blind $1
*** HOLE CARDS ***
socito: raises $1.50 to $2.50
Desverdi: folds 
przemasek leaves the table
Evelexy1: calls $1.50
*** FLOP *** [Qh 9h 6c]
Evelexy1: checks 
ptolejmus joins the table at seat #5 
Desverdi leaves the table
socito: checks 
*** TURN *** [Qh 9h 6c] [Jd]
Evelexy1: checks 
socito: checks 
*** RIVER *** [Qh 9h 6c Jd] [As]
Evelexy1: checks 
ptolejmus leaves the table
socito: bets $3.45
Evelexy1: folds 
Uncalled bet ($3.45) returned to socito
socito collected $5.22 from pot
socito: doesn't show hand 
*** SUMMARY ***
Total pot $5.50 | Rake $0.28 
Board [Qh 9h 6c Jd As]
Seat 1: gig.gyty
Seat 2: Kristo 914
Seat 5: przemasek
Seat 3: Desverdi (small blind) folded before Flop
Seat 4: Evelexy1 (big blind) folded on the River
Seat 6: socito (button) collected ($5.22)



PokerStars Hand #254384195893:  Hold'em No Limit ($0.50/$1.00 USD) - 2025/01/15 16:26:23 WET [2025/01/15 11:26:23 ET]
Table 'Williams III' 6-max Seat #4 is the button
Seat 2: Kristo 914 ($107.72 in chips) is sitting out
Seat 1: gig.gyty ($100 in chips) 
Seat 4: Evelexy1 ($100 in chips) 
Seat 6: socito ($121.14 in chips) 
socito: posts small blind $0.50
gig.gyty: posts big blind $1
Kristo 914: sits out 
*** HOLE CARDS ***
Evelexy1: raises $1.50 to $2.50
socito: folds 
gig.gyty: calls $1.50
*** FLOP *** [3s 5d Qc]
gig.gyty: checks 
Evelexy1: checks 
*** TURN *** [3s 5d Qc] [4h]
gig.gyty: bets $1.72
Evelexy1: folds 
Uncalled bet ($1.72) returned to gig.gyty
gig.gyty collected $5.22 from pot
gig.gyty: doesn't show hand 
*** SUMMARY ***
Total pot $5.50 | Rake $0.28 
Board [3s 5d Qc 4h]
Seat 2: Kristo 914
Seat 1: gig.gyty (big blind) collected ($5.22)
Seat 4: Evelexy1 (button) folded on the Turn
Seat 6: socito (small blind) folded before Flop



PokerStars Hand #254384201192:  Hold'em No Limit ($0.50/$1.00 USD) - 2025/01/15 16:26:50 WET [2025/01/15 11:26:50 ET]
Table 'Williams III' 6-max Seat #6 is the button
Seat 1: gig.gyty ($102.72 in chips) 
Seat 2: Kristo 914 ($107.72 in chips) 
Seat 4: Evelexy1 ($100 in chips) 
Seat 6: socito ($120.64 in chips) 
gig.gyty: posts small blind $0.50
Kristo 914: posts big blind $1
*** HOLE CARDS ***
Evelexy1: folds 
socito: raises $1.50 to $2.50
gig.gyty: folds 
Kristo 914: folds 
Uncalled bet ($1.50) returned to socito
socito collected $2.50 from pot
socito: doesn't show hand 
*** SUMMARY ***
Total pot $2.50 | Rake $0 
Seat 1: gig.gyty (small blind) folded before Flop
Seat 2: Kristo 914 (big blind) folded before Flop
Seat 4: Evelexy1 folded before Flop (didn't bet)
Seat 6: socito (button) collected ($2.50)



PokerStars Hand #254384203651:  Hold'em No Limit ($0.50/$1.00 USD) - 2025/01/15 16:27:02 WET [2025/01/15 11:27:02 ET]
Table 'Williams III' 6-max Seat #1 is the button
Seat 1: gig.gyty ($102.22 in chips) 
Seat 2: Kristo 914 ($106.72 in chips) 
Seat 4: Evelexy1 ($100 in chips) 
Seat 6: socito ($122.14 in chips) 
Kristo 914: posts small blind $0.50
Evelexy1: posts big blind $1
*** HOLE CARDS ***
socito: folds 
gig.gyty: folds 
Kristo 914: folds 
Uncalled bet ($0.50) returned to Evelexy1
Evelexy1 collected $1 from pot
Evelexy1: doesn't show hand 
*** SUMMARY ***
Total pot $1 | Rake $0 
Seat 1: gig.gyty (button) folded before Flop (didn't bet)
Seat 2: Kristo 914 (small blind) folded before Flop
Seat 4: Evelexy1 (big blind) collected ($1)
Seat 6: socito folded before Flop (didn't bet)



PokerStars Hand #254384206654:  Hold'em No Limit ($0.50/$1.00 USD) - 2025/01/15 16:27:17 WET [2025/01/15 11:27:17 ET]
Table 'Williams III' 6-max Seat #2 is the button
Seat 1: gig.gyty ($102.22 in chips) 
Seat 2: Kristo 914 ($106.22 in chips) 
Seat 4: Evelexy1 ($100.50 in chips) 
Seat 6: socito ($122.14 in chips) 
Evelexy1: posts small blind $0.50
socito: posts big blind $1
*** HOLE CARDS ***
gig.gyty: raises $1.25 to $2.25
Kristo 914: folds 
Evelexy1: folds 
socito: folds 
Uncalled bet ($1.25) returned to gig.gyty
Evelexy1 leaves the table
gig.gyty collected $2.50 from pot
gig.gyty: doesn't show hand 
*** SUMMARY ***
Total pot $2.50 | Rake $0 
Seat 1: gig.gyty collected ($2.50)
Seat 2: Kristo 914 (button) folded before Flop (didn't bet)
Seat 4: Evelexy1 (small blind) folded before Flop
Seat 6: socito (big blind) folded before Flop



PokerStars Hand #254384210578:  Hold'em No Limit ($0.50/$1.00 USD) - 2025/01/15 16:27:36 WET [2025/01/15 11:27:36 ET]
Table 'Williams III' 6-max Seat #6 is the button
Seat 1: gig.gyty ($103.72 in chips) 
Seat 2: Kristo 914 ($106.22 in chips) 
Seat 6: socito ($121.14 in chips) 
gig.gyty: posts small blind $0.50
Kristo 914: posts big blind $1
*** HOLE CARDS ***
socito: raises $1.50 to $2.50
gig.gyty: folds 
Kristo 914: calls $1.50
*** FLOP *** [6d Ad Qh]
Kristo 914: checks 
socito: bets $1.72
Kristo 914: calls $1.72
*** TURN *** [6d Ad Qh] [5d]
Kristo 914: checks 
socito: checks 
*** RIVER *** [6d Ad Qh 5d] [2s]
Kristo 914: bets $2.86
socito: calls $2.86
*** SHOW DOWN ***
Kristo 914: shows [Jc Kd] (high card Ace)
socito: shows [8c Ah] (a pair of Aces)
socito collected $13.93 from pot
*** SUMMARY ***
Total pot $14.66 | Rake $0.73 
Board [6d Ad Qh 5d 2s]
Seat 1: gig.gyty (small blind) folded before Flop
Seat 2: Kristo 914 (big blind) showed [Jc Kd] and lost with high card Ace
Seat 6: socito (button) showed [8c Ah] and won ($13.93) with a pair of Aces



PokerStars Hand #254384229296:  Hold'em No Limit ($0.50/$1.00 USD) - 2025/01/15 16:29:07 WET [2025/01/15 11:29:07 ET]
Table 'Williams III' 6-max Seat #1 is the button
Seat 1: gig.gyty ($103.22 in chips) 
Seat 2: Kristo 914 ($100 in chips) 
Seat 4: Evelexy1 ($100 in chips) 
Seat 5: godao602 ($100 in chips) 
Seat 6: nastja336 ($109.09 in chips) 
Kristo 914: posts small blind $0.50
Evelexy1: posts big blind $1
*** HOLE CARDS ***
godao602: calls $1
nastja336: folds 
gig.gyty: folds 
Kristo 914: folds 
Evelexy1: checks 
*** FLOP *** [Th 2h Kh]
ka100pka527 joins the table at seat #3 
Evelexy1: bets $1.19
godao602: calls $1.19
*** TURN *** [Th 2h Kh] [Ts]
Evelexy1: checks 
godao602: bets $4.64
Evelexy1: folds 
Uncalled bet ($4.64) returned to godao602
godao602 collected $4.64 from pot
*** SUMMARY ***
Total pot $4.88 | Rake $0.24 
Board [Th 2h Kh Ts]
Seat 1: gig.gyty (button) folded before Flop (didn't bet)
Seat 2: Kristo 914 (small blind) folded before Flop
Seat 4: Evelexy1 (big blind) folded on the Turn
Seat 5: godao602 collected ($4.64)
Seat 6: nastja336 folded before Flop (didn't bet)



PokerStars Hand #254384235874:  Hold'em No Limit ($0.50/$1.00 USD) - 2025/01/15 16:29:38 WET [2025/01/15 11:29:38 ET]
Table 'Williams III' 6-max Seat #2 is the button
Seat 3: ka100pka527 ($100 in chips) is sitting out
Seat 1: gig.gyty ($103.22 in chips) 
Seat 2: Kristo 914 ($100 in chips) 
Seat 4: Evelexy1 ($100 in chips) 
Seat 5: godao602 ($102.45 in chips) 
Seat 6: nastja336 ($109.09 in chips) 
Evelexy1: posts small blind $0.50
godao602: posts big blind $1
*** HOLE CARDS ***
nastja336: folds 
gig.gyty: folds 
Kristo 914: raises $1.40 to $2.40
Evelexy1: folds 
godao602: folds 
Uncalled bet ($1.40) returned to Kristo 914
Kristo 914 collected $2.50 from pot
Kristo 914: doesn't show hand 
*** SUMMARY ***
Total pot $2.50 | Rake $0 
Seat 3: ka100pka527
Seat 1: gig.gyty folded before Flop (didn't bet)
Seat 2: Kristo 914 (button) collected ($2.50)
Seat 4: Evelexy1 (small blind) folded before Flop
Seat 5: godao602 (big blind) folded before Flop
Seat 6: nastja336 folded before Flop (didn't bet)



PokerStars Hand #254384238831:  Hold'em No Limit ($0.50/$1.00 USD) - 2025/01/15 16:29:51 WET [2025/01/15 11:29:51 ET]
Table 'Williams III' 6-max Seat #4 is the button
Seat 3: ka100pka527 ($100 in chips) is sitting out
Seat 1: gig.gyty ($103.22 in chips) 
Seat 2: Kristo 914 ($101.50 in chips) 
Seat 4: Evelexy1 ($100 in chips) 
Seat 5: godao602 ($101.45 in chips) 
Seat 6: nastja336 ($109.09 in chips) 
godao602: posts small blind $0.50
nastja336: posts big blind $1
ka100pka527: sits out 
*** HOLE CARDS ***
gig.gyty: folds 
Kristo 914: folds 
Evelexy1: raises $2 to $3
godao602: folds 
nastja336: raises $9 to $12
Evelexy1: calls $9
*** FLOP *** [Ah 9c 8s]
nastja336: checks 
Evelexy1: checks 
*** TURN *** [Ah 9c 8s] [Ts]
nastja336: checks 
Evelexy1: bets $17.46
nastja336: calls $17.46
*** RIVER *** [Ah 9c 8s Ts] [8d]
nastja336: checks 
Evelexy1: checks 
*** SHOW DOWN ***
nastja336: shows [Js Jc] (two pair, Jacks and Eights)
Evelexy1: shows [Ad 7d] (two pair, Aces and Eights)
Evelexy1 collected $56.92 from pot
*** SUMMARY ***
Total pot $59.42 | Rake $2.50 
Board [Ah 9c 8s Ts 8d]
Seat 3: ka100pka527
Seat 1: gig.gyty folded before Flop (didn't bet)
Seat 2: Kristo 914 folded before Flop (didn't bet)
Seat 4: Evelexy1 (button) showed [Ad 7d] and won ($56.92) with two pair, Aces and Eights
Seat 5: godao602 (small blind) folded before Flop
Seat 6: nastja336 (big blind) showed [Js Jc] and lost with two pair, Jacks and Eights



PokerStars Hand #254384252327:  Hold'em No Limit ($0.50/$1.00 USD) - 2025/01/15 16:30:53 WET [2025/01/15 11:30:53 ET]
Table 'Williams III' 6-max Seat #5 is the button
Seat 3: ka100pka527 ($100 in chips) is sitting out
Seat 1: gig.gyty ($103.22 in chips) 
Seat 2: Kristo 914 ($101.50 in chips) 
Seat 4: Evelexy1 ($127.46 in chips) 
Seat 5: godao602 ($100.95 in chips) 
Seat 6: nastja336 ($100 in chips) 
nastja336: posts small blind $0.50
gig.gyty: posts big blind $1
ka100pka527: sits out 
*** HOLE CARDS ***
Kristo 914: folds 
Evelexy1: folds 
godao602: folds 
nastja336: raises $2 to $3
gig.gyty: raises $6 to $9
nastja336: folds 
Uncalled bet ($6) returned to gig.gyty
gig.gyty collected $6 from pot
gig.gyty: doesn't show hand 
*** SUMMARY ***
Total pot $6 | Rake $0 
Seat 3: ka100pka527
Seat 1: gig.gyty (big blind) collected ($6)
Seat 2: Kristo 914 folded before Flop (didn't bet)
Seat 4: Evelexy1 folded before Flop (didn't bet)
Seat 5: godao602 (button) folded before Flop (didn't bet)
Seat 6: nastja336 (small blind) folded before Flop



PokerStars Hand #254384261834:  Hold'em No Limit ($0.50/$1.00 USD) - 2025/01/15 16:31:36 WET [2025/01/15 11:31:36 ET]
Table 'Williams III' 6-max Seat #6 is the button
Seat 3: ka100pka527 ($100 in chips) is sitting out
Seat 1: gig.gyty ($106.22 in chips) 
Seat 2: Kristo 914 ($101.50 in chips) 
Seat 4: Evelexy1 ($127.46 in chips) 
Seat 5: godao602 ($100.95 in chips) 
Seat 6: nastja336 ($100 in chips) 
gig.gyty: posts small blind $0.50
Kristo 914: posts big blind $1
ka100pka527: sits out 
*** HOLE CARDS ***
Evelexy1: folds 
godao602: folds 
nastja336: folds 
gig.gyty: raises $2 to $3
Kristo 914: folds 
Uncalled bet ($2) returned to gig.gyty
gig.gyty collected $2 from pot
gig.gyty: doesn't show hand 
*** SUMMARY ***
Total pot $2 | Rake $0 
Seat 3: ka100pka527
Seat 1: gig.gyty (small blind) collected ($2)
Seat 2: Kristo 914 (big blind) folded before Flop
Seat 4: Evelexy1 folded before Flop (didn't bet)
Seat 5: godao602 folded before Flop (didn't bet)
Seat 6: nastja336 (button) folded before Flop (didn't bet)



PokerStars Hand #254384264977:  Hold'em No Limit ($0.50/$1.00 USD) - 2025/01/15 16:31:51 WET [2025/01/15 11:31:51 ET]
Table 'Williams III' 6-max Seat #1 is the button
Seat 1: gig.gyty ($107.22 in chips) 
Seat 2: Kristo 914 ($100.50 in chips) 
Seat 3: ka100pka527 ($100 in chips) 
Seat 4: Evelexy1 ($127.46 in chips) 
Seat 5: godao602 ($100.95 in chips) 
Seat 6: nastja336 ($100 in chips) 
Kristo 914: posts small blind $0.50
ka100pka527: posts big blind $1
*** HOLE CARDS ***
Evelexy1: folds 
godao602: calls $1
nastja336: folds 
gig.gyty: folds 
Kristo 914: folds 
ka100pka527: checks 
*** FLOP *** [6s Js 2c]
ka100pka527: checks 
godao602: checks 
*** TURN *** [6s Js 2c] [3s]
ka100pka527: checks 
godao602: checks 
*** RIVER *** [6s Js 2c 3s] [Qs]
ka100pka527: checks 
godao602: bets $1
ka100pka527: folds 
Uncalled bet ($1) returned to godao602
godao602 collected $2.38 from pot
*** SUMMARY ***
Total pot $2.50 | Rake $0.12 
Board [6s Js 2c 3s Qs]
Seat 1: gig.gyty (button) folded before Flop (didn't bet)
Seat 2: Kristo 914 (small blind) folded before Flop
Seat 3: ka100pka527 (big blind) folded on the River
Seat 4: Evelexy1 folded before Flop (didn't bet)
Seat 5: godao602 collected ($2.38)
Seat 6: nastja336 folded before Flop (didn't bet)



PokerStars Hand #254384279598:  Hold'em No Limit ($0.50/$1.00 USD) - 2025/01/15 16:32:56 WET [2025/01/15 11:32:56 ET]
Table 'Williams III' 6-max Seat #2 is the button
Seat 1: gig.gyty ($107.22 in chips) 
Seat 2: Kristo 914 ($100 in chips) 
Seat 3: ka100pka527 ($100 in chips) 
Seat 4: Evelexy1 ($127.46 in chips) 
Seat 5: godao602 ($102.33 in chips) 
Seat 6: nastja336 ($100 in chips) 
ka100pka527: posts small blind $0.50
Evelexy1: posts big blind $1
*** HOLE CARDS ***
godao602: folds 
nastja336: folds 
gig.gyty: folds 
Kristo 914: folds 
ka100pka527: folds 
Uncalled bet ($0.50) returned to Evelexy1
Evelexy1 collected $1 from pot
Evelexy1: doesn't show hand 
*** SUMMARY ***
Total pot $1 | Rake $0 
Seat 1: gig.gyty folded before Flop (didn't bet)
Seat 2: Kristo 914 (button) folded before Flop (didn't bet)
Seat 3: ka100pka527 (small blind) folded before Flop
Seat 4: Evelexy1 (big blind) collected ($1)
Seat 5: godao602 folded before Flop (didn't bet)
Seat 6: nastja336 folded before Flop (didn't bet)



PokerStars Hand #254384284078:  Hold'em No Limit ($0.50/$1.00 USD) - 2025/01/15 16:33:16 WET [2025/01/15 11:33:16 ET]
Table 'Williams III' 6-max Seat #3 is the button
Seat 1: gig.gyty ($107.22 in chips) 
Seat 2: Kristo 914 ($100 in chips) 
Seat 3: ka100pka527 ($100 in chips) 
Seat 4: Evelexy1 ($127.96 in chips) 
Seat 5: godao602 ($102.33 in chips) 
Seat 6: nastja336 ($100 in chips) 
Evelexy1: posts small blind $0.50
godao602: posts big blind $1
*** HOLE CARDS ***
nastja336: folds 
gig.gyty: folds 
Kristo 914: folds 
ka100pka527: folds 
Evelexy1: raises $2 to $3
godao602: calls $2
*** FLOP *** [Ac 7c 9s]
Evelexy1: bets $1.90
godao602: calls $1.90
*** TURN *** [Ac 7c 9s] [4h]
Evelexy1: checks 
godao602: checks 
*** RIVER *** [Ac 7c 9s 4h] [3d]
Evelexy1: checks 
godao602: checks 
*** SHOW DOWN ***
Evelexy1: shows [Qh Jc] (high card Ace)
godao602: shows [5h 4d] (a pair of Fours)
godao602 collected $9.31 from pot
*** SUMMARY ***
Total pot $9.80 | Rake $0.49 
Board [Ac 7c 9s 4h 3d]
Seat 1: gig.gyty folded before Flop (didn't bet)
Seat 2: Kristo 914 folded before Flop (didn't bet)
Seat 3: ka100pka527 (button) folded before Flop (didn't bet)
Seat 4: Evelexy1 (small blind) showed [Qh Jc] and lost with high card Ace
Seat 5: godao602 (big blind) showed [5h 4d] and won ($9.31) with a pair of Fours
Seat 6: nastja336 folded before Flop (didn't bet)



PokerStars Hand #254384291998:  Hold'em No Limit ($0.50/$1.00 USD) - 2025/01/15 16:33:51 WET [2025/01/15 11:33:51 ET]
Table 'Williams III' 6-max Seat #4 is the button
Seat 1: gig.gyty ($107.22 in chips) 
Seat 2: Kristo 914 ($100 in chips) 
Seat 3: ka100pka527 ($100 in chips) 
Seat 4: Evelexy1 ($123.06 in chips) 
Seat 5: godao602 ($106.74 in chips) 
Seat 6: nastja336 ($100 in chips) 
godao602: posts small blind $0.50
nastja336: posts big blind $1
*** HOLE CARDS ***
gig.gyty: folds 
Kristo 914: raises $1.40 to $2.40
ka100pka527: folds 
Evelexy1: folds 
godao602: folds 
nastja336: folds 
Uncalled bet ($1.40) returned to Kristo 914
Kristo 914 collected $2.50 from pot
Kristo 914: doesn't show hand 
*** SUMMARY ***
Total pot $2.50 | Rake $0 
Seat 1: gig.gyty folded before Flop (didn't bet)
Seat 2: Kristo 914 collected ($2.50)
Seat 3: ka100pka527 folded before Flop (didn't bet)
Seat 4: Evelexy1 (button) folded before Flop (didn't bet)
Seat 5: godao602 (small blind) folded before Flop
Seat 6: nastja336 (big blind) folded before Flop



PokerStars Hand #254384295858:  Hold'em No Limit ($0.50/$1.00 USD) - 2025/01/15 16:34:08 WET [2025/01/15 11:34:08 ET]
Table 'Williams III' 6-max Seat #5 is the button
Seat 1: gig.gyty ($107.22 in chips) 
Seat 2: Kristo 914 ($101.50 in chips) 
Seat 3: ka100pka527 ($100 in chips) 
Seat 4: Evelexy1 ($123.06 in chips) 
Seat 5: godao602 ($106.24 in chips) 
Seat 6: nastja336 ($100 in chips) 
nastja336: posts small blind $0.50
gig.gyty: posts big blind $1
*** HOLE CARDS ***
Kristo 914: folds 
ka100pka527: folds 
Evelexy1: folds 
godao602: calls $1
nastja336: folds 
gig.gyty: checks 
*** FLOP *** [Jc 3d 4c]
gig.gyty: checks 
godao602: checks 
*** TURN *** [Jc 3d 4c] [5d]
gig.gyty: checks 
godao602: checks 
*** RIVER *** [Jc 3d 4c 5d] [4s]
gig.gyty: checks 
godao602: checks 
*** SHOW DOWN ***
gig.gyty: shows [Ah 6s] (a pair of Fours)
godao602: mucks hand 
gig.gyty collected $2.38 from pot
*** SUMMARY ***
Total pot $2.50 | Rake $0.12 
Board [Jc 3d 4c 5d 4s]
Seat 1: gig.gyty (big blind) showed [Ah 6s] and won ($2.38) with a pair of Fours
Seat 2: Kristo 914 folded before Flop (didn't bet)
Seat 3: ka100pka527 folded before Flop (didn't bet)
Seat 4: Evelexy1 folded before Flop (didn't bet)
Seat 5: godao602 (button) mucked
Seat 6: nastja336 (small blind) folded before Flop



PokerStars Hand #254384306972:  Hold'em No Limit ($0.50/$1.00 USD) - 2025/01/15 16:34:57 WET [2025/01/15 11:34:57 ET]
Table 'Williams III' 6-max Seat #6 is the button
Seat 1: gig.gyty ($108.60 in chips) 
Seat 2: Kristo 914 ($101.50 in chips) 
Seat 3: ka100pka527 ($100 in chips) 
Seat 4: Evelexy1 ($123.06 in chips) 
Seat 5: godao602 ($105.24 in chips) 
Seat 6: nastja336 ($100 in chips) 
gig.gyty: posts small blind $0.50
Kristo 914: posts big blind $1
*** HOLE CARDS ***
ka100pka527: raises $2 to $3
Evelexy1: folds 
godao602: folds 
nastja336: folds 
gig.gyty: folds 
Kristo 914: folds 
Uncalled bet ($2) returned to ka100pka527
ka100pka527 collected $2.50 from pot
ka100pka527: doesn't show hand 
*** SUMMARY ***
Total pot $2.50 | Rake $0 
Seat 1: gig.gyty (small blind) folded before Flop
Seat 2: Kristo 914 (big blind) folded before Flop
Seat 3: ka100pka527 collected ($2.50)
Seat 4: Evelexy1 folded before Flop (didn't bet)
Seat 5: godao602 folded before Flop (didn't bet)
Seat 6: nastja336 (button) folded before Flop (didn't bet)



PokerStars Hand #254384310505:  Hold'em No Limit ($0.50/$1.00 USD) - 2025/01/15 16:35:12 WET [2025/01/15 11:35:12 ET]
Table 'Williams III' 6-max Seat #1 is the button
Seat 1: gig.gyty ($108.10 in chips) 
Seat 2: Kristo 914 ($100.50 in chips) 
Seat 3: ka100pka527 ($101.50 in chips) 
Seat 4: Evelexy1 ($123.06 in chips) 
Seat 5: godao602 ($105.24 in chips) 
Seat 6: nastja336 ($100 in chips) 
Kristo 914: posts small blind $0.50
ka100pka527: posts big blind $1
*** HOLE CARDS ***
Evelexy1: raises $1 to $2
godao602: calls $2
nastja336: folds 
gig.gyty: folds 
Kristo 914: folds 
ka100pka527: calls $1
*** FLOP *** [6d 7s Qd]
ka100pka527: bets $3.34
Evelexy1: folds 
godao602: calls $3.34
*** TURN *** [6d 7s Qd] [8h]
ka100pka527: bets $4.13
godao602: calls $4.13
*** RIVER *** [6d 7s Qd 8h] [Qh]
ka100pka527: checks 
godao602: bets $5
ka100pka527: folds 
Uncalled bet ($5) returned to godao602
godao602 collected $20.37 from pot
*** SUMMARY ***
Total pot $21.44 | Rake $1.07 
Board [6d 7s Qd 8h Qh]
Seat 1: gig.gyty (button) folded before Flop (didn't bet)
Seat 2: Kristo 914 (small blind) folded before Flop
Seat 3: ka100pka527 (big blind) folded on the River
Seat 4: Evelexy1 folded on the Flop
Seat 5: godao602 collected ($20.37)
Seat 6: nastja336 folded before Flop (didn't bet)



PokerStars Hand #254384327118:  Hold'em No Limit ($0.50/$1.00 USD) - 2025/01/15 16:36:24 WET [2025/01/15 11:36:24 ET]
Table 'Williams III' 6-max Seat #2 is the button
Seat 1: gig.gyty ($108.10 in chips) 
Seat 2: Kristo 914 ($100 in chips) 
Seat 3: ka100pka527 ($100 in chips) 
Seat 4: Evelexy1 ($121.06 in chips) 
Seat 5: godao602 ($116.14 in chips) 
Seat 6: nastja336 ($100 in chips) 
ka100pka527: posts small blind $0.50
Evelexy1: posts big blind $1
*** HOLE CARDS ***
godao602: folds 
nastja336: folds 
gig.gyty: folds 
Kristo 914: raises $1.40 to $2.40
ka100pka527: raises $8.60 to $11
Evelexy1: folds 
Kristo 914: calls $8.60
*** FLOP *** [4c 6d 5c]
ka100pka527: checks 
Kristo 914: bets $6.82
ka100pka527: calls $6.82
*** TURN *** [4c 6d 5c] [2c]
ka100pka527: bets $23.21
Kristo 914: calls $23.21
*** RIVER *** [4c 6d 5c 2c] [9s]
ka100pka527: checks 
Kristo 914: bets $58.97 and is all-in
ka100pka527: folds 
Uncalled bet ($58.97) returned to Kristo 914
Kristo 914 collected $80.56 from pot
Kristo 914: doesn't show hand 
*** SUMMARY ***
Total pot $83.06 | Rake $2.50 
Board [4c 6d 5c 2c 9s]
Seat 1: gig.gyty folded before Flop (didn't bet)
Seat 2: Kristo 914 (button) collected ($80.56)
Seat 3: ka100pka527 (small blind) folded on the River
Seat 4: Evelexy1 (big blind) folded before Flop
Seat 5: godao602 folded before Flop (didn't bet)
Seat 6: nastja336 folded before Flop (didn't bet)



PokerStars Hand #254384353701:  Hold'em No Limit ($0.50/$1.00 USD) - 2025/01/15 16:38:17 WET [2025/01/15 11:38:17 ET]
Table 'Williams III' 6-max Seat #3 is the button
Seat 4: Evelexy1 ($120.06 in chips) is sitting out
Seat 1: gig.gyty ($108.10 in chips) 
Seat 2: Kristo 914 ($139.53 in chips) 
Seat 3: ka100pka527 ($100 in chips) 
Seat 5: godao602 ($116.14 in chips) 
Seat 6: nastja336 ($100 in chips) 
godao602: posts small blind $0.50
nastja336: posts big blind $1
*** HOLE CARDS ***
gig.gyty: folds 
Kristo 914: folds 
ka100pka527: folds 
godao602: calls $0.50
nastja336: checks 
*** FLOP *** [9c 6d Td]
godao602: checks 
nastja336: bets $4
godao602: folds 
Uncalled bet ($4) returned to nastja336
nastja336 collected $1.90 from pot
nastja336: doesn't show hand 
*** SUMMARY ***
Total pot $2 | Rake $0.10 
Board [9c 6d Td]
Seat 4: Evelexy1
Seat 1: gig.gyty folded before Flop (didn't bet)
Seat 2: Kristo 914 folded before Flop (didn't bet)
Seat 3: ka100pka527 (button) folded before Flop (didn't bet)
Seat 5: godao602 (small blind) folded on the Flop
Seat 6: nastja336 (big blind) collected ($1.90)



PokerStars Hand #254384361734:  Hold'em No Limit ($0.50/$1.00 USD) - 2025/01/15 16:38:52 WET [2025/01/15 11:38:52 ET]
Table 'Williams III' 6-max Seat #5 is the button
Seat 4: Evelexy1 ($120.06 in chips) is sitting out
Seat 1: gig.gyty ($108.10 in chips) 
Seat 2: Kristo 914 ($139.53 in chips) 
Seat 3: ka100pka527 ($100 in chips) 
Seat 5: godao602 ($115.14 in chips) 
Seat 6: nastja336 ($100.90 in chips) 
nastja336: posts small blind $0.50
gig.gyty: posts big blind $1
*** HOLE CARDS ***
Kristo 914: folds 
ka100pka527: raises $1.50 to $2.50
Kristo 914 leaves the table
godao602: calls $2.50
nastja336: folds 
gig.gyty: folds 
*** FLOP *** [2h 5d Jc]
ka100pka527: bets $3.34
godao602: calls $3.34
*** TURN *** [2h 5d Jc] [Ts]
ka100pka527: bets $8.35
godao602: calls $8.35
*** RIVER *** [2h 5d Jc Ts] [3s]
ka100pka527: checks 
godao602: checks 
*** SHOW DOWN ***
ka100pka527: shows [Kc Js] (a pair of Jacks)
godao602: mucks hand 
ka100pka527 collected $28.39 from pot
*** SUMMARY ***
Total pot $29.88 | Rake $1.49 
Board [2h 5d Jc Ts 3s]
Seat 4: Evelexy1
Seat 1: gig.gyty (big blind) folded before Flop
Seat 2: Kristo 914 folded before Flop (didn't bet)
Seat 3: ka100pka527 showed [Kc Js] and won ($28.39) with a pair of Jacks
Seat 5: godao602 (button) mucked
Seat 6: nastja336 (small blind) folded before Flop



PokerStars Hand #254384374926:  Hold'em No Limit ($0.50/$1.00 USD) - 2025/01/15 16:39:49 WET [2025/01/15 11:39:49 ET]
Table 'Williams III' 6-max Seat #6 is the button
Seat 4: Evelexy1 ($120.06 in chips) is sitting out
Seat 1: gig.gyty ($107.10 in chips) 
Seat 3: ka100pka527 ($114.20 in chips) 
Seat 5: godao602 ($100.95 in chips) 
Seat 6: nastja336 ($100.40 in chips) 
gig.gyty: posts small blind $0.50
ka100pka527: posts big blind $1
*** HOLE CARDS ***
fataleggs13 joins the table at seat #2 
godao602: folds 
nastja336: raises $1.50 to $2.50
gig.gyty: folds 
ka100pka527: folds 
Uncalled bet ($1.50) returned to nastja336
nastja336 collected $2.50 from pot
nastja336: doesn't show hand 
*** SUMMARY ***
Total pot $2.50 | Rake $0 
Seat 4: Evelexy1
Seat 1: gig.gyty (small blind) folded before Flop
Seat 3: ka100pka527 (big blind) folded before Flop
Seat 5: godao602 folded before Flop (didn't bet)
Seat 6: nastja336 (button) collected ($2.50)



PokerStars Hand #254384381868:  Hold'em No Limit ($0.50/$1.00 USD) - 2025/01/15 16:40:18 WET [2025/01/15 11:40:18 ET]
Table 'Williams III' 6-max Seat #1 is the button
Seat 2: fataleggs13 ($75 in chips) is sitting out
Seat 4: Evelexy1 ($120.06 in chips) is sitting out
Seat 1: gig.gyty ($106.60 in chips) 
Seat 3: ka100pka527 ($113.20 in chips) 
Seat 5: godao602 ($100.95 in chips) 
Seat 6: nastja336 ($101.90 in chips) 
ka100pka527: posts small blind $0.50
godao602: posts big blind $1
*** HOLE CARDS ***
nastja336: raises $1.50 to $2.50
gig.gyty: folds 
ka100pka527: folds 
godao602: calls $1.50
*** FLOP *** [6h 4s Js]
godao602: checks 
nastja336: bets $1.72
godao602: calls $1.72
*** TURN *** [6h 4s Js] [3h]
godao602: checks 
nastja336: bets $6.60
godao602: raises $6.60 to $13.20
nastja336: folds 
Uncalled bet ($6.60) returned to godao602
godao602 collected $21.14 from pot
*** SUMMARY ***
Total pot $22.14 | Rake $1 
Board [6h 4s Js 3h]
Seat 2: fataleggs13
Seat 4: Evelexy1
Seat 1: gig.gyty (button) folded before Flop (didn't bet)
Seat 3: ka100pka527 (small blind) folded before Flop
Seat 5: godao602 (big blind) collected ($21.14)
Seat 6: nastja336 folded on the Turn



PokerStars Hand #254384389989:  Hold'em No Limit ($0.50/$1.00 USD) - 2025/01/15 16:40:52 WET [2025/01/15 11:40:52 ET]
Table 'Williams III' 6-max Seat #3 is the button
Seat 2: fataleggs13 ($75 in chips) is sitting out
Seat 4: Evelexy1 ($120.06 in chips) is sitting out
Seat 5: godao602 ($111.27 in chips) is sitting out
Seat 1: gig.gyty ($106.60 in chips) 
Seat 3: ka100pka527 ($112.70 in chips) 
Seat 6: nastja336 ($100 in chips) 
godao602 has timed out
godao602: is sitting out 
nastja336: posts small blind $0.50
gig.gyty: posts big blind $1
fataleggs13: sits out 
*** HOLE CARDS ***
ka100pka527: raises $1.50 to $2.50
nastja336: folds 
gig.gyty: folds 
Uncalled bet ($1.50) returned to ka100pka527
ka100pka527 collected $2.50 from pot
ka100pka527: doesn't show hand 
*** SUMMARY ***
Total pot $2.50 | Rake $0 
Seat 2: fataleggs13
Seat 4: Evelexy1
Seat 5: godao602
Seat 1: gig.gyty (big blind) folded before Flop
Seat 3: ka100pka527 (button) collected ($2.50)
Seat 6: nastja336 (small blind) folded before Flop



PokerStars Hand #254384394130:  Hold'em No Limit ($0.50/$1.00 USD) - 2025/01/15 16:41:10 WET [2025/01/15 11:41:10 ET]
Table 'Williams III' 6-max Seat #1 is the button
Seat 2: fataleggs13 ($75 in chips) is sitting out
Seat 4: Evelexy1 ($120.06 in chips) is sitting out
Seat 5: godao602 ($111.27 in chips) is sitting out
Seat 6: nastja336 ($100 in chips) is sitting out
Seat 1: gig.gyty ($105.60 in chips) 
Seat 3: ka100pka527 ($114.20 in chips) 
gig.gyty: posts small blind $0.50
ka100pka527: posts big blind $1
*** HOLE CARDS ***
gig.gyty: raises $1.50 to $2.50
godao602 is disconnected 
ka100pka527: raises $7.50 to $10
gig.gyty: calls $7.50
*** FLOP *** [6c 4d 7s]
ka100pka527 has timed out
ka100pka527: checks 
gig.gyty: bets $4.75
ka100pka527: folds 
Uncalled bet ($4.75) returned to gig.gyty
gig.gyty collected $19 from pot
gig.gyty: doesn't show hand 
*** SUMMARY ***
Total pot $20 | Rake $1 
Board [6c 4d 7s]
Seat 2: fataleggs13
Seat 4: Evelexy1
Seat 5: godao602
Seat 6: nastja336
Seat 1: gig.gyty (button) (small blind) collected ($19)
Seat 3: ka100pka527 (big blind) folded on the Flop



PokerStars Hand #254384408997:  Hold'em No Limit ($0.50/$1.00 USD) - 2025/01/15 16:42:14 WET [2025/01/15 11:42:14 ET]
Table 'Williams III' 6-max Seat #3 is the button
Seat 4: Evelexy1 ($120.06 in chips) is sitting out
Seat 5: godao602 ($111.27 in chips) is sitting out
Seat 6: nastja336 ($100 in chips) is sitting out
Seat 1: gig.gyty ($114.60 in chips) 
Seat 2: fataleggs13 ($75 in chips) 
Seat 3: ka100pka527 ($104.20 in chips) 
gig.gyty: posts small blind $0.50
fataleggs13: posts big blind $1
*** HOLE CARDS ***
ka100pka527: folds 
gig.gyty: folds 
Uncalled bet ($0.50) returned to fataleggs13
fataleggs13 collected $1 from pot
fataleggs13: doesn't show hand 
*** SUMMARY ***
Total pot $1 | Rake $0 
Seat 4: Evelexy1
Seat 5: godao602
Seat 6: nastja336
Seat 1: gig.gyty (small blind) folded before Flop
Seat 2: fataleggs13 (big blind) collected ($1)
Seat 3: ka100pka527 (button) folded before Flop (didn't bet)



PokerStars Hand #254384410738:  Hold'em No Limit ($0.50/$1.00 USD) - 2025/01/15 16:42:21 WET [2025/01/15 11:42:21 ET]
Table 'Williams III' 6-max Seat #1 is the button
Seat 4: Evelexy1 ($120.06 in chips) is sitting out
Seat 6: nastja336 ($100 in chips) is sitting out
Seat 1: gig.gyty ($114.10 in chips) 
Seat 2: fataleggs13 ($75.50 in chips) 
Seat 3: ka100pka527 ($104.20 in chips) 
Seat 5: godao602 ($111.27 in chips) 
fataleggs13: posts small blind $0.50
ka100pka527: posts big blind $1
Evelexy1: sits out 
godao602: posts small & big blinds $1.50
*** HOLE CARDS ***
godao602: checks 
gig.gyty: folds 
fataleggs13: folds 
ka100pka527: raises $4 to $5
godao602: calls $4
*** FLOP *** [As 2h Ad]
ka100pka527: bets $3.45
godao602: calls $3.45
*** TURN *** [As 2h Ad] [Js]
ka100pka527: checks 
godao602: checks 
*** RIVER *** [As 2h Ad Js] [2s]
ka100pka527: checks 
godao602: checks 
*** SHOW DOWN ***
ka100pka527: shows [8d Qd] (two pair, Aces and Deuces)
godao602: shows [Kh Qc] (two pair, Aces and Deuces - King kicker)
godao602 collected $17 from pot
*** SUMMARY ***
Total pot $17.90 | Rake $0.90 
Board [As 2h Ad Js 2s]
Seat 4: Evelexy1
Seat 6: nastja336
Seat 1: gig.gyty (button) folded before Flop (didn't bet)
Seat 2: fataleggs13 (small blind) folded before Flop
Seat 3: ka100pka527 (big blind) showed [8d Qd] and lost with two pair, Aces and Deuces
Seat 5: godao602 showed [Kh Qc] and won ($17) with two pair, Aces and Deuces



PokerStars Hand #254384420276:  Hold'em No Limit ($0.50/$1.00 USD) - 2025/01/15 16:43:01 WET [2025/01/15 11:43:01 ET]
Table 'Williams III' 6-max Seat #2 is the button
Seat 6: nastja336 ($100 in chips) is sitting out
Seat 1: gig.gyty ($114.10 in chips) 
Seat 2: fataleggs13 ($75 in chips) 
Seat 3: ka100pka527 ($100 in chips) 
Seat 4: Evelexy1 ($120.06 in chips) 
Seat 5: godao602 ($119.32 in chips) 
ka100pka527: posts small blind $0.50
Evelexy1: posts big blind $1
nastja336: sits out 
*** HOLE CARDS ***
godao602: calls $1
gig.gyty: folds 
fataleggs13: folds 
ka100pka527: raises $4 to $5
Evelexy1: folds 
godao602: calls $4
*** FLOP *** [3s 8c 2s]
ka100pka527: bets $3.45
godao602: calls $3.45
*** TURN *** [3s 8c 2s] [8d]
ka100pka527: bets $5.61
godao602: calls $5.61
*** RIVER *** [3s 8c 2s 8d] [5h]
ka100pka527: bets $25.02
godao602: calls $25.02
*** SHOW DOWN ***
ka100pka527: shows [As 4s] (a straight, Ace to Five)
godao602: mucks hand 
ka100pka527 collected $76.66 from pot
*** SUMMARY ***
Total pot $79.16 | Rake $2.50 
Board [3s 8c 2s 8d 5h]
Seat 6: nastja336
Seat 1: gig.gyty folded before Flop (didn't bet)
Seat 2: fataleggs13 (button) folded before Flop (didn't bet)
Seat 3: ka100pka527 (small blind) showed [As 4s] and won ($76.66) with a straight, Ace to Five
Seat 4: Evelexy1 (big blind) folded before Flop
Seat 5: godao602 mucked



PokerStars Hand #254384433446:  Hold'em No Limit ($0.50/$1.00 USD) - 2025/01/15 16:43:57 WET [2025/01/15 11:43:57 ET]
Table 'Williams III' 6-max Seat #3 is the button
Seat 6: nastja336 ($100 in chips) is sitting out
Seat 1: gig.gyty ($114.10 in chips) 
Seat 2: fataleggs13 ($75 in chips) 
Seat 3: ka100pka527 ($137.58 in chips) 
Seat 4: Evelexy1 ($119.06 in chips) 
Seat 5: godao602 ($80.24 in chips) 
Evelexy1: posts small blind $0.50
godao602: posts big blind $1
nastja336: sits out 
*** HOLE CARDS ***
gig.gyty: raises $1.25 to $2.25
fataleggs13: raises $4.75 to $7
ka100pka527: folds 
Evelexy1: folds 
godao602: calls $6
gig.gyty: folds 
*** FLOP *** [Qd 5c 9h]
godao602: checks 
fataleggs13: bets $5.57
godao602: calls $5.57
*** TURN *** [Qd 5c 9h] [Kd]
godao602: checks 
fataleggs13: bets $19.88
godao602: calls $19.88
*** RIVER *** [Qd 5c 9h Kd] [7h]
godao602: bets $47.79 and is all-in
fataleggs13: calls $42.55 and is all-in
Uncalled bet ($5.24) returned to godao602
*** SHOW DOWN ***
godao602: shows [Td Th] (a pair of Tens)
fataleggs13: shows [5h Kh] (two pair, Kings and Fives)
fataleggs13 collected $150.25 from pot
*** SUMMARY ***
Total pot $152.75 | Rake $2.50 
Board [Qd 5c 9h Kd 7h]
Seat 6: nastja336
Seat 1: gig.gyty folded before Flop
Seat 2: fataleggs13 showed [5h Kh] and won ($150.25) with two pair, Kings and Fives
Seat 3: ka100pka527 (button) folded before Flop (didn't bet)
Seat 4: Evelexy1 (small blind) folded before Flop
Seat 5: godao602 (big blind) showed [Td Th] and lost with a pair of Tens



PokerStars Hand #254384444761:  Hold'em No Limit ($0.50/$1.00 USD) - 2025/01/15 16:44:45 WET [2025/01/15 11:44:45 ET]
Table 'Williams III' 6-max Seat #4 is the button
Seat 1: gig.gyty ($111.85 in chips) 
Seat 2: fataleggs13 ($150.25 in chips) 
Seat 3: ka100pka527 ($137.58 in chips) 
Seat 4: Evelexy1 ($118.56 in chips) 
Seat 5: godao602 ($5.24 in chips) 
Seat 6: nastja336 ($100 in chips) 
godao602: posts small blind $0.50
nastja336: posts big blind $1
*** HOLE CARDS ***
gig.gyty: folds 
fataleggs13: folds 
ka100pka527: folds 
Evelexy1: folds 
godao602: raises $4.24 to $5.24 and is all-in
nastja336: folds 
Uncalled bet ($4.24) returned to godao602
godao602 collected $2 from pot
*** SUMMARY ***
Total pot $2 | Rake $0 
Seat 1: gig.gyty folded before Flop (didn't bet)
Seat 2: fataleggs13 folded before Flop (didn't bet)
Seat 3: ka100pka527 folded before Flop (didn't bet)
Seat 4: Evelexy1 (button) folded before Flop (didn't bet)
Seat 5: godao602 (small blind) collected ($2)
Seat 6: nastja336 (big blind) folded before Flop



PokerStars Hand #254384452760:  Hold'em No Limit ($0.50/$1.00 USD) - 2025/01/15 16:45:18 WET [2025/01/15 11:45:18 ET]
Table 'Williams III' 6-max Seat #5 is the button
Seat 1: gig.gyty ($111.85 in chips) is sitting out
Seat 2: fataleggs13 ($150.25 in chips) 
Seat 3: ka100pka527 ($137.58 in chips) 
Seat 4: Evelexy1 ($118.56 in chips) 
Seat 5: godao602 ($6.24 in chips) 
Seat 6: nastja336 ($100 in chips) 
nastja336: posts small blind $0.50
gig.gyty: is sitting out 
fataleggs13: posts big blind $1
*** HOLE CARDS ***
ka100pka527: raises $2 to $3
Evelexy1: folds 
godao602: raises $3.24 to $6.24 and is all-in
nastja336: folds 
fataleggs13: folds 
ka100pka527: calls $3.24
*** FLOP *** [7s 2c 2h]
*** TURN *** [7s 2c 2h] [6c]
*** RIVER *** [7s 2c 2h 6c] [7c]
*** SHOW DOWN ***
ka100pka527: shows [9d 9s] (two pair, Nines and Sevens)
godao602: shows [Jd Ac] (two pair, Sevens and Deuces)
ka100pka527 collected $13.28 from pot
*** SUMMARY ***
Total pot $13.98 | Rake $0.70 
Board [7s 2c 2h 6c 7c]
Seat 1: gig.gyty
Seat 2: fataleggs13 (big blind) folded before Flop
Seat 3: ka100pka527 showed [9d 9s] and won ($13.28) with two pair, Nines and Sevens
Seat 4: Evelexy1 folded before Flop (didn't bet)
Seat 5: godao602 (button) showed [Jd Ac] and lost with two pair, Sevens and Deuces
Seat 6: nastja336 (small blind) folded before Flop



PokerStars Hand #254384457704:  Hold'em No Limit ($0.50/$1.00 USD) - 2025/01/15 16:45:39 WET [2025/01/15 11:45:39 ET]
Table 'Williams III' 6-max Seat #6 is the button
Seat 1: gig.gyty ($111.85 in chips) is sitting out
Seat 3: ka100pka527 ($144.62 in chips) is sitting out
Seat 5: godao602 ($0 in chips) is sitting out
Seat 2: fataleggs13 ($149.25 in chips) 
Seat 4: Evelexy1 ($118.56 in chips) 
Seat 6: nastja336 ($100 in chips) 
fataleggs13: posts small blind $0.50
ka100pka527: is sitting out 
Evelexy1: posts big blind $1
*** HOLE CARDS ***
nastja336: raises $1.50 to $2.50
fataleggs13: folds 
Evelexy1: folds 
Uncalled bet ($1.50) returned to nastja336
nastja336 collected $2.50 from pot
nastja336: doesn't show hand 
Evelexy1 leaves the table
*** SUMMARY ***
Total pot $2.50 | Rake $0 
Seat 1: gig.gyty
Seat 3: ka100pka527
Seat 5: godao602
Seat 2: fataleggs13 (small blind) folded before Flop
Seat 4: Evelexy1 (big blind) folded before Flop
Seat 6: nastja336 (button) collected ($2.50)



PokerStars Hand #254384460639:  Hold'em No Limit ($0.50/$1.00 USD) - 2025/01/15 16:45:52 WET [2025/01/15 11:45:52 ET]
Table 'Williams III' 6-max Seat #2 is the button
Seat 3: ka100pka527 ($144.62 in chips) is sitting out
Seat 5: godao602 ($0 in chips) is sitting out
Seat 1: gig.gyty ($111.85 in chips) 
Seat 2: fataleggs13 ($148.75 in chips) 
Seat 6: nastja336 ($101.50 in chips) 
nastja336: posts small blind $0.50
gig.gyty: posts big blind $1
*** HOLE CARDS ***
fataleggs13: raises $1.50 to $2.50
nastja336: folds 
gig.gyty: folds 
Uncalled bet ($1.50) returned to fataleggs13
fataleggs13 collected $2.50 from pot
fataleggs13: doesn't show hand 
BoyLoc0 joins the table at seat #4 
*** SUMMARY ***
Total pot $2.50 | Rake $0 
Seat 3: ka100pka527
Seat 5: godao602
Seat 1: gig.gyty (big blind) folded before Flop
Seat 2: fataleggs13 (button) collected ($2.50)
Seat 6: nastja336 (small blind) folded before Flop



PokerStars Hand #254384464233:  Hold'em No Limit ($0.50/$1.00 USD) - 2025/01/15 16:46:07 WET [2025/01/15 11:46:07 ET]
Table 'Williams III' 6-max Seat #6 is the button
Seat 2: fataleggs13 ($150.25 in chips) is sitting out
Seat 4: BoyLoc0 ($100 in chips) is sitting out
Seat 5: godao602 ($0 in chips) is sitting out
Seat 1: gig.gyty ($110.85 in chips) 
Seat 3: ka100pka527 ($144.62 in chips) 
Seat 6: nastja336 ($101 in chips) 
gig.gyty: posts small blind $0.50
fataleggs13: is sitting out 
ka100pka527: posts big blind $1
BoyLoc0: sits out 
*** HOLE CARDS ***
BoyLoc0 leaves the table
fataleggs13 leaves the table
nastja336: folds 
gig.gyty: raises $1.50 to $2.50
ka100pka527: folds 
Uncalled bet ($1.50) returned to gig.gyty
gig.gyty collected $2 from pot
gig.gyty: doesn't show hand 
*** SUMMARY ***
Total pot $2 | Rake $0 
Seat 2: fataleggs13
Seat 4: BoyLoc0
Seat 5: godao602
Seat 1: gig.gyty (small blind) collected ($2)
Seat 3: ka100pka527 (big blind) folded before Flop
Seat 6: nastja336 (button) folded before Flop (didn't bet)



PokerStars Hand #254384472930:  Hold'em No Limit ($0.50/$1.00 USD) - 2025/01/15 16:46:43 WET [2025/01/15 11:46:43 ET]
Table 'Williams III' 6-max Seat #1 is the button
Seat 5: godao602 ($0 in chips) is sitting out
Seat 1: gig.gyty ($111.85 in chips) 
Seat 3: ka100pka527 ($143.62 in chips) 
Seat 6: nastja336 ($101 in chips) 
ka100pka527: posts small blind $0.50
nastja336: posts big blind $1
*** HOLE CARDS ***
gig.gyty: folds 
ka100pka527: folds 
Uncalled bet ($0.50) returned to nastja336
nastja336 collected $1 from pot
nastja336: doesn't show hand 
*** SUMMARY ***
Total pot $1 | Rake $0 
Seat 5: godao602
Seat 1: gig.gyty (button) folded before Flop (didn't bet)
Seat 3: ka100pka527 (small blind) folded before Flop
Seat 6: nastja336 (big blind) collected ($1)



PokerStars Hand #254384476003:  Hold'em No Limit ($0.50/$1.00 USD) - 2025/01/15 16:46:56 WET [2025/01/15 11:46:56 ET]
Table 'Williams III' 6-max Seat #6 is the button
Seat 1: gig.gyty ($111.85 in chips) is sitting out
Seat 5: godao602 ($0 in chips) is sitting out
Seat 3: ka100pka527 ($143.12 in chips) 
Seat 6: nastja336 ($101.50 in chips) 
nastja336: posts small blind $0.50
gig.gyty: is sitting out 
ka100pka527: posts big blind $1
*** HOLE CARDS ***
gig.gyty leaves the table
nastja336: folds 
Uncalled bet ($0.50) returned to ka100pka527
ka100pka527 collected $1 from pot
ka100pka527: doesn't show hand 
*** SUMMARY ***
Total pot $1 | Rake $0 
Seat 1: gig.gyty
Seat 5: godao602
Seat 3: ka100pka527 (big blind) collected ($1)
Seat 6: nastja336 (button) (small blind) folded before Flop



