PokerStars Hand #254377676571:  Hold'em No Limit ($0.50/$1.00 USD) - 2025/01/15 4:01:41 WET [2025/01/14 23:01:41 ET]
Table 'Theemin II' 6-max Seat #2 is the button
Seat 6: abidaz10 ($100 in chips) is sitting out
Seat 1: Rysiff ($158.16 in chips) 
Seat 2: CashfishT ($100 in chips) 
Seat 4: hope321 ($54.84 in chips) 
Seat 5: Supermegopro ($100 in chips) 
hope321: posts small blind $0.50
Supermegopro: posts big blind $1
abidaz10: sits out 
*** HOLE CARDS ***
Rysiff: folds 
CashfishT: raises $1.20 to $2.20
hope321: calls $1.70
Supermegopro: folds 
*** FLOP *** [8h Kd 8c]
hope321: checks 
CashfishT: bets $1.69
hope321: folds 
Uncalled bet ($1.69) returned to CashfishT
CashfishT collected $5.13 from pot
CashfishT: doesn't show hand 
*** SUMMARY ***
Total pot $5.40 | Rake $0.27 
Board [8h Kd 8c]
Seat 6: abidaz10
Seat 1: Rysiff folded before Flop (didn't bet)
Seat 2: CashfishT (button) collected ($5.13)
Seat 4: hope321 (small blind) folded on the Flop
Seat 5: Supermegopro (big blind) folded before Flop



PokerStars Hand #254377680272:  Hold'em No Limit ($0.50/$1.00 USD) - 2025/01/15 4:02:16 WET [2025/01/14 23:02:16 ET]
Table 'Theemin II' 6-max Seat #4 is the button
Seat 1: Rysiff ($158.16 in chips) 
Seat 2: CashfishT ($102.93 in chips) 
Seat 4: hope321 ($52.64 in chips) 
Seat 5: Supermegopro ($100 in chips) 
Seat 6: abidaz10 ($100 in chips) 
Supermegopro: posts small blind $0.50
abidaz10: posts big blind $1
*** HOLE CARDS ***
Rysiff: folds 
CashfishT: raises $1.20 to $2.20
hope321: raises $3.20 to $5.40
Supermegopro: folds 
abidaz10: folds 
CashfishT: calls $3.20
*** FLOP *** [5d 7d Ks]
CashfishT: checks 
hope321: bets $3
CashfishT: calls $3
*** TURN *** [5d 7d Ks] [9c]
CashfishT: checks 
hope321: bets $3
CashfishT: raises $17.54 to $20.54
hope321: calls $17.54
*** RIVER *** [5d 7d Ks 9c] [Qc]
CashfishT: bets $42.66
hope321: folds 
Uncalled bet ($42.66) returned to CashfishT
CashfishT collected $56.88 from pot
CashfishT: doesn't show hand 
*** SUMMARY ***
Total pot $59.38 | Rake $2.50 
Board [5d 7d Ks 9c Qc]
Seat 1: Rysiff folded before Flop (didn't bet)
Seat 2: CashfishT collected ($56.88)
Seat 4: hope321 (button) folded on the River
Seat 5: Supermegopro (small blind) folded before Flop
Seat 6: abidaz10 (big blind) folded before Flop



PokerStars Hand #254377687945:  Hold'em No Limit ($0.50/$1.00 USD) - 2025/01/15 4:03:29 WET [2025/01/14 23:03:29 ET]
Table 'Theemin II' 6-max Seat #5 is the button
Seat 1: Rysiff ($158.16 in chips) 
Seat 2: CashfishT ($130.87 in chips) 
Seat 4: hope321 ($23.70 in chips) 
Seat 5: Supermegopro ($100 in chips) 
Seat 6: abidaz10 ($99 in chips) 
abidaz10: posts small blind $0.50
Rysiff: posts big blind $1
*** HOLE CARDS ***
CashfishT: folds 
hope321: raises $3 to $4
Supermegopro: folds 
abidaz10: folds 
Rysiff: folds 
Uncalled bet ($3) returned to hope321
hope321 collected $2.50 from pot
*** SUMMARY ***
Total pot $2.50 | Rake $0 
Seat 1: Rysiff (big blind) folded before Flop
Seat 2: CashfishT folded before Flop (didn't bet)
Seat 4: hope321 collected ($2.50)
Seat 5: Supermegopro (button) folded before Flop (didn't bet)
Seat 6: abidaz10 (small blind) folded before Flop



PokerStars Hand #254377689568:  Hold'em No Limit ($0.50/$1.00 USD) - 2025/01/15 4:03:45 WET [2025/01/14 23:03:45 ET]
Table 'Theemin II' 6-max Seat #6 is the button
Seat 1: Rysiff ($157.16 in chips) 
Seat 2: CashfishT ($130.87 in chips) 
Seat 4: hope321 ($25.20 in chips) 
Seat 5: Supermegopro ($100 in chips) 
Seat 6: abidaz10 ($98.50 in chips) 
Rysiff: posts small blind $0.50
CashfishT: posts big blind $1
*** HOLE CARDS ***
hope321: raises $2.50 to $3.50
Supermegopro: folds 
abidaz10 has timed out
abidaz10: folds 
Rysiff: folds 
CashfishT: calls $2.50
*** FLOP *** [Kh Ks 6d]
vezis3 joins the table at seat #3 
CashfishT: checks 
hope321: checks 
*** TURN *** [Kh Ks 6d] [2d]
CashfishT: checks 
hope321: bets $2
CashfishT: calls $2
*** RIVER *** [Kh Ks 6d 2d] [4h]
CashfishT: bets $26.50
hope321: calls $19.70 and is all-in
Uncalled bet ($6.80) returned to CashfishT
*** SHOW DOWN ***
CashfishT: shows [3d 5d] (a straight, Deuce to Six)
hope321: shows [2h Qc] (two pair, Kings and Deuces)
CashfishT collected $48.40 from pot
*** SUMMARY ***
Total pot $50.90 | Rake $2.50 
Board [Kh Ks 6d 2d 4h]
Seat 1: Rysiff (small blind) folded before Flop
Seat 2: CashfishT (big blind) showed [3d 5d] and won ($48.40) with a straight, Deuce to Six
Seat 4: hope321 showed [2h Qc] and lost with two pair, Kings and Deuces
Seat 5: Supermegopro folded before Flop (didn't bet)
Seat 6: abidaz10 (button) folded before Flop (didn't bet)



PokerStars Hand #254377697123:  Hold'em No Limit ($0.50/$1.00 USD) - 2025/01/15 4:04:56 WET [2025/01/14 23:04:56 ET]
Table 'Theemin II' 6-max Seat #1 is the button
Seat 4: hope321 ($0 in chips) is sitting out
Seat 6: abidaz10 ($98.50 in chips) is sitting out
Seat 1: Rysiff ($156.66 in chips) 
Seat 2: CashfishT ($154.07 in chips) 
Seat 3: vezis3 ($100 in chips) 
Seat 5: Supermegopro ($100 in chips) 
CashfishT: posts small blind $0.50
vezis3: posts big blind $1
*** HOLE CARDS ***
Supermegopro: folds 
Rysiff: raises $1.50 to $2.50
CashfishT: folds 
hope321 leaves the table
vezis3: raises $9.50 to $12
Rysiff: folds 
Uncalled bet ($9.50) returned to vezis3
vezis3 collected $5.50 from pot
vezis3: doesn't show hand 
*** SUMMARY ***
Total pot $5.50 | Rake $0 
Seat 4: hope321
Seat 6: abidaz10
Seat 1: Rysiff (button) folded before Flop
Seat 2: CashfishT (small blind) folded before Flop
Seat 3: vezis3 (big blind) collected ($5.50)
Seat 5: Supermegopro folded before Flop (didn't bet)



PokerStars Hand #254377699029:  Hold'em No Limit ($0.50/$1.00 USD) - 2025/01/15 4:05:15 WET [2025/01/14 23:05:15 ET]
Table 'Theemin II' 6-max Seat #2 is the button
Seat 1: Rysiff ($154.16 in chips) 
Seat 2: CashfishT ($153.57 in chips) 
Seat 3: vezis3 ($103 in chips) 
Seat 5: Supermegopro ($100 in chips) 
Seat 6: abidaz10 ($98.50 in chips) 
vezis3: posts small blind $0.50
Supermegopro: posts big blind $1
*** HOLE CARDS ***
abidaz10: calls $1
Rysiff: raises $3 to $4
CashfishT: folds 
vezis3: folds 
Supermegopro: folds 
abidaz10: calls $3
*** FLOP *** [5c Ks Js]
abidaz10: checks 
Rysiff: bets $7.22
abidaz10: folds 
Uncalled bet ($7.22) returned to Rysiff
Rysiff collected $9.02 from pot
Rysiff: doesn't show hand 
*** SUMMARY ***
Total pot $9.50 | Rake $0.48 
Board [5c Ks Js]
Seat 1: Rysiff collected ($9.02)
Seat 2: CashfishT (button) folded before Flop (didn't bet)
Seat 3: vezis3 (small blind) folded before Flop
Seat 5: Supermegopro (big blind) folded before Flop
Seat 6: abidaz10 folded on the Flop



PokerStars Hand #254377703789:  Hold'em No Limit ($0.50/$1.00 USD) - 2025/01/15 4:06:00 WET [2025/01/14 23:06:00 ET]
Table 'Theemin II' 6-max Seat #3 is the button
Seat 1: Rysiff ($159.18 in chips) 
Seat 2: CashfishT ($153.57 in chips) 
Seat 3: vezis3 ($102.50 in chips) 
Seat 5: Supermegopro ($100 in chips) 
Seat 6: abidaz10 ($94.50 in chips) 
Supermegopro: posts small blind $0.50
abidaz10: posts big blind $1
*** HOLE CARDS ***
Rysiff: raises $1.50 to $2.50
CashfishT: raises $5 to $7.50
vezis3: folds 
Supermegopro: folds 
abidaz10: calls $6.50
Rysiff: calls $5
*** FLOP *** [4c Jh Kh]
abidaz10: bets $21.85
Rysiff: calls $21.85
CashfishT: calls $21.85
*** TURN *** [4c Jh Kh] [9d]
abidaz10: bets $65.15 and is all-in
Rysiff: folds 
CashfishT: calls $65.15
*** RIVER *** [4c Jh Kh 9d] [4s]
*** SHOW DOWN ***
abidaz10: shows [Td Qc] (a straight, Nine to King)
CashfishT: shows [Kc Ad] (two pair, Kings and Fours)
abidaz10 collected $216.35 from pot
*** SUMMARY ***
Total pot $218.85 | Rake $2.50 
Board [4c Jh Kh 9d 4s]
Seat 1: Rysiff folded on the Turn
Seat 2: CashfishT showed [Kc Ad] and lost with two pair, Kings and Fours
Seat 3: vezis3 (button) folded before Flop (didn't bet)
Seat 5: Supermegopro (small blind) folded before Flop
Seat 6: abidaz10 (big blind) showed [Td Qc] and won ($216.35) with a straight, Nine to King



PokerStars Hand #254377713968:  Hold'em No Limit ($0.50/$1.00 USD) - 2025/01/15 4:07:38 WET [2025/01/14 23:07:38 ET]
Table 'Theemin II' 6-max Seat #5 is the button
Seat 1: Rysiff ($129.83 in chips) 
Seat 2: CashfishT ($100 in chips) 
Seat 3: vezis3 ($102.50 in chips) 
Seat 5: Supermegopro ($100 in chips) 
Seat 6: abidaz10 ($216.35 in chips) 
abidaz10: posts small blind $0.50
Rysiff: posts big blind $1
*** HOLE CARDS ***
CashfishT: folds 
vezis3: folds 
Supermegopro: raises $1.50 to $2.50
lucasms171 joins the table at seat #4 
lucasms171 is disconnected 
abidaz10: raises $2.50 to $5
Rysiff: raises $10 to $15
Supermegopro: folds 
abidaz10: calls $10
*** FLOP *** [Kh Tc Ah]
abidaz10: bets $15.44
Rysiff: folds 
Uncalled bet ($15.44) returned to abidaz10
abidaz10 collected $30.88 from pot
*** SUMMARY ***
Total pot $32.50 | Rake $1.62 
Board [Kh Tc Ah]
Seat 1: Rysiff (big blind) folded on the Flop
Seat 2: CashfishT folded before Flop (didn't bet)
Seat 3: vezis3 folded before Flop (didn't bet)
Seat 5: Supermegopro (button) folded before Flop
Seat 6: abidaz10 (small blind) collected ($30.88)



PokerStars Hand #254377720096:  Hold'em No Limit ($0.50/$1.00 USD) - 2025/01/15 4:08:36 WET [2025/01/14 23:08:36 ET]
Table 'Theemin II' 6-max Seat #6 is the button
Seat 4: lucasms171 ($100 in chips) is sitting out
Seat 1: Rysiff ($114.83 in chips) 
Seat 2: CashfishT ($100 in chips) 
Seat 3: vezis3 ($102.50 in chips) 
Seat 5: Supermegopro ($100 in chips) 
Seat 6: abidaz10 ($232.23 in chips) 
Rysiff: posts small blind $0.50
CashfishT: posts big blind $1
lucasms171: sits out 
*** HOLE CARDS ***
vezis3: raises $1.40 to $2.40
Supermegopro: folds 
abidaz10: calls $2.40
Rysiff: folds 
CashfishT: folds 
*** FLOP *** [4s 3s 6h]
vezis3: checks 
abidaz10: bets $5.98
vezis3: folds 
Uncalled bet ($5.98) returned to abidaz10
abidaz10 collected $5.98 from pot
*** SUMMARY ***
Total pot $6.30 | Rake $0.32 
Board [4s 3s 6h]
Seat 4: lucasms171
Seat 1: Rysiff (small blind) folded before Flop
Seat 2: CashfishT (big blind) folded before Flop
Seat 3: vezis3 folded on the Flop
Seat 5: Supermegopro folded before Flop (didn't bet)
Seat 6: abidaz10 (button) collected ($5.98)



PokerStars Hand #254377723347:  Hold'em No Limit ($0.50/$1.00 USD) - 2025/01/15 4:09:07 WET [2025/01/14 23:09:07 ET]
Table 'Theemin II' 6-max Seat #1 is the button
Seat 4: lucasms171 ($100 in chips) is sitting out
Seat 1: Rysiff ($114.33 in chips) 
Seat 2: CashfishT ($100 in chips) 
Seat 3: vezis3 ($100.10 in chips) 
Seat 5: Supermegopro ($100 in chips) 
Seat 6: abidaz10 ($235.81 in chips) 
CashfishT: posts small blind $0.50
vezis3: posts big blind $1
lucasms171: sits out 
*** HOLE CARDS ***
Supermegopro: folds 
abidaz10: raises $4 to $5
Rysiff: folds 
CashfishT: folds 
vezis3: folds 
Uncalled bet ($4) returned to abidaz10
abidaz10 collected $2.50 from pot
abidaz10: shows [Ad 4d] (high card Ace)
*** SUMMARY ***
Total pot $2.50 | Rake $0 
Seat 4: lucasms171
Seat 1: Rysiff (button) folded before Flop (didn't bet)
Seat 2: CashfishT (small blind) folded before Flop
Seat 3: vezis3 (big blind) folded before Flop
Seat 5: Supermegopro folded before Flop (didn't bet)
Seat 6: abidaz10 collected ($2.50)



PokerStars Hand #254377725066:  Hold'em No Limit ($0.50/$1.00 USD) - 2025/01/15 4:09:24 WET [2025/01/14 23:09:24 ET]
Table 'Theemin II' 6-max Seat #2 is the button
Seat 1: Rysiff ($114.33 in chips) 
Seat 2: CashfishT ($100 in chips) 
Seat 3: vezis3 ($100 in chips) 
Seat 4: lucasms171 ($100 in chips) 
Seat 5: Supermegopro ($100 in chips) 
Seat 6: abidaz10 ($237.31 in chips) 
vezis3: posts small blind $0.50
lucasms171: posts big blind $1
*** HOLE CARDS ***
Supermegopro: folds 
abidaz10: raises $3 to $4
Rysiff: folds 
CashfishT: folds 
vezis3: calls $3.50
lucasms171: folds 
*** FLOP *** [4s 3s 5d]
vezis3: checks 
abidaz10: bets $3.28
vezis3: folds 
Uncalled bet ($3.28) returned to abidaz10
abidaz10 collected $8.55 from pot
*** SUMMARY ***
Total pot $9 | Rake $0.45 
Board [4s 3s 5d]
Seat 1: Rysiff folded before Flop (didn't bet)
Seat 2: CashfishT (button) folded before Flop (didn't bet)
Seat 3: vezis3 (small blind) folded on the Flop
Seat 4: lucasms171 (big blind) folded before Flop
Seat 5: Supermegopro folded before Flop (didn't bet)
Seat 6: abidaz10 collected ($8.55)



PokerStars Hand #254377728576:  Hold'em No Limit ($0.50/$1.00 USD) - 2025/01/15 4:09:57 WET [2025/01/14 23:09:57 ET]
Table 'Theemin II' 6-max Seat #3 is the button
Seat 1: Rysiff ($114.33 in chips) 
Seat 2: CashfishT ($100 in chips) 
Seat 3: vezis3 ($100 in chips) 
Seat 4: lucasms171 ($99 in chips) 
Seat 5: Supermegopro ($100 in chips) 
Seat 6: abidaz10 ($241.86 in chips) 
lucasms171: posts small blind $0.50
Supermegopro: posts big blind $1
*** HOLE CARDS ***
abidaz10: folds 
Rysiff: folds 
CashfishT: raises $1.20 to $2.20
vezis3: folds 
lucasms171: folds 
Supermegopro: folds 
Uncalled bet ($1.20) returned to CashfishT
CashfishT collected $2.50 from pot
CashfishT: doesn't show hand 
*** SUMMARY ***
Total pot $2.50 | Rake $0 
Seat 1: Rysiff folded before Flop (didn't bet)
Seat 2: CashfishT collected ($2.50)
Seat 3: vezis3 (button) folded before Flop (didn't bet)
Seat 4: lucasms171 (small blind) folded before Flop
Seat 5: Supermegopro (big blind) folded before Flop
Seat 6: abidaz10 folded before Flop (didn't bet)



PokerStars Hand #254377730891:  Hold'em No Limit ($0.50/$1.00 USD) - 2025/01/15 4:10:20 WET [2025/01/14 23:10:20 ET]
Table 'Theemin II' 6-max Seat #4 is the button
Seat 1: Rysiff ($114.33 in chips) 
Seat 2: CashfishT ($101.50 in chips) 
Seat 3: vezis3 ($100 in chips) 
Seat 4: lucasms171 ($98.50 in chips) 
Seat 5: Supermegopro ($100 in chips) 
Seat 6: abidaz10 ($241.86 in chips) 
Supermegopro: posts small blind $0.50
abidaz10: posts big blind $1
*** HOLE CARDS ***
Rysiff: folds 
CashfishT: folds 
vezis3: folds 
lucasms171: folds 
Supermegopro: raises $1.50 to $2.50
abidaz10: calls $1.50
*** FLOP *** [Ah Ad 7d]
Supermegopro: checks 
Rysiff leaves the table
abidaz10: bets $4.75
Supermegopro: folds 
Uncalled bet ($4.75) returned to abidaz10
abidaz10 collected $4.75 from pot
*** SUMMARY ***
Total pot $5 | Rake $0.25 
Board [Ah Ad 7d]
Seat 1: Rysiff folded before Flop (didn't bet)
Seat 2: CashfishT folded before Flop (didn't bet)
Seat 3: vezis3 folded before Flop (didn't bet)
Seat 4: lucasms171 (button) folded before Flop (didn't bet)
Seat 5: Supermegopro (small blind) folded on the Flop
Seat 6: abidaz10 (big blind) collected ($4.75)



PokerStars Hand #254377735880:  Hold'em No Limit ($0.50/$1.00 USD) - 2025/01/15 4:11:08 WET [2025/01/14 23:11:08 ET]
Table 'Theemin II' 6-max Seat #5 is the button
Seat 2: CashfishT ($101.50 in chips) 
Seat 3: vezis3 ($100 in chips) 
Seat 4: lucasms171 ($98.50 in chips) 
Seat 5: Supermegopro ($100 in chips) 
Seat 6: abidaz10 ($244.11 in chips) 
abidaz10: posts small blind $0.50
CashfishT: posts big blind $1
*** HOLE CARDS ***
vezis3: raises $1.40 to $2.40
lucasms171: calls $2.40
Supermegopro: folds 
BeauParleur joins the table at seat #1 
abidaz10: calls $1.90
CashfishT: calls $1.40
*** FLOP *** [9c 8s 4c]
abidaz10: checks 
CashfishT: checks 
vezis3: bets $3.01
lucasms171: calls $3.01
abidaz10: folds 
CashfishT: calls $3.01
*** TURN *** [9c 8s 4c] [2s]
CashfishT: checks 
vezis3: checks 
lucasms171: bets $8.85
CashfishT: calls $8.85
vezis3: calls $8.85
*** RIVER *** [9c 8s 4c 2s] [Qc]
CashfishT: checks 
vezis3: bets $42
lucasms171: folds 
CashfishT: folds 
Uncalled bet ($42) returned to vezis3
vezis3 collected $42.92 from pot
vezis3: doesn't show hand 
*** SUMMARY ***
Total pot $45.18 | Rake $2.26 
Board [9c 8s 4c 2s Qc]
Seat 2: CashfishT (big blind) folded on the River
Seat 3: vezis3 collected ($42.92)
Seat 4: lucasms171 folded on the River
Seat 5: Supermegopro (button) folded before Flop (didn't bet)
Seat 6: abidaz10 (small blind) folded on the Flop



PokerStars Hand #254377749280:  Hold'em No Limit ($0.50/$1.00 USD) - 2025/01/15 4:13:17 WET [2025/01/14 23:13:17 ET]
Table 'Theemin II' 6-max Seat #6 is the button
Seat 1: BeauParleur ($105.60 in chips) is sitting out
Seat 2: CashfishT ($100 in chips) 
Seat 3: vezis3 ($128.66 in chips) 
Seat 4: lucasms171 ($84.24 in chips) 
Seat 5: Supermegopro ($100 in chips) 
Seat 6: abidaz10 ($241.71 in chips) 
CashfishT: posts small blind $0.50
vezis3: posts big blind $1
*** HOLE CARDS ***
lucasms171: calls $1
Supermegopro: folds 
abidaz10: raises $1 to $2
CashfishT: folds 
vezis3: calls $1
lucasms171: calls $1
*** FLOP *** [4s 9s Th]
vezis3: checks 
lucasms171: checks 
abidaz10: bets $2.71
vezis3: calls $2.71
lucasms171: raises $7.16 to $9.87
abidaz10: calls $7.16
vezis3: calls $7.16
*** TURN *** [4s 9s Th] [Jh]
vezis3: checks 
lucasms171: bets $17.15
abidaz10: calls $17.15
vezis3: raises $30.85 to $48
lucasms171: folds 
abidaz10: calls $30.85
*** RIVER *** [4s 9s Th Jh] [5c]
vezis3: bets $68.79 and is all-in
abidaz10: calls $68.79
*** SHOW DOWN ***
vezis3: shows [8c Qs] (a straight, Eight to Queen)
abidaz10: shows [9h 4h] (two pair, Nines and Fours)
vezis3 collected $284.34 from pot
*** SUMMARY ***
Total pot $286.84 | Rake $2.50 
Board [4s 9s Th Jh 5c]
Seat 1: BeauParleur
Seat 2: CashfishT (small blind) folded before Flop
Seat 3: vezis3 (big blind) showed [8c Qs] and won ($284.34) with a straight, Eight to Queen
Seat 4: lucasms171 folded on the Turn
Seat 5: Supermegopro folded before Flop (didn't bet)
Seat 6: abidaz10 (button) showed [9h 4h] and lost with two pair, Nines and Fours



PokerStars Hand #254377763403:  Hold'em No Limit ($0.50/$1.00 USD) - 2025/01/15 4:15:35 WET [2025/01/14 23:15:35 ET]
Table 'Theemin II' 6-max Seat #2 is the button
Seat 1: BeauParleur ($105.60 in chips) is sitting out
Seat 2: CashfishT ($100 in chips) 
Seat 3: vezis3 ($284.34 in chips) 
Seat 4: lucasms171 ($55.22 in chips) 
Seat 5: Supermegopro ($100 in chips) 
Seat 6: abidaz10 ($113.05 in chips) 
vezis3: posts small blind $0.50
lucasms171: posts big blind $1
BeauParleur: sits out 
*** HOLE CARDS ***
Supermegopro: folds 
abidaz10: raises $2 to $3
CashfishT: folds 
vezis3: folds 
lucasms171: folds 
Uncalled bet ($2) returned to abidaz10
abidaz10 collected $2.50 from pot
*** SUMMARY ***
Total pot $2.50 | Rake $0 
Seat 1: BeauParleur
Seat 2: CashfishT (button) folded before Flop (didn't bet)
Seat 3: vezis3 (small blind) folded before Flop
Seat 4: lucasms171 (big blind) folded before Flop
Seat 5: Supermegopro folded before Flop (didn't bet)
Seat 6: abidaz10 collected ($2.50)



PokerStars Hand #254377767565:  Hold'em No Limit ($0.50/$1.00 USD) - 2025/01/15 4:16:15 WET [2025/01/14 23:16:15 ET]
Table 'Theemin II' 6-max Seat #3 is the button
Seat 1: BeauParleur ($105.60 in chips) is sitting out
Seat 2: CashfishT ($100 in chips) 
Seat 3: vezis3 ($283.84 in chips) 
Seat 4: lucasms171 ($54.22 in chips) 
Seat 5: Supermegopro ($100 in chips) 
Seat 6: abidaz10 ($114.55 in chips) 
lucasms171: posts small blind $0.50
Supermegopro: posts big blind $1
BeauParleur: sits out 
*** HOLE CARDS ***
abidaz10: raises $3 to $4
CashfishT: folds 
vezis3: folds 
lucasms171: raises $9 to $13
Supermegopro: folds 
abidaz10: calls $9
*** FLOP *** [9c 6s 3d]
lucasms171: bets $41.22 and is all-in
abidaz10: calls $41.22
*** TURN *** [9c 6s 3d] [5s]
*** RIVER *** [9c 6s 3d 5s] [4s]
*** SHOW DOWN ***
lucasms171: shows [Jh Js] (a pair of Jacks)
abidaz10: shows [5c 4c] (two pair, Fives and Fours)
abidaz10 collected $106.94 from pot
*** SUMMARY ***
Total pot $109.44 | Rake $2.50 
Board [9c 6s 3d 5s 4s]
Seat 1: BeauParleur
Seat 2: CashfishT folded before Flop (didn't bet)
Seat 3: vezis3 (button) folded before Flop (didn't bet)
Seat 4: lucasms171 (small blind) showed [Jh Js] and lost with a pair of Jacks
Seat 5: Supermegopro (big blind) folded before Flop
Seat 6: abidaz10 showed [5c 4c] and won ($106.94) with two pair, Fives and Fours



PokerStars Hand #254377772493:  Hold'em No Limit ($0.50/$1.00 USD) - 2025/01/15 4:17:02 WET [2025/01/14 23:17:02 ET]
Table 'Theemin II' 6-max Seat #4 is the button
Seat 1: BeauParleur ($105.60 in chips) is sitting out
Seat 2: CashfishT ($100 in chips) 
Seat 3: vezis3 ($283.84 in chips) 
Seat 4: lucasms171 ($45.78 in chips) 
Seat 5: Supermegopro ($100 in chips) 
Seat 6: abidaz10 ($167.27 in chips) 
Supermegopro: posts small blind $0.50
abidaz10: posts big blind $1
BeauParleur: sits out 
*** HOLE CARDS ***
CashfishT: raises $1.20 to $2.20
vezis3: folds 
lucasms171: folds 
Supermegopro: folds 
abidaz10: calls $1.20
*** FLOP *** [2d 3s 5c]
abidaz10: bets $2.33
CashfishT: calls $2.33
*** TURN *** [2d 3s 5c] [Qs]
abidaz10: checks 
CashfishT: bets $11
abidaz10: folds 
Uncalled bet ($11) returned to CashfishT
CashfishT collected $9.08 from pot
CashfishT: doesn't show hand 
*** SUMMARY ***
Total pot $9.56 | Rake $0.48 
Board [2d 3s 5c Qs]
Seat 1: BeauParleur
Seat 2: CashfishT collected ($9.08)
Seat 3: vezis3 folded before Flop (didn't bet)
Seat 4: lucasms171 (button) folded before Flop (didn't bet)
Seat 5: Supermegopro (small blind) folded before Flop
Seat 6: abidaz10 (big blind) folded on the Turn



PokerStars Hand #254377777810:  Hold'em No Limit ($0.50/$1.00 USD) - 2025/01/15 4:17:55 WET [2025/01/14 23:17:55 ET]
Table 'Theemin II' 6-max Seat #5 is the button
Seat 1: BeauParleur ($105.60 in chips) 
Seat 2: CashfishT ($104.55 in chips) 
Seat 3: vezis3 ($283.84 in chips) 
Seat 4: lucasms171 ($100 in chips) 
Seat 5: Supermegopro ($100 in chips) 
Seat 6: abidaz10 ($162.74 in chips) 
abidaz10: posts small blind $0.50
BeauParleur: posts big blind $1
*** HOLE CARDS ***
CashfishT: folds 
vezis3: folds 
lucasms171: folds 
Supermegopro: raises $1.50 to $2.50
abidaz10: raises $4.50 to $7
BeauParleur: raises $9 to $16
Supermegopro: folds 
abidaz10: calls $9
*** FLOP *** [Qs 7s Js]
abidaz10: checks 
BeauParleur: checks 
*** TURN *** [Qs 7s Js] [4d]
abidaz10: bets $32.78
BeauParleur: folds 
Uncalled bet ($32.78) returned to abidaz10
abidaz10 collected $32.78 from pot
*** SUMMARY ***
Total pot $34.50 | Rake $1.72 
Board [Qs 7s Js 4d]
Seat 1: BeauParleur (big blind) folded on the Turn
Seat 2: CashfishT folded before Flop (didn't bet)
Seat 3: vezis3 folded before Flop (didn't bet)
Seat 4: lucasms171 folded before Flop (didn't bet)
Seat 5: Supermegopro (button) folded before Flop
Seat 6: abidaz10 (small blind) collected ($32.78)



PokerStars Hand #254377785516:  Hold'em No Limit ($0.50/$1.00 USD) - 2025/01/15 4:19:11 WET [2025/01/14 23:19:11 ET]
Table 'Theemin II' 6-max Seat #6 is the button
Seat 1: BeauParleur ($100 in chips) 
Seat 2: CashfishT ($104.55 in chips) 
Seat 3: vezis3 ($283.84 in chips) 
Seat 4: lucasms171 ($100 in chips) 
Seat 5: Supermegopro ($100 in chips) 
Seat 6: abidaz10 ($179.52 in chips) 
BeauParleur: posts small blind $0.50
CashfishT: posts big blind $1
*** HOLE CARDS ***
vezis3: folds 
lucasms171: folds 
Supermegopro: folds 
abidaz10: folds 
BeauParleur: raises $2 to $3
CashfishT: folds 
Uncalled bet ($2) returned to BeauParleur
BeauParleur collected $2 from pot
BeauParleur: doesn't show hand 
*** SUMMARY ***
Total pot $2 | Rake $0 
Seat 1: BeauParleur (small blind) collected ($2)
Seat 2: CashfishT (big blind) folded before Flop
Seat 3: vezis3 folded before Flop (didn't bet)
Seat 4: lucasms171 folded before Flop (didn't bet)
Seat 5: Supermegopro folded before Flop (didn't bet)
Seat 6: abidaz10 (button) folded before Flop (didn't bet)



PokerStars Hand #254377787084:  Hold'em No Limit ($0.50/$1.00 USD) - 2025/01/15 4:19:26 WET [2025/01/14 23:19:26 ET]
Table 'Theemin II' 6-max Seat #1 is the button
Seat 1: BeauParleur ($101 in chips) 
Seat 2: CashfishT ($103.55 in chips) 
Seat 3: vezis3 ($283.84 in chips) 
Seat 4: lucasms171 ($100 in chips) 
Seat 5: Supermegopro ($100 in chips) 
Seat 6: abidaz10 ($179.52 in chips) 
CashfishT: posts small blind $0.50
vezis3: posts big blind $1
*** HOLE CARDS ***
lucasms171: folds 
Supermegopro: folds 
abidaz10: raises $3 to $4
BeauParleur: folds 
CashfishT: folds 
vezis3: folds 
Uncalled bet ($3) returned to abidaz10
abidaz10 collected $2.50 from pot
*** SUMMARY ***
Total pot $2.50 | Rake $0 
Seat 1: BeauParleur (button) folded before Flop (didn't bet)
Seat 2: CashfishT (small blind) folded before Flop
Seat 3: vezis3 (big blind) folded before Flop
Seat 4: lucasms171 folded before Flop (didn't bet)
Seat 5: Supermegopro folded before Flop (didn't bet)
Seat 6: abidaz10 collected ($2.50)



PokerStars Hand #254377789886:  Hold'em No Limit ($0.50/$1.00 USD) - 2025/01/15 4:19:54 WET [2025/01/14 23:19:54 ET]
Table 'Theemin II' 6-max Seat #2 is the button
Seat 1: BeauParleur ($101 in chips) 
Seat 2: CashfishT ($103.05 in chips) 
Seat 3: vezis3 ($282.84 in chips) 
Seat 4: lucasms171 ($100 in chips) 
Seat 5: Supermegopro ($100 in chips) 
Seat 6: abidaz10 ($181.02 in chips) 
vezis3: posts small blind $0.50
lucasms171: posts big blind $1
*** HOLE CARDS ***
Supermegopro: folds 
abidaz10: folds 
BeauParleur: raises $1.25 to $2.25
CashfishT: folds 
vezis3: folds 
lucasms171: folds 
Uncalled bet ($1.25) returned to BeauParleur
BeauParleur collected $2.50 from pot
BeauParleur: doesn't show hand 
*** SUMMARY ***
Total pot $2.50 | Rake $0 
Seat 1: BeauParleur collected ($2.50)
Seat 2: CashfishT (button) folded before Flop (didn't bet)
Seat 3: vezis3 (small blind) folded before Flop
Seat 4: lucasms171 (big blind) folded before Flop
Seat 5: Supermegopro folded before Flop (didn't bet)
Seat 6: abidaz10 folded before Flop (didn't bet)



PokerStars Hand #254377792208:  Hold'em No Limit ($0.50/$1.00 USD) - 2025/01/15 4:20:18 WET [2025/01/14 23:20:18 ET]
Table 'Theemin II' 6-max Seat #3 is the button
Seat 1: BeauParleur ($102.50 in chips) 
Seat 2: CashfishT ($103.05 in chips) 
Seat 3: vezis3 ($282.34 in chips) 
Seat 4: lucasms171 ($99 in chips) 
Seat 5: Supermegopro ($100 in chips) 
Seat 6: abidaz10 ($181.02 in chips) 
lucasms171: posts small blind $0.50
Supermegopro: posts big blind $1
*** HOLE CARDS ***
abidaz10: raises $2 to $3
BeauParleur: folds 
CashfishT: folds 
vezis3: folds 
lucasms171: folds 
Supermegopro: calls $2
*** FLOP *** [4c 9h 2c]
Supermegopro: checks 
abidaz10: bets $6
Supermegopro: calls $6
*** TURN *** [4c 9h 2c] [7h]
Supermegopro: checks 
abidaz10: bets $17.58
Supermegopro: folds 
Uncalled bet ($17.58) returned to abidaz10
abidaz10 collected $17.58 from pot
*** SUMMARY ***
Total pot $18.50 | Rake $0.92 
Board [4c 9h 2c 7h]
Seat 1: BeauParleur folded before Flop (didn't bet)
Seat 2: CashfishT folded before Flop (didn't bet)
Seat 3: vezis3 (button) folded before Flop (didn't bet)
Seat 4: lucasms171 (small blind) folded before Flop
Seat 5: Supermegopro (big blind) folded on the Turn
Seat 6: abidaz10 collected ($17.58)



PokerStars Hand #254377796087:  Hold'em No Limit ($0.50/$1.00 USD) - 2025/01/15 4:20:56 WET [2025/01/14 23:20:56 ET]
Table 'Theemin II' 6-max Seat #4 is the button
Seat 1: BeauParleur ($102.50 in chips) 
Seat 2: CashfishT ($103.05 in chips) 
Seat 3: vezis3 ($282.34 in chips) 
Seat 4: lucasms171 ($98.50 in chips) 
Seat 5: Supermegopro ($100 in chips) 
Seat 6: abidaz10 ($189.60 in chips) 
Supermegopro: posts small blind $0.50
abidaz10: posts big blind $1
*** HOLE CARDS ***
BeauParleur: folds 
CashfishT: folds 
vezis3: folds 
lucasms171: calls $1
Supermegopro: folds 
abidaz10: checks 
*** FLOP *** [3d 3s Jd]
abidaz10: bets $2.38
lucasms171: calls $2.38
*** TURN *** [3d 3s Jd] [5s]
abidaz10: bets $6
lucasms171: calls $6
*** RIVER *** [3d 3s Jd 5s] [6s]
abidaz10: bets $14
lucasms171: folds 
Uncalled bet ($14) returned to abidaz10
abidaz10 collected $18.30 from pot
*** SUMMARY ***
Total pot $19.26 | Rake $0.96 
Board [3d 3s Jd 5s 6s]
Seat 1: BeauParleur folded before Flop (didn't bet)
Seat 2: CashfishT folded before Flop (didn't bet)
Seat 3: vezis3 folded before Flop (didn't bet)
Seat 4: lucasms171 (button) folded on the River
Seat 5: Supermegopro (small blind) folded before Flop
Seat 6: abidaz10 (big blind) collected ($18.30)



PokerStars Hand #254377929641:  Hold'em No Limit ($0.50/$1.00 USD) - 2025/01/15 4:43:44 WET [2025/01/14 23:43:44 ET]
Table 'Theemin II' 6-max Seat #6 is the button
Seat 1: BeauParleur ($106.75 in chips) 
Seat 2: CashfishT ($244.32 in chips) 
Seat 3: vezis3 ($240.55 in chips) 
Seat 4: lucasms171 ($111.87 in chips) 
Seat 5: Supermegopro ($101.45 in chips) 
Seat 6: abidaz10 ($111.57 in chips) 
BeauParleur: posts small blind $0.50
CashfishT: posts big blind $1
*** HOLE CARDS ***
vezis3: raises $1 to $2
lucasms171: folds 
Supermegopro: folds 
abidaz10: calls $2
BeauParleur: folds 
CashfishT: calls $1
*** FLOP *** [As 3h 2d]
CashfishT: checks 
vezis3: checks 
abidaz10 has timed out
abidaz10: checks 
*** TURN *** [As 3h 2d] [Qc]
CashfishT: checks 
vezis3: bets $6.80
abidaz10: folds 
CashfishT: raises $9.89 to $16.69
vezis3: folds 
Uncalled bet ($9.89) returned to CashfishT
CashfishT collected $19.10 from pot
CashfishT: doesn't show hand 
*** SUMMARY ***
Total pot $20.10 | Rake $1 
Board [As 3h 2d Qc]
Seat 1: BeauParleur (small blind) folded before Flop
Seat 2: CashfishT (big blind) collected ($19.10)
Seat 3: vezis3 folded on the Turn
Seat 4: lucasms171 folded before Flop (didn't bet)
Seat 5: Supermegopro folded before Flop (didn't bet)
Seat 6: abidaz10 (button) folded on the Turn



PokerStars Hand #254377936135:  Hold'em No Limit ($0.50/$1.00 USD) - 2025/01/15 4:44:54 WET [2025/01/14 23:44:54 ET]
Table 'Theemin II' 6-max Seat #1 is the button
Seat 1: BeauParleur ($106.25 in chips) 
Seat 2: CashfishT ($254.62 in chips) 
Seat 3: vezis3 ($231.75 in chips) 
Seat 4: lucasms171 ($111.87 in chips) 
Seat 5: Supermegopro ($101.45 in chips) 
Seat 6: abidaz10 ($109.57 in chips) 
CashfishT: posts small blind $0.50
vezis3: posts big blind $1
*** HOLE CARDS ***
lucasms171: folds 
Supermegopro: folds 
abidaz10 has timed out
abidaz10: folds 
BeauParleur: raises $1.50 to $2.50
CashfishT: raises $8.50 to $11
vezis3: folds 
BeauParleur: folds 
Uncalled bet ($8.50) returned to CashfishT
CashfishT collected $6 from pot
CashfishT: doesn't show hand 
*** SUMMARY ***
Total pot $6 | Rake $0 
Seat 1: BeauParleur (button) folded before Flop
Seat 2: CashfishT (small blind) collected ($6)
Seat 3: vezis3 (big blind) folded before Flop
Seat 4: lucasms171 folded before Flop (didn't bet)
Seat 5: Supermegopro folded before Flop (didn't bet)
Seat 6: abidaz10 folded before Flop (didn't bet)



PokerStars Hand #254377939630:  Hold'em No Limit ($0.50/$1.00 USD) - 2025/01/15 4:45:33 WET [2025/01/14 23:45:33 ET]
Table 'Theemin II' 6-max Seat #2 is the button
Seat 6: abidaz10 ($109.57 in chips) is sitting out
Seat 1: BeauParleur ($103.75 in chips) 
Seat 2: CashfishT ($258.12 in chips) 
Seat 3: vezis3 ($230.75 in chips) 
Seat 4: lucasms171 ($111.87 in chips) 
Seat 5: Supermegopro ($101.45 in chips) 
vezis3: posts small blind $0.50
lucasms171: posts big blind $1
*** HOLE CARDS ***
Supermegopro: folds 
BeauParleur: folds 
CashfishT: folds 
vezis3: folds 
Uncalled bet ($0.50) returned to lucasms171
lucasms171 collected $1 from pot
*** SUMMARY ***
Total pot $1 | Rake $0 
Seat 6: abidaz10
Seat 1: BeauParleur folded before Flop (didn't bet)
Seat 2: CashfishT (button) folded before Flop (didn't bet)
Seat 3: vezis3 (small blind) folded before Flop
Seat 4: lucasms171 (big blind) collected ($1)
Seat 5: Supermegopro folded before Flop (didn't bet)



PokerStars Hand #254377941008:  Hold'em No Limit ($0.50/$1.00 USD) - 2025/01/15 4:45:48 WET [2025/01/14 23:45:48 ET]
Table 'Theemin II' 6-max Seat #3 is the button
Seat 6: abidaz10 ($109.57 in chips) is sitting out
Seat 1: BeauParleur ($103.75 in chips) 
Seat 2: CashfishT ($258.12 in chips) 
Seat 3: vezis3 ($230.25 in chips) 
Seat 4: lucasms171 ($112.37 in chips) 
Seat 5: Supermegopro ($101.45 in chips) 
lucasms171: posts small blind $0.50
Supermegopro: posts big blind $1
*** HOLE CARDS ***
BeauParleur: folds 
CashfishT: raises $1.20 to $2.20
vezis3: raises $5.80 to $8
lucasms171: raises $19.20 to $27.20
Supermegopro: folds 
CashfishT: folds 
vezis3: folds 
Uncalled bet ($19.20) returned to lucasms171
lucasms171 collected $19.20 from pot
abidaz10 is disconnected 
*** SUMMARY ***
Total pot $19.20 | Rake $0 
Seat 6: abidaz10
Seat 1: BeauParleur folded before Flop (didn't bet)
Seat 2: CashfishT folded before Flop
Seat 3: vezis3 (button) folded before Flop
Seat 4: lucasms171 (small blind) collected ($19.20)
Seat 5: Supermegopro (big blind) folded before Flop



PokerStars Hand #254377943195:  Hold'em No Limit ($0.50/$1.00 USD) - 2025/01/15 4:46:12 WET [2025/01/14 23:46:12 ET]
Table 'Theemin II' 6-max Seat #4 is the button
Seat 1: BeauParleur ($103.75 in chips) is sitting out
Seat 6: abidaz10 ($109.57 in chips) is sitting out
Seat 2: CashfishT ($255.92 in chips) 
Seat 3: vezis3 ($222.25 in chips) 
Seat 4: lucasms171 ($123.57 in chips) 
Seat 5: Supermegopro ($100.45 in chips) 
Supermegopro: posts small blind $0.50
BeauParleur: is sitting out 
CashfishT: posts big blind $1
*** HOLE CARDS ***
vezis3: folds 
lucasms171: calls $1
Supermegopro: raises $4 to $5
CashfishT: calls $4
lucasms171: calls $4
*** FLOP *** [6d 2c 4c]
Supermegopro: bets $7.13
CashfishT: calls $7.13
lucasms171: folds 
*** TURN *** [6d 2c 4c] [9s]
Supermegopro: bets $14.13
CashfishT: calls $14.13
*** RIVER *** [6d 2c 4c 9s] [Kc]
Supermegopro: checks 
CashfishT: checks 
*** SHOW DOWN ***
Supermegopro: shows [As 6c] (a pair of Sixes)
CashfishT: shows [8d 8c] (a pair of Eights)
CashfishT collected $56.52 from pot
*** SUMMARY ***
Total pot $57.52 | Rake $1 
Board [6d 2c 4c 9s Kc]
Seat 1: BeauParleur
Seat 6: abidaz10
Seat 2: CashfishT (big blind) showed [8d 8c] and won ($56.52) with a pair of Eights
Seat 3: vezis3 folded before Flop (didn't bet)
Seat 4: lucasms171 (button) folded on the Flop
Seat 5: Supermegopro (small blind) showed [As 6c] and lost with a pair of Sixes



PokerStars Hand #254377947813:  Hold'em No Limit ($0.50/$1.00 USD) - 2025/01/15 4:47:03 WET [2025/01/14 23:47:03 ET]
Table 'Theemin II' 6-max Seat #5 is the button
Seat 1: BeauParleur ($103.75 in chips) is sitting out
Seat 6: abidaz10 ($109.57 in chips) is sitting out
Seat 2: CashfishT ($286.18 in chips) 
Seat 3: vezis3 ($222.25 in chips) 
Seat 4: lucasms171 ($118.57 in chips) 
Seat 5: Supermegopro ($100 in chips) 
CashfishT: posts small blind $0.50
vezis3: posts big blind $1
*** HOLE CARDS ***
lucasms171: folds 
Supermegopro: raises $1.50 to $2.50
CashfishT: folds 
vezis3: calls $1.50
*** FLOP *** [2d 8h 6s]
vezis3: checks 
Supermegopro: checks 
*** TURN *** [2d 8h 6s] [5d]
vezis3: checks 
Supermegopro: checks 
*** RIVER *** [2d 8h 6s 5d] [4s]
vezis3: checks 
Supermegopro: bets $7.83
vezis3: folds 
Uncalled bet ($7.83) returned to Supermegopro
Supermegopro collected $5.22 from pot
Supermegopro: doesn't show hand 
*** SUMMARY ***
Total pot $5.50 | Rake $0.28 
Board [2d 8h 6s 5d 4s]
Seat 1: BeauParleur
Seat 6: abidaz10
Seat 2: CashfishT (small blind) folded before Flop
Seat 3: vezis3 (big blind) folded on the River
Seat 4: lucasms171 folded before Flop (didn't bet)
Seat 5: Supermegopro (button) collected ($5.22)



PokerStars Hand #254377951947:  Hold'em No Limit ($0.50/$1.00 USD) - 2025/01/15 4:47:50 WET [2025/01/14 23:47:50 ET]
Table 'Theemin II' 6-max Seat #2 is the button
Seat 1: BeauParleur ($103.75 in chips) is sitting out
Seat 6: abidaz10 ($109.57 in chips) is sitting out
Seat 2: CashfishT ($285.68 in chips) 
Seat 3: vezis3 ($219.75 in chips) 
Seat 4: lucasms171 ($118.57 in chips) 
Seat 5: Supermegopro ($102.72 in chips) 
vezis3: posts small blind $0.50
lucasms171: posts big blind $1
*** HOLE CARDS ***
Supermegopro: folds 
CashfishT: folds 
vezis3: raises $2 to $3
lucasms171: folds 
Uncalled bet ($2) returned to vezis3
vezis3 collected $2 from pot
vezis3: doesn't show hand 
*** SUMMARY ***
Total pot $2 | Rake $0 
Seat 1: BeauParleur
Seat 6: abidaz10
Seat 2: CashfishT (button) folded before Flop (didn't bet)
Seat 3: vezis3 (small blind) collected ($2)
Seat 4: lucasms171 (big blind) folded before Flop
Seat 5: Supermegopro folded before Flop (didn't bet)



PokerStars Hand #254377953126:  Hold'em No Limit ($0.50/$1.00 USD) - 2025/01/15 4:48:03 WET [2025/01/14 23:48:03 ET]
Table 'Theemin II' 6-max Seat #3 is the button
Seat 1: BeauParleur ($103.75 in chips) is sitting out
Seat 6: abidaz10 ($109.57 in chips) is sitting out
Seat 2: CashfishT ($285.68 in chips) 
Seat 3: vezis3 ($220.75 in chips) 
Seat 4: lucasms171 ($117.57 in chips) 
Seat 5: Supermegopro ($102.72 in chips) 
lucasms171: posts small blind $0.50
Supermegopro: posts big blind $1
*** HOLE CARDS ***
CashfishT: raises $1.20 to $2.20
vezis3: folds 
lucasms171: calls $1.70
Supermegopro: calls $1.20
*** FLOP *** [9h 4h Ts]
lucasms171: checks 
Supermegopro: checks 
CashfishT: checks 
*** TURN *** [9h 4h Ts] [5s]
lucasms171: checks 
Supermegopro: bets $9.41
CashfishT: calls $9.41
lucasms171: calls $9.41
*** RIVER *** [9h 4h Ts 5s] [Kc]
lucasms171: checks 
Supermegopro: bets $11.16
CashfishT: folds 
lucasms171: raises $56.15 to $67.31
Supermegopro: calls $56.15
*** SHOW DOWN ***
lucasms171: shows [Js Qd] (a straight, Nine to King)
Supermegopro: mucks hand 
lucasms171 collected $168.45 from pot
*** SUMMARY ***
Total pot $169.45 | Rake $1 
Board [9h 4h Ts 5s Kc]
Seat 1: BeauParleur
Seat 6: abidaz10
Seat 2: CashfishT folded on the River
Seat 3: vezis3 (button) folded before Flop (didn't bet)
Seat 4: lucasms171 (small blind) showed [Js Qd] and won ($168.45) with a straight, Nine to King
Seat 5: Supermegopro (big blind) mucked



PokerStars Hand #254377961220:  Hold'em No Limit ($0.50/$1.00 USD) - 2025/01/15 4:49:33 WET [2025/01/14 23:49:33 ET]
Table 'Theemin II' 6-max Seat #4 is the button
Seat 1: BeauParleur ($103.75 in chips) is sitting out
Seat 2: CashfishT ($274.07 in chips) 
Seat 3: vezis3 ($220.75 in chips) 
Seat 4: lucasms171 ($207.10 in chips) 
Seat 5: Supermegopro ($100 in chips) 
Seat 6: abidaz10 ($109.57 in chips) 
Supermegopro: posts small blind $0.50
abidaz10: posts big blind $1
*** HOLE CARDS ***
CashfishT: folds 
vezis3: folds 
lucasms171: folds 
Supermegopro: raises $2 to $3
abidaz10 has timed out
abidaz10: folds 
Uncalled bet ($2) returned to Supermegopro
Supermegopro collected $2 from pot
Supermegopro: doesn't show hand 
*** SUMMARY ***
Total pot $2 | Rake $0 
Seat 1: BeauParleur
Seat 2: CashfishT folded before Flop (didn't bet)
Seat 3: vezis3 folded before Flop (didn't bet)
Seat 4: lucasms171 (button) folded before Flop (didn't bet)
Seat 5: Supermegopro (small blind) collected ($2)
Seat 6: abidaz10 (big blind) folded before Flop



PokerStars Hand #254377964244:  Hold'em No Limit ($0.50/$1.00 USD) - 2025/01/15 4:50:06 WET [2025/01/14 23:50:06 ET]
Table 'Theemin II' 6-max Seat #5 is the button
Seat 1: BeauParleur ($103.75 in chips) is sitting out
Seat 6: abidaz10 ($108.57 in chips) is sitting out
Seat 2: CashfishT ($274.07 in chips) 
Seat 3: vezis3 ($220.75 in chips) 
Seat 4: lucasms171 ($207.10 in chips) 
Seat 5: Supermegopro ($101 in chips) 
CashfishT: posts small blind $0.50
vezis3: posts big blind $1
*** HOLE CARDS ***
lucasms171: folds 
Supermegopro: raises $1.50 to $2.50
CashfishT: raises $8.50 to $11
vezis3: folds 
Supermegopro: calls $8.50
*** FLOP *** [8s 3c Jh]
CashfishT: bets $11
Supermegopro: calls $11
*** TURN *** [8s 3c Jh] [6h]
CashfishT: checks 
Supermegopro: bets $22
CashfishT: folds 
Uncalled bet ($22) returned to Supermegopro
Supermegopro collected $44 from pot
Supermegopro: doesn't show hand 
*** SUMMARY ***
Total pot $45 | Rake $1 
Board [8s 3c Jh 6h]
Seat 1: BeauParleur
Seat 6: abidaz10
Seat 2: CashfishT (small blind) folded on the Turn
Seat 3: vezis3 (big blind) folded before Flop
Seat 4: lucasms171 folded before Flop (didn't bet)
Seat 5: Supermegopro (button) collected ($44)



PokerStars Hand #254377969092:  Hold'em No Limit ($0.50/$1.00 USD) - 2025/01/15 4:51:00 WET [2025/01/14 23:51:00 ET]
Table 'Theemin II' 6-max Seat #2 is the button
Seat 1: BeauParleur ($103.75 in chips) is sitting out
Seat 6: abidaz10 ($108.57 in chips) is sitting out
Seat 2: CashfishT ($252.07 in chips) 
Seat 3: vezis3 ($219.75 in chips) 
Seat 4: lucasms171 ($207.10 in chips) 
Seat 5: Supermegopro ($123 in chips) 
vezis3: posts small blind $0.50
lucasms171: posts big blind $1
*** HOLE CARDS ***
Supermegopro: folds 
CashfishT: folds 
vezis3: raises $2 to $3
lucasms171: calls $2
*** FLOP *** [3h 7s Ac]
vezis3: checks 
lucasms171: checks 
*** TURN *** [3h 7s Ac] [7d]
vezis3: checks 
lucasms171: checks 
*** RIVER *** [3h 7s Ac 7d] [2d]
vezis3: bets $1.88
lucasms171: calls $1.88
*** SHOW DOWN ***
vezis3: shows [Td Ts] (two pair, Tens and Sevens)
lucasms171: mucks hand 
vezis3 collected $9.27 from pot
*** SUMMARY ***
Total pot $9.76 | Rake $0.49 
Board [3h 7s Ac 7d 2d]
Seat 1: BeauParleur
Seat 6: abidaz10
Seat 2: CashfishT (button) folded before Flop (didn't bet)
Seat 3: vezis3 (small blind) showed [Td Ts] and won ($9.27) with two pair, Tens and Sevens
Seat 4: lucasms171 (big blind) mucked
Seat 5: Supermegopro folded before Flop (didn't bet)



PokerStars Hand #254377971428:  Hold'em No Limit ($0.50/$1.00 USD) - 2025/01/15 4:51:27 WET [2025/01/14 23:51:27 ET]
Table 'Theemin II' 6-max Seat #3 is the button
Seat 1: BeauParleur ($103.75 in chips) is sitting out
Seat 6: abidaz10 ($108.57 in chips) is sitting out
Seat 2: CashfishT ($252.07 in chips) 
Seat 3: vezis3 ($224.14 in chips) 
Seat 4: lucasms171 ($202.22 in chips) 
Seat 5: Supermegopro ($123 in chips) 
lucasms171: posts small blind $0.50
Supermegopro: posts big blind $1
*** HOLE CARDS ***
CashfishT: folds 
vezis3: raises $1.40 to $2.40
lucasms171: calls $1.90
Supermegopro: raises $11.60 to $14
vezis3: folds 
lucasms171: folds 
Uncalled bet ($11.60) returned to Supermegopro
Supermegopro collected $7.20 from pot
Supermegopro: doesn't show hand 
*** SUMMARY ***
Total pot $7.20 | Rake $0 
Seat 1: BeauParleur
Seat 6: abidaz10
Seat 2: CashfishT folded before Flop (didn't bet)
Seat 3: vezis3 (button) folded before Flop
Seat 4: lucasms171 (small blind) folded before Flop
Seat 5: Supermegopro (big blind) collected ($7.20)



PokerStars Hand #254377974046:  Hold'em No Limit ($0.50/$1.00 USD) - 2025/01/15 4:51:56 WET [2025/01/14 23:51:56 ET]
Table 'Theemin II' 6-max Seat #4 is the button
Seat 1: BeauParleur ($103.75 in chips) is sitting out
Seat 6: abidaz10 ($108.57 in chips) is sitting out
Seat 2: CashfishT ($252.07 in chips) 
Seat 3: vezis3 ($221.74 in chips) 
Seat 4: lucasms171 ($199.82 in chips) 
Seat 5: Supermegopro ($127.80 in chips) 
Supermegopro: posts small blind $0.50
CashfishT: posts big blind $1
*** HOLE CARDS ***
vezis3: folds 
lucasms171: calls $1
Supermegopro: folds 
CashfishT: checks 
*** FLOP *** [9d Ah 7d]
CashfishT: checks 
lucasms171: bets $1.19
CashfishT: calls $1.19
*** TURN *** [9d Ah 7d] [4s]
CashfishT: checks 
lucasms171: bets $4.64
CashfishT: folds 
Uncalled bet ($4.64) returned to lucasms171
lucasms171 collected $4.64 from pot
*** SUMMARY ***
Total pot $4.88 | Rake $0.24 
Board [9d Ah 7d 4s]
Seat 1: BeauParleur
Seat 6: abidaz10
Seat 2: CashfishT (big blind) folded on the Turn
Seat 3: vezis3 folded before Flop (didn't bet)
Seat 4: lucasms171 (button) collected ($4.64)
Seat 5: Supermegopro (small blind) folded before Flop



PokerStars Hand #254377977406:  Hold'em No Limit ($0.50/$1.00 USD) - 2025/01/15 4:52:33 WET [2025/01/14 23:52:33 ET]
Table 'Theemin II' 6-max Seat #5 is the button
Seat 1: BeauParleur ($103.75 in chips) is sitting out
Seat 6: abidaz10 ($108.57 in chips) is sitting out
Seat 2: CashfishT ($249.88 in chips) 
Seat 3: vezis3 ($221.74 in chips) 
Seat 4: lucasms171 ($202.27 in chips) 
Seat 5: Supermegopro ($127.30 in chips) 
CashfishT: posts small blind $0.50
vezis3: posts big blind $1
*** HOLE CARDS ***
lucasms171: folds 
Supermegopro: folds 
CashfishT: raises $2 to $3
vezis3: folds 
Uncalled bet ($2) returned to CashfishT
CashfishT collected $2 from pot
CashfishT: doesn't show hand 
*** SUMMARY ***
Total pot $2 | Rake $0 
Seat 1: BeauParleur
Seat 6: abidaz10
Seat 2: CashfishT (small blind) collected ($2)
Seat 3: vezis3 (big blind) folded before Flop
Seat 4: lucasms171 folded before Flop (didn't bet)
Seat 5: Supermegopro (button) folded before Flop (didn't bet)



PokerStars Hand #254377978684:  Hold'em No Limit ($0.50/$1.00 USD) - 2025/01/15 4:52:48 WET [2025/01/14 23:52:48 ET]
Table 'Theemin II' 6-max Seat #2 is the button
Seat 1: BeauParleur ($103.75 in chips) is sitting out
Seat 6: abidaz10 ($108.57 in chips) is sitting out
Seat 2: CashfishT ($250.88 in chips) 
Seat 3: vezis3 ($220.74 in chips) 
Seat 4: lucasms171 ($202.27 in chips) 
Seat 5: Supermegopro ($127.30 in chips) 
vezis3: posts small blind $0.50
lucasms171: posts big blind $1
*** HOLE CARDS ***
Supermegopro: folds 
CashfishT: raises $1.20 to $2.20
vezis3: folds 
lucasms171: folds 
Uncalled bet ($1.20) returned to CashfishT
CashfishT collected $2.50 from pot
CashfishT: doesn't show hand 
*** SUMMARY ***
Total pot $2.50 | Rake $0 
Seat 1: BeauParleur
Seat 6: abidaz10
Seat 2: CashfishT (button) collected ($2.50)
Seat 3: vezis3 (small blind) folded before Flop
Seat 4: lucasms171 (big blind) folded before Flop
Seat 5: Supermegopro folded before Flop (didn't bet)



PokerStars Hand #254377980469:  Hold'em No Limit ($0.50/$1.00 USD) - 2025/01/15 4:53:07 WET [2025/01/14 23:53:07 ET]
Table 'Theemin II' 6-max Seat #3 is the button
Seat 1: BeauParleur ($103.75 in chips) is sitting out
Seat 6: abidaz10 ($108.57 in chips) is sitting out
Seat 2: CashfishT ($252.38 in chips) 
Seat 3: vezis3 ($220.24 in chips) 
Seat 4: lucasms171 ($201.27 in chips) 
Seat 5: Supermegopro ($127.30 in chips) 
lucasms171: posts small blind $0.50
Supermegopro: posts big blind $1
*** HOLE CARDS ***
CashfishT: raises $1.20 to $2.20
vezis3: raises $5.80 to $8
lucasms171: folds 
Supermegopro: folds 
CashfishT: calls $5.80
*** FLOP *** [3h 9s Th]
CashfishT: checks 
vezis3: bets $12.80
CashfishT: calls $12.80
*** TURN *** [3h 9s Th] [Jd]
CashfishT: checks 
vezis3: bets $28
CashfishT: calls $28
*** RIVER *** [3h 9s Th Jd] [Qs]
CashfishT: checks 
vezis3: bets $32.37
CashfishT: folds 
Uncalled bet ($32.37) returned to vezis3
vezis3 collected $98.10 from pot
vezis3: doesn't show hand 
*** SUMMARY ***
Total pot $99.10 | Rake $1 
Board [3h 9s Th Jd Qs]
Seat 1: BeauParleur
Seat 6: abidaz10
Seat 2: CashfishT folded on the River
Seat 3: vezis3 (button) collected ($98.10)
Seat 4: lucasms171 (small blind) folded before Flop
Seat 5: Supermegopro (big blind) folded before Flop



PokerStars Hand #254377988511:  Hold'em No Limit ($0.50/$1.00 USD) - 2025/01/15 4:54:35 WET [2025/01/14 23:54:35 ET]
Table 'Theemin II' 6-max Seat #4 is the button
Seat 1: BeauParleur ($103.75 in chips) is sitting out
Seat 6: abidaz10 ($108.57 in chips) is sitting out
Seat 2: CashfishT ($203.58 in chips) 
Seat 3: vezis3 ($269.54 in chips) 
Seat 4: lucasms171 ($200.77 in chips) 
Seat 5: Supermegopro ($126.30 in chips) 
Supermegopro: posts small blind $0.50
CashfishT: posts big blind $1
*** HOLE CARDS ***
vezis3: folds 
lucasms171: folds 
Supermegopro: raises $2 to $3
CashfishT: folds 
Uncalled bet ($2) returned to Supermegopro
Supermegopro collected $2 from pot
BeauParleur leaves the table
Supermegopro: doesn't show hand 
*** SUMMARY ***
Total pot $2 | Rake $0 
Seat 1: BeauParleur
Seat 6: abidaz10
Seat 2: CashfishT (big blind) folded before Flop
Seat 3: vezis3 folded before Flop (didn't bet)
Seat 4: lucasms171 (button) folded before Flop (didn't bet)
Seat 5: Supermegopro (small blind) collected ($2)



PokerStars Hand #254377990486:  Hold'em No Limit ($0.50/$1.00 USD) - 2025/01/15 4:54:57 WET [2025/01/14 23:54:57 ET]
Table 'Theemin II' 6-max Seat #5 is the button
Seat 6: abidaz10 ($108.57 in chips) is sitting out
Seat 2: CashfishT ($202.58 in chips) 
Seat 3: vezis3 ($269.54 in chips) 
Seat 4: lucasms171 ($200.77 in chips) 
Seat 5: Supermegopro ($127.30 in chips) 
CashfishT: posts small blind $0.50
vezis3: posts big blind $1
*** HOLE CARDS ***
lucasms171: calls $1
Supermegopro: raises $3 to $4
CashfishT: folds 
vezis3: folds 
lucasms171: calls $3
*** FLOP *** [Ah 9h Kc]
lucasms171: checks 
Supermegopro: checks 
*** TURN *** [Ah 9h Kc] [3d]
abidaz10 is disconnected 
lucasms171: checks 
Supermegopro: bets $6.01
lucasms171: calls $6.01
*** RIVER *** [Ah 9h Kc 3d] [9d]
lucasms171: checks 
Supermegopro: checks 
*** SHOW DOWN ***
lucasms171: shows [7h 7c] (two pair, Nines and Sevens)
Supermegopro: shows [Td Kh] (two pair, Kings and Nines)
Supermegopro collected $20.52 from pot
*** SUMMARY ***
Total pot $21.52 | Rake $1 
Board [Ah 9h Kc 3d 9d]
Seat 6: abidaz10
Seat 2: CashfishT (small blind) folded before Flop
Seat 3: vezis3 (big blind) folded before Flop
Seat 4: lucasms171 showed [7h 7c] and lost with two pair, Nines and Sevens
Seat 5: Supermegopro (button) showed [Td Kh] and won ($20.52) with two pair, Kings and Nines



PokerStars Hand #254377995056:  Hold'em No Limit ($0.50/$1.00 USD) - 2025/01/15 4:55:55 WET [2025/01/14 23:55:55 ET]
Table 'Theemin II' 6-max Seat #2 is the button
Seat 6: abidaz10 ($108.57 in chips) is sitting out
Seat 2: CashfishT ($202.08 in chips) 
Seat 3: vezis3 ($268.54 in chips) 
Seat 4: lucasms171 ($190.76 in chips) 
Seat 5: Supermegopro ($137.81 in chips) 
vezis3: posts small blind $0.50
lucasms171: posts big blind $1
*** HOLE CARDS ***
Supermegopro: folds 
CashfishT: folds 
vezis3: raises $2 to $3
lucasms171: calls $2
*** FLOP *** [Ks 9d Jh]
vezis3: bets $1.88
lucasms171: calls $1.88
*** TURN *** [Ks 9d Jh] [Kd]
vezis3: bets $7.14
lucasms171: folds 
Uncalled bet ($7.14) returned to vezis3
vezis3 collected $9.27 from pot
vezis3: doesn't show hand 
*** SUMMARY ***
Total pot $9.76 | Rake $0.49 
Board [Ks 9d Jh Kd]
Seat 6: abidaz10
Seat 2: CashfishT (button) folded before Flop (didn't bet)
Seat 3: vezis3 (small blind) collected ($9.27)
Seat 4: lucasms171 (big blind) folded on the Turn
Seat 5: Supermegopro folded before Flop (didn't bet)



PokerStars Hand #254377997003:  Hold'em No Limit ($0.50/$1.00 USD) - 2025/01/15 4:56:22 WET [2025/01/14 23:56:22 ET]
Table 'Theemin II' 6-max Seat #3 is the button
Seat 6: abidaz10 ($108.57 in chips) is sitting out
Seat 2: CashfishT ($202.08 in chips) 
Seat 3: vezis3 ($272.93 in chips) 
Seat 4: lucasms171 ($185.88 in chips) 
Seat 5: Supermegopro ($137.81 in chips) 
lucasms171: posts small blind $0.50
Supermegopro: posts big blind $1
*** HOLE CARDS ***
CashfishT: folds 
vezis3: raises $1.40 to $2.40
lucasms171: folds 
Supermegopro: folds 
Uncalled bet ($1.40) returned to vezis3
vezis3 collected $2.50 from pot
vezis3: doesn't show hand 
*** SUMMARY ***
Total pot $2.50 | Rake $0 
Seat 6: abidaz10
Seat 2: CashfishT folded before Flop (didn't bet)
Seat 3: vezis3 (button) collected ($2.50)
Seat 4: lucasms171 (small blind) folded before Flop
Seat 5: Supermegopro (big blind) folded before Flop



PokerStars Hand #254377998227:  Hold'em No Limit ($0.50/$1.00 USD) - 2025/01/15 4:56:38 WET [2025/01/14 23:56:38 ET]
Table 'Theemin II' 6-max Seat #4 is the button
Seat 2: CashfishT ($202.08 in chips) is sitting out
Seat 6: abidaz10 ($108.57 in chips) is sitting out
Seat 3: vezis3 ($274.43 in chips) 
Seat 4: lucasms171 ($185.38 in chips) 
Seat 5: Supermegopro ($136.81 in chips) 
Supermegopro: posts small blind $0.50
CashfishT: is sitting out 
vezis3: posts big blind $1
*** HOLE CARDS ***
lucasms171: folds 
Supermegopro: folds 
Uncalled bet ($0.50) returned to vezis3
vezis3 collected $1 from pot
abidaz10 leaves the table
vezis3: doesn't show hand 
*** SUMMARY ***
Total pot $1 | Rake $0 
Seat 2: CashfishT
Seat 6: abidaz10
Seat 3: vezis3 (big blind) collected ($1)
Seat 4: lucasms171 (button) folded before Flop (didn't bet)
Seat 5: Supermegopro (small blind) folded before Flop



PokerStars Hand #254377998938:  Hold'em No Limit ($0.50/$1.00 USD) - 2025/01/15 4:56:48 WET [2025/01/14 23:56:48 ET]
Table 'Theemin II' 6-max Seat #5 is the button
Seat 2: CashfishT ($202.08 in chips) is sitting out
Seat 3: vezis3 ($274.93 in chips) 
Seat 4: lucasms171 ($185.38 in chips) 
Seat 5: Supermegopro ($136.31 in chips) 
vezis3: posts small blind $0.50
lucasms171: posts big blind $1
*** HOLE CARDS ***
Supermegopro: folds 
vezis3: folds 
Uncalled bet ($0.50) returned to lucasms171
lucasms171 collected $1 from pot
*** SUMMARY ***
Total pot $1 | Rake $0 
Seat 2: CashfishT
Seat 3: vezis3 (small blind) folded before Flop
Seat 4: lucasms171 (big blind) collected ($1)
Seat 5: Supermegopro (button) folded before Flop (didn't bet)



PokerStars Hand #254377999551:  Hold'em No Limit ($0.50/$1.00 USD) - 2025/01/15 4:56:57 WET [2025/01/14 23:56:57 ET]
Table 'Theemin II' 6-max Seat #3 is the button
Seat 2: CashfishT ($202.08 in chips) is sitting out
Seat 3: vezis3 ($274.43 in chips) 
Seat 4: lucasms171 ($185.88 in chips) 
Seat 5: Supermegopro ($136.31 in chips) 
lucasms171: posts small blind $0.50
Supermegopro: posts big blind $1
*** HOLE CARDS ***
vezis3: raises $1.40 to $2.40
lucasms171: folds 
CashfishT leaves the table
Supermegopro: calls $1.40
*** FLOP *** [Qh 4s Kc]
Supermegopro: checks 
vezis3: bets $1.66
Supermegopro: folds 
Uncalled bet ($1.66) returned to vezis3
vezis3 collected $5.04 from pot
vezis3: doesn't show hand 
*** SUMMARY ***
Total pot $5.30 | Rake $0.26 
Board [Qh 4s Kc]
Seat 2: CashfishT
Seat 3: vezis3 (button) collected ($5.04)
Seat 4: lucasms171 (small blind) folded before Flop
Seat 5: Supermegopro (big blind) folded on the Flop



PokerStars Hand #254378000950:  Hold'em No Limit ($0.50/$1.00 USD) - 2025/01/15 4:57:16 WET [2025/01/14 23:57:16 ET]
Table 'Theemin II' 6-max Seat #5 is the button
Seat 3: vezis3 ($277.07 in chips) is sitting out
Seat 4: lucasms171 ($185.38 in chips) 
Seat 5: Supermegopro ($133.91 in chips) 
Supermegopro: posts small blind $0.50
vezis3: is sitting out 
lucasms171: posts big blind $1
*** HOLE CARDS ***
vezis3 leaves the table
Supermegopro: folds 
Uncalled bet ($0.50) returned to lucasms171
lucasms171 collected $1 from pot
*** SUMMARY ***
Total pot $1 | Rake $0 
Seat 3: vezis3
Seat 4: lucasms171 (big blind) collected ($1)
Seat 5: Supermegopro (button) (small blind) folded before Flop



PokerStars Hand #254378001574:  Hold'em No Limit ($0.50/$1.00 USD) - 2025/01/15 4:57:24 WET [2025/01/14 23:57:24 ET]
Table 'Theemin II' 6-max Seat #4 is the button
Seat 4: lucasms171 ($185.88 in chips) 
Seat 5: Supermegopro ($133.41 in chips) 
lucasms171: posts small blind $0.50
Supermegopro: posts big blind $1
*** HOLE CARDS ***
lucasms171: folds 
Uncalled bet ($0.50) returned to Supermegopro
Supermegopro collected $1 from pot
Supermegopro: doesn't show hand 
*** SUMMARY ***
Total pot $1 | Rake $0 
Seat 4: lucasms171 (button) (small blind) folded before Flop
Seat 5: Supermegopro (big blind) collected ($1)



PokerStars Hand #254377803422:  Hold'em No Limit ($0.50/$1.00 USD) - 2025/01/15 4:22:09 WET [2025/01/14 23:22:09 ET]
Table 'Theemin II' 6-max Seat #5 is the button
Seat 1: BeauParleur ($102.50 in chips) 
Seat 2: CashfishT ($103.05 in chips) 
Seat 3: vezis3 ($282.34 in chips) 
Seat 4: lucasms171 ($90.62 in chips) 
Seat 5: Supermegopro ($100 in chips) 
Seat 6: abidaz10 ($198.52 in chips) 
abidaz10: posts small blind $0.50
BeauParleur: posts big blind $1
*** HOLE CARDS ***
CashfishT: folds 
vezis3: folds 
lucasms171: folds 
Supermegopro: folds 
abidaz10: raises $2 to $3
BeauParleur: calls $2
*** FLOP *** [Ah Qh Th]
abidaz10: checks 
BeauParleur: checks 
*** TURN *** [Ah Qh Th] [5c]
abidaz10: checks 
BeauParleur: bets $4.28
abidaz10: calls $4.28
*** RIVER *** [Ah Qh Th 5c] [6d]
abidaz10: checks 
BeauParleur: checks 
*** SHOW DOWN ***
abidaz10: shows [Ks 3s] (high card Ace)
BeauParleur: shows [Ad 9d] (a pair of Aces)
BeauParleur collected $13.83 from pot
*** SUMMARY ***
Total pot $14.56 | Rake $0.73 
Board [Ah Qh Th 5c 6d]
Seat 1: BeauParleur (big blind) showed [Ad 9d] and won ($13.83) with a pair of Aces
Seat 2: CashfishT folded before Flop (didn't bet)
Seat 3: vezis3 folded before Flop (didn't bet)
Seat 4: lucasms171 folded before Flop (didn't bet)
Seat 5: Supermegopro (button) folded before Flop (didn't bet)
Seat 6: abidaz10 (small blind) showed [Ks 3s] and lost with high card Ace



PokerStars Hand #254377809247:  Hold'em No Limit ($0.50/$1.00 USD) - 2025/01/15 4:23:07 WET [2025/01/14 23:23:07 ET]
Table 'Theemin II' 6-max Seat #6 is the button
Seat 1: BeauParleur ($109.05 in chips) 
Seat 2: CashfishT ($103.05 in chips) 
Seat 3: vezis3 ($282.34 in chips) 
Seat 4: lucasms171 ($100 in chips) 
Seat 5: Supermegopro ($100 in chips) 
Seat 6: abidaz10 ($191.24 in chips) 
BeauParleur: posts small blind $0.50
CashfishT: posts big blind $1
*** HOLE CARDS ***
vezis3: folds 
lucasms171: calls $1
Supermegopro: folds 
abidaz10: folds 
BeauParleur: folds 
CashfishT: checks 
*** FLOP *** [5d Qc 3h]
CashfishT: checks 
lucasms171: bets $1.19
CashfishT: folds 
Uncalled bet ($1.19) returned to lucasms171
lucasms171 collected $2.38 from pot
*** SUMMARY ***
Total pot $2.50 | Rake $0.12 
Board [5d Qc 3h]
Seat 1: BeauParleur (small blind) folded before Flop
Seat 2: CashfishT (big blind) folded on the Flop
Seat 3: vezis3 folded before Flop (didn't bet)
Seat 4: lucasms171 collected ($2.38)
Seat 5: Supermegopro folded before Flop (didn't bet)
Seat 6: abidaz10 (button) folded before Flop (didn't bet)



PokerStars Hand #254377813365:  Hold'em No Limit ($0.50/$1.00 USD) - 2025/01/15 4:23:48 WET [2025/01/14 23:23:48 ET]
Table 'Theemin II' 6-max Seat #1 is the button
Seat 1: BeauParleur ($108.55 in chips) 
Seat 2: CashfishT ($102.05 in chips) 
Seat 3: vezis3 ($282.34 in chips) 
Seat 4: lucasms171 ($101.38 in chips) 
Seat 5: Supermegopro ($100 in chips) 
Seat 6: abidaz10 ($191.24 in chips) 
CashfishT: posts small blind $0.50
vezis3: posts big blind $1
*** HOLE CARDS ***
lucasms171: folds 
Supermegopro: folds 
abidaz10: folds 
BeauParleur: raises $1.50 to $2.50
CashfishT: folds 
vezis3: calls $1.50
*** FLOP *** [Jh 8h 5s]
vezis3: checks 
BeauParleur: checks 
*** TURN *** [Jh 8h 5s] [Ad]
vezis3: checks 
BeauParleur: checks 
*** RIVER *** [Jh 8h 5s Ad] [7d]
vezis3: bets $1.72
BeauParleur: raises $4.33 to $6.05
vezis3: folds 
Uncalled bet ($4.33) returned to BeauParleur
BeauParleur collected $8.49 from pot
BeauParleur: doesn't show hand 
*** SUMMARY ***
Total pot $8.94 | Rake $0.45 
Board [Jh 8h 5s Ad 7d]
Seat 1: BeauParleur (button) collected ($8.49)
Seat 2: CashfishT (small blind) folded before Flop
Seat 3: vezis3 (big blind) folded on the River
Seat 4: lucasms171 folded before Flop (didn't bet)
Seat 5: Supermegopro folded before Flop (didn't bet)
Seat 6: abidaz10 folded before Flop (didn't bet)



PokerStars Hand #254377822316:  Hold'em No Limit ($0.50/$1.00 USD) - 2025/01/15 4:25:17 WET [2025/01/14 23:25:17 ET]
Table 'Theemin II' 6-max Seat #2 is the button
Seat 1: BeauParleur ($112.82 in chips) 
Seat 2: CashfishT ($101.55 in chips) 
Seat 3: vezis3 ($278.12 in chips) 
Seat 4: lucasms171 ($101.38 in chips) 
Seat 5: Supermegopro ($100 in chips) 
Seat 6: abidaz10 ($191.24 in chips) 
vezis3: posts small blind $0.50
lucasms171: posts big blind $1
*** HOLE CARDS ***
Supermegopro: raises $1.50 to $2.50
abidaz10: folds 
BeauParleur: folds 
CashfishT: folds 
vezis3: folds 
lucasms171: folds 
Uncalled bet ($1.50) returned to Supermegopro
Supermegopro collected $2.50 from pot
Supermegopro: doesn't show hand 
*** SUMMARY ***
Total pot $2.50 | Rake $0 
Seat 1: BeauParleur folded before Flop (didn't bet)
Seat 2: CashfishT (button) folded before Flop (didn't bet)
Seat 3: vezis3 (small blind) folded before Flop
Seat 4: lucasms171 (big blind) folded before Flop
Seat 5: Supermegopro collected ($2.50)
Seat 6: abidaz10 folded before Flop (didn't bet)



PokerStars Hand #254377825612:  Hold'em No Limit ($0.50/$1.00 USD) - 2025/01/15 4:25:49 WET [2025/01/14 23:25:49 ET]
Table 'Theemin II' 6-max Seat #3 is the button
Seat 1: BeauParleur ($112.82 in chips) 
Seat 2: CashfishT ($101.55 in chips) 
Seat 3: vezis3 ($277.62 in chips) 
Seat 4: lucasms171 ($100.38 in chips) 
Seat 5: Supermegopro ($101.50 in chips) 
Seat 6: abidaz10 ($191.24 in chips) 
lucasms171: posts small blind $0.50
Supermegopro: posts big blind $1
*** HOLE CARDS ***
abidaz10 has timed out
abidaz10: folds 
BeauParleur: folds 
CashfishT: folds 
vezis3: folds 
lucasms171: calls $0.50
Supermegopro: checks 
*** FLOP *** [4s 2c Ks]
lucasms171: checks 
Supermegopro: checks 
*** TURN *** [4s 2c Ks] [Kh]
lucasms171: checks 
Supermegopro: bets $1.27
lucasms171: calls $1.27
*** RIVER *** [4s 2c Ks Kh] [9h]
lucasms171: checks 
Supermegopro: checks 
*** SHOW DOWN ***
lucasms171: shows [8s Js] (a pair of Kings)
Supermegopro: shows [2h Tc] (two pair, Kings and Deuces)
Supermegopro collected $4.31 from pot
*** SUMMARY ***
Total pot $4.54 | Rake $0.23 
Board [4s 2c Ks Kh 9h]
Seat 1: BeauParleur folded before Flop (didn't bet)
Seat 2: CashfishT folded before Flop (didn't bet)
Seat 3: vezis3 (button) folded before Flop (didn't bet)
Seat 4: lucasms171 (small blind) showed [8s Js] and lost with a pair of Kings
Seat 5: Supermegopro (big blind) showed [2h Tc] and won ($4.31) with two pair, Kings and Deuces
Seat 6: abidaz10 folded before Flop (didn't bet)



PokerStars Hand #254377834649:  Hold'em No Limit ($0.50/$1.00 USD) - 2025/01/15 4:27:20 WET [2025/01/14 23:27:20 ET]
Table 'Theemin II' 6-max Seat #4 is the button
Seat 6: abidaz10 ($191.24 in chips) is sitting out
Seat 1: BeauParleur ($112.82 in chips) 
Seat 2: CashfishT ($101.55 in chips) 
Seat 3: vezis3 ($277.62 in chips) 
Seat 4: lucasms171 ($98.11 in chips) 
Seat 5: Supermegopro ($103.54 in chips) 
Supermegopro: posts small blind $0.50
BeauParleur: posts big blind $1
*** HOLE CARDS ***
CashfishT: raises $1.20 to $2.20
vezis3: folds 
lucasms171: folds 
Supermegopro: folds 
BeauParleur: folds 
Uncalled bet ($1.20) returned to CashfishT
CashfishT collected $2.50 from pot
CashfishT: doesn't show hand 
*** SUMMARY ***
Total pot $2.50 | Rake $0 
Seat 6: abidaz10
Seat 1: BeauParleur (big blind) folded before Flop
Seat 2: CashfishT collected ($2.50)
Seat 3: vezis3 folded before Flop (didn't bet)
Seat 4: lucasms171 (button) folded before Flop (didn't bet)
Seat 5: Supermegopro (small blind) folded before Flop



PokerStars Hand #254377836438:  Hold'em No Limit ($0.50/$1.00 USD) - 2025/01/15 4:27:38 WET [2025/01/14 23:27:38 ET]
Table 'Theemin II' 6-max Seat #5 is the button
Seat 6: abidaz10 ($191.24 in chips) is sitting out
Seat 1: BeauParleur ($111.82 in chips) 
Seat 2: CashfishT ($103.05 in chips) 
Seat 3: vezis3 ($277.62 in chips) 
Seat 4: lucasms171 ($98.11 in chips) 
Seat 5: Supermegopro ($103.04 in chips) 
BeauParleur: posts small blind $0.50
CashfishT: posts big blind $1
*** HOLE CARDS ***
vezis3: folds 
lucasms171: calls $1
Supermegopro: raises $3 to $4
BeauParleur: folds 
CashfishT: calls $3
lucasms171: calls $3
*** FLOP *** [6s 7d 5d]
CashfishT: checks 
lucasms171: checks 
Supermegopro: checks 
*** TURN *** [6s 7d 5d] [7s]
CashfishT: checks 
lucasms171: bets $5.94
Supermegopro: calls $5.94
CashfishT: folds 
*** RIVER *** [6s 7d 5d 7s] [7c]
lucasms171: checks 
Supermegopro: checks 
*** SHOW DOWN ***
lucasms171: shows [8d Ad] (three of a kind, Sevens)
Supermegopro: shows [Ah 6h] (a full house, Sevens full of Sixes)
Supermegopro collected $23.16 from pot
*** SUMMARY ***
Total pot $24.38 | Rake $1.22 
Board [6s 7d 5d 7s 7c]
Seat 6: abidaz10
Seat 1: BeauParleur (small blind) folded before Flop
Seat 2: CashfishT (big blind) folded on the Turn
Seat 3: vezis3 folded before Flop (didn't bet)
Seat 4: lucasms171 showed [8d Ad] and lost with three of a kind, Sevens
Seat 5: Supermegopro (button) showed [Ah 6h] and won ($23.16) with a full house, Sevens full of Sixes



PokerStars Hand #254377843801:  Hold'em No Limit ($0.50/$1.00 USD) - 2025/01/15 4:28:53 WET [2025/01/14 23:28:53 ET]
Table 'Theemin II' 6-max Seat #1 is the button
Seat 1: BeauParleur ($111.32 in chips) 
Seat 2: CashfishT ($100 in chips) 
Seat 3: vezis3 ($277.62 in chips) 
Seat 4: lucasms171 ($88.17 in chips) 
Seat 5: Supermegopro ($116.26 in chips) 
Seat 6: abidaz10 ($191.24 in chips) 
CashfishT: posts small blind $0.50
vezis3: posts big blind $1
abidaz10: posts small & big blinds $1.50
*** HOLE CARDS ***
lucasms171: calls $1
Supermegopro: folds 
abidaz10 has timed out
abidaz10: checks 
BeauParleur: folds 
CashfishT: calls $0.50
vezis3: checks 
*** FLOP *** [Jc 7c Kd]
CashfishT: bets $3.21
vezis3: calls $3.21
lucasms171: raises $3.21 to $6.42
abidaz10: calls $6.42
CashfishT: calls $3.21
vezis3: folds 
*** TURN *** [Jc 7c Kd] [Kc]
CashfishT: checks 
lucasms171: bets $12.81
abidaz10: calls $12.81
CashfishT: folds 
*** RIVER *** [Jc 7c Kd Kc] [7s]
lucasms171: bets $25.05
abidaz10: folds 
Uncalled bet ($25.05) returned to lucasms171
lucasms171 collected $50.09 from pot
*** SUMMARY ***
Total pot $52.59 | Rake $2.50 
Board [Jc 7c Kd Kc 7s]
Seat 1: BeauParleur (button) folded before Flop (didn't bet)
Seat 2: CashfishT (small blind) folded on the Turn
Seat 3: vezis3 (big blind) folded on the Flop
Seat 4: lucasms171 collected ($50.09)
Seat 5: Supermegopro folded before Flop (didn't bet)
Seat 6: abidaz10 folded on the River



PokerStars Hand #254377852080:  Hold'em No Limit ($0.50/$1.00 USD) - 2025/01/15 4:30:16 WET [2025/01/14 23:30:16 ET]
Table 'Theemin II' 6-max Seat #2 is the button
Seat 1: BeauParleur ($111.32 in chips) 
Seat 2: CashfishT ($100 in chips) 
Seat 3: vezis3 ($273.41 in chips) 
Seat 4: lucasms171 ($118.03 in chips) 
Seat 5: Supermegopro ($116.26 in chips) 
Seat 6: abidaz10 ($170.51 in chips) 
vezis3: posts small blind $0.50
lucasms171: posts big blind $1
*** HOLE CARDS ***
Supermegopro: raises $1.50 to $2.50
abidaz10: folds 
BeauParleur: folds 
CashfishT: folds 
vezis3: folds 
lucasms171: raises $5.50 to $8
Supermegopro: calls $5.50
*** FLOP *** [6s 8c 4h]
lucasms171: bets $1
Supermegopro: calls $1
*** TURN *** [6s 8c 4h] [7c]
lucasms171: bets $17.58
Supermegopro: calls $17.58
*** RIVER *** [6s 8c 4h 7c] [Qs]
lucasms171: bets $91.45 and is all-in
Supermegopro: folds 
Uncalled bet ($91.45) returned to lucasms171
lucasms171 collected $51.16 from pot
*** SUMMARY ***
Total pot $53.66 | Rake $2.50 
Board [6s 8c 4h 7c Qs]
Seat 1: BeauParleur folded before Flop (didn't bet)
Seat 2: CashfishT (button) folded before Flop (didn't bet)
Seat 3: vezis3 (small blind) folded before Flop
Seat 4: lucasms171 (big blind) collected ($51.16)
Seat 5: Supermegopro folded on the River
Seat 6: abidaz10 folded before Flop (didn't bet)



PokerStars Hand #254377857117:  Hold'em No Limit ($0.50/$1.00 USD) - 2025/01/15 4:31:07 WET [2025/01/14 23:31:07 ET]
Table 'Theemin II' 6-max Seat #3 is the button
Seat 1: BeauParleur ($111.32 in chips) 
Seat 2: CashfishT ($100 in chips) 
Seat 3: vezis3 ($272.91 in chips) 
Seat 4: lucasms171 ($142.61 in chips) 
Seat 5: Supermegopro ($100 in chips) 
Seat 6: abidaz10 ($170.51 in chips) 
lucasms171: posts small blind $0.50
Supermegopro: posts big blind $1
*** HOLE CARDS ***
abidaz10: folds 
BeauParleur: folds 
CashfishT: raises $1.20 to $2.20
vezis3: raises $5.80 to $8
lucasms171: folds 
Supermegopro: folds 
CashfishT: folds 
Uncalled bet ($5.80) returned to vezis3
vezis3 collected $5.90 from pot
vezis3: doesn't show hand 
*** SUMMARY ***
Total pot $5.90 | Rake $0 
Seat 1: BeauParleur folded before Flop (didn't bet)
Seat 2: CashfishT folded before Flop
Seat 3: vezis3 (button) collected ($5.90)
Seat 4: lucasms171 (small blind) folded before Flop
Seat 5: Supermegopro (big blind) folded before Flop
Seat 6: abidaz10 folded before Flop (didn't bet)



PokerStars Hand #254377859548:  Hold'em No Limit ($0.50/$1.00 USD) - 2025/01/15 4:31:32 WET [2025/01/14 23:31:32 ET]
Table 'Theemin II' 6-max Seat #4 is the button
Seat 1: BeauParleur ($111.32 in chips) 
Seat 2: CashfishT ($100 in chips) 
Seat 3: vezis3 ($276.61 in chips) 
Seat 4: lucasms171 ($142.11 in chips) 
Seat 5: Supermegopro ($100 in chips) 
Seat 6: abidaz10 ($170.51 in chips) 
Supermegopro: posts small blind $0.50
abidaz10: posts big blind $1
*** HOLE CARDS ***
BeauParleur: folds 
CashfishT: folds 
vezis3: folds 
lucasms171 has timed out
lucasms171: folds 
Supermegopro: raises $1.50 to $2.50
abidaz10: calls $1.50
*** FLOP *** [Td Qd Ks]
Supermegopro: checks 
abidaz10: bets $5
Supermegopro: folds 
Uncalled bet ($5) returned to abidaz10
abidaz10 collected $4.75 from pot
*** SUMMARY ***
Total pot $5 | Rake $0.25 
Board [Td Qd Ks]
Seat 1: BeauParleur folded before Flop (didn't bet)
Seat 2: CashfishT folded before Flop (didn't bet)
Seat 3: vezis3 folded before Flop (didn't bet)
Seat 4: lucasms171 (button) folded before Flop (didn't bet)
Seat 5: Supermegopro (small blind) folded on the Flop
Seat 6: abidaz10 (big blind) collected ($4.75)



PokerStars Hand #254377865989:  Hold'em No Limit ($0.50/$1.00 USD) - 2025/01/15 4:32:37 WET [2025/01/14 23:32:37 ET]
Table 'Theemin II' 6-max Seat #5 is the button
Seat 1: BeauParleur ($111.32 in chips) 
Seat 2: CashfishT ($100 in chips) 
Seat 3: vezis3 ($276.61 in chips) 
Seat 4: lucasms171 ($142.11 in chips) 
Seat 5: Supermegopro ($100 in chips) 
Seat 6: abidaz10 ($172.76 in chips) 
abidaz10: posts small blind $0.50
BeauParleur: posts big blind $1
*** HOLE CARDS ***
CashfishT: folds 
vezis3: raises $1.40 to $2.40
lucasms171: folds 
Supermegopro: folds 
abidaz10: calls $1.90
BeauParleur: folds 
*** FLOP *** [8h 5c 6d]
abidaz10: bets $3.51
vezis3: raises $8.49 to $12
abidaz10: calls $8.49
*** TURN *** [8h 5c 6d] [4s]
abidaz10 has timed out
abidaz10: checks 
vezis3: checks 
*** RIVER *** [8h 5c 6d 4s] [Ad]
abidaz10: bets $14.16
vezis3: calls $14.16
*** SHOW DOWN ***
abidaz10: shows [6c 7s] (a straight, Four to Eight)
vezis3: mucks hand 
abidaz10 collected $55.62 from pot
*** SUMMARY ***
Total pot $58.12 | Rake $2.50 
Board [8h 5c 6d 4s Ad]
Seat 1: BeauParleur (big blind) folded before Flop
Seat 2: CashfishT folded before Flop (didn't bet)
Seat 3: vezis3 mucked
Seat 4: lucasms171 folded before Flop (didn't bet)
Seat 5: Supermegopro (button) folded before Flop (didn't bet)
Seat 6: abidaz10 (small blind) showed [6c 7s] and won ($55.62) with a straight, Four to Eight



PokerStars Hand #254377875730:  Hold'em No Limit ($0.50/$1.00 USD) - 2025/01/15 4:34:18 WET [2025/01/14 23:34:18 ET]
Table 'Theemin II' 6-max Seat #6 is the button
Seat 1: BeauParleur ($110.32 in chips) 
Seat 2: CashfishT ($100 in chips) 
Seat 3: vezis3 ($248.05 in chips) 
Seat 4: lucasms171 ($142.11 in chips) 
Seat 5: Supermegopro ($100 in chips) 
Seat 6: abidaz10 ($199.82 in chips) 
BeauParleur: posts small blind $0.50
CashfishT: posts big blind $1
*** HOLE CARDS ***
vezis3: folds 
lucasms171: folds 
Supermegopro: folds 
abidaz10: folds 
BeauParleur: raises $2 to $3
CashfishT: folds 
Uncalled bet ($2) returned to BeauParleur
BeauParleur collected $2 from pot
BeauParleur: doesn't show hand 
*** SUMMARY ***
Total pot $2 | Rake $0 
Seat 1: BeauParleur (small blind) collected ($2)
Seat 2: CashfishT (big blind) folded before Flop
Seat 3: vezis3 folded before Flop (didn't bet)
Seat 4: lucasms171 folded before Flop (didn't bet)
Seat 5: Supermegopro folded before Flop (didn't bet)
Seat 6: abidaz10 (button) folded before Flop (didn't bet)



PokerStars Hand #254377877943:  Hold'em No Limit ($0.50/$1.00 USD) - 2025/01/15 4:34:40 WET [2025/01/14 23:34:40 ET]
Table 'Theemin II' 6-max Seat #1 is the button
Seat 1: BeauParleur ($111.32 in chips) 
Seat 2: CashfishT ($100 in chips) 
Seat 3: vezis3 ($248.05 in chips) 
Seat 4: lucasms171 ($142.11 in chips) 
Seat 5: Supermegopro ($100 in chips) 
Seat 6: abidaz10 ($199.82 in chips) 
CashfishT: posts small blind $0.50
vezis3: posts big blind $1
*** HOLE CARDS ***
lucasms171: folds 
Supermegopro: folds 
abidaz10 has timed out
abidaz10: folds 
BeauParleur has timed out
BeauParleur: folds 
CashfishT: raises $2 to $3
vezis3: folds 
Uncalled bet ($2) returned to CashfishT
CashfishT collected $2 from pot
CashfishT: doesn't show hand 
*** SUMMARY ***
Total pot $2 | Rake $0 
Seat 1: BeauParleur (button) folded before Flop (didn't bet)
Seat 2: CashfishT (small blind) collected ($2)
Seat 3: vezis3 (big blind) folded before Flop
Seat 4: lucasms171 folded before Flop (didn't bet)
Seat 5: Supermegopro folded before Flop (didn't bet)
Seat 6: abidaz10 folded before Flop (didn't bet)



PokerStars Hand #254377882306:  Hold'em No Limit ($0.50/$1.00 USD) - 2025/01/15 4:35:25 WET [2025/01/14 23:35:25 ET]
Table 'Theemin II' 6-max Seat #2 is the button
Seat 1: BeauParleur ($111.32 in chips) 
Seat 2: CashfishT ($101 in chips) 
Seat 3: vezis3 ($247.05 in chips) 
Seat 4: lucasms171 ($142.11 in chips) 
Seat 5: Supermegopro ($100 in chips) 
Seat 6: abidaz10 ($199.82 in chips) 
vezis3: posts small blind $0.50
lucasms171: posts big blind $1
*** HOLE CARDS ***
Supermegopro: folds 
abidaz10: raises $3 to $4
BeauParleur: folds 
CashfishT: calls $4
vezis3: folds 
lucasms171: raises $12.50 to $16.50
abidaz10: calls $12.50
CashfishT: calls $12.50
*** FLOP *** [5s 2s 8h]
lucasms171: bets $23.75
abidaz10: calls $23.75
CashfishT: raises $60.75 to $84.50 and is all-in
lucasms171: folds 
abidaz10: calls $60.75
*** TURN *** [5s 2s 8h] [9c]
*** RIVER *** [5s 2s 8h 9c] [8d]
*** SHOW DOWN ***
abidaz10: shows [9s Ks] (two pair, Nines and Eights)
CashfishT: shows [2d 2c] (a full house, Deuces full of Eights)
CashfishT collected $240.25 from pot
*** SUMMARY ***
Total pot $242.75 | Rake $2.50 
Board [5s 2s 8h 9c 8d]
Seat 1: BeauParleur folded before Flop (didn't bet)
Seat 2: CashfishT (button) showed [2d 2c] and won ($240.25) with a full house, Deuces full of Eights
Seat 3: vezis3 (small blind) folded before Flop
Seat 4: lucasms171 (big blind) folded on the Flop
Seat 5: Supermegopro folded before Flop (didn't bet)
Seat 6: abidaz10 showed [9s Ks] and lost with two pair, Nines and Eights



PokerStars Hand #254377890990:  Hold'em No Limit ($0.50/$1.00 USD) - 2025/01/15 4:36:54 WET [2025/01/14 23:36:54 ET]
Table 'Theemin II' 6-max Seat #3 is the button
Seat 1: BeauParleur ($111.32 in chips) 
Seat 2: CashfishT ($240.25 in chips) 
Seat 3: vezis3 ($246.55 in chips) 
Seat 4: lucasms171 ($101.86 in chips) 
Seat 5: Supermegopro ($100 in chips) 
Seat 6: abidaz10 ($98.82 in chips) 
lucasms171: posts small blind $0.50
Supermegopro: posts big blind $1
*** HOLE CARDS ***
abidaz10: folds 
BeauParleur: folds 
CashfishT: folds 
vezis3: folds 
lucasms171: calls $0.50
Supermegopro: checks 
*** FLOP *** [Ts Ah 9d]
lucasms171: bets $1.90
Supermegopro: calls $1.90
*** TURN *** [Ts Ah 9d] [5h]
lucasms171: bets $5.51
Supermegopro: calls $5.51
*** RIVER *** [Ts Ah 9d 5h] [Kd]
lucasms171: bets $15.98
Supermegopro: calls $15.98
*** SHOW DOWN ***
lucasms171: shows [5s Ac] (two pair, Aces and Fives)
Supermegopro: mucks hand 
lucasms171 collected $46.34 from pot
*** SUMMARY ***
Total pot $48.78 | Rake $2.44 
Board [Ts Ah 9d 5h Kd]
Seat 1: BeauParleur folded before Flop (didn't bet)
Seat 2: CashfishT folded before Flop (didn't bet)
Seat 3: vezis3 (button) folded before Flop (didn't bet)
Seat 4: lucasms171 (small blind) showed [5s Ac] and won ($46.34) with two pair, Aces and Fives
Seat 5: Supermegopro (big blind) mucked
Seat 6: abidaz10 folded before Flop (didn't bet)



PokerStars Hand #254377895788:  Hold'em No Limit ($0.50/$1.00 USD) - 2025/01/15 4:37:45 WET [2025/01/14 23:37:45 ET]
Table 'Theemin II' 6-max Seat #4 is the button
Seat 1: BeauParleur ($111.32 in chips) 
Seat 2: CashfishT ($240.25 in chips) 
Seat 3: vezis3 ($246.55 in chips) 
Seat 4: lucasms171 ($123.81 in chips) 
Seat 5: Supermegopro ($100 in chips) 
Seat 6: abidaz10 ($98.82 in chips) 
Supermegopro: posts small blind $0.50
abidaz10: posts big blind $1
*** HOLE CARDS ***
BeauParleur: folds 
CashfishT: raises $1.20 to $2.20
vezis3: folds 
lucasms171: folds 
Supermegopro: calls $1.70
abidaz10: folds 
*** FLOP *** [9s 7c 5d]
Supermegopro: checks 
CashfishT: bets $1.69
Supermegopro: calls $1.69
*** TURN *** [9s 7c 5d] [5h]
Supermegopro: bets $5.56
CashfishT: calls $5.56
*** RIVER *** [9s 7c 5d 5h] [Jh]
Supermegopro: bets $16.07
CashfishT: folds 
Uncalled bet ($16.07) returned to Supermegopro
Supermegopro collected $18.90 from pot
Supermegopro: doesn't show hand 
*** SUMMARY ***
Total pot $19.90 | Rake $1 
Board [9s 7c 5d 5h Jh]
Seat 1: BeauParleur folded before Flop (didn't bet)
Seat 2: CashfishT folded on the River
Seat 3: vezis3 folded before Flop (didn't bet)
Seat 4: lucasms171 (button) folded before Flop (didn't bet)
Seat 5: Supermegopro (small blind) collected ($18.90)
Seat 6: abidaz10 (big blind) folded before Flop



PokerStars Hand #254377904258:  Hold'em No Limit ($0.50/$1.00 USD) - 2025/01/15 4:39:15 WET [2025/01/14 23:39:15 ET]
Table 'Theemin II' 6-max Seat #5 is the button
Seat 1: BeauParleur ($111.32 in chips) 
Seat 2: CashfishT ($230.80 in chips) 
Seat 3: vezis3 ($246.55 in chips) 
Seat 4: lucasms171 ($123.81 in chips) 
Seat 5: Supermegopro ($109.45 in chips) 
Seat 6: abidaz10 ($97.82 in chips) 
abidaz10: posts small blind $0.50
BeauParleur: posts big blind $1
*** HOLE CARDS ***
CashfishT: folds 
vezis3: raises $1 to $2
lucasms171: folds 
Supermegopro: folds 
abidaz10: folds 
BeauParleur: folds 
Uncalled bet ($1) returned to vezis3
vezis3 collected $2.50 from pot
vezis3: doesn't show hand 
*** SUMMARY ***
Total pot $2.50 | Rake $0 
Seat 1: BeauParleur (big blind) folded before Flop
Seat 2: CashfishT folded before Flop (didn't bet)
Seat 3: vezis3 collected ($2.50)
Seat 4: lucasms171 folded before Flop (didn't bet)
Seat 5: Supermegopro (button) folded before Flop (didn't bet)
Seat 6: abidaz10 (small blind) folded before Flop



PokerStars Hand #254377905935:  Hold'em No Limit ($0.50/$1.00 USD) - 2025/01/15 4:39:32 WET [2025/01/14 23:39:32 ET]
Table 'Theemin II' 6-max Seat #6 is the button
Seat 1: BeauParleur ($110.32 in chips) 
Seat 2: CashfishT ($230.80 in chips) 
Seat 3: vezis3 ($248.05 in chips) 
Seat 4: lucasms171 ($123.81 in chips) 
Seat 5: Supermegopro ($109.45 in chips) 
Seat 6: abidaz10 ($97.32 in chips) 
BeauParleur: posts small blind $0.50
CashfishT: posts big blind $1
*** HOLE CARDS ***
vezis3: folds 
lucasms171: folds 
Supermegopro: folds 
abidaz10: folds 
BeauParleur: raises $2 to $3
CashfishT: folds 
Uncalled bet ($2) returned to BeauParleur
BeauParleur collected $2 from pot
BeauParleur: doesn't show hand 
*** SUMMARY ***
Total pot $2 | Rake $0 
Seat 1: BeauParleur (small blind) collected ($2)
Seat 2: CashfishT (big blind) folded before Flop
Seat 3: vezis3 folded before Flop (didn't bet)
Seat 4: lucasms171 folded before Flop (didn't bet)
Seat 5: Supermegopro folded before Flop (didn't bet)
Seat 6: abidaz10 (button) folded before Flop (didn't bet)



PokerStars Hand #254377908137:  Hold'em No Limit ($0.50/$1.00 USD) - 2025/01/15 4:39:56 WET [2025/01/14 23:39:56 ET]
Table 'Theemin II' 6-max Seat #1 is the button
Seat 1: BeauParleur ($111.32 in chips) 
Seat 2: CashfishT ($229.80 in chips) 
Seat 3: vezis3 ($248.05 in chips) 
Seat 4: lucasms171 ($123.81 in chips) 
Seat 5: Supermegopro ($109.45 in chips) 
Seat 6: abidaz10 ($97.32 in chips) 
CashfishT: posts small blind $0.50
vezis3: posts big blind $1
*** HOLE CARDS ***
lucasms171: folds 
Supermegopro: folds 
abidaz10: folds 
BeauParleur: folds 
CashfishT: folds 
Uncalled bet ($0.50) returned to vezis3
vezis3 collected $1 from pot
vezis3: doesn't show hand 
*** SUMMARY ***
Total pot $1 | Rake $0 
Seat 1: BeauParleur (button) folded before Flop (didn't bet)
Seat 2: CashfishT (small blind) folded before Flop
Seat 3: vezis3 (big blind) collected ($1)
Seat 4: lucasms171 folded before Flop (didn't bet)
Seat 5: Supermegopro folded before Flop (didn't bet)
Seat 6: abidaz10 folded before Flop (didn't bet)



PokerStars Hand #254377910129:  Hold'em No Limit ($0.50/$1.00 USD) - 2025/01/15 4:40:17 WET [2025/01/14 23:40:17 ET]
Table 'Theemin II' 6-max Seat #2 is the button
Seat 1: BeauParleur ($111.32 in chips) 
Seat 2: CashfishT ($229.30 in chips) 
Seat 3: vezis3 ($248.55 in chips) 
Seat 4: lucasms171 ($123.81 in chips) 
Seat 5: Supermegopro ($109.45 in chips) 
Seat 6: abidaz10 ($97.32 in chips) 
vezis3: posts small blind $0.50
lucasms171: posts big blind $1
*** HOLE CARDS ***
Supermegopro: raises $1.50 to $2.50
abidaz10: raises $5.50 to $8
BeauParleur: folds 
CashfishT: folds 
vezis3: calls $7.50
lucasms171: folds 
Supermegopro: calls $5.50
*** FLOP *** [As Ks Kd]
vezis3: checks 
Supermegopro: checks 
abidaz10: bets $11.88
vezis3: folds 
Supermegopro: folds 
Uncalled bet ($11.88) returned to abidaz10
abidaz10 collected $23.75 from pot
*** SUMMARY ***
Total pot $25 | Rake $1.25 
Board [As Ks Kd]
Seat 1: BeauParleur folded before Flop (didn't bet)
Seat 2: CashfishT (button) folded before Flop (didn't bet)
Seat 3: vezis3 (small blind) folded on the Flop
Seat 4: lucasms171 (big blind) folded before Flop
Seat 5: Supermegopro folded on the Flop
Seat 6: abidaz10 collected ($23.75)



PokerStars Hand #254377914971:  Hold'em No Limit ($0.50/$1.00 USD) - 2025/01/15 4:41:08 WET [2025/01/14 23:41:08 ET]
Table 'Theemin II' 6-max Seat #3 is the button
Seat 1: BeauParleur ($111.32 in chips) 
Seat 2: CashfishT ($229.30 in chips) 
Seat 3: vezis3 ($240.55 in chips) 
Seat 4: lucasms171 ($122.81 in chips) 
Seat 5: Supermegopro ($101.45 in chips) 
Seat 6: abidaz10 ($113.07 in chips) 
lucasms171: posts small blind $0.50
Supermegopro: posts big blind $1
*** HOLE CARDS ***
abidaz10: folds 
BeauParleur: raises $1 to $2
CashfishT: folds 
vezis3: folds 
lucasms171: calls $1.50
Supermegopro: folds 
*** FLOP *** [Qd 3h 5h]
lucasms171: checks 
abidaz10 is disconnected 
BeauParleur: checks 
*** TURN *** [Qd 3h 5h] [Qc]
lucasms171: checks 
BeauParleur: bets $1.57
lucasms171: calls $1.57
*** RIVER *** [Qd 3h 5h Qc] [Jd]
lucasms171: checks 
BeauParleur: checks 
*** SHOW DOWN ***
lucasms171: shows [Td Tc] (two pair, Queens and Tens)
BeauParleur: mucks hand 
lucasms171 collected $7.73 from pot
*** SUMMARY ***
Total pot $8.14 | Rake $0.41 
Board [Qd 3h 5h Qc Jd]
Seat 1: BeauParleur mucked
Seat 2: CashfishT folded before Flop (didn't bet)
Seat 3: vezis3 (button) folded before Flop (didn't bet)
Seat 4: lucasms171 (small blind) showed [Td Tc] and won ($7.73) with two pair, Queens and Tens
Seat 5: Supermegopro (big blind) folded before Flop
Seat 6: abidaz10 folded before Flop (didn't bet)



PokerStars Hand #254377920089:  Hold'em No Limit ($0.50/$1.00 USD) - 2025/01/15 4:42:03 WET [2025/01/14 23:42:03 ET]
Table 'Theemin II' 6-max Seat #4 is the button
Seat 1: BeauParleur ($107.75 in chips) 
Seat 2: CashfishT ($229.30 in chips) 
Seat 3: vezis3 ($240.55 in chips) 
Seat 4: lucasms171 ($126.97 in chips) 
Seat 5: Supermegopro ($100.45 in chips) 
Seat 6: abidaz10 ($113.07 in chips) 
Supermegopro: posts small blind $0.50
abidaz10: posts big blind $1
*** HOLE CARDS ***
BeauParleur: folds 
CashfishT: folds 
vezis3: folds 
lucasms171: folds 
Supermegopro: raises $2 to $3
abidaz10: folds 
Uncalled bet ($2) returned to Supermegopro
Supermegopro collected $2 from pot
Supermegopro: doesn't show hand 
*** SUMMARY ***
Total pot $2 | Rake $0 
Seat 1: BeauParleur folded before Flop (didn't bet)
Seat 2: CashfishT folded before Flop (didn't bet)
Seat 3: vezis3 folded before Flop (didn't bet)
Seat 4: lucasms171 (button) folded before Flop (didn't bet)
Seat 5: Supermegopro (small blind) collected ($2)
Seat 6: abidaz10 (big blind) folded before Flop



PokerStars Hand #254377921339:  Hold'em No Limit ($0.50/$1.00 USD) - 2025/01/15 4:42:16 WET [2025/01/14 23:42:16 ET]
Table 'Theemin II' 6-max Seat #5 is the button
Seat 1: BeauParleur ($107.75 in chips) 
Seat 2: CashfishT ($229.30 in chips) 
Seat 3: vezis3 ($240.55 in chips) 
Seat 4: lucasms171 ($126.97 in chips) 
Seat 5: Supermegopro ($101.45 in chips) 
Seat 6: abidaz10 ($112.07 in chips) 
abidaz10: posts small blind $0.50
BeauParleur: posts big blind $1
*** HOLE CARDS ***
CashfishT: raises $1.20 to $2.20
vezis3: folds 
abidaz10 is disconnected 
lucasms171: raises $3.90 to $6.10
Supermegopro: folds 
abidaz10: folds 
BeauParleur: folds 
CashfishT: calls $3.90
*** FLOP *** [Js 6s Qs]
CashfishT: checks 
lucasms171: checks 
*** TURN *** [Js 6s Qs] [2h]
CashfishT: bets $9
lucasms171: calls $9
*** RIVER *** [Js 6s Qs 2h] [9c]
CashfishT: bets $37.65
lucasms171: folds 
Uncalled bet ($37.65) returned to CashfishT
CashfishT collected $30.12 from pot
CashfishT: doesn't show hand 
*** SUMMARY ***
Total pot $31.70 | Rake $1.58 
Board [Js 6s Qs 2h 9c]
Seat 1: BeauParleur (big blind) folded before Flop
Seat 2: CashfishT collected ($30.12)
Seat 3: vezis3 folded before Flop (didn't bet)
Seat 4: lucasms171 folded on the River
Seat 5: Supermegopro (button) folded before Flop (didn't bet)
Seat 6: abidaz10 (small blind) folded before Flop



PokerStars Hand #254377540097:  Hold'em No Limit ($0.50/$1.00 USD) - 2025/01/15 3:40:30 WET [2025/01/14 22:40:30 ET]
Table 'Theemin II' 6-max Seat #5 is the button
Seat 4: IHateA14 ($109.24 in chips) is sitting out
Seat 1: AlexEliseev7 ($101.50 in chips) 
Seat 2: franbasualdo10 ($38.67 in chips) 
Seat 3: mlekarq1 ($152.01 in chips) 
Seat 5: sutata ($101.35 in chips) 
Seat 6: alextony1 ($85.27 in chips) 
alextony1: posts small blind $0.50
AlexEliseev7: posts big blind $1
IHateA14: sits out 
*** HOLE CARDS ***
franbasualdo10: raises $1 to $2
mlekarq1: folds 
sutata: folds 
alextony1: calls $1.50
AlexEliseev7: calls $1
*** FLOP *** [6s 7s 9h]
alextony1: bets $2.85
AlexEliseev7: folds 
franbasualdo10: calls $2.85
*** TURN *** [6s 7s 9h] [Tc]
alextony1: bets $5.56
franbasualdo10: raises $5.56 to $11.12
alextony1: calls $5.56
*** RIVER *** [6s 7s 9h Tc] [Kc]
alextony1: checks 
franbasualdo10: bets $4
alextony1: calls $4
*** SHOW DOWN ***
franbasualdo10: shows [As 8d] (a straight, Six to Ten)
alextony1: mucks hand 
franbasualdo10 collected $39.84 from pot
*** SUMMARY ***
Total pot $41.94 | Rake $2.10 
Board [6s 7s 9h Tc Kc]
Seat 4: IHateA14
Seat 1: AlexEliseev7 (big blind) folded on the Flop
Seat 2: franbasualdo10 showed [As 8d] and won ($39.84) with a straight, Six to Ten
Seat 3: mlekarq1 folded before Flop (didn't bet)
Seat 5: sutata (button) folded before Flop (didn't bet)
Seat 6: alextony1 (small blind) mucked



PokerStars Hand #254377545759:  Hold'em No Limit ($0.50/$1.00 USD) - 2025/01/15 3:41:19 WET [2025/01/14 22:41:19 ET]
Table 'Theemin II' 6-max Seat #6 is the button
Seat 4: IHateA14 ($109.24 in chips) is sitting out
Seat 1: AlexEliseev7 ($100 in chips) 
Seat 2: franbasualdo10 ($58.54 in chips) 
Seat 3: mlekarq1 ($152.01 in chips) 
Seat 5: sutata ($101.35 in chips) 
Seat 6: alextony1 ($65.30 in chips) 
AlexEliseev7: posts small blind $0.50
franbasualdo10: posts big blind $1
IHateA14: sits out 
*** HOLE CARDS ***
mlekarq1: folds 
sutata: raises $1.50 to $2.50
alextony1: folds 
AlexEliseev7: folds 
franbasualdo10: calls $1.50
*** FLOP *** [9c 7h 8c]
franbasualdo10: checks 
sutata: bets $3.97
franbasualdo10: calls $3.97
*** TURN *** [9c 7h 8c] [6h]
franbasualdo10: checks 
sutata: checks 
*** RIVER *** [9c 7h 8c 6h] [9d]
franbasualdo10: bets $6
sutata: calls $6
*** SHOW DOWN ***
franbasualdo10: shows [7c 5c] (a straight, Five to Nine)
sutata: mucks hand 
franbasualdo10 collected $24.17 from pot
*** SUMMARY ***
Total pot $25.44 | Rake $1.27 
Board [9c 7h 8c 6h 9d]
Seat 4: IHateA14
Seat 1: AlexEliseev7 (small blind) folded before Flop
Seat 2: franbasualdo10 (big blind) showed [7c 5c] and won ($24.17) with a straight, Five to Nine
Seat 3: mlekarq1 folded before Flop (didn't bet)
Seat 5: sutata mucked
Seat 6: alextony1 (button) folded before Flop (didn't bet)



PokerStars Hand #254377549307:  Hold'em No Limit ($0.50/$1.00 USD) - 2025/01/15 3:41:49 WET [2025/01/14 22:41:49 ET]
Table 'Theemin II' 6-max Seat #1 is the button
Seat 4: IHateA14 ($109.24 in chips) is sitting out
Seat 1: AlexEliseev7 ($100 in chips) 
Seat 2: franbasualdo10 ($70.24 in chips) 
Seat 3: mlekarq1 ($152.01 in chips) 
Seat 5: sutata ($100 in chips) 
Seat 6: alextony1 ($65.30 in chips) 
franbasualdo10: posts small blind $0.50
mlekarq1: posts big blind $1
IHateA14: sits out 
*** HOLE CARDS ***
sutata: folds 
alextony1: folds 
AlexEliseev7: raises $1.50 to $2.50
franbasualdo10: folds 
mlekarq1: calls $1.50
*** FLOP *** [Qs 5d 9s]
mlekarq1: checks 
AlexEliseev7: checks 
*** TURN *** [Qs 5d 9s] [2h]
mlekarq1: checks 
AlexEliseev7: bets $1.72
mlekarq1: calls $1.72
*** RIVER *** [Qs 5d 9s 2h] [Qc]
mlekarq1: checks 
AlexEliseev7: bets $6.62
mlekarq1: folds 
Uncalled bet ($6.62) returned to AlexEliseev7
AlexEliseev7 collected $8.49 from pot
AlexEliseev7: doesn't show hand 
*** SUMMARY ***
Total pot $8.94 | Rake $0.45 
Board [Qs 5d 9s 2h Qc]
Seat 4: IHateA14
Seat 1: AlexEliseev7 (button) collected ($8.49)
Seat 2: franbasualdo10 (small blind) folded before Flop
Seat 3: mlekarq1 (big blind) folded on the River
Seat 5: sutata folded before Flop (didn't bet)
Seat 6: alextony1 folded before Flop (didn't bet)



PokerStars Hand #254377559863:  Hold'em No Limit ($0.50/$1.00 USD) - 2025/01/15 3:43:20 WET [2025/01/14 22:43:20 ET]
Table 'Theemin II' 6-max Seat #2 is the button
Seat 4: IHateA14 ($109.24 in chips) is sitting out
Seat 1: AlexEliseev7 ($104.27 in chips) 
Seat 2: franbasualdo10 ($69.74 in chips) 
Seat 3: mlekarq1 ($147.79 in chips) 
Seat 5: sutata ($100 in chips) 
Seat 6: alextony1 ($65.30 in chips) 
mlekarq1: posts small blind $0.50
IHateA14: is sitting out 
sutata: posts big blind $1
*** HOLE CARDS ***
alextony1: folds 
AlexEliseev7: folds 
franbasualdo10: folds 
mlekarq1: folds 
Uncalled bet ($0.50) returned to sutata
sutata collected $1 from pot
sutata: doesn't show hand 
*** SUMMARY ***
Total pot $1 | Rake $0 
Seat 4: IHateA14
Seat 1: AlexEliseev7 folded before Flop (didn't bet)
Seat 2: franbasualdo10 (button) folded before Flop (didn't bet)
Seat 3: mlekarq1 (small blind) folded before Flop
Seat 5: sutata (big blind) collected ($1)
Seat 6: alextony1 folded before Flop (didn't bet)



PokerStars Hand #254377560764:  Hold'em No Limit ($0.50/$1.00 USD) - 2025/01/15 3:43:28 WET [2025/01/14 22:43:28 ET]
Table 'Theemin II' 6-max Seat #3 is the button
Seat 4: IHateA14 ($109.24 in chips) is sitting out
Seat 1: AlexEliseev7 ($104.27 in chips) 
Seat 2: franbasualdo10 ($69.74 in chips) 
Seat 3: mlekarq1 ($147.29 in chips) 
Seat 5: sutata ($100.50 in chips) 
Seat 6: alextony1 ($65.30 in chips) 
sutata: posts small blind $0.50
alextony1: posts big blind $1
*** HOLE CARDS ***
AlexEliseev7: folds 
franbasualdo10: raises $1 to $2
mlekarq1: raises $4 to $6
sutata: folds 
alextony1: folds 
franbasualdo10: calls $4
*** FLOP *** [5c Td 6h]
franbasualdo10: checks 
mlekarq1: bets $4.23
franbasualdo10: raises $7.23 to $11.46
mlekarq1: folds 
Uncalled bet ($7.23) returned to franbasualdo10
franbasualdo10 collected $20.86 from pot
*** SUMMARY ***
Total pot $21.96 | Rake $1.10 
Board [5c Td 6h]
Seat 4: IHateA14
Seat 1: AlexEliseev7 folded before Flop (didn't bet)
Seat 2: franbasualdo10 collected ($20.86)
Seat 3: mlekarq1 (button) folded on the Flop
Seat 5: sutata (small blind) folded before Flop
Seat 6: alextony1 (big blind) folded before Flop



PokerStars Hand #254377565937:  Hold'em No Limit ($0.50/$1.00 USD) - 2025/01/15 3:44:13 WET [2025/01/14 22:44:13 ET]
Table 'Theemin II' 6-max Seat #5 is the button
Seat 4: IHateA14 ($109.24 in chips) is sitting out
Seat 1: AlexEliseev7 ($104.27 in chips) 
Seat 2: franbasualdo10 ($80.37 in chips) 
Seat 3: mlekarq1 ($137.06 in chips) 
Seat 5: sutata ($100 in chips) 
Seat 6: alextony1 ($64.30 in chips) 
alextony1: posts small blind $0.50
AlexEliseev7: posts big blind $1
*** HOLE CARDS ***
franbasualdo10: folds 
mlekarq1: folds 
sutata: folds 
alextony1: folds 
Uncalled bet ($0.50) returned to AlexEliseev7
AlexEliseev7 collected $1 from pot
AlexEliseev7: doesn't show hand 
*** SUMMARY ***
Total pot $1 | Rake $0 
Seat 4: IHateA14
Seat 1: AlexEliseev7 (big blind) collected ($1)
Seat 2: franbasualdo10 folded before Flop (didn't bet)
Seat 3: mlekarq1 folded before Flop (didn't bet)
Seat 5: sutata (button) folded before Flop (didn't bet)
Seat 6: alextony1 (small blind) folded before Flop



PokerStars Hand #254377567190:  Hold'em No Limit ($0.50/$1.00 USD) - 2025/01/15 3:44:23 WET [2025/01/14 22:44:23 ET]
Table 'Theemin II' 6-max Seat #6 is the button
Seat 4: IHateA14 ($109.24 in chips) is sitting out
Seat 1: AlexEliseev7 ($104.77 in chips) 
Seat 2: franbasualdo10 ($80.37 in chips) 
Seat 3: mlekarq1 ($137.06 in chips) 
Seat 5: sutata ($100 in chips) 
Seat 6: alextony1 ($63.80 in chips) 
AlexEliseev7: posts small blind $0.50
franbasualdo10: posts big blind $1
*** HOLE CARDS ***
mlekarq1: folds 
sutata: folds 
alextony1: folds 
AlexEliseev7: folds 
Uncalled bet ($0.50) returned to franbasualdo10
franbasualdo10 collected $1 from pot
*** SUMMARY ***
Total pot $1 | Rake $0 
Seat 4: IHateA14
Seat 1: AlexEliseev7 (small blind) folded before Flop
Seat 2: franbasualdo10 (big blind) collected ($1)
Seat 3: mlekarq1 folded before Flop (didn't bet)
Seat 5: sutata folded before Flop (didn't bet)
Seat 6: alextony1 (button) folded before Flop (didn't bet)



PokerStars Hand #254377568378:  Hold'em No Limit ($0.50/$1.00 USD) - 2025/01/15 3:44:33 WET [2025/01/14 22:44:33 ET]
Table 'Theemin II' 6-max Seat #1 is the button
Seat 4: IHateA14 ($109.24 in chips) is sitting out
Seat 1: AlexEliseev7 ($104.27 in chips) 
Seat 2: franbasualdo10 ($80.87 in chips) 
Seat 3: mlekarq1 ($137.06 in chips) 
Seat 5: sutata ($100 in chips) 
Seat 6: alextony1 ($63.80 in chips) 
franbasualdo10: posts small blind $0.50
mlekarq1: posts big blind $1
*** HOLE CARDS ***
sutata: raises $1.50 to $2.50
alextony1: calls $2.50
AlexEliseev7: folds 
franbasualdo10: calls $2
mlekarq1: folds 
*** FLOP *** [Ah 7s As]
franbasualdo10: checks 
sutata: bets $2.69
alextony1: folds 
franbasualdo10: calls $2.69
*** TURN *** [Ah 7s As] [4c]
franbasualdo10: checks 
sutata: checks 
*** RIVER *** [Ah 7s As 4c] [Qh]
franbasualdo10: bets $5
sutata: calls $5
*** SHOW DOWN ***
franbasualdo10: shows [Ac Kc] (three of a kind, Aces)
sutata: mucks hand 
franbasualdo10 collected $22.69 from pot
*** SUMMARY ***
Total pot $23.88 | Rake $1.19 
Board [Ah 7s As 4c Qh]
Seat 4: IHateA14
Seat 1: AlexEliseev7 (button) folded before Flop (didn't bet)
Seat 2: franbasualdo10 (small blind) showed [Ac Kc] and won ($22.69) with three of a kind, Aces
Seat 3: mlekarq1 (big blind) folded before Flop
Seat 5: sutata mucked
Seat 6: alextony1 folded on the Flop



PokerStars Hand #254377572007:  Hold'em No Limit ($0.50/$1.00 USD) - 2025/01/15 3:45:05 WET [2025/01/14 22:45:05 ET]
Table 'Theemin II' 6-max Seat #2 is the button
Seat 4: IHateA14 ($109.24 in chips) is sitting out
Seat 1: AlexEliseev7 ($104.27 in chips) 
Seat 2: franbasualdo10 ($93.37 in chips) 
Seat 3: mlekarq1 ($136.06 in chips) 
Seat 5: sutata ($100 in chips) 
Seat 6: alextony1 ($61.30 in chips) 
mlekarq1: posts small blind $0.50
sutata: posts big blind $1
*** HOLE CARDS ***
alextony1: raises $2 to $3
AlexEliseev7: folds 
franbasualdo10: calls $3
mlekarq1: folds 
sutata: folds 
*** FLOP *** [As 3d 6h]
alextony1: bets $7.12
franbasualdo10: calls $7.12
*** TURN *** [As 3d 6h] [5s]
alextony1: checks 
franbasualdo10: checks 
*** RIVER *** [As 3d 6h 5s] [6d]
alextony1: checks 
franbasualdo10: bets $4
alextony1: calls $4
*** SHOW DOWN ***
franbasualdo10: shows [Jd Ah] (two pair, Aces and Sixes)
alextony1: mucks hand 
franbasualdo10 collected $28.25 from pot
*** SUMMARY ***
Total pot $29.74 | Rake $1.49 
Board [As 3d 6h 5s 6d]
Seat 4: IHateA14
Seat 1: AlexEliseev7 folded before Flop (didn't bet)
Seat 2: franbasualdo10 (button) showed [Jd Ah] and won ($28.25) with two pair, Aces and Sixes
Seat 3: mlekarq1 (small blind) folded before Flop
Seat 5: sutata (big blind) folded before Flop
Seat 6: alextony1 mucked



PokerStars Hand #254377577019:  Hold'em No Limit ($0.50/$1.00 USD) - 2025/01/15 3:45:48 WET [2025/01/14 22:45:48 ET]
Table 'Theemin II' 6-max Seat #3 is the button
Seat 4: IHateA14 ($109.24 in chips) is sitting out
Seat 1: AlexEliseev7 ($104.27 in chips) 
Seat 2: franbasualdo10 ($107.50 in chips) 
Seat 3: mlekarq1 ($135.56 in chips) 
Seat 5: sutata ($100 in chips) 
Seat 6: alextony1 ($47.18 in chips) 
sutata: posts small blind $0.50
alextony1: posts big blind $1
*** HOLE CARDS ***
AlexEliseev7: folds 
franbasualdo10: folds 
mlekarq1: folds 
franbasualdo10 leaves the table
sutata: raises $2 to $3
alextony1: calls $2
*** FLOP *** [7s 9h 4s]
sutata: bets $1.90
alextony1: raises $42.28 to $44.18 and is all-in
sutata: folds 
Uncalled bet ($42.28) returned to alextony1
alextony1 collected $9.31 from pot
*** SUMMARY ***
Total pot $9.80 | Rake $0.49 
Board [7s 9h 4s]
Seat 4: IHateA14
Seat 1: AlexEliseev7 folded before Flop (didn't bet)
Seat 2: franbasualdo10 folded before Flop (didn't bet)
Seat 3: mlekarq1 (button) folded before Flop (didn't bet)
Seat 5: sutata (small blind) folded on the Flop
Seat 6: alextony1 (big blind) collected ($9.31)



PokerStars Hand #254377581063:  Hold'em No Limit ($0.50/$1.00 USD) - 2025/01/15 3:46:23 WET [2025/01/14 22:46:23 ET]
Table 'Theemin II' 6-max Seat #5 is the button
Seat 4: IHateA14 ($109.24 in chips) is sitting out
Seat 1: AlexEliseev7 ($104.27 in chips) 
Seat 3: mlekarq1 ($135.56 in chips) 
Seat 5: sutata ($100 in chips) 
Seat 6: alextony1 ($51.59 in chips) 
alextony1: posts small blind $0.50
AlexEliseev7: posts big blind $1
*** HOLE CARDS ***
mlekarq1: folds 
sutata: folds 
alextony1: calls $0.50
AlexEliseev7: checks 
*** FLOP *** [Jd Tc Qd]
alextony1: bets $2
CashfishT joins the table at seat #2 
AlexEliseev7: folds 
Uncalled bet ($2) returned to alextony1
alextony1 collected $1.90 from pot
*** SUMMARY ***
Total pot $2 | Rake $0.10 
Board [Jd Tc Qd]
Seat 4: IHateA14
Seat 1: AlexEliseev7 (big blind) folded on the Flop
Seat 3: mlekarq1 folded before Flop (didn't bet)
Seat 5: sutata (button) folded before Flop (didn't bet)
Seat 6: alextony1 (small blind) collected ($1.90)



PokerStars Hand #254377583632:  Hold'em No Limit ($0.50/$1.00 USD) - 2025/01/15 3:46:45 WET [2025/01/14 22:46:45 ET]
Table 'Theemin II' 6-max Seat #6 is the button
Seat 4: IHateA14 ($109.24 in chips) is sitting out
Seat 1: AlexEliseev7 ($103.27 in chips) 
Seat 2: CashfishT ($100 in chips) 
Seat 3: mlekarq1 ($135.56 in chips) 
Seat 5: sutata ($100 in chips) 
Seat 6: alextony1 ($52.49 in chips) 
AlexEliseev7: posts small blind $0.50
CashfishT: posts big blind $1
*** HOLE CARDS ***
mlekarq1: folds 
sutata: raises $1.50 to $2.50
alextony1: calls $2.50
AlexEliseev7: folds 
CashfishT: calls $1.50
*** FLOP *** [8s Qh 6c]
CashfishT: checks 
sutata: checks 
alextony1: checks 
*** TURN *** [8s Qh 6c] [Tc]
CashfishT: checks 
sutata: bets $3.80
alextony1: calls $3.80
CashfishT: calls $3.80
*** RIVER *** [8s Qh 6c Tc] [Qc]
CashfishT: checks 
sutata: checks 
alextony1: bets $6
CashfishT: folds 
sutata: folds 
Uncalled bet ($6) returned to alextony1
alextony1 collected $18.43 from pot
*** SUMMARY ***
Total pot $19.40 | Rake $0.97 
Board [8s Qh 6c Tc Qc]
Seat 4: IHateA14
Seat 1: AlexEliseev7 (small blind) folded before Flop
Seat 2: CashfishT (big blind) folded on the River
Seat 3: mlekarq1 folded before Flop (didn't bet)
Seat 5: sutata folded on the River
Seat 6: alextony1 (button) collected ($18.43)



PokerStars Hand #254377591895:  Hold'em No Limit ($0.50/$1.00 USD) - 2025/01/15 3:47:57 WET [2025/01/14 22:47:57 ET]
Table 'Theemin II' 6-max Seat #1 is the button
Seat 4: IHateA14 ($109.24 in chips) is sitting out
Seat 1: AlexEliseev7 ($102.77 in chips) 
Seat 2: CashfishT ($100 in chips) 
Seat 3: mlekarq1 ($135.56 in chips) 
Seat 5: sutata ($100 in chips) 
Seat 6: alextony1 ($64.62 in chips) 
CashfishT: posts small blind $0.50
mlekarq1: posts big blind $1
*** HOLE CARDS ***
sutata: folds 
alextony1: folds 
AlexEliseev7: raises $1.50 to $2.50
alextony1 leaves the table
CashfishT: folds 
mlekarq1: folds 
Uncalled bet ($1.50) returned to AlexEliseev7
AlexEliseev7 collected $2.50 from pot
AlexEliseev7: doesn't show hand 
*** SUMMARY ***
Total pot $2.50 | Rake $0 
Seat 4: IHateA14
Seat 1: AlexEliseev7 (button) collected ($2.50)
Seat 2: CashfishT (small blind) folded before Flop
Seat 3: mlekarq1 (big blind) folded before Flop
Seat 5: sutata folded before Flop (didn't bet)
Seat 6: alextony1 folded before Flop (didn't bet)



PokerStars Hand #254377593775:  Hold'em No Limit ($0.50/$1.00 USD) - 2025/01/15 3:48:13 WET [2025/01/14 22:48:13 ET]
Table 'Theemin II' 6-max Seat #2 is the button
Seat 4: IHateA14 ($109.24 in chips) is sitting out
Seat 1: AlexEliseev7 ($104.27 in chips) 
Seat 2: CashfishT ($100 in chips) 
Seat 3: mlekarq1 ($134.56 in chips) 
Seat 5: sutata ($100 in chips) 
mlekarq1: posts small blind $0.50
sutata: posts big blind $1
*** HOLE CARDS ***
AlexEliseev7: raises $1.50 to $2.50
CashfishT: folds 
mlekarq1: folds 
sutata: folds 
Uncalled bet ($1.50) returned to AlexEliseev7
AlexEliseev7 collected $2.50 from pot
IHateA14 leaves the table
AlexEliseev7: doesn't show hand 
*** SUMMARY ***
Total pot $2.50 | Rake $0 
Seat 4: IHateA14
Seat 1: AlexEliseev7 collected ($2.50)
Seat 2: CashfishT (button) folded before Flop (didn't bet)
Seat 3: mlekarq1 (small blind) folded before Flop
Seat 5: sutata (big blind) folded before Flop



PokerStars Hand #254377595125:  Hold'em No Limit ($0.50/$1.00 USD) - 2025/01/15 3:48:26 WET [2025/01/14 22:48:26 ET]
Table 'Theemin II' 6-max Seat #5 is the button
Seat 1: AlexEliseev7 ($105.77 in chips) is sitting out
Seat 2: CashfishT ($100 in chips) is sitting out
Seat 3: mlekarq1 ($134.06 in chips) 
Seat 5: sutata ($100 in chips) 
sutata: posts small blind $0.50
AlexEliseev7: is sitting out 
CashfishT: is sitting out 
mlekarq1: posts big blind $1
*** HOLE CARDS ***
AlexEliseev7 leaves the table
sutata: folds 
Uncalled bet ($0.50) returned to mlekarq1
CashfishT leaves the table
mlekarq1 collected $1 from pot
*** SUMMARY ***
Total pot $1 | Rake $0 
Seat 1: AlexEliseev7
Seat 2: CashfishT
Seat 3: mlekarq1 (big blind) collected ($1)
Seat 5: sutata (button) (small blind) folded before Flop



PokerStars Hand #254377649226:  Hold'em No Limit ($0.50/$1.00 USD) - 2025/01/15 3:56:46 WET [2025/01/14 22:56:46 ET]
Table 'Theemin II' 6-max Seat #1 is the button
Seat 1: Rysiff ($108 in chips) 
Seat 3: mlekarq1 ($134.56 in chips) 
Seat 4: hope321 ($100 in chips) 
mlekarq1: posts small blind $0.50
hope321: posts big blind $1
*** HOLE CARDS ***
Rysiff: folds 
mlekarq1 has timed out
mlekarq1: folds 
Uncalled bet ($0.50) returned to hope321
hope321 collected $1 from pot
*** SUMMARY ***
Total pot $1 | Rake $0 
Seat 1: Rysiff (button) folded before Flop (didn't bet)
Seat 3: mlekarq1 (small blind) folded before Flop
Seat 4: hope321 (big blind) collected ($1)



PokerStars Hand #254377653490:  Hold'em No Limit ($0.50/$1.00 USD) - 2025/01/15 3:57:33 WET [2025/01/14 22:57:33 ET]
Table 'Theemin II' 6-max Seat #4 is the button
Seat 3: mlekarq1 ($134.06 in chips) is sitting out
Seat 1: Rysiff ($108 in chips) 
Seat 4: hope321 ($100.50 in chips) 
hope321: posts small blind $0.50
Rysiff: posts big blind $1
*** HOLE CARDS ***
hope321: calls $0.50
Rysiff: checks 
*** FLOP *** [Qs 9d 5s]
Rysiff: checks 
hope321: bets $1
Rysiff: folds 
Uncalled bet ($1) returned to hope321
hope321 collected $1.90 from pot
*** SUMMARY ***
Total pot $2 | Rake $0.10 
Board [Qs 9d 5s]
Seat 3: mlekarq1
Seat 1: Rysiff (big blind) folded on the Flop
Seat 4: hope321 (button) (small blind) collected ($1.90)



PokerStars Hand #254377654808:  Hold'em No Limit ($0.50/$1.00 USD) - 2025/01/15 3:57:48 WET [2025/01/14 22:57:48 ET]
Table 'Theemin II' 6-max Seat #1 is the button
Seat 3: mlekarq1 ($134.06 in chips) is sitting out
Seat 1: Rysiff ($107 in chips) 
Seat 4: hope321 ($101.40 in chips) 
Rysiff: posts small blind $0.50
hope321: posts big blind $1
*** HOLE CARDS ***
Rysiff: raises $2 to $3
hope321: calls $2
*** FLOP *** [5d As 3c]
hope321: checks 
Rysiff: bets $1.88
hope321: calls $1.88
*** TURN *** [5d As 3c] [Jh]
hope321: checks 
Rysiff: bets $7.42
hope321: calls $7.42
*** RIVER *** [5d As 3c Jh] [Td]
hope321: checks 
Rysiff: checks 
*** SHOW DOWN ***
hope321: shows [Ad 4h] (a pair of Aces)
Rysiff: mucks hand 
hope321 collected $23.60 from pot
*** SUMMARY ***
Total pot $24.60 | Rake $1 
Board [5d As 3c Jh Td]
Seat 3: mlekarq1
Seat 1: Rysiff (button) (small blind) mucked
Seat 4: hope321 (big blind) showed [Ad 4h] and won ($23.60) with a pair of Aces



PokerStars Hand #254377657476:  Hold'em No Limit ($0.50/$1.00 USD) - 2025/01/15 3:58:19 WET [2025/01/14 22:58:19 ET]
Table 'Theemin II' 6-max Seat #4 is the button
Seat 3: mlekarq1 ($134.06 in chips) is sitting out
Seat 1: Rysiff ($100 in chips) 
Seat 4: hope321 ($112.70 in chips) 
hope321: posts small blind $0.50
Rysiff: posts big blind $1
*** HOLE CARDS ***
hope321: calls $0.50
Rysiff: checks 
*** FLOP *** [Ah 2s 2h]
Rysiff: checks 
hope321: checks 
*** TURN *** [Ah 2s 2h] [5h]
Rysiff is connected 
Rysiff: checks 
hope321: bets $2
Rysiff: folds 
Uncalled bet ($2) returned to hope321
hope321 collected $1.90 from pot
*** SUMMARY ***
Total pot $2 | Rake $0.10 
Board [Ah 2s 2h 5h]
Seat 3: mlekarq1
Seat 1: Rysiff (big blind) folded on the Turn
Seat 4: hope321 (button) (small blind) collected ($1.90)



PokerStars Hand #254377659523:  Hold'em No Limit ($0.50/$1.00 USD) - 2025/01/15 3:58:42 WET [2025/01/14 22:58:42 ET]
Table 'Theemin II' 6-max Seat #1 is the button
Seat 3: mlekarq1 ($134.06 in chips) is sitting out
Seat 1: Rysiff ($100 in chips) 
Seat 4: hope321 ($113.60 in chips) 
Rysiff: posts small blind $0.50
hope321: posts big blind $1
*** HOLE CARDS ***
Rysiff: folds 
Uncalled bet ($0.50) returned to hope321
hope321 collected $1 from pot
*** SUMMARY ***
Total pot $1 | Rake $0 
Seat 3: mlekarq1
Seat 1: Rysiff (button) (small blind) folded before Flop
Seat 4: hope321 (big blind) collected ($1)



PokerStars Hand #254377660038:  Hold'em No Limit ($0.50/$1.00 USD) - 2025/01/15 3:58:48 WET [2025/01/14 22:58:48 ET]
Table 'Theemin II' 6-max Seat #4 is the button
Seat 3: mlekarq1 ($134.06 in chips) is sitting out
Seat 1: Rysiff ($100 in chips) 
Seat 4: hope321 ($114.10 in chips) 
hope321: posts small blind $0.50
Rysiff: posts big blind $1
*** HOLE CARDS ***
hope321: folds 
Uncalled bet ($0.50) returned to Rysiff
Rysiff collected $1 from pot
Rysiff: doesn't show hand 
*** SUMMARY ***
Total pot $1 | Rake $0 
Seat 3: mlekarq1
Seat 1: Rysiff (big blind) collected ($1)
Seat 4: hope321 (button) (small blind) folded before Flop



