PokerStars Hand #254390439783:  Hold'em No Limit ($0.50/$1.00 USD) - 2025/01/15 22:37:32 WET [2025/01/15 17:37:32 ET]
Table 'Scheherezade III' 6-max Seat #6 is the button
Seat 1: ImaPeppaPig ($100 in chips) 
Seat 2: aoish30 ($100 in chips) 
Seat 3: XneferX ($100 in chips) 
Seat 4: M1k_DP ($100 in chips) 
Seat 6: nikalas22 ($100 in chips) 
ImaPeppaPig: posts small blind $0.50
aoish30: posts big blind $1
*** HOLE CARDS ***
XneferX: folds 
M1k_DP: folds 
nikalas22: raises $1.50 to $2.50
ImaPeppaPig: folds 
aoish30: calls $1.50
*** FLOP *** [3c Qh 8d]
aoish30: checks 
nikalas22: bets $1.57
aoish30: calls $1.57
*** TURN *** [3c Qh 8d] [9c]
aoish30: checks 
nikalas22: checks 
*** RIVER *** [3c Qh 8d 9c] [9d]
aoish30: bets $6.16
nikalas22: folds 
Uncalled bet ($6.16) returned to aoish30
aoish30 collected $8.21 from pot
aoish30: doesn't show hand 
*** SUMMARY ***
Total pot $8.64 | Rake $0.43 
Board [3c Qh 8d 9c 9d]
Seat 1: ImaPeppaPig (small blind) folded before Flop
Seat 2: aoish30 (big blind) collected ($8.21)
Seat 3: XneferX folded before Flop (didn't bet)
Seat 4: M1k_DP folded before Flop (didn't bet)
Seat 6: nikalas22 (button) folded on the River



PokerStars Hand #254390454498:  Hold'em No Limit ($0.50/$1.00 USD) - 2025/01/15 22:38:24 WET [2025/01/15 17:38:24 ET]
Table 'Scheherezade III' 6-max Seat #1 is the button
Seat 1: ImaPeppaPig ($100 in chips) 
Seat 2: aoish30 ($104.14 in chips) 
Seat 3: XneferX ($100 in chips) 
Seat 4: M1k_DP ($100 in chips) 
Seat 6: nikalas22 ($100 in chips) 
aoish30: posts small blind $0.50
XneferX: posts big blind $1
*** HOLE CARDS ***
M1k_DP: folds 
nikalas22: folds 
ImaPeppaPig: raises $1.50 to $2.50
aoish30: folds 
XneferX: calls $1.50
*** FLOP *** [Jh 2d 5s]
XneferX: checks 
ImaPeppaPig: bets $2.71
XneferX: calls $2.71
*** TURN *** [Jh 2d 5s] [3d]
XneferX: checks 
ImaPeppaPig: checks 
*** RIVER *** [Jh 2d 5s 3d] [5h]
XneferX: bets $5.29
ImaPeppaPig: folds 
Uncalled bet ($5.29) returned to XneferX
XneferX collected $10.37 from pot
XneferX: doesn't show hand 
*** SUMMARY ***
Total pot $10.92 | Rake $0.55 
Board [Jh 2d 5s 3d 5h]
Seat 1: ImaPeppaPig (button) folded on the River
Seat 2: aoish30 (small blind) folded before Flop
Seat 3: XneferX (big blind) collected ($10.37)
Seat 4: M1k_DP folded before Flop (didn't bet)
Seat 6: nikalas22 folded before Flop (didn't bet)



PokerStars Hand #254390471830:  Hold'em No Limit ($0.50/$1.00 USD) - 2025/01/15 22:39:24 WET [2025/01/15 17:39:24 ET]
Table 'Scheherezade III' 6-max Seat #2 is the button
Seat 1: ImaPeppaPig ($100 in chips) 
Seat 2: aoish30 ($103.64 in chips) 
Seat 3: XneferX ($105.16 in chips) 
Seat 4: M1k_DP ($100 in chips) 
Seat 6: nikalas22 ($100 in chips) 
XneferX: posts small blind $0.50
M1k_DP: posts big blind $1
*** HOLE CARDS ***
nikalas22: folds 
ImaPeppaPig: folds 
aoish30: folds 
XneferX: folds 
Uncalled bet ($0.50) returned to M1k_DP
M1k_DP collected $1 from pot
M1k_DP: doesn't show hand 
*** SUMMARY ***
Total pot $1 | Rake $0 
Seat 1: ImaPeppaPig folded before Flop (didn't bet)
Seat 2: aoish30 (button) folded before Flop (didn't bet)
Seat 3: XneferX (small blind) folded before Flop
Seat 4: M1k_DP (big blind) collected ($1)
Seat 6: nikalas22 folded before Flop (didn't bet)



PokerStars Hand #254390477781:  Hold'em No Limit ($0.50/$1.00 USD) - 2025/01/15 22:39:45 WET [2025/01/15 17:39:45 ET]
Table 'Scheherezade III' 6-max Seat #3 is the button
Seat 1: ImaPeppaPig ($100 in chips) 
Seat 2: aoish30 ($103.64 in chips) 
Seat 3: XneferX ($104.66 in chips) 
Seat 4: M1k_DP ($100.50 in chips) 
Seat 6: nikalas22 ($100 in chips) 
M1k_DP: posts small blind $0.50
nikalas22: posts big blind $1
*** HOLE CARDS ***
ImaPeppaPig: folds 
aoish30: folds 
XneferX: raises $1.77 to $2.77
M1k_DP: folds 
nikalas22: folds 
Uncalled bet ($1.77) returned to XneferX
XneferX collected $2.50 from pot
XneferX: doesn't show hand 
*** SUMMARY ***
Total pot $2.50 | Rake $0 
Seat 1: ImaPeppaPig folded before Flop (didn't bet)
Seat 2: aoish30 folded before Flop (didn't bet)
Seat 3: XneferX (button) collected ($2.50)
Seat 4: M1k_DP (small blind) folded before Flop
Seat 6: nikalas22 (big blind) folded before Flop



PokerStars Hand #254390482253:  Hold'em No Limit ($0.50/$1.00 USD) - 2025/01/15 22:40:00 WET [2025/01/15 17:40:00 ET]
Table 'Scheherezade III' 6-max Seat #4 is the button
Seat 1: ImaPeppaPig ($100 in chips) 
Seat 2: aoish30 ($103.64 in chips) 
Seat 3: XneferX ($106.16 in chips) 
Seat 4: M1k_DP ($100 in chips) 
Seat 6: nikalas22 ($100 in chips) 
nikalas22: posts small blind $0.50
ImaPeppaPig: posts big blind $1
*** HOLE CARDS ***
aoish30: folds 
XneferX: folds 
M1k_DP: folds 
nikalas22: folds 
Uncalled bet ($0.50) returned to ImaPeppaPig
ImaPeppaPig collected $1 from pot
ImaPeppaPig: doesn't show hand 
*** SUMMARY ***
Total pot $1 | Rake $0 
Seat 1: ImaPeppaPig (big blind) collected ($1)
Seat 2: aoish30 folded before Flop (didn't bet)
Seat 3: XneferX folded before Flop (didn't bet)
Seat 4: M1k_DP (button) folded before Flop (didn't bet)
Seat 6: nikalas22 (small blind) folded before Flop



PokerStars Hand #254390485788:  Hold'em No Limit ($0.50/$1.00 USD) - 2025/01/15 22:40:13 WET [2025/01/15 17:40:13 ET]
Table 'Scheherezade III' 6-max Seat #6 is the button
Seat 2: aoish30 ($103.64 in chips) is sitting out
Seat 1: ImaPeppaPig ($100.50 in chips) 
Seat 3: XneferX ($106.16 in chips) 
Seat 4: M1k_DP ($100 in chips) 
Seat 6: nikalas22 ($100 in chips) 
ImaPeppaPig: posts small blind $0.50
aoish30: is sitting out 
XneferX: posts big blind $1
*** HOLE CARDS ***
aoish30 leaves the table
M1k_DP: folds 
nikalas22: raises $1.50 to $2.50
ImaPeppaPig: folds 
XneferX: folds 
Uncalled bet ($1.50) returned to nikalas22
nikalas22 collected $2.50 from pot
nikalas22: doesn't show hand 
*** SUMMARY ***
Total pot $2.50 | Rake $0 
Seat 2: aoish30
Seat 1: ImaPeppaPig (small blind) folded before Flop
Seat 3: XneferX (big blind) folded before Flop
Seat 4: M1k_DP folded before Flop (didn't bet)
Seat 6: nikalas22 (button) collected ($2.50)



PokerStars Hand #254390491922:  Hold'em No Limit ($0.50/$1.00 USD) - 2025/01/15 22:40:34 WET [2025/01/15 17:40:34 ET]
Table 'Scheherezade III' 6-max Seat #1 is the button
Seat 4: M1k_DP ($100 in chips) is sitting out
Seat 1: ImaPeppaPig ($100 in chips) 
Seat 3: XneferX ($105.16 in chips) 
Seat 6: nikalas22 ($101.50 in chips) 
XneferX: posts small blind $0.50
M1k_DP: is sitting out 
nikalas22: posts big blind $1
*** HOLE CARDS ***
ImaPeppaPig: folds 
XneferX: folds 
Uncalled bet ($0.50) returned to nikalas22
nikalas22 collected $1 from pot
M1k_DP leaves the table
nikalas22: doesn't show hand 
*** SUMMARY ***
Total pot $1 | Rake $0 
Seat 4: M1k_DP
Seat 1: ImaPeppaPig (button) folded before Flop (didn't bet)
Seat 3: XneferX (small blind) folded before Flop
Seat 6: nikalas22 (big blind) collected ($1)



PokerStars Hand #254390496109:  Hold'em No Limit ($0.50/$1.00 USD) - 2025/01/15 22:40:49 WET [2025/01/15 17:40:49 ET]
Table 'Scheherezade III' 6-max Seat #3 is the button
Seat 1: ImaPeppaPig ($100 in chips) 
Seat 3: XneferX ($104.66 in chips) 
Seat 6: nikalas22 ($102 in chips) 
nikalas22: posts small blind $0.50
ImaPeppaPig: posts big blind $1
*** HOLE CARDS ***
XneferX: folds 
XneferX leaves the table
nikalas22: raises $2 to $3
ImaPeppaPig: calls $2
*** FLOP *** [8d Qd Jh]
nikalas22: checks 
ImaPeppaPig: checks 
*** TURN *** [8d Qd Jh] [Th]
nikalas22: checks 
ImaPeppaPig: checks 
*** RIVER *** [8d Qd Jh Th] [Ah]
nikalas22: checks 
ImaPeppaPig: bets $4
nikalas22: calls $4
*** SHOW DOWN ***
ImaPeppaPig: shows [Qh 3h] (a flush, Ace high)
nikalas22: mucks hand 
ImaPeppaPig collected $13.30 from pot
*** SUMMARY ***
Total pot $14 | Rake $0.70 
Board [8d Qd Jh Th Ah]
Seat 1: ImaPeppaPig (big blind) showed [Qh 3h] and won ($13.30) with a flush, Ace high
Seat 3: XneferX (button) folded before Flop (didn't bet)
Seat 6: nikalas22 (small blind) mucked



PokerStars Hand #254390515601:  Hold'em No Limit ($0.50/$1.00 USD) - 2025/01/15 22:41:57 WET [2025/01/15 17:41:57 ET]
Table 'Scheherezade III' 6-max Seat #4 is the button
Seat 2: z00mba ($100 in chips) is sitting out
Seat 6: nikalas22 ($100 in chips) is sitting out
Seat 1: Alejandros23A ($22.43 in chips) 
Seat 3: YeeesMan ($100 in chips) 
Seat 4: aoish30 ($103.64 in chips) 
Seat 5: kekoccc ($100 in chips) 
kekoccc: posts small blind $0.50
Alejandros23A: posts big blind $1
*** HOLE CARDS ***
YeeesMan: folds 
aoish30: raises $1.50 to $2.50
kekoccc: folds 
nikalas22 leaves the table
Alejandros23A: raises $19.93 to $22.43 and is all-in
aoish30: calls $19.93
*** FLOP *** [Ac 2d 4h]
*** TURN *** [Ac 2d 4h] [2s]
*** RIVER *** [Ac 2d 4h 2s] [7h]
*** SHOW DOWN ***
Alejandros23A: shows [9h Jd] (a pair of Deuces)
aoish30: shows [2h Ah] (a full house, Deuces full of Aces)
aoish30 collected $44.36 from pot
XneferX joins the table at seat #6 
*** SUMMARY ***
Total pot $45.36 | Rake $1 
Board [Ac 2d 4h 2s 7h]
Seat 2: z00mba
Seat 6: nikalas22
Seat 1: Alejandros23A (big blind) showed [9h Jd] and lost with a pair of Deuces
Seat 3: YeeesMan folded before Flop (didn't bet)
Seat 4: aoish30 (button) showed [2h Ah] and won ($44.36) with a full house, Deuces full of Aces
Seat 5: kekoccc (small blind) folded before Flop



PokerStars Hand #254390521602:  Hold'em No Limit ($0.50/$1.00 USD) - 2025/01/15 22:42:18 WET [2025/01/15 17:42:18 ET]
Table 'Scheherezade III' 6-max Seat #5 is the button
Seat 1: Alejandros23A ($0 in chips) is sitting out
Seat 2: z00mba ($100 in chips) is sitting out
Seat 6: XneferX ($104.66 in chips) is sitting out
Seat 3: YeeesMan ($100 in chips) 
Seat 4: aoish30 ($125.57 in chips) 
Seat 5: kekoccc ($100 in chips) 
YeeesMan: posts small blind $0.50
aoish30: posts big blind $1
*** HOLE CARDS ***
kekoccc: folds 
Alejandros23A leaves the table
YeeesMan: raises $2 to $3
aoish30: folds 
Uncalled bet ($2) returned to YeeesMan
YeeesMan collected $2 from pot
YeeesMan: doesn't show hand 
*** SUMMARY ***
Total pot $2 | Rake $0 
Seat 1: Alejandros23A
Seat 2: z00mba
Seat 6: XneferX
Seat 3: YeeesMan (small blind) collected ($2)
Seat 4: aoish30 (big blind) folded before Flop
Seat 5: kekoccc (button) folded before Flop (didn't bet)



PokerStars Hand #254390525521:  Hold'em No Limit ($0.50/$1.00 USD) - 2025/01/15 22:42:32 WET [2025/01/15 17:42:32 ET]
Table 'Scheherezade III' 6-max Seat #3 is the button
Seat 2: z00mba ($100 in chips) is sitting out
Seat 6: XneferX ($104.66 in chips) is sitting out
Seat 3: YeeesMan ($101 in chips) 
Seat 4: aoish30 ($124.57 in chips) 
Seat 5: kekoccc ($100 in chips) 
aoish30: posts small blind $0.50
kekoccc: posts big blind $1
XneferX: sits out 
z00mba: sits out 
*** HOLE CARDS ***
YeeesMan: folds 
aoish30: raises $2 to $3
z00mba leaves the table
kekoccc: raises $6 to $9
aoish30: folds 
Uncalled bet ($6) returned to kekoccc
kekoccc collected $6 from pot
kekoccc: doesn't show hand 
*** SUMMARY ***
Total pot $6 | Rake $0 
Seat 2: z00mba
Seat 6: XneferX
Seat 3: YeeesMan (button) folded before Flop (didn't bet)
Seat 4: aoish30 (small blind) folded before Flop
Seat 5: kekoccc (big blind) collected ($6)



PokerStars Hand #254390533330:  Hold'em No Limit ($0.50/$1.00 USD) - 2025/01/15 22:43:00 WET [2025/01/15 17:43:00 ET]
Table 'Scheherezade III' 6-max Seat #4 is the button
Seat 3: YeeesMan ($101 in chips) 
Seat 4: aoish30 ($121.57 in chips) 
Seat 5: kekoccc ($103 in chips) 
Seat 6: XneferX ($104.66 in chips) 
kekoccc: posts small blind $0.50
XneferX: posts big blind $1
*** HOLE CARDS ***
YeeesMan: folds 
aoish30: raises $1.50 to $2.50
kekoccc: folds 
XneferX: folds 
Uncalled bet ($1.50) returned to aoish30
aoish30 collected $2.50 from pot
aoish30: doesn't show hand 
*** SUMMARY ***
Total pot $2.50 | Rake $0 
Seat 3: YeeesMan folded before Flop (didn't bet)
Seat 4: aoish30 (button) collected ($2.50)
Seat 5: kekoccc (small blind) folded before Flop
Seat 6: XneferX (big blind) folded before Flop



PokerStars Hand #254390537964:  Hold'em No Limit ($0.50/$1.00 USD) - 2025/01/15 22:43:16 WET [2025/01/15 17:43:16 ET]
Table 'Scheherezade III' 6-max Seat #5 is the button
Seat 3: YeeesMan ($101 in chips) is sitting out
Seat 4: aoish30 ($123.07 in chips) 
Seat 5: kekoccc ($102.50 in chips) 
Seat 6: XneferX ($103.66 in chips) 
XneferX: posts small blind $0.50
YeeesMan: is sitting out 
aoish30: posts big blind $1
*** HOLE CARDS ***
kekoccc: raises $1.50 to $2.50
XneferX: folds 
aoish30: folds 
Uncalled bet ($1.50) returned to kekoccc
kekoccc collected $2.50 from pot
kekoccc: doesn't show hand 
*** SUMMARY ***
Total pot $2.50 | Rake $0 
Seat 3: YeeesMan
Seat 4: aoish30 (big blind) folded before Flop
Seat 5: kekoccc (button) collected ($2.50)
Seat 6: XneferX (small blind) folded before Flop



PokerStars Hand #254390540700:  Hold'em No Limit ($0.50/$1.00 USD) - 2025/01/15 22:43:26 WET [2025/01/15 17:43:26 ET]
Table 'Scheherezade III' 6-max Seat #4 is the button
Seat 3: YeeesMan ($101 in chips) is sitting out
Seat 5: kekoccc ($104 in chips) is sitting out
Seat 4: aoish30 ($122.07 in chips) 
Seat 6: XneferX ($103.16 in chips) 
aoish30: posts small blind $0.50
kekoccc: is sitting out 
XneferX: posts big blind $1
*** HOLE CARDS ***
kekoccc leaves the table
aoish30: folds 
Uncalled bet ($0.50) returned to XneferX
XneferX collected $1 from pot
XneferX: doesn't show hand 
*** SUMMARY ***
Total pot $1 | Rake $0 
Seat 3: YeeesMan
Seat 5: kekoccc
Seat 4: aoish30 (button) (small blind) folded before Flop
Seat 6: XneferX (big blind) collected ($1)



PokerStars Hand #254390562601:  Hold'em No Limit ($0.50/$1.00 USD) - 2025/01/15 22:44:43 WET [2025/01/15 17:44:43 ET]
Table 'Scheherezade III' 6-max Seat #6 is the button
Seat 3: YeeesMan ($101 in chips) is sitting out
Seat 1: nikalas22 ($100 in chips) 
Seat 6: XneferX ($103.66 in chips) 
XneferX: posts small blind $0.50
nikalas22: posts big blind $1
*** HOLE CARDS ***
YeeesMan leaves the table
XneferX: folds 
Uncalled bet ($0.50) returned to nikalas22
nikalas22 collected $1 from pot
nikalas22: doesn't show hand 
*** SUMMARY ***
Total pot $1 | Rake $0 
Seat 3: YeeesMan
Seat 1: nikalas22 (big blind) collected ($1)
Seat 6: XneferX (button) (small blind) folded before Flop



PokerStars Hand #254390565770:  Hold'em No Limit ($0.50/$1.00 USD) - 2025/01/15 22:44:54 WET [2025/01/15 17:44:54 ET]
Table 'Scheherezade III' 6-max Seat #1 is the button
Seat 1: nikalas22 ($100.50 in chips) 
Seat 6: XneferX ($103.16 in chips) 
nikalas22: posts small blind $0.50
XneferX: posts big blind $1
*** HOLE CARDS ***
nikalas22: folds 
Uncalled bet ($0.50) returned to XneferX
XneferX collected $1 from pot
XneferX: doesn't show hand 
*** SUMMARY ***
Total pot $1 | Rake $0 
Seat 1: nikalas22 (button) (small blind) folded before Flop
Seat 6: XneferX (big blind) collected ($1)



PokerStars Hand #254390658314:  Hold'em No Limit ($0.50/$1.00 USD) - 2025/01/15 22:50:19 WET [2025/01/15 17:50:19 ET]
Table 'Scheherezade III' 6-max Seat #2 is the button
Seat 1: nikalas22 ($100 in chips) 
Seat 2: Mariuoos ($100 in chips) 
Seat 6: XneferX ($103.66 in chips) 
XneferX: posts small blind $0.50
nikalas22: posts big blind $1
*** HOLE CARDS ***
Mariuoos: folds 
XneferX: raises $2 to $3
nikalas22: folds 
Uncalled bet ($2) returned to XneferX
XneferX collected $2 from pot
XneferX: doesn't show hand 
max7812915 joins the table at seat #5 
max7812915 is disconnected 
*** SUMMARY ***
Total pot $2 | Rake $0 
Seat 1: nikalas22 (big blind) folded before Flop
Seat 2: Mariuoos (button) folded before Flop (didn't bet)
Seat 6: XneferX (small blind) collected ($2)



PokerStars Hand #254390665639:  Hold'em No Limit ($0.50/$1.00 USD) - 2025/01/15 22:50:45 WET [2025/01/15 17:50:45 ET]
Table 'Scheherezade III' 6-max Seat #6 is the button
Seat 5: max7812915 ($100 in chips) is sitting out
Seat 1: nikalas22 ($100 in chips) 
Seat 2: Mariuoos ($100 in chips) 
Seat 6: XneferX ($104.66 in chips) 
nikalas22: posts small blind $0.50
Mariuoos: posts big blind $1
max7812915: sits out 
*** HOLE CARDS ***
Gfoer joins the table at seat #3 
aoish30 joins the table at seat #4 
XneferX: folds 
nikalas22: folds 
Uncalled bet ($0.50) returned to Mariuoos
Mariuoos collected $1 from pot
Mariuoos: doesn't show hand 
*** SUMMARY ***
Total pot $1 | Rake $0 
Seat 5: max7812915
Seat 1: nikalas22 (small blind) folded before Flop
Seat 2: Mariuoos (big blind) collected ($1)
Seat 6: XneferX (button) folded before Flop (didn't bet)



PokerStars Hand #254390668902:  Hold'em No Limit ($0.50/$1.00 USD) - 2025/01/15 22:50:56 WET [2025/01/15 17:50:56 ET]
Table 'Scheherezade III' 6-max Seat #1 is the button
Seat 4: aoish30 ($121.57 in chips) is sitting out
Seat 5: max7812915 ($100 in chips) is sitting out
Seat 1: nikalas22 ($100 in chips) 
Seat 2: Mariuoos ($100.50 in chips) 
Seat 3: Gfoer ($100 in chips) 
Seat 6: XneferX ($104.66 in chips) 
Mariuoos: posts small blind $0.50
Gfoer: posts big blind $1
aoish30: sits out 
max7812915: sits out 
*** HOLE CARDS ***
XneferX: folds 
nikalas22: folds 
Mariuoos: folds 
Uncalled bet ($0.50) returned to Gfoer
Gfoer collected $1 from pot
Gfoer: doesn't show hand 
*** SUMMARY ***
Total pot $1 | Rake $0 
Seat 4: aoish30
Seat 5: max7812915
Seat 1: nikalas22 (button) folded before Flop (didn't bet)
Seat 2: Mariuoos (small blind) folded before Flop
Seat 3: Gfoer (big blind) collected ($1)
Seat 6: XneferX folded before Flop (didn't bet)



PokerStars Hand #254390672541:  Hold'em No Limit ($0.50/$1.00 USD) - 2025/01/15 22:51:09 WET [2025/01/15 17:51:09 ET]
Table 'Scheherezade III' 6-max Seat #2 is the button
Seat 1: nikalas22 ($100 in chips) 
Seat 2: Mariuoos ($100 in chips) 
Seat 3: Gfoer ($100.50 in chips) 
Seat 4: aoish30 ($121.57 in chips) 
Seat 5: max7812915 ($100 in chips) 
Seat 6: XneferX ($104.66 in chips) 
Gfoer: posts small blind $0.50
aoish30: posts big blind $1
max7812915: posts big blind $1
*** HOLE CARDS ***
max7812915: checks 
XneferX: folds 
nikalas22: folds 
Mariuoos: folds 
Gfoer: folds 
aoish30: checks 
*** FLOP *** [Ad Jd 5s]
aoish30: checks 
max7812915: checks 
*** TURN *** [Ad Jd 5s] [Tc]
aoish30: checks 
max7812915: checks 
*** RIVER *** [Ad Jd 5s Tc] [9h]
aoish30: checks 
max7812915: checks 
*** SHOW DOWN ***
aoish30: shows [2c Qh] (high card Ace)
max7812915: shows [8d Ks] (high card Ace - King kicker)
max7812915 collected $2.38 from pot
*** SUMMARY ***
Total pot $2.50 | Rake $0.12 
Board [Ad Jd 5s Tc 9h]
Seat 1: nikalas22 folded before Flop (didn't bet)
Seat 2: Mariuoos (button) folded before Flop (didn't bet)
Seat 3: Gfoer (small blind) folded before Flop
Seat 4: aoish30 (big blind) showed [2c Qh] and lost with high card Ace
Seat 5: max7812915 showed [8d Ks] and won ($2.38) with high card Ace
Seat 6: XneferX folded before Flop (didn't bet)



PokerStars Hand #254390684830:  Hold'em No Limit ($0.50/$1.00 USD) - 2025/01/15 22:51:54 WET [2025/01/15 17:51:54 ET]
Table 'Scheherezade III' 6-max Seat #3 is the button
Seat 1: nikalas22 ($100 in chips) 
Seat 2: Mariuoos ($100 in chips) 
Seat 3: Gfoer ($100 in chips) 
Seat 4: aoish30 ($120.57 in chips) 
Seat 5: max7812915 ($101.38 in chips) 
Seat 6: XneferX ($104.66 in chips) 
aoish30: posts small blind $0.50
max7812915: posts big blind $1
*** HOLE CARDS ***
XneferX: folds 
nikalas22: folds 
Mariuoos: folds 
Gfoer: raises $1 to $2
aoish30: folds 
max7812915: calls $1
*** FLOP *** [Ac 7c Jh]
max7812915: checks 
Gfoer: checks 
*** TURN *** [Ac 7c Jh] [5h]
max7812915: checks 
Gfoer: checks 
*** RIVER *** [Ac 7c Jh 5h] [6d]
max7812915: checks 
Gfoer: checks 
*** SHOW DOWN ***
max7812915: shows [4c Ks] (high card Ace)
Gfoer: mucks hand 
max7812915 collected $4.28 from pot
*** SUMMARY ***
Total pot $4.50 | Rake $0.22 
Board [Ac 7c Jh 5h 6d]
Seat 1: nikalas22 folded before Flop (didn't bet)
Seat 2: Mariuoos folded before Flop (didn't bet)
Seat 3: Gfoer (button) mucked
Seat 4: aoish30 (small blind) folded before Flop
Seat 5: max7812915 (big blind) showed [4c Ks] and won ($4.28) with high card Ace
Seat 6: XneferX folded before Flop (didn't bet)



PokerStars Hand #254390701787:  Hold'em No Limit ($0.50/$1.00 USD) - 2025/01/15 22:52:54 WET [2025/01/15 17:52:54 ET]
Table 'Scheherezade III' 6-max Seat #4 is the button
Seat 1: nikalas22 ($100 in chips) 
Seat 2: Mariuoos ($100 in chips) 
Seat 3: Gfoer ($100 in chips) 
Seat 4: aoish30 ($120.07 in chips) 
Seat 5: max7812915 ($103.66 in chips) 
Seat 6: XneferX ($104.66 in chips) 
max7812915: posts small blind $0.50
XneferX: posts big blind $1
*** HOLE CARDS ***
nikalas22: folds 
Mariuoos: folds 
Gfoer: folds 
aoish30: folds 
max7812915: calls $0.50
XneferX: checks 
*** FLOP *** [2s Kd Tc]
max7812915: checks 
XneferX: checks 
*** TURN *** [2s Kd Tc] [8s]
max7812915: bets $1
XneferX: calls $1
*** RIVER *** [2s Kd Tc 8s] [Qs]
max7812915: bets $1
XneferX: calls $1
*** SHOW DOWN ***
max7812915: shows [9d 8c] (a pair of Eights)
XneferX: mucks hand 
max7812915 collected $5.70 from pot
*** SUMMARY ***
Total pot $6 | Rake $0.30 
Board [2s Kd Tc 8s Qs]
Seat 1: nikalas22 folded before Flop (didn't bet)
Seat 2: Mariuoos folded before Flop (didn't bet)
Seat 3: Gfoer folded before Flop (didn't bet)
Seat 4: aoish30 (button) folded before Flop (didn't bet)
Seat 5: max7812915 (small blind) showed [9d 8c] and won ($5.70) with a pair of Eights
Seat 6: XneferX (big blind) mucked



PokerStars Hand #254390714884:  Hold'em No Limit ($0.50/$1.00 USD) - 2025/01/15 22:53:41 WET [2025/01/15 17:53:41 ET]
Table 'Scheherezade III' 6-max Seat #5 is the button
Seat 1: nikalas22 ($100 in chips) 
Seat 2: Mariuoos ($100 in chips) 
Seat 3: Gfoer ($100 in chips) 
Seat 4: aoish30 ($120.07 in chips) 
Seat 5: max7812915 ($106.36 in chips) 
Seat 6: XneferX ($101.66 in chips) 
XneferX: posts small blind $0.50
nikalas22: posts big blind $1
*** HOLE CARDS ***
Mariuoos: folds 
Gfoer: raises $1.20 to $2.20
aoish30: folds 
max7812915: calls $2.20
XneferX: folds 
nikalas22: folds 
*** FLOP *** [Kc 7h 4d]
Gfoer: bets $4.20
max7812915: calls $4.20
*** TURN *** [Kc 7h 4d] [8s]
Gfoer: bets $10.19
max7812915: calls $10.19
*** RIVER *** [Kc 7h 4d 8s] [9s]
Gfoer: bets $24.71
max7812915: calls $24.71
*** SHOW DOWN ***
Gfoer: shows [Qh Ks] (a pair of Kings)
max7812915: shows [Kd 7d] (two pair, Kings and Sevens)
max7812915 collected $81.60 from pot
*** SUMMARY ***
Total pot $84.10 | Rake $2.50 
Board [Kc 7h 4d 8s 9s]
Seat 1: nikalas22 (big blind) folded before Flop
Seat 2: Mariuoos folded before Flop (didn't bet)
Seat 3: Gfoer showed [Qh Ks] and lost with a pair of Kings
Seat 4: aoish30 folded before Flop (didn't bet)
Seat 5: max7812915 (button) showed [Kd 7d] and won ($81.60) with two pair, Kings and Sevens
Seat 6: XneferX (small blind) folded before Flop



PokerStars Hand #254390731418:  Hold'em No Limit ($0.50/$1.00 USD) - 2025/01/15 22:54:41 WET [2025/01/15 17:54:41 ET]
Table 'Scheherezade III' 6-max Seat #6 is the button
Seat 1: nikalas22 ($100 in chips) 
Seat 2: Mariuoos ($100 in chips) 
Seat 3: Gfoer ($100 in chips) 
Seat 4: aoish30 ($120.07 in chips) 
Seat 5: max7812915 ($146.66 in chips) 
Seat 6: XneferX ($101.16 in chips) 
nikalas22: posts small blind $0.50
Mariuoos: posts big blind $1
*** HOLE CARDS ***
Gfoer: folds 
aoish30: folds 
max7812915: calls $1
XneferX: folds 
nikalas22: folds 
Mariuoos: checks 
*** FLOP *** [9s 8c 2d]
Mariuoos: checks 
max7812915: checks 
*** TURN *** [9s 8c 2d] [5c]
Mariuoos: checks 
max7812915: checks 
*** RIVER *** [9s 8c 2d 5c] [Tc]
Mariuoos: bets $8
max7812915: raises $8 to $16
Mariuoos: folds 
Uncalled bet ($8) returned to max7812915
max7812915 collected $17.58 from pot
*** SUMMARY ***
Total pot $18.50 | Rake $0.92 
Board [9s 8c 2d 5c Tc]
Seat 1: nikalas22 (small blind) folded before Flop
Seat 2: Mariuoos (big blind) folded on the River
Seat 3: Gfoer folded before Flop (didn't bet)
Seat 4: aoish30 folded before Flop (didn't bet)
Seat 5: max7812915 collected ($17.58)
Seat 6: XneferX (button) folded before Flop (didn't bet)



PokerStars Hand #254390745009:  Hold'em No Limit ($0.50/$1.00 USD) - 2025/01/15 22:55:36 WET [2025/01/15 17:55:36 ET]
Table 'Scheherezade III' 6-max Seat #1 is the button
Seat 1: nikalas22 ($100 in chips) 
Seat 2: Mariuoos ($100 in chips) 
Seat 3: Gfoer ($100 in chips) 
Seat 4: aoish30 ($120.07 in chips) 
Seat 5: max7812915 ($155.24 in chips) 
Seat 6: XneferX ($101.16 in chips) 
Mariuoos: posts small blind $0.50
Gfoer: posts big blind $1
*** HOLE CARDS ***
aoish30: folds 
max7812915: folds 
XneferX: folds 
nikalas22: raises $1.50 to $2.50
Mariuoos: folds 
Gfoer: calls $1.50
*** FLOP *** [7s 2c 7h]
Gfoer: checks 
nikalas22: bets $1.57
Gfoer: folds 
Uncalled bet ($1.57) returned to nikalas22
nikalas22 collected $5.22 from pot
nikalas22: doesn't show hand 
*** SUMMARY ***
Total pot $5.50 | Rake $0.28 
Board [7s 2c 7h]
Seat 1: nikalas22 (button) collected ($5.22)
Seat 2: Mariuoos (small blind) folded before Flop
Seat 3: Gfoer (big blind) folded on the Flop
Seat 4: aoish30 folded before Flop (didn't bet)
Seat 5: max7812915 folded before Flop (didn't bet)
Seat 6: XneferX folded before Flop (didn't bet)



PokerStars Hand #254391129855:  Hold'em No Limit ($0.50/$1.00 USD) - 2025/01/15 23:20:55 WET [2025/01/15 18:20:55 ET]
Table 'Scheherezade III' 6-max Seat #2 is the button
Seat 5: MCMXCXIX ($58.59 in chips) is sitting out
Seat 1: nikalas22 ($111.09 in chips) 
Seat 2: Mariuoos ($104.90 in chips) 
Seat 3: pr0tecto ($100.80 in chips) 
Seat 4: Joker007r ($105.74 in chips) 
Seat 6: XneferX ($148.41 in chips) 
pr0tecto: posts small blind $0.50
Joker007r: posts big blind $1
*** HOLE CARDS ***
XneferX: folds 
nikalas22: folds 
Mariuoos: folds 
pr0tecto: raises $1.24 to $2.24
Joker007r: folds 
Uncalled bet ($1.24) returned to pr0tecto
pr0tecto collected $2 from pot
pr0tecto: doesn't show hand 
*** SUMMARY ***
Total pot $2 | Rake $0 
Seat 5: MCMXCXIX
Seat 1: nikalas22 folded before Flop (didn't bet)
Seat 2: Mariuoos (button) folded before Flop (didn't bet)
Seat 3: pr0tecto (small blind) collected ($2)
Seat 4: Joker007r (big blind) folded before Flop
Seat 6: XneferX folded before Flop (didn't bet)



PokerStars Hand #254391135099:  Hold'em No Limit ($0.50/$1.00 USD) - 2025/01/15 23:21:15 WET [2025/01/15 18:21:15 ET]
Table 'Scheherezade III' 6-max Seat #3 is the button
Seat 5: MCMXCXIX ($58.59 in chips) is sitting out
Seat 1: nikalas22 ($111.09 in chips) 
Seat 2: Mariuoos ($104.90 in chips) 
Seat 3: pr0tecto ($101.80 in chips) 
Seat 4: Joker007r ($104.74 in chips) 
Seat 6: XneferX ($148.41 in chips) 
Joker007r: posts small blind $0.50
XneferX: posts big blind $1
*** HOLE CARDS ***
nikalas22: folds 
Mariuoos: raises $1 to $2
pr0tecto: folds 
Joker007r: folds 
XneferX: calls $1
*** FLOP *** [2c 7h 4d]
XneferX: checks 
Mariuoos: bets $1.41
XneferX: calls $1.41
*** TURN *** [2c 7h 4d] [4s]
XneferX: checks 
Mariuoos: checks 
*** RIVER *** [2c 7h 4d 4s] [Ah]
XneferX: checks 
Mariuoos: checks 
*** SHOW DOWN ***
XneferX: shows [9h 6h] (a pair of Fours)
Mariuoos: shows [Kc Kd] (two pair, Kings and Fours)
Mariuoos collected $6.95 from pot
*** SUMMARY ***
Total pot $7.32 | Rake $0.37 
Board [2c 7h 4d 4s Ah]
Seat 5: MCMXCXIX
Seat 1: nikalas22 folded before Flop (didn't bet)
Seat 2: Mariuoos showed [Kc Kd] and won ($6.95) with two pair, Kings and Fours
Seat 3: pr0tecto (button) folded before Flop (didn't bet)
Seat 4: Joker007r (small blind) folded before Flop
Seat 6: XneferX (big blind) showed [9h 6h] and lost with a pair of Fours



PokerStars Hand #254391161360:  Hold'em No Limit ($0.50/$1.00 USD) - 2025/01/15 23:22:56 WET [2025/01/15 18:22:56 ET]
Table 'Scheherezade III' 6-max Seat #4 is the button
Seat 5: MCMXCXIX ($58.59 in chips) is sitting out
Seat 1: nikalas22 ($111.09 in chips) 
Seat 2: Mariuoos ($108.44 in chips) 
Seat 3: pr0tecto ($101.80 in chips) 
Seat 4: Joker007r ($104.24 in chips) 
Seat 6: XneferX ($145 in chips) 
XneferX: posts small blind $0.50
nikalas22: posts big blind $1
*** HOLE CARDS ***
Mariuoos: raises $1 to $2
pr0tecto: folds 
Joker007r: folds 
XneferX: calls $1.50
nikalas22: folds 
*** FLOP *** [9s 5d 3c]
XneferX: checks 
Mariuoos: bets $1.19
XneferX: calls $1.19
*** TURN *** [9s 5d 3c] [As]
XneferX: checks 
Mariuoos: bets $4.70
XneferX: folds 
Uncalled bet ($4.70) returned to Mariuoos
Mariuoos collected $7.01 from pot
Mariuoos: doesn't show hand 
*** SUMMARY ***
Total pot $7.38 | Rake $0.37 
Board [9s 5d 3c As]
Seat 5: MCMXCXIX
Seat 1: nikalas22 (big blind) folded before Flop
Seat 2: Mariuoos collected ($7.01)
Seat 3: pr0tecto folded before Flop (didn't bet)
Seat 4: Joker007r (button) folded before Flop (didn't bet)
Seat 6: XneferX (small blind) folded on the Turn



PokerStars Hand #254391183127:  Hold'em No Limit ($0.50/$1.00 USD) - 2025/01/15 23:24:20 WET [2025/01/15 18:24:20 ET]
Table 'Scheherezade III' 6-max Seat #6 is the button
Seat 5: MCMXCXIX ($58.59 in chips) is sitting out
Seat 1: nikalas22 ($110.09 in chips) 
Seat 2: Mariuoos ($112.26 in chips) 
Seat 3: pr0tecto ($101.80 in chips) 
Seat 4: Joker007r ($104.24 in chips) 
Seat 6: XneferX ($141.81 in chips) 
nikalas22: posts small blind $0.50
Mariuoos: posts big blind $1
*** HOLE CARDS ***
pr0tecto: folds 
Joker007r: folds 
XneferX: raises $1.77 to $2.77
nikalas22: raises $9.23 to $12
Mariuoos: folds 
XneferX: calls $9.23
*** FLOP *** [Ts 6h 4d]
nikalas22: bets $11.88
XneferX: folds 
Uncalled bet ($11.88) returned to nikalas22
nikalas22 collected $23.75 from pot
nikalas22: doesn't show hand 
*** SUMMARY ***
Total pot $25 | Rake $1.25 
Board [Ts 6h 4d]
Seat 5: MCMXCXIX
Seat 1: nikalas22 (small blind) collected ($23.75)
Seat 2: Mariuoos (big blind) folded before Flop
Seat 3: pr0tecto folded before Flop (didn't bet)
Seat 4: Joker007r folded before Flop (didn't bet)
Seat 6: XneferX (button) folded on the Flop



PokerStars Hand #254391193697:  Hold'em No Limit ($0.50/$1.00 USD) - 2025/01/15 23:25:02 WET [2025/01/15 18:25:02 ET]
Table 'Scheherezade III' 6-max Seat #1 is the button
Seat 3: pr0tecto ($101.80 in chips) is sitting out
Seat 5: MCMXCXIX ($58.59 in chips) is sitting out
Seat 1: nikalas22 ($121.84 in chips) 
Seat 2: Mariuoos ($111.26 in chips) 
Seat 4: Joker007r ($104.24 in chips) 
Seat 6: XneferX ($129.81 in chips) 
Mariuoos: posts small blind $0.50
pr0tecto: is sitting out 
Joker007r: posts big blind $1
*** HOLE CARDS ***
XneferX: folds 
XneferX leaves the table
nikalas22: folds 
Mariuoos: folds 
Uncalled bet ($0.50) returned to Joker007r
Joker007r collected $1 from pot
Joker007r: doesn't show hand 
*** SUMMARY ***
Total pot $1 | Rake $0 
Seat 3: pr0tecto
Seat 5: MCMXCXIX
Seat 1: nikalas22 (button) folded before Flop (didn't bet)
Seat 2: Mariuoos (small blind) folded before Flop
Seat 4: Joker007r (big blind) collected ($1)
Seat 6: XneferX folded before Flop (didn't bet)



PokerStars Hand #254391197534:  Hold'em No Limit ($0.50/$1.00 USD) - 2025/01/15 23:25:17 WET [2025/01/15 18:25:17 ET]
Table 'Scheherezade III' 6-max Seat #2 is the button
Seat 3: pr0tecto ($101.80 in chips) is sitting out
Seat 5: MCMXCXIX ($58.59 in chips) is sitting out
Seat 1: nikalas22 ($121.84 in chips) 
Seat 2: Mariuoos ($110.76 in chips) 
Seat 4: Joker007r ($104.74 in chips) 
Joker007r: posts small blind $0.50
nikalas22: posts big blind $1
*** HOLE CARDS ***
Mariuoos: raises $1.50 to $2.50
pr0tecto leaves the table
Joker007r: folds 
nikalas22: folds 
Uncalled bet ($1.50) returned to Mariuoos
Mariuoos collected $2.50 from pot
Mariuoos: doesn't show hand 
*** SUMMARY ***
Total pot $2.50 | Rake $0 
Seat 3: pr0tecto
Seat 5: MCMXCXIX
Seat 1: nikalas22 (big blind) folded before Flop
Seat 2: Mariuoos (button) collected ($2.50)
Seat 4: Joker007r (small blind) folded before Flop



PokerStars Hand #254391200454:  Hold'em No Limit ($0.50/$1.00 USD) - 2025/01/15 23:25:29 WET [2025/01/15 18:25:29 ET]
Table 'Scheherezade III' 6-max Seat #4 is the button
Seat 5: MCMXCXIX ($58.59 in chips) is sitting out
Seat 1: nikalas22 ($120.84 in chips) 
Seat 2: Mariuoos ($112.26 in chips) 
Seat 4: Joker007r ($104.24 in chips) 
nikalas22: posts small blind $0.50
Mariuoos: posts big blind $1
*** HOLE CARDS ***
Joker007r: raises $1.50 to $2.50
nikalas22: folds 
Mariuoos: folds 
Uncalled bet ($1.50) returned to Joker007r
Joker007r collected $2.50 from pot
Joker007r: doesn't show hand 
*** SUMMARY ***
Total pot $2.50 | Rake $0 
Seat 5: MCMXCXIX
Seat 1: nikalas22 (small blind) folded before Flop
Seat 2: Mariuoos (big blind) folded before Flop
Seat 4: Joker007r (button) collected ($2.50)



PokerStars Hand #254391202850:  Hold'em No Limit ($0.50/$1.00 USD) - 2025/01/15 23:25:38 WET [2025/01/15 18:25:38 ET]
Table 'Scheherezade III' 6-max Seat #1 is the button
Seat 5: MCMXCXIX ($58.59 in chips) is sitting out
Seat 1: nikalas22 ($120.34 in chips) 
Seat 2: Mariuoos ($111.26 in chips) 
Seat 4: Joker007r ($105.74 in chips) 
Mariuoos: posts small blind $0.50
Joker007r: posts big blind $1
*** HOLE CARDS ***
nikalas22: raises $1.50 to $2.50
Mariuoos: folds 
Joker007r: folds 
Uncalled bet ($1.50) returned to nikalas22
nikalas22 collected $2.50 from pot
nikalas22: doesn't show hand 
Unipoker11 joins the table at seat #6 
*** SUMMARY ***
Total pot $2.50 | Rake $0 
Seat 5: MCMXCXIX
Seat 1: nikalas22 (button) collected ($2.50)
Seat 2: Mariuoos (small blind) folded before Flop
Seat 4: Joker007r (big blind) folded before Flop



PokerStars Hand #254391205938:  Hold'em No Limit ($0.50/$1.00 USD) - 2025/01/15 23:25:50 WET [2025/01/15 18:25:50 ET]
Table 'Scheherezade III' 6-max Seat #2 is the button
Seat 5: MCMXCXIX ($58.59 in chips) is sitting out
Seat 1: nikalas22 ($121.84 in chips) 
Seat 2: Mariuoos ($110.76 in chips) 
Seat 4: Joker007r ($104.74 in chips) 
Seat 6: Unipoker11 ($100 in chips) 
Joker007r: posts small blind $0.50
Unipoker11: posts big blind $1
*** HOLE CARDS ***
Kristo 914 joins the table at seat #3 
nikalas22: raises $1.50 to $2.50
Mariuoos: folds 
Joker007r: folds 
Unipoker11: calls $1.50
*** FLOP *** [Ah 9h 5c]
Unipoker11: checks 
nikalas22: checks 
*** TURN *** [Ah 9h 5c] [7s]
Unipoker11: checks 
nikalas22: bets $1.57
Unipoker11: calls $1.57
*** RIVER *** [Ah 9h 5c 7s] [Js]
Unipoker11: checks 
nikalas22: bets $12.32
Unipoker11: folds 
Uncalled bet ($12.32) returned to nikalas22
nikalas22 collected $8.21 from pot
nikalas22: doesn't show hand 
*** SUMMARY ***
Total pot $8.64 | Rake $0.43 
Board [Ah 9h 5c 7s Js]
Seat 5: MCMXCXIX
Seat 1: nikalas22 collected ($8.21)
Seat 2: Mariuoos (button) folded before Flop (didn't bet)
Seat 4: Joker007r (small blind) folded before Flop
Seat 6: Unipoker11 (big blind) folded on the River



PokerStars Hand #254391228992:  Hold'em No Limit ($0.50/$1.00 USD) - 2025/01/15 23:27:21 WET [2025/01/15 18:27:21 ET]
Table 'Scheherezade III' 6-max Seat #4 is the button
Seat 3: Kristo 914 ($100 in chips) is sitting out
Seat 5: MCMXCXIX ($58.59 in chips) is sitting out
Seat 1: nikalas22 ($125.98 in chips) 
Seat 2: Mariuoos ($110.76 in chips) 
Seat 4: Joker007r ($104.24 in chips) 
Seat 6: Unipoker11 ($100 in chips) 
Unipoker11: posts small blind $0.50
nikalas22: posts big blind $1
Kristo 914: sits out 
*** HOLE CARDS ***
Mariuoos: raises $1 to $2
Joker007r: folds 
Unipoker11: folds 
nikalas22: folds 
Uncalled bet ($1) returned to Mariuoos
Mariuoos collected $2.50 from pot
Mariuoos: doesn't show hand 
*** SUMMARY ***
Total pot $2.50 | Rake $0 
Seat 3: Kristo 914
Seat 5: MCMXCXIX
Seat 1: nikalas22 (big blind) folded before Flop
Seat 2: Mariuoos collected ($2.50)
Seat 4: Joker007r (button) folded before Flop (didn't bet)
Seat 6: Unipoker11 (small blind) folded before Flop



PokerStars Hand #254391232426:  Hold'em No Limit ($0.50/$1.00 USD) - 2025/01/15 23:27:34 WET [2025/01/15 18:27:34 ET]
Table 'Scheherezade III' 6-max Seat #6 is the button
Seat 3: Kristo 914 ($100 in chips) is sitting out
Seat 5: MCMXCXIX ($58.59 in chips) is sitting out
Seat 1: nikalas22 ($124.98 in chips) 
Seat 2: Mariuoos ($112.26 in chips) 
Seat 4: Joker007r ($104.24 in chips) 
Seat 6: Unipoker11 ($100 in chips) 
nikalas22: posts small blind $0.50
Mariuoos: posts big blind $1
Kristo 914: sits out 
*** HOLE CARDS ***
Joker007r: raises $1.50 to $2.50
Unipoker11: folds 
nikalas22: folds 
Mariuoos: folds 
Uncalled bet ($1.50) returned to Joker007r
Joker007r collected $2.50 from pot
Joker007r: doesn't show hand 
*** SUMMARY ***
Total pot $2.50 | Rake $0 
Seat 3: Kristo 914
Seat 5: MCMXCXIX
Seat 1: nikalas22 (small blind) folded before Flop
Seat 2: Mariuoos (big blind) folded before Flop
Seat 4: Joker007r collected ($2.50)
Seat 6: Unipoker11 (button) folded before Flop (didn't bet)



PokerStars Hand #254391237149:  Hold'em No Limit ($0.50/$1.00 USD) - 2025/01/15 23:27:53 WET [2025/01/15 18:27:53 ET]
Table 'Scheherezade III' 6-max Seat #1 is the button
Seat 3: Kristo 914 ($100 in chips) is sitting out
Seat 5: MCMXCXIX ($58.59 in chips) is sitting out
Seat 1: nikalas22 ($124.48 in chips) 
Seat 2: Mariuoos ($111.26 in chips) 
Seat 4: Joker007r ($105.74 in chips) 
Seat 6: Unipoker11 ($100 in chips) 
Mariuoos: posts small blind $0.50
Kristo 914 is disconnected 
Kristo 914 has timed out while disconnected
Kristo 914: is sitting out 
Joker007r: posts big blind $1
*** HOLE CARDS ***
Unipoker11: folds 
nikalas22: raises $1.50 to $2.50
Mariuoos: folds 
Joker007r: calls $1.50
*** FLOP *** [4c 5s 9h]
Joker007r: checks 
nikalas22: checks 
*** TURN *** [4c 5s 9h] [Kh]
Joker007r: checks 
nikalas22: checks 
*** RIVER *** [4c 5s 9h Kh] [Ks]
Joker007r: bets $2.71
nikalas22: calls $2.71
*** SHOW DOWN ***
Joker007r: shows [Jd 7d] (a pair of Kings)
nikalas22: shows [Ac Tc] (a pair of Kings - Ace kicker)
nikalas22 collected $10.37 from pot
*** SUMMARY ***
Total pot $10.92 | Rake $0.55 
Board [4c 5s 9h Kh Ks]
Seat 3: Kristo 914
Seat 5: MCMXCXIX
Seat 1: nikalas22 (button) showed [Ac Tc] and won ($10.37) with a pair of Kings
Seat 2: Mariuoos (small blind) folded before Flop
Seat 4: Joker007r (big blind) showed [Jd 7d] and lost with a pair of Kings
Seat 6: Unipoker11 folded before Flop (didn't bet)



PokerStars Hand #254391252140:  Hold'em No Limit ($0.50/$1.00 USD) - 2025/01/15 23:28:52 WET [2025/01/15 18:28:52 ET]
Table 'Scheherezade III' 6-max Seat #2 is the button
Seat 3: Kristo 914 ($100 in chips) is sitting out
Seat 5: MCMXCXIX ($58.59 in chips) is sitting out
Seat 1: nikalas22 ($129.64 in chips) 
Seat 2: Mariuoos ($110.76 in chips) 
Seat 4: Joker007r ($100.53 in chips) 
Seat 6: Unipoker11 ($100 in chips) 
Joker007r: posts small blind $0.50
Unipoker11: posts big blind $1
*** HOLE CARDS ***
nikalas22: folds 
Mariuoos: raises $1.50 to $2.50
Joker007r: folds 
nikalas22 leaves the table
Unipoker11: folds 
Uncalled bet ($1.50) returned to Mariuoos
Mariuoos collected $2.50 from pot
MCMXCXIX leaves the table
Mariuoos: doesn't show hand 
*** SUMMARY ***
Total pot $2.50 | Rake $0 
Seat 3: Kristo 914
Seat 5: MCMXCXIX
Seat 1: nikalas22 folded before Flop (didn't bet)
Seat 2: Mariuoos (button) collected ($2.50)
Seat 4: Joker007r (small blind) folded before Flop
Seat 6: Unipoker11 (big blind) folded before Flop



PokerStars Hand #254391255488:  Hold'em No Limit ($0.50/$1.00 USD) - 2025/01/15 23:29:06 WET [2025/01/15 18:29:06 ET]
Table 'Scheherezade III' 6-max Seat #4 is the button
Seat 3: Kristo 914 ($100 in chips) is sitting out
Seat 2: Mariuoos ($112.26 in chips) 
Seat 4: Joker007r ($100.03 in chips) 
Seat 6: Unipoker11 ($100 in chips) 
Unipoker11: posts small blind $0.50
Mariuoos: posts big blind $1
Kristo 914: sits out 
*** HOLE CARDS ***
Joker007r: folds 
Unipoker11: raises $2 to $3
Mariuoos: folds 
Uncalled bet ($2) returned to Unipoker11
Unipoker11 collected $2 from pot
Unipoker11: doesn't show hand 
*** SUMMARY ***
Total pot $2 | Rake $0 
Seat 3: Kristo 914
Seat 2: Mariuoos (big blind) folded before Flop
Seat 4: Joker007r (button) folded before Flop (didn't bet)
Seat 6: Unipoker11 (small blind) collected ($2)



PokerStars Hand #254391258052:  Hold'em No Limit ($0.50/$1.00 USD) - 2025/01/15 23:29:16 WET [2025/01/15 18:29:16 ET]
Table 'Scheherezade III' 6-max Seat #6 is the button
Seat 2: Mariuoos ($111.26 in chips) 
Seat 3: Kristo 914 ($100 in chips) 
Seat 4: Joker007r ($100.03 in chips) 
Seat 6: Unipoker11 ($101 in chips) 
Mariuoos: posts small blind $0.50
Kristo 914: posts big blind $1
*** HOLE CARDS ***
Joker007r: folds 
Unipoker11: folds 
Mariuoos: raises $2 to $3
Kristo 914: folds 
Uncalled bet ($2) returned to Mariuoos
Mariuoos collected $2 from pot
Mariuoos: doesn't show hand 
*** SUMMARY ***
Total pot $2 | Rake $0 
Seat 2: Mariuoos (small blind) collected ($2)
Seat 3: Kristo 914 (big blind) folded before Flop
Seat 4: Joker007r folded before Flop (didn't bet)
Seat 6: Unipoker11 (button) folded before Flop (didn't bet)



PokerStars Hand #254391263220:  Hold'em No Limit ($0.50/$1.00 USD) - 2025/01/15 23:29:37 WET [2025/01/15 18:29:37 ET]
Table 'Scheherezade III' 6-max Seat #2 is the button
Seat 2: Mariuoos ($112.26 in chips) 
Seat 3: Kristo 914 ($100 in chips) 
Seat 4: Joker007r ($100.03 in chips) 
Seat 6: Unipoker11 ($101 in chips) 
Kristo 914: posts small blind $0.50
Joker007r: posts big blind $1
*** HOLE CARDS ***
Unipoker11: folds 
socito joins the table at seat #5 
Mariuoos: folds 
Kristo 914: raises $2 to $3
socito leaves the table
Joker007r: raises $6 to $9
BrandonKelly99 joins the table at seat #5 
BrandonKelly99 is disconnected 
Kristo 914: calls $6
*** FLOP *** [2c Ks 6c]
Kristo 914: checks 
Joker007r: bets $5.64
Tibibacsi joins the table at seat #1 
Kristo 914: calls $5.64
*** TURN *** [2c Ks 6c] [8d]
Kristo 914: checks 
Joker007r: checks 
*** RIVER *** [2c Ks 6c 8d] [5h]
Kristo 914: bets $22.47
Joker007r: folds 
Uncalled bet ($22.47) returned to Kristo 914
Kristo 914 collected $28.28 from pot
Kristo 914: doesn't show hand 
*** SUMMARY ***
Total pot $29.28 | Rake $1 
Board [2c Ks 6c 8d 5h]
Seat 2: Mariuoos (button) folded before Flop (didn't bet)
Seat 3: Kristo 914 (small blind) collected ($28.28)
Seat 4: Joker007r (big blind) folded on the River
Seat 6: Unipoker11 folded before Flop (didn't bet)



PokerStars Hand #254391285099:  Hold'em No Limit ($0.50/$1.00 USD) - 2025/01/15 23:31:04 WET [2025/01/15 18:31:04 ET]
Table 'Scheherezade III' 6-max Seat #3 is the button
Seat 1: Tibibacsi ($100 in chips) is sitting out
Seat 2: Mariuoos ($112.26 in chips) 
Seat 3: Kristo 914 ($113.64 in chips) 
Seat 4: Joker007r ($100 in chips) 
Seat 5: BrandonKelly99 ($30.58 in chips) 
Seat 6: Unipoker11 ($101 in chips) 
Joker007r: posts small blind $0.50
BrandonKelly99: posts big blind $1
Tibibacsi: sits out 
*** HOLE CARDS ***
Unipoker11: folds 
Mariuoos: raises $1 to $2
Kristo 914: folds 
Joker007r: folds 
BrandonKelly99: folds 
Uncalled bet ($1) returned to Mariuoos
Mariuoos collected $2.50 from pot
Mariuoos: doesn't show hand 
*** SUMMARY ***
Total pot $2.50 | Rake $0 
Seat 1: Tibibacsi
Seat 2: Mariuoos collected ($2.50)
Seat 3: Kristo 914 (button) folded before Flop (didn't bet)
Seat 4: Joker007r (small blind) folded before Flop
Seat 5: BrandonKelly99 (big blind) folded before Flop
Seat 6: Unipoker11 folded before Flop (didn't bet)



PokerStars Hand #254391290125:  Hold'em No Limit ($0.50/$1.00 USD) - 2025/01/15 23:31:24 WET [2025/01/15 18:31:24 ET]
Table 'Scheherezade III' 6-max Seat #4 is the button
Seat 1: Tibibacsi ($100 in chips) is sitting out
Seat 2: Mariuoos ($113.76 in chips) 
Seat 3: Kristo 914 ($113.64 in chips) 
Seat 4: Joker007r ($100 in chips) 
Seat 5: BrandonKelly99 ($29.58 in chips) 
Seat 6: Unipoker11 ($101 in chips) 
BrandonKelly99: posts small blind $0.50
Unipoker11: posts big blind $1
Tibibacsi: sits out 
*** HOLE CARDS ***
Mariuoos: folds 
Kristo 914: folds 
Joker007r: folds 
BrandonKelly99: raises $2 to $3
Unipoker11: folds 
Uncalled bet ($2) returned to BrandonKelly99
BrandonKelly99 collected $2 from pot
*** SUMMARY ***
Total pot $2 | Rake $0 
Seat 1: Tibibacsi
Seat 2: Mariuoos folded before Flop (didn't bet)
Seat 3: Kristo 914 folded before Flop (didn't bet)
Seat 4: Joker007r (button) folded before Flop (didn't bet)
Seat 5: BrandonKelly99 (small blind) collected ($2)
Seat 6: Unipoker11 (big blind) folded before Flop



PokerStars Hand #254391297174:  Hold'em No Limit ($0.50/$1.00 USD) - 2025/01/15 23:31:52 WET [2025/01/15 18:31:52 ET]
Table 'Scheherezade III' 6-max Seat #5 is the button
Seat 1: Tibibacsi ($100 in chips) 
Seat 2: Mariuoos ($113.76 in chips) 
Seat 3: Kristo 914 ($113.64 in chips) 
Seat 4: Joker007r ($100 in chips) 
Seat 5: BrandonKelly99 ($30.58 in chips) 
Seat 6: Unipoker11 ($100 in chips) 
Unipoker11: posts small blind $0.50
Tibibacsi: posts big blind $1
*** HOLE CARDS ***
Mariuoos: folds 
Kristo 914: folds 
Joker007r: folds 
BrandonKelly99: folds 
Unipoker11: folds 
Uncalled bet ($0.50) returned to Tibibacsi
Tibibacsi collected $1 from pot
Tibibacsi: doesn't show hand 
*** SUMMARY ***
Total pot $1 | Rake $0 
Seat 1: Tibibacsi (big blind) collected ($1)
Seat 2: Mariuoos folded before Flop (didn't bet)
Seat 3: Kristo 914 folded before Flop (didn't bet)
Seat 4: Joker007r folded before Flop (didn't bet)
Seat 5: BrandonKelly99 (button) folded before Flop (didn't bet)
Seat 6: Unipoker11 (small blind) folded before Flop



PokerStars Hand #254391299570:  Hold'em No Limit ($0.50/$1.00 USD) - 2025/01/15 23:32:02 WET [2025/01/15 18:32:02 ET]
Table 'Scheherezade III' 6-max Seat #6 is the button
Seat 1: Tibibacsi ($100.50 in chips) 
Seat 2: Mariuoos ($113.76 in chips) 
Seat 3: Kristo 914 ($113.64 in chips) 
Seat 4: Joker007r ($100 in chips) 
Seat 5: BrandonKelly99 ($30.58 in chips) 
Seat 6: Unipoker11 ($100 in chips) 
Tibibacsi: posts small blind $0.50
Mariuoos: posts big blind $1
*** HOLE CARDS ***
Kristo 914: folds 
Joker007r: raises $2 to $3
BrandonKelly99: folds 
Unipoker11: folds 
Tibibacsi: folds 
Mariuoos: folds 
Uncalled bet ($2) returned to Joker007r
Joker007r collected $2.50 from pot
Joker007r: doesn't show hand 
*** SUMMARY ***
Total pot $2.50 | Rake $0 
Seat 1: Tibibacsi (small blind) folded before Flop
Seat 2: Mariuoos (big blind) folded before Flop
Seat 3: Kristo 914 folded before Flop (didn't bet)
Seat 4: Joker007r collected ($2.50)
Seat 5: BrandonKelly99 folded before Flop (didn't bet)
Seat 6: Unipoker11 (button) folded before Flop (didn't bet)



PokerStars Hand #254391305303:  Hold'em No Limit ($0.50/$1.00 USD) - 2025/01/15 23:32:24 WET [2025/01/15 18:32:24 ET]
Table 'Scheherezade III' 6-max Seat #1 is the button
Seat 1: Tibibacsi ($100 in chips) 
Seat 2: Mariuoos ($112.76 in chips) 
Seat 3: Kristo 914 ($113.64 in chips) 
Seat 4: Joker007r ($101.50 in chips) 
Seat 5: BrandonKelly99 ($30.58 in chips) 
Seat 6: Unipoker11 ($100 in chips) 
Mariuoos: posts small blind $0.50
Kristo 914: posts big blind $1
*** HOLE CARDS ***
Joker007r: folds 
BrandonKelly99: calls $1
Unipoker11: folds 
Tibibacsi: folds 
Mariuoos: calls $0.50
Kristo 914: raises $4.25 to $5.25
BrandonKelly99: calls $4.25
Mariuoos: folds 
*** FLOP *** [4d 2d Ts]
Kristo 914: checks 
BrandonKelly99: checks 
*** TURN *** [4d 2d Ts] [Kh]
Kristo 914: checks 
BrandonKelly99: checks 
*** RIVER *** [4d 2d Ts Kh] [3d]
Kristo 914: checks 
BrandonKelly99: bets $10.92
Kristo 914: calls $10.92
*** SHOW DOWN ***
BrandonKelly99: shows [Qs Jh] (high card King)
Kristo 914: shows [Qd As] (high card Ace)
Kristo 914 collected $31.67 from pot
*** SUMMARY ***
Total pot $33.34 | Rake $1.67 
Board [4d 2d Ts Kh 3d]
Seat 1: Tibibacsi (button) folded before Flop (didn't bet)
Seat 2: Mariuoos (small blind) folded before Flop
Seat 3: Kristo 914 (big blind) showed [Qd As] and won ($31.67) with high card Ace
Seat 4: Joker007r folded before Flop (didn't bet)
Seat 5: BrandonKelly99 showed [Qs Jh] and lost with high card King
Seat 6: Unipoker11 folded before Flop (didn't bet)



PokerStars Hand #254391323076:  Hold'em No Limit ($0.50/$1.00 USD) - 2025/01/15 23:33:35 WET [2025/01/15 18:33:35 ET]
Table 'Scheherezade III' 6-max Seat #2 is the button
Seat 1: Tibibacsi ($100 in chips) 
Seat 2: Mariuoos ($111.76 in chips) 
Seat 3: Kristo 914 ($129.14 in chips) 
Seat 4: Joker007r ($101.50 in chips) 
Seat 5: BrandonKelly99 ($14.41 in chips) 
Seat 6: Unipoker11 ($100 in chips) 
Kristo 914: posts small blind $0.50
Joker007r: posts big blind $1
*** HOLE CARDS ***
BrandonKelly99: raises $13.41 to $14.41 and is all-in
Unipoker11: folds 
Unipoker11 leaves the table
Tibibacsi: folds 
Mariuoos: folds 
Kristo 914: folds 
Joker007r: calls $13.41
*** FLOP *** [9c 8d Ks]
*** TURN *** [9c 8d Ks] [As]
*** RIVER *** [9c 8d Ks As] [7c]
XneferX joins the table at seat #6 
*** SHOW DOWN ***
Joker007r: shows [Jh Kc] (a pair of Kings)
BrandonKelly99: shows [Kd 2h] (a pair of Kings - lower kicker)
Joker007r collected $27.85 from pot
*** SUMMARY ***
Total pot $29.32 | Rake $1.47 
Board [9c 8d Ks As 7c]
Seat 1: Tibibacsi folded before Flop (didn't bet)
Seat 2: Mariuoos (button) folded before Flop (didn't bet)
Seat 3: Kristo 914 (small blind) folded before Flop
Seat 4: Joker007r (big blind) showed [Jh Kc] and won ($27.85) with a pair of Kings
Seat 5: BrandonKelly99 showed [Kd 2h] and lost with a pair of Kings
Seat 6: Unipoker11 folded before Flop (didn't bet)



PokerStars Hand #254391330012:  Hold'em No Limit ($0.50/$1.00 USD) - 2025/01/15 23:34:02 WET [2025/01/15 18:34:02 ET]
Table 'Scheherezade III' 6-max Seat #3 is the button
Seat 5: BrandonKelly99 ($0 in chips) is sitting out
Seat 1: Tibibacsi ($100 in chips) 
Seat 2: Mariuoos ($111.76 in chips) 
Seat 3: Kristo 914 ($128.64 in chips) 
Seat 4: Joker007r ($114.94 in chips) 
Seat 6: XneferX ($129.81 in chips) 
Joker007r: posts small blind $0.50
XneferX: posts big blind $1
*** HOLE CARDS ***
Tibibacsi: folds 
BrandonKelly99 is disconnected 
Mariuoos: folds 
Kristo 914: raises $1.40 to $2.40
Joker007r: folds 
XneferX: folds 
Uncalled bet ($1.40) returned to Kristo 914
Kristo 914 collected $2.50 from pot
Kristo 914: doesn't show hand 
*** SUMMARY ***
Total pot $2.50 | Rake $0 
Seat 5: BrandonKelly99
Seat 1: Tibibacsi folded before Flop (didn't bet)
Seat 2: Mariuoos folded before Flop (didn't bet)
Seat 3: Kristo 914 (button) collected ($2.50)
Seat 4: Joker007r (small blind) folded before Flop
Seat 6: XneferX (big blind) folded before Flop



PokerStars Hand #254391333577:  Hold'em No Limit ($0.50/$1.00 USD) - 2025/01/15 23:34:17 WET [2025/01/15 18:34:17 ET]
Table 'Scheherezade III' 6-max Seat #4 is the button
Seat 5: BrandonKelly99 ($0 in chips) is sitting out
Seat 1: Tibibacsi ($100 in chips) 
Seat 2: Mariuoos ($111.76 in chips) 
Seat 3: Kristo 914 ($130.14 in chips) 
Seat 4: Joker007r ($114.44 in chips) 
Seat 6: XneferX ($128.81 in chips) 
XneferX: posts small blind $0.50
Tibibacsi: posts big blind $1
*** HOLE CARDS ***
Mariuoos: raises $1 to $2
Kristo 914: folds 
Joker007r: raises $5 to $7
XneferX: folds 
Tibibacsi: folds 
Mariuoos: folds 
Uncalled bet ($5) returned to Joker007r
Joker007r collected $5.50 from pot
Joker007r: doesn't show hand 
*** SUMMARY ***
Total pot $5.50 | Rake $0 
Seat 5: BrandonKelly99
Seat 1: Tibibacsi (big blind) folded before Flop
Seat 2: Mariuoos folded before Flop
Seat 3: Kristo 914 folded before Flop (didn't bet)
Seat 4: Joker007r (button) collected ($5.50)
Seat 6: XneferX (small blind) folded before Flop



PokerStars Hand #254391342241:  Hold'em No Limit ($0.50/$1.00 USD) - 2025/01/15 23:34:51 WET [2025/01/15 18:34:51 ET]
Table 'Scheherezade III' 6-max Seat #6 is the button
Seat 5: BrandonKelly99 ($0 in chips) is sitting out
Seat 1: Tibibacsi ($100 in chips) 
Seat 2: Mariuoos ($109.76 in chips) 
Seat 3: Kristo 914 ($130.14 in chips) 
Seat 4: Joker007r ($117.94 in chips) 
Seat 6: XneferX ($128.31 in chips) 
Tibibacsi: posts small blind $0.50
Mariuoos: posts big blind $1
*** HOLE CARDS ***
Kristo 914: folds 
Joker007r: folds 
XneferX: raises $1.77 to $2.77
Tibibacsi: folds 
Mariuoos: folds 
Uncalled bet ($1.77) returned to XneferX
XneferX collected $2.50 from pot
XneferX: doesn't show hand 
*** SUMMARY ***
Total pot $2.50 | Rake $0 
Seat 5: BrandonKelly99
Seat 1: Tibibacsi (small blind) folded before Flop
Seat 2: Mariuoos (big blind) folded before Flop
Seat 3: Kristo 914 folded before Flop (didn't bet)
Seat 4: Joker007r folded before Flop (didn't bet)
Seat 6: XneferX (button) collected ($2.50)



PokerStars Hand #254391348932:  Hold'em No Limit ($0.50/$1.00 USD) - 2025/01/15 23:35:18 WET [2025/01/15 18:35:18 ET]
Table 'Scheherezade III' 6-max Seat #1 is the button
Seat 5: BrandonKelly99 ($0 in chips) is sitting out
Seat 1: Tibibacsi ($100 in chips) 
Seat 2: Mariuoos ($108.76 in chips) 
Seat 3: Kristo 914 ($130.14 in chips) 
Seat 4: Joker007r ($117.94 in chips) 
Seat 6: XneferX ($129.81 in chips) 
Mariuoos: posts small blind $0.50
Kristo 914: posts big blind $1
*** HOLE CARDS ***
Joker007r: folds 
XneferX: folds 
Tibibacsi: raises $1.50 to $2.50
Mariuoos: folds 
Kristo 914: folds 
Uncalled bet ($1.50) returned to Tibibacsi
Tibibacsi collected $2.50 from pot
Tibibacsi: doesn't show hand 
*** SUMMARY ***
Total pot $2.50 | Rake $0 
Seat 5: BrandonKelly99
Seat 1: Tibibacsi (button) collected ($2.50)
Seat 2: Mariuoos (small blind) folded before Flop
Seat 3: Kristo 914 (big blind) folded before Flop
Seat 4: Joker007r folded before Flop (didn't bet)
Seat 6: XneferX folded before Flop (didn't bet)



PokerStars Hand #254391354299:  Hold'em No Limit ($0.50/$1.00 USD) - 2025/01/15 23:35:39 WET [2025/01/15 18:35:39 ET]
Table 'Scheherezade III' 6-max Seat #2 is the button
Seat 5: BrandonKelly99 ($0 in chips) is sitting out
Seat 1: Tibibacsi ($101.50 in chips) 
Seat 2: Mariuoos ($108.26 in chips) 
Seat 3: Kristo 914 ($129.14 in chips) 
Seat 4: Joker007r ($117.94 in chips) 
Seat 6: XneferX ($129.81 in chips) 
Kristo 914: posts small blind $0.50
Joker007r: posts big blind $1
*** HOLE CARDS ***
XneferX: folds 
Tibibacsi: folds 
Mariuoos: folds 
Kristo 914: raises $2 to $3
Joker007r: calls $2
*** FLOP *** [2h 6h 4s]
Kristo 914: bets $1.65
Joker007r: calls $1.65
*** TURN *** [2h 6h 4s] [2d]
Kristo 914: bets $1
Joker007r: calls $1
*** RIVER *** [2h 6h 4s 2d] [Td]
Kristo 914: checks 
Joker007r: bets $7.16
Kristo 914: folds 
Uncalled bet ($7.16) returned to Joker007r
Joker007r collected $10.74 from pot
Joker007r: doesn't show hand 
*** SUMMARY ***
Total pot $11.30 | Rake $0.56 
Board [2h 6h 4s 2d Td]
Seat 5: BrandonKelly99
Seat 1: Tibibacsi folded before Flop (didn't bet)
Seat 2: Mariuoos (button) folded before Flop (didn't bet)
Seat 3: Kristo 914 (small blind) folded on the River
Seat 4: Joker007r (big blind) collected ($10.74)
Seat 6: XneferX folded before Flop (didn't bet)



PokerStars Hand #254391369910:  Hold'em No Limit ($0.50/$1.00 USD) - 2025/01/15 23:36:41 WET [2025/01/15 18:36:41 ET]
Table 'Scheherezade III' 6-max Seat #3 is the button
Seat 1: Tibibacsi ($101.50 in chips) is sitting out
Seat 5: BrandonKelly99 ($0 in chips) is sitting out
Seat 6: XneferX ($129.81 in chips) is sitting out
Seat 2: Mariuoos ($108.26 in chips) 
Seat 3: Kristo 914 ($123.49 in chips) 
Seat 4: Joker007r ($123.03 in chips) 
Joker007r: posts small blind $0.50
XneferX: is sitting out 
Tibibacsi: is sitting out 
Mariuoos: posts big blind $1
*** HOLE CARDS ***
Kristo 914: folds 
XneferX leaves the table
Kristo 914 leaves the table
Joker007r: raises $2 to $3
Tibibacsi leaves the table
Mariuoos: raises $6 to $9
Joker007r: folds 
Uncalled bet ($6) returned to Mariuoos
Mariuoos collected $6 from pot
Mariuoos: doesn't show hand 
*** SUMMARY ***
Total pot $6 | Rake $0 
Seat 1: Tibibacsi
Seat 5: BrandonKelly99
Seat 6: XneferX
Seat 2: Mariuoos (big blind) collected ($6)
Seat 3: Kristo 914 (button) folded before Flop (didn't bet)
Seat 4: Joker007r (small blind) folded before Flop



PokerStars Hand #254391378638:  Hold'em No Limit ($0.50/$1.00 USD) - 2025/01/15 23:37:16 WET [2025/01/15 18:37:16 ET]
Table 'Scheherezade III' 6-max Seat #2 is the button
Seat 5: BrandonKelly99 ($0 in chips) is sitting out
Seat 2: Mariuoos ($111.26 in chips) 
Seat 4: Joker007r ($120.03 in chips) 
Mariuoos: posts small blind $0.50
Joker007r: posts big blind $1
*** HOLE CARDS ***
Mariuoos: raises $1.50 to $2.50
Joker007r: folds 
Uncalled bet ($1.50) returned to Mariuoos
Mariuoos collected $2 from pot
Mariuoos: doesn't show hand 
*** SUMMARY ***
Total pot $2 | Rake $0 
Seat 5: BrandonKelly99
Seat 2: Mariuoos (button) (small blind) collected ($2)
Seat 4: Joker007r (big blind) folded before Flop



PokerStars Hand #254391380259:  Hold'em No Limit ($0.50/$1.00 USD) - 2025/01/15 23:37:23 WET [2025/01/15 18:37:23 ET]
Table 'Scheherezade III' 6-max Seat #4 is the button
Seat 5: BrandonKelly99 ($0 in chips) is sitting out
Seat 2: Mariuoos ($112.26 in chips) 
Seat 4: Joker007r ($119.03 in chips) 
Joker007r: posts small blind $0.50
Mariuoos: posts big blind $1
*** HOLE CARDS ***
Joker007r: raises $1.50 to $2.50
Mariuoos: calls $1.50
*** FLOP *** [6c Kc Qd]
Mariuoos: checks 
Joker007r: bets $3.17
Mariuoos: raises $6.77 to $9.94
Joker007r: folds 
Uncalled bet ($6.77) returned to Mariuoos
Mariuoos collected $10.77 from pot
Mariuoos: doesn't show hand 
*** SUMMARY ***
Total pot $11.34 | Rake $0.57 
Board [6c Kc Qd]
Seat 5: BrandonKelly99
Seat 2: Mariuoos (big blind) collected ($10.77)
Seat 4: Joker007r (button) (small blind) folded on the Flop



PokerStars Hand #254391389491:  Hold'em No Limit ($0.50/$1.00 USD) - 2025/01/15 23:38:00 WET [2025/01/15 18:38:00 ET]
Table 'Scheherezade III' 6-max Seat #2 is the button
Seat 5: BrandonKelly99 ($0 in chips) is sitting out
Seat 2: Mariuoos ($117.36 in chips) 
Seat 4: Joker007r ($113.36 in chips) 
Mariuoos: posts small blind $0.50
Joker007r: posts big blind $1
*** HOLE CARDS ***
Mariuoos: raises $1.50 to $2.50
Joker007r: folds 
Uncalled bet ($1.50) returned to Mariuoos
Mariuoos collected $2 from pot
Mariuoos: doesn't show hand 
*** SUMMARY ***
Total pot $2 | Rake $0 
Seat 5: BrandonKelly99
Seat 2: Mariuoos (button) (small blind) collected ($2)
Seat 4: Joker007r (big blind) folded before Flop



PokerStars Hand #254390751549:  Hold'em No Limit ($0.50/$1.00 USD) - 2025/01/15 22:56:08 WET [2025/01/15 17:56:08 ET]
Table 'Scheherezade III' 6-max Seat #2 is the button
Seat 1: nikalas22 ($102.72 in chips) 
Seat 2: Mariuoos ($100 in chips) 
Seat 3: Gfoer ($100 in chips) 
Seat 4: aoish30 ($120.07 in chips) 
Seat 5: max7812915 ($155.24 in chips) 
Seat 6: XneferX ($101.16 in chips) 
Gfoer: posts small blind $0.50
aoish30: posts big blind $1
*** HOLE CARDS ***
max7812915: folds 
XneferX: folds 
nikalas22: folds 
Mariuoos: raises $1.50 to $2.50
Gfoer: folds 
aoish30: folds 
Uncalled bet ($1.50) returned to Mariuoos
Mariuoos collected $2.50 from pot
Mariuoos: doesn't show hand 
*** SUMMARY ***
Total pot $2.50 | Rake $0 
Seat 1: nikalas22 folded before Flop (didn't bet)
Seat 2: Mariuoos (button) collected ($2.50)
Seat 3: Gfoer (small blind) folded before Flop
Seat 4: aoish30 (big blind) folded before Flop
Seat 5: max7812915 folded before Flop (didn't bet)
Seat 6: XneferX folded before Flop (didn't bet)



PokerStars Hand #254390755457:  Hold'em No Limit ($0.50/$1.00 USD) - 2025/01/15 22:56:27 WET [2025/01/15 17:56:27 ET]
Table 'Scheherezade III' 6-max Seat #3 is the button
Seat 1: nikalas22 ($102.72 in chips) 
Seat 2: Mariuoos ($101.50 in chips) 
Seat 3: Gfoer ($100 in chips) 
Seat 4: aoish30 ($119.07 in chips) 
Seat 5: max7812915 ($155.24 in chips) 
Seat 6: XneferX ($101.16 in chips) 
aoish30: posts small blind $0.50
max7812915: posts big blind $1
*** HOLE CARDS ***
XneferX: folds 
nikalas22: folds 
Mariuoos: folds 
Gfoer: folds 
aoish30: folds 
Uncalled bet ($0.50) returned to max7812915
max7812915 collected $1 from pot
*** SUMMARY ***
Total pot $1 | Rake $0 
Seat 1: nikalas22 folded before Flop (didn't bet)
Seat 2: Mariuoos folded before Flop (didn't bet)
Seat 3: Gfoer (button) folded before Flop (didn't bet)
Seat 4: aoish30 (small blind) folded before Flop
Seat 5: max7812915 (big blind) collected ($1)
Seat 6: XneferX folded before Flop (didn't bet)



PokerStars Hand #254390758888:  Hold'em No Limit ($0.50/$1.00 USD) - 2025/01/15 22:56:44 WET [2025/01/15 17:56:44 ET]
Table 'Scheherezade III' 6-max Seat #4 is the button
Seat 1: nikalas22 ($102.72 in chips) 
Seat 2: Mariuoos ($101.50 in chips) 
Seat 3: Gfoer ($100 in chips) 
Seat 4: aoish30 ($118.57 in chips) 
Seat 5: max7812915 ($155.74 in chips) 
Seat 6: XneferX ($101.16 in chips) 
max7812915: posts small blind $0.50
XneferX: posts big blind $1
*** HOLE CARDS ***
nikalas22: folds 
Mariuoos: raises $1 to $2
Gfoer: folds 
aoish30: folds 
max7812915: calls $1.50
XneferX: calls $1
*** FLOP *** [8c Ah Jh]
max7812915: checks 
XneferX: checks 
Mariuoos: checks 
*** TURN *** [8c Ah Jh] [3s]
max7812915: bets $2.85
XneferX: folds 
Mariuoos: folds 
Uncalled bet ($2.85) returned to max7812915
max7812915 collected $5.70 from pot
max7812915: doesn't show hand 
*** SUMMARY ***
Total pot $6 | Rake $0.30 
Board [8c Ah Jh 3s]
Seat 1: nikalas22 folded before Flop (didn't bet)
Seat 2: Mariuoos folded on the Turn
Seat 3: Gfoer folded before Flop (didn't bet)
Seat 4: aoish30 (button) folded before Flop (didn't bet)
Seat 5: max7812915 (small blind) collected ($5.70)
Seat 6: XneferX (big blind) folded on the Turn



PokerStars Hand #254390768774:  Hold'em No Limit ($0.50/$1.00 USD) - 2025/01/15 22:57:32 WET [2025/01/15 17:57:32 ET]
Table 'Scheherezade III' 6-max Seat #5 is the button
Seat 1: nikalas22 ($102.72 in chips) 
Seat 2: Mariuoos ($100 in chips) 
Seat 3: Gfoer ($100 in chips) 
Seat 4: aoish30 ($118.57 in chips) 
Seat 5: max7812915 ($159.44 in chips) 
Seat 6: XneferX ($100 in chips) 
XneferX: posts small blind $0.50
nikalas22: posts big blind $1
*** HOLE CARDS ***
Mariuoos: folds 
Gfoer: folds 
aoish30: folds 
max7812915: folds 
XneferX: raises $2 to $3
nikalas22: calls $2
*** FLOP *** [Qc Td 9c]
XneferX: checks 
nikalas22: checks 
*** TURN *** [Qc Td 9c] [Kd]
XneferX: checks 
nikalas22: bets $4.28
XneferX: calls $4.28
*** RIVER *** [Qc Td 9c Kd] [2s]
XneferX: checks 
nikalas22: bets $10.37
XneferX: calls $10.37
*** SHOW DOWN ***
nikalas22: shows [Ah 6h] (high card Ace)
XneferX: shows [Kh 8c] (a pair of Kings)
XneferX collected $33.54 from pot
*** SUMMARY ***
Total pot $35.30 | Rake $1.76 
Board [Qc Td 9c Kd 2s]
Seat 1: nikalas22 (big blind) showed [Ah 6h] and lost with high card Ace
Seat 2: Mariuoos folded before Flop (didn't bet)
Seat 3: Gfoer folded before Flop (didn't bet)
Seat 4: aoish30 folded before Flop (didn't bet)
Seat 5: max7812915 (button) folded before Flop (didn't bet)
Seat 6: XneferX (small blind) showed [Kh 8c] and won ($33.54) with a pair of Kings



PokerStars Hand #254390783257:  Hold'em No Limit ($0.50/$1.00 USD) - 2025/01/15 22:58:42 WET [2025/01/15 17:58:42 ET]
Table 'Scheherezade III' 6-max Seat #6 is the button
Seat 1: nikalas22 ($100 in chips) 
Seat 2: Mariuoos ($100 in chips) 
Seat 3: Gfoer ($100 in chips) 
Seat 4: aoish30 ($118.57 in chips) 
Seat 5: max7812915 ($159.44 in chips) 
Seat 6: XneferX ($115.89 in chips) 
nikalas22: posts small blind $0.50
Mariuoos: posts big blind $1
*** HOLE CARDS ***
Gfoer: folds 
aoish30: folds 
max7812915: calls $1
XneferX: folds 
nikalas22: raises $3 to $4
Mariuoos: folds 
max7812915: calls $3
*** FLOP *** [5s 9s Jd]
nikalas22: checks 
max7812915: checks 
*** TURN *** [5s 9s Jd] [3h]
nikalas22: bets $2.57
max7812915: calls $2.57
*** RIVER *** [5s 9s Jd 3h] [Qd]
nikalas22: bets $4.03
max7812915: calls $4.03
*** SHOW DOWN ***
nikalas22: shows [Th 9h] (a pair of Nines)
max7812915: mucks hand 
nikalas22 collected $21.09 from pot
*** SUMMARY ***
Total pot $22.20 | Rake $1.11 
Board [5s 9s Jd 3h Qd]
Seat 1: nikalas22 (small blind) showed [Th 9h] and won ($21.09) with a pair of Nines
Seat 2: Mariuoos (big blind) folded before Flop
Seat 3: Gfoer folded before Flop (didn't bet)
Seat 4: aoish30 folded before Flop (didn't bet)
Seat 5: max7812915 mucked
Seat 6: XneferX (button) folded before Flop (didn't bet)



PokerStars Hand #254390791349:  Hold'em No Limit ($0.50/$1.00 USD) - 2025/01/15 22:59:22 WET [2025/01/15 17:59:22 ET]
Table 'Scheherezade III' 6-max Seat #1 is the button
Seat 1: nikalas22 ($110.49 in chips) 
Seat 2: Mariuoos ($100 in chips) 
Seat 3: Gfoer ($100 in chips) 
Seat 4: aoish30 ($118.57 in chips) 
Seat 5: max7812915 ($148.84 in chips) 
Seat 6: XneferX ($115.89 in chips) 
Mariuoos: posts small blind $0.50
Gfoer: posts big blind $1
*** HOLE CARDS ***
aoish30: folds 
max7812915: calls $1
XneferX: calls $1
nikalas22: folds 
Mariuoos: folds 
Gfoer: checks 
*** FLOP *** [3c 2h Js]
Gfoer: checks 
max7812915: checks 
XneferX: bets $1.69
Gfoer: folds 
max7812915: folds 
Uncalled bet ($1.69) returned to XneferX
XneferX collected $3.32 from pot
XneferX: doesn't show hand 
*** SUMMARY ***
Total pot $3.50 | Rake $0.18 
Board [3c 2h Js]
Seat 1: nikalas22 (button) folded before Flop (didn't bet)
Seat 2: Mariuoos (small blind) folded before Flop
Seat 3: Gfoer (big blind) folded on the Flop
Seat 4: aoish30 folded before Flop (didn't bet)
Seat 5: max7812915 folded on the Flop
Seat 6: XneferX collected ($3.32)



PokerStars Hand #254390801583:  Hold'em No Limit ($0.50/$1.00 USD) - 2025/01/15 23:00:11 WET [2025/01/15 18:00:11 ET]
Table 'Scheherezade III' 6-max Seat #2 is the button
Seat 4: aoish30 ($118.57 in chips) is sitting out
Seat 1: nikalas22 ($110.49 in chips) 
Seat 2: Mariuoos ($100 in chips) 
Seat 3: Gfoer ($100 in chips) 
Seat 5: max7812915 ($147.84 in chips) 
Seat 6: XneferX ($118.21 in chips) 
Gfoer: posts small blind $0.50
aoish30: is sitting out 
max7812915: posts big blind $1
*** HOLE CARDS ***
XneferX: folds 
nikalas22: folds 
Mariuoos: folds 
Gfoer: folds 
Uncalled bet ($0.50) returned to max7812915
max7812915 collected $1 from pot
*** SUMMARY ***
Total pot $1 | Rake $0 
Seat 4: aoish30
Seat 1: nikalas22 folded before Flop (didn't bet)
Seat 2: Mariuoos (button) folded before Flop (didn't bet)
Seat 3: Gfoer (small blind) folded before Flop
Seat 5: max7812915 (big blind) collected ($1)
Seat 6: XneferX folded before Flop (didn't bet)



PokerStars Hand #254390803065:  Hold'em No Limit ($0.50/$1.00 USD) - 2025/01/15 23:00:19 WET [2025/01/15 18:00:19 ET]
Table 'Scheherezade III' 6-max Seat #3 is the button
Seat 4: aoish30 ($118.57 in chips) is sitting out
Seat 1: nikalas22 ($110.49 in chips) 
Seat 2: Mariuoos ($100 in chips) 
Seat 3: Gfoer ($100 in chips) 
Seat 5: max7812915 ($148.34 in chips) 
Seat 6: XneferX ($118.21 in chips) 
max7812915: posts small blind $0.50
XneferX: posts big blind $1
*** HOLE CARDS ***
nikalas22: folds 
Mariuoos: folds 
Gfoer: folds 
max7812915: calls $0.50
XneferX: checks 
*** FLOP *** [Th 4d 5s]
max7812915: checks 
XneferX: bets $1
max7812915: folds 
Uncalled bet ($1) returned to XneferX
XneferX collected $1.90 from pot
XneferX: doesn't show hand 
*** SUMMARY ***
Total pot $2 | Rake $0.10 
Board [Th 4d 5s]
Seat 4: aoish30
Seat 1: nikalas22 folded before Flop (didn't bet)
Seat 2: Mariuoos folded before Flop (didn't bet)
Seat 3: Gfoer (button) folded before Flop (didn't bet)
Seat 5: max7812915 (small blind) folded on the Flop
Seat 6: XneferX (big blind) collected ($1.90)



PokerStars Hand #254390808614:  Hold'em No Limit ($0.50/$1.00 USD) - 2025/01/15 23:00:45 WET [2025/01/15 18:00:45 ET]
Table 'Scheherezade III' 6-max Seat #5 is the button
Seat 4: aoish30 ($118.57 in chips) is sitting out
Seat 1: nikalas22 ($110.49 in chips) 
Seat 2: Mariuoos ($100 in chips) 
Seat 3: Gfoer ($100 in chips) 
Seat 5: max7812915 ($147.34 in chips) 
Seat 6: XneferX ($119.11 in chips) 
XneferX: posts small blind $0.50
nikalas22: posts big blind $1
*** HOLE CARDS ***
aoish30 leaves the table
Mariuoos: folds 
Gfoer: folds 
max7812915: calls $1
XneferX: folds 
nikalas22: checks 
*** FLOP *** [5c 2c 8s]
nikalas22: checks 
max7812915: checks 
*** TURN *** [5c 2c 8s] [Th]
nikalas22: bets $3.57
Joker007r joins the table at seat #4 
max7812915: folds 
Uncalled bet ($3.57) returned to nikalas22
nikalas22 collected $2.38 from pot
nikalas22: doesn't show hand 
*** SUMMARY ***
Total pot $2.50 | Rake $0.12 
Board [5c 2c 8s Th]
Seat 4: aoish30
Seat 1: nikalas22 (big blind) collected ($2.38)
Seat 2: Mariuoos folded before Flop (didn't bet)
Seat 3: Gfoer folded before Flop (didn't bet)
Seat 5: max7812915 (button) folded on the Turn
Seat 6: XneferX (small blind) folded before Flop



PokerStars Hand #254390817428:  Hold'em No Limit ($0.50/$1.00 USD) - 2025/01/15 23:01:22 WET [2025/01/15 18:01:22 ET]
Table 'Scheherezade III' 6-max Seat #6 is the button
Seat 4: Joker007r ($100 in chips) is sitting out
Seat 1: nikalas22 ($111.87 in chips) 
Seat 2: Mariuoos ($100 in chips) 
Seat 3: Gfoer ($100 in chips) 
Seat 5: max7812915 ($146.34 in chips) 
Seat 6: XneferX ($118.61 in chips) 
nikalas22: posts small blind $0.50
Mariuoos: posts big blind $1
Joker007r: sits out 
*** HOLE CARDS ***
Gfoer: folds 
max7812915: calls $1
XneferX: folds 
nikalas22: folds 
Mariuoos: raises $4 to $5
max7812915: calls $4
*** FLOP *** [9s 4d 8h]
Mariuoos: bets $3.29
max7812915: folds 
Uncalled bet ($3.29) returned to Mariuoos
Mariuoos collected $9.98 from pot
Mariuoos: doesn't show hand 
*** SUMMARY ***
Total pot $10.50 | Rake $0.52 
Board [9s 4d 8h]
Seat 4: Joker007r
Seat 1: nikalas22 (small blind) folded before Flop
Seat 2: Mariuoos (big blind) collected ($9.98)
Seat 3: Gfoer folded before Flop (didn't bet)
Seat 5: max7812915 folded on the Flop
Seat 6: XneferX (button) folded before Flop (didn't bet)



PokerStars Hand #254390831455:  Hold'em No Limit ($0.50/$1.00 USD) - 2025/01/15 23:02:16 WET [2025/01/15 18:02:16 ET]
Table 'Scheherezade III' 6-max Seat #1 is the button
Seat 4: Joker007r ($100 in chips) is sitting out
Seat 1: nikalas22 ($111.37 in chips) 
Seat 2: Mariuoos ($104.98 in chips) 
Seat 3: Gfoer ($100 in chips) 
Seat 5: max7812915 ($141.34 in chips) 
Seat 6: XneferX ($118.61 in chips) 
Mariuoos: posts small blind $0.50
Gfoer: posts big blind $1
Joker007r: sits out 
*** HOLE CARDS ***
max7812915: calls $1
XneferX: raises $3 to $4
nikalas22: folds 
Mariuoos: folds 
Gfoer: folds 
max7812915: calls $3
*** FLOP *** [Qd 7h 2c]
max7812915: checks 
XneferX: bets $2.35
max7812915: folds 
Uncalled bet ($2.35) returned to XneferX
XneferX collected $9.02 from pot
XneferX: doesn't show hand 
*** SUMMARY ***
Total pot $9.50 | Rake $0.48 
Board [Qd 7h 2c]
Seat 4: Joker007r
Seat 1: nikalas22 (button) folded before Flop (didn't bet)
Seat 2: Mariuoos (small blind) folded before Flop
Seat 3: Gfoer (big blind) folded before Flop
Seat 5: max7812915 folded on the Flop
Seat 6: XneferX collected ($9.02)



PokerStars Hand #254390841806:  Hold'em No Limit ($0.50/$1.00 USD) - 2025/01/15 23:02:54 WET [2025/01/15 18:02:54 ET]
Table 'Scheherezade III' 6-max Seat #2 is the button
Seat 1: nikalas22 ($111.37 in chips) 
Seat 2: Mariuoos ($104.48 in chips) 
Seat 3: Gfoer ($100 in chips) 
Seat 4: Joker007r ($100 in chips) 
Seat 5: max7812915 ($137.34 in chips) 
Seat 6: XneferX ($123.63 in chips) 
Gfoer: posts small blind $0.50
Joker007r: posts big blind $1
*** HOLE CARDS ***
max7812915: folds 
XneferX: folds 
max7812915 is disconnected 
nikalas22: folds 
Mariuoos: raises $1.50 to $2.50
Gfoer: folds 
Joker007r: calls $1.50
*** FLOP *** [Jh Ad 3s]
Joker007r: checks 
Mariuoos: bets $1.31
Joker007r: raises $5.72 to $7.03
Mariuoos: calls $5.72
*** TURN *** [Jh Ad 3s] [Tc]
Joker007r: checks 
Mariuoos: checks 
*** RIVER *** [Jh Ad 3s Tc] [Qc]
Joker007r: checks 
Mariuoos: checks 
*** SHOW DOWN ***
Joker007r: shows [Qd 4d] (a pair of Queens)
Mariuoos: shows [Ah 8s] (a pair of Aces)
Mariuoos collected $18.58 from pot
*** SUMMARY ***
Total pot $19.56 | Rake $0.98 
Board [Jh Ad 3s Tc Qc]
Seat 1: nikalas22 folded before Flop (didn't bet)
Seat 2: Mariuoos (button) showed [Ah 8s] and won ($18.58) with a pair of Aces
Seat 3: Gfoer (small blind) folded before Flop
Seat 4: Joker007r (big blind) showed [Qd 4d] and lost with a pair of Queens
Seat 5: max7812915 folded before Flop (didn't bet)
Seat 6: XneferX folded before Flop (didn't bet)



PokerStars Hand #254390873312:  Hold'em No Limit ($0.50/$1.00 USD) - 2025/01/15 23:04:50 WET [2025/01/15 18:04:50 ET]
Table 'Scheherezade III' 6-max Seat #3 is the button
Seat 5: max7812915 ($137.34 in chips) is sitting out
Seat 1: nikalas22 ($111.37 in chips) 
Seat 2: Mariuoos ($113.53 in chips) 
Seat 3: Gfoer ($100 in chips) 
Seat 4: Joker007r ($100 in chips) 
Seat 6: XneferX ($123.63 in chips) 
Joker007r: posts small blind $0.50
max7812915 has timed out while disconnected
max7812915: is sitting out 
XneferX: posts big blind $1
*** HOLE CARDS ***
nikalas22: folds 
Mariuoos: raises $1.50 to $2.50
Gfoer: folds 
Joker007r: folds 
XneferX: calls $1.50
*** FLOP *** [Td Th Qh]
XneferX: checks 
Mariuoos: bets $1.31
XneferX: calls $1.31
*** TURN *** [Td Th Qh] [7s]
XneferX: checks 
Mariuoos: checks 
*** RIVER *** [Td Th Qh 7s] [9h]
XneferX: bets $5.94
Mariuoos: calls $5.94
*** SHOW DOWN ***
XneferX: shows [Jh 7h] (a flush, Queen high)
Mariuoos: mucks hand 
XneferX collected $19 from pot
*** SUMMARY ***
Total pot $20 | Rake $1 
Board [Td Th Qh 7s 9h]
Seat 5: max7812915
Seat 1: nikalas22 folded before Flop (didn't bet)
Seat 2: Mariuoos mucked
Seat 3: Gfoer (button) folded before Flop (didn't bet)
Seat 4: Joker007r (small blind) folded before Flop
Seat 6: XneferX (big blind) showed [Jh 7h] and won ($19) with a flush, Queen high



PokerStars Hand #254390903163:  Hold'em No Limit ($0.50/$1.00 USD) - 2025/01/15 23:06:39 WET [2025/01/15 18:06:39 ET]
Table 'Scheherezade III' 6-max Seat #4 is the button
Seat 5: max7812915 ($137.34 in chips) is sitting out
Seat 1: nikalas22 ($111.37 in chips) 
Seat 2: Mariuoos ($103.78 in chips) 
Seat 3: Gfoer ($100 in chips) 
Seat 4: Joker007r ($100 in chips) 
Seat 6: XneferX ($132.88 in chips) 
XneferX: posts small blind $0.50
nikalas22: posts big blind $1
*** HOLE CARDS ***
Mariuoos: folds 
Gfoer: folds 
Joker007r: raises $1.50 to $2.50
XneferX: folds 
nikalas22: folds 
Uncalled bet ($1.50) returned to Joker007r
Joker007r collected $2.50 from pot
Joker007r: doesn't show hand 
*** SUMMARY ***
Total pot $2.50 | Rake $0 
Seat 5: max7812915
Seat 1: nikalas22 (big blind) folded before Flop
Seat 2: Mariuoos folded before Flop (didn't bet)
Seat 3: Gfoer folded before Flop (didn't bet)
Seat 4: Joker007r (button) collected ($2.50)
Seat 6: XneferX (small blind) folded before Flop



PokerStars Hand #254390911418:  Hold'em No Limit ($0.50/$1.00 USD) - 2025/01/15 23:07:10 WET [2025/01/15 18:07:10 ET]
Table 'Scheherezade III' 6-max Seat #6 is the button
Seat 5: max7812915 ($137.34 in chips) is sitting out
Seat 1: nikalas22 ($110.37 in chips) 
Seat 2: Mariuoos ($103.78 in chips) 
Seat 3: Gfoer ($100 in chips) 
Seat 4: Joker007r ($101.50 in chips) 
Seat 6: XneferX ($132.38 in chips) 
nikalas22: posts small blind $0.50
Mariuoos: posts big blind $1
*** HOLE CARDS ***
Gfoer: folds 
Joker007r: raises $1.50 to $2.50
XneferX: folds 
nikalas22: folds 
Mariuoos: folds 
Uncalled bet ($1.50) returned to Joker007r
Joker007r collected $2.50 from pot
Joker007r: doesn't show hand 
*** SUMMARY ***
Total pot $2.50 | Rake $0 
Seat 5: max7812915
Seat 1: nikalas22 (small blind) folded before Flop
Seat 2: Mariuoos (big blind) folded before Flop
Seat 3: Gfoer folded before Flop (didn't bet)
Seat 4: Joker007r collected ($2.50)
Seat 6: XneferX (button) folded before Flop (didn't bet)



PokerStars Hand #254390917274:  Hold'em No Limit ($0.50/$1.00 USD) - 2025/01/15 23:07:32 WET [2025/01/15 18:07:32 ET]
Table 'Scheherezade III' 6-max Seat #1 is the button
Seat 3: Gfoer ($100 in chips) is sitting out
Seat 5: max7812915 ($137.34 in chips) is sitting out
Seat 1: nikalas22 ($109.87 in chips) 
Seat 2: Mariuoos ($102.78 in chips) 
Seat 4: Joker007r ($103 in chips) 
Seat 6: XneferX ($132.38 in chips) 
Mariuoos: posts small blind $0.50
Gfoer: is sitting out 
Joker007r: posts big blind $1
*** HOLE CARDS ***
Gfoer leaves the table
XneferX: folds 
nikalas22: folds 
Mariuoos: raises $2 to $3
Joker007r: folds 
Uncalled bet ($2) returned to Mariuoos
Mariuoos collected $2 from pot
Mariuoos: doesn't show hand 
*** SUMMARY ***
Total pot $2 | Rake $0 
Seat 3: Gfoer
Seat 5: max7812915
Seat 1: nikalas22 (button) folded before Flop (didn't bet)
Seat 2: Mariuoos (small blind) collected ($2)
Seat 4: Joker007r (big blind) folded before Flop
Seat 6: XneferX folded before Flop (didn't bet)



PokerStars Hand #254390922067:  Hold'em No Limit ($0.50/$1.00 USD) - 2025/01/15 23:07:49 WET [2025/01/15 18:07:49 ET]
Table 'Scheherezade III' 6-max Seat #2 is the button
Seat 5: max7812915 ($137.34 in chips) is sitting out
Seat 1: nikalas22 ($109.87 in chips) 
Seat 2: Mariuoos ($103.78 in chips) 
Seat 4: Joker007r ($102 in chips) 
Seat 6: XneferX ($132.38 in chips) 
Joker007r: posts small blind $0.50
XneferX: posts big blind $1
*** HOLE CARDS ***
nikalas22: folds 
Mariuoos: folds 
pr0tecto joins the table at seat #3 
Joker007r: raises $2 to $3
XneferX: calls $2
*** FLOP *** [Ah Qs Td]
Joker007r: checks 
XneferX: checks 
*** TURN *** [Ah Qs Td] [7h]
Joker007r: checks 
XneferX: checks 
*** RIVER *** [Ah Qs Td 7h] [8h]
Joker007r: checks 
XneferX: bets $4.39
Joker007r: calls $4.39
*** SHOW DOWN ***
XneferX: shows [8s Ac] (two pair, Aces and Eights)
Joker007r: mucks hand 
XneferX collected $14.04 from pot
*** SUMMARY ***
Total pot $14.78 | Rake $0.74 
Board [Ah Qs Td 7h 8h]
Seat 5: max7812915
Seat 1: nikalas22 folded before Flop (didn't bet)
Seat 2: Mariuoos (button) folded before Flop (didn't bet)
Seat 4: Joker007r (small blind) mucked
Seat 6: XneferX (big blind) showed [8s Ac] and won ($14.04) with two pair, Aces and Eights



PokerStars Hand #254390941310:  Hold'em No Limit ($0.50/$1.00 USD) - 2025/01/15 23:09:02 WET [2025/01/15 18:09:02 ET]
Table 'Scheherezade III' 6-max Seat #4 is the button
Seat 3: pr0tecto ($100 in chips) is sitting out
Seat 5: max7812915 ($137.34 in chips) is sitting out
Seat 1: nikalas22 ($109.87 in chips) 
Seat 2: Mariuoos ($103.78 in chips) 
Seat 4: Joker007r ($100 in chips) 
Seat 6: XneferX ($139.03 in chips) 
XneferX: posts small blind $0.50
nikalas22: posts big blind $1
pr0tecto: sits out 
*** HOLE CARDS ***
Mariuoos: folds 
Joker007r: folds 
XneferX: folds 
Uncalled bet ($0.50) returned to nikalas22
nikalas22 collected $1 from pot
nikalas22: doesn't show hand 
*** SUMMARY ***
Total pot $1 | Rake $0 
Seat 3: pr0tecto
Seat 5: max7812915
Seat 1: nikalas22 (big blind) collected ($1)
Seat 2: Mariuoos folded before Flop (didn't bet)
Seat 4: Joker007r (button) folded before Flop (didn't bet)
Seat 6: XneferX (small blind) folded before Flop



PokerStars Hand #254390943314:  Hold'em No Limit ($0.50/$1.00 USD) - 2025/01/15 23:09:09 WET [2025/01/15 18:09:09 ET]
Table 'Scheherezade III' 6-max Seat #6 is the button
Seat 3: pr0tecto ($100 in chips) is sitting out
Seat 5: max7812915 ($137.34 in chips) is sitting out
Seat 1: nikalas22 ($110.37 in chips) 
Seat 2: Mariuoos ($103.78 in chips) 
Seat 4: Joker007r ($100 in chips) 
Seat 6: XneferX ($138.53 in chips) 
nikalas22: posts small blind $0.50
Mariuoos: posts big blind $1
pr0tecto: sits out 
*** HOLE CARDS ***
Joker007r: folds 
XneferX: raises $1.77 to $2.77
nikalas22: folds 
Mariuoos: folds 
Uncalled bet ($1.77) returned to XneferX
XneferX collected $2.50 from pot
XneferX: doesn't show hand 
*** SUMMARY ***
Total pot $2.50 | Rake $0 
Seat 3: pr0tecto
Seat 5: max7812915
Seat 1: nikalas22 (small blind) folded before Flop
Seat 2: Mariuoos (big blind) folded before Flop
Seat 4: Joker007r folded before Flop (didn't bet)
Seat 6: XneferX (button) collected ($2.50)



PokerStars Hand #254390948331:  Hold'em No Limit ($0.50/$1.00 USD) - 2025/01/15 23:09:28 WET [2025/01/15 18:09:28 ET]
Table 'Scheherezade III' 6-max Seat #1 is the button
Seat 5: max7812915 ($137.34 in chips) is sitting out
Seat 1: nikalas22 ($109.87 in chips) 
Seat 2: Mariuoos ($102.78 in chips) 
Seat 3: pr0tecto ($100 in chips) 
Seat 4: Joker007r ($100 in chips) 
Seat 6: XneferX ($140.03 in chips) 
Mariuoos: posts small blind $0.50
pr0tecto: posts big blind $1
*** HOLE CARDS ***
Joker007r: folds 
XneferX: folds 
nikalas22: raises $1.50 to $2.50
Mariuoos: folds 
pr0tecto: calls $1.50
*** FLOP *** [4s Jc Kh]
pr0tecto: checks 
nikalas22: bets $3.92
pr0tecto: folds 
Uncalled bet ($3.92) returned to nikalas22
nikalas22 collected $5.22 from pot
nikalas22: doesn't show hand 
*** SUMMARY ***
Total pot $5.50 | Rake $0.28 
Board [4s Jc Kh]
Seat 5: max7812915
Seat 1: nikalas22 (button) collected ($5.22)
Seat 2: Mariuoos (small blind) folded before Flop
Seat 3: pr0tecto (big blind) folded on the Flop
Seat 4: Joker007r folded before Flop (didn't bet)
Seat 6: XneferX folded before Flop (didn't bet)



PokerStars Hand #254390956799:  Hold'em No Limit ($0.50/$1.00 USD) - 2025/01/15 23:09:59 WET [2025/01/15 18:09:59 ET]
Table 'Scheherezade III' 6-max Seat #2 is the button
Seat 5: max7812915 ($137.34 in chips) is sitting out
Seat 1: nikalas22 ($112.59 in chips) 
Seat 2: Mariuoos ($102.28 in chips) 
Seat 3: pr0tecto ($100 in chips) 
Seat 4: Joker007r ($100 in chips) 
Seat 6: XneferX ($140.03 in chips) 
pr0tecto: posts small blind $0.50
Joker007r: posts big blind $1
*** HOLE CARDS ***
XneferX: folds 
nikalas22: folds 
Mariuoos: raises $1.50 to $2.50
pr0tecto: folds 
Joker007r: folds 
Uncalled bet ($1.50) returned to Mariuoos
Mariuoos collected $2.50 from pot
Mariuoos: doesn't show hand 
*** SUMMARY ***
Total pot $2.50 | Rake $0 
Seat 5: max7812915
Seat 1: nikalas22 folded before Flop (didn't bet)
Seat 2: Mariuoos (button) collected ($2.50)
Seat 3: pr0tecto (small blind) folded before Flop
Seat 4: Joker007r (big blind) folded before Flop
Seat 6: XneferX folded before Flop (didn't bet)



PokerStars Hand #254390961903:  Hold'em No Limit ($0.50/$1.00 USD) - 2025/01/15 23:10:18 WET [2025/01/15 18:10:18 ET]
Table 'Scheherezade III' 6-max Seat #3 is the button
Seat 5: max7812915 ($137.34 in chips) is sitting out
Seat 1: nikalas22 ($112.59 in chips) 
Seat 2: Mariuoos ($103.78 in chips) 
Seat 3: pr0tecto ($99.50 in chips) 
Seat 4: Joker007r ($100 in chips) 
Seat 6: XneferX ($140.03 in chips) 
Joker007r: posts small blind $0.50
XneferX: posts big blind $1
*** HOLE CARDS ***
nikalas22: folds 
Mariuoos: folds 
pr0tecto: raises $2 to $3
Joker007r: folds 
XneferX: calls $2
*** FLOP *** [Th 8h Qd]
XneferX: checks 
pr0tecto: checks 
*** TURN *** [Th 8h Qd] [Kc]
XneferX: checks 
pr0tecto: checks 
*** RIVER *** [Th 8h Qd Kc] [Jh]
XneferX: bets $7.23
pr0tecto: calls $7.23
*** SHOW DOWN ***
XneferX: shows [4h Qh] (a flush, Queen high)
pr0tecto: mucks hand 
XneferX collected $19.91 from pot
*** SUMMARY ***
Total pot $20.96 | Rake $1.05 
Board [Th 8h Qd Kc Jh]
Seat 5: max7812915
Seat 1: nikalas22 folded before Flop (didn't bet)
Seat 2: Mariuoos folded before Flop (didn't bet)
Seat 3: pr0tecto (button) mucked
Seat 4: Joker007r (small blind) folded before Flop
Seat 6: XneferX (big blind) showed [4h Qh] and won ($19.91) with a flush, Queen high



PokerStars Hand #254390977630:  Hold'em No Limit ($0.50/$1.00 USD) - 2025/01/15 23:11:17 WET [2025/01/15 18:11:17 ET]
Table 'Scheherezade III' 6-max Seat #4 is the button
Seat 5: max7812915 ($137.34 in chips) is sitting out
Seat 1: nikalas22 ($112.59 in chips) 
Seat 2: Mariuoos ($103.78 in chips) 
Seat 3: pr0tecto ($100 in chips) 
Seat 4: Joker007r ($100 in chips) 
Seat 6: XneferX ($149.71 in chips) 
XneferX: posts small blind $0.50
nikalas22: posts big blind $1
*** HOLE CARDS ***
Mariuoos: folds 
pr0tecto: folds 
Joker007r: raises $1.50 to $2.50
XneferX: raises $9.50 to $12
nikalas22: folds 
Joker007r: folds 
Uncalled bet ($9.50) returned to XneferX
XneferX collected $6 from pot
XneferX: doesn't show hand 
*** SUMMARY ***
Total pot $6 | Rake $0 
Seat 5: max7812915
Seat 1: nikalas22 (big blind) folded before Flop
Seat 2: Mariuoos folded before Flop (didn't bet)
Seat 3: pr0tecto folded before Flop (didn't bet)
Seat 4: Joker007r (button) folded before Flop
Seat 6: XneferX (small blind) collected ($6)



PokerStars Hand #254390986223:  Hold'em No Limit ($0.50/$1.00 USD) - 2025/01/15 23:11:50 WET [2025/01/15 18:11:50 ET]
Table 'Scheherezade III' 6-max Seat #6 is the button
Seat 5: max7812915 ($137.34 in chips) is sitting out
Seat 1: nikalas22 ($111.59 in chips) 
Seat 2: Mariuoos ($103.78 in chips) 
Seat 3: pr0tecto ($100 in chips) 
Seat 4: Joker007r ($100 in chips) 
Seat 6: XneferX ($153.21 in chips) 
nikalas22: posts small blind $0.50
Mariuoos: posts big blind $1
*** HOLE CARDS ***
pr0tecto: folds 
Joker007r: folds 
XneferX: folds 
nikalas22: folds 
Uncalled bet ($0.50) returned to Mariuoos
Mariuoos collected $1 from pot
Mariuoos: doesn't show hand 
*** SUMMARY ***
Total pot $1 | Rake $0 
Seat 5: max7812915
Seat 1: nikalas22 (small blind) folded before Flop
Seat 2: Mariuoos (big blind) collected ($1)
Seat 3: pr0tecto folded before Flop (didn't bet)
Seat 4: Joker007r folded before Flop (didn't bet)
Seat 6: XneferX (button) folded before Flop (didn't bet)



PokerStars Hand #254390990755:  Hold'em No Limit ($0.50/$1.00 USD) - 2025/01/15 23:12:07 WET [2025/01/15 18:12:07 ET]
Table 'Scheherezade III' 6-max Seat #1 is the button
Seat 5: max7812915 ($137.34 in chips) is sitting out
Seat 1: nikalas22 ($111.09 in chips) 
Seat 2: Mariuoos ($104.28 in chips) 
Seat 3: pr0tecto ($100 in chips) 
Seat 4: Joker007r ($100 in chips) 
Seat 6: XneferX ($153.21 in chips) 
Mariuoos: posts small blind $0.50
pr0tecto: posts big blind $1
*** HOLE CARDS ***
Joker007r: folds 
XneferX: raises $1.30 to $2.30
nikalas22: folds 
Mariuoos: folds 
pr0tecto: calls $1.30
*** FLOP *** [2d 4c 4s]
pr0tecto: checks 
XneferX: checks 
*** TURN *** [2d 4c 4s] [9c]
pr0tecto: checks 
XneferX: checks 
*** RIVER *** [2d 4c 4s 9c] [7d]
pr0tecto: bets $3.19
max7812915 leaves the table
XneferX: folds 
Uncalled bet ($3.19) returned to pr0tecto
pr0tecto collected $4.84 from pot
pr0tecto: doesn't show hand 
*** SUMMARY ***
Total pot $5.10 | Rake $0.26 
Board [2d 4c 4s 9c 7d]
Seat 5: max7812915
Seat 1: nikalas22 (button) folded before Flop (didn't bet)
Seat 2: Mariuoos (small blind) folded before Flop
Seat 3: pr0tecto (big blind) collected ($4.84)
Seat 4: Joker007r folded before Flop (didn't bet)
Seat 6: XneferX folded on the River



PokerStars Hand #254391006797:  Hold'em No Limit ($0.50/$1.00 USD) - 2025/01/15 23:13:07 WET [2025/01/15 18:13:07 ET]
Table 'Scheherezade III' 6-max Seat #2 is the button
Seat 1: nikalas22 ($111.09 in chips) 
Seat 2: Mariuoos ($103.78 in chips) 
Seat 3: pr0tecto ($102.54 in chips) 
Seat 4: Joker007r ($100 in chips) 
Seat 6: XneferX ($150.91 in chips) 
pr0tecto: posts small blind $0.50
Joker007r: posts big blind $1
*** HOLE CARDS ***
XneferX: folds 
MCMXCXIX joins the table at seat #5 
MCMXCXIX is disconnected 
nikalas22: folds 
Mariuoos: folds 
pr0tecto: raises $1.24 to $2.24
Joker007r: raises $6.76 to $9
pr0tecto: folds 
Uncalled bet ($6.76) returned to Joker007r
Joker007r collected $4.48 from pot
Joker007r: doesn't show hand 
*** SUMMARY ***
Total pot $4.48 | Rake $0 
Seat 1: nikalas22 folded before Flop (didn't bet)
Seat 2: Mariuoos (button) folded before Flop (didn't bet)
Seat 3: pr0tecto (small blind) folded before Flop
Seat 4: Joker007r (big blind) collected ($4.48)
Seat 6: XneferX folded before Flop (didn't bet)



PokerStars Hand #254391391287:  Hold'em No Limit ($0.50/$1.00 USD) - 2025/01/15 23:38:07 WET [2025/01/15 18:38:07 ET]
Table 'Scheherezade III' 6-max Seat #4 is the button
Seat 5: BrandonKelly99 ($0 in chips) is sitting out
Seat 2: Mariuoos ($118.36 in chips) 
Seat 4: Joker007r ($112.36 in chips) 
Joker007r: posts small blind $0.50
Mariuoos: posts big blind $1
*** HOLE CARDS ***
Joker007r: raises $1.50 to $2.50
Mariuoos: folds 
Uncalled bet ($1.50) returned to Joker007r
Joker007r collected $2 from pot
BrandonKelly99 leaves the table
Joker007r: doesn't show hand 
*** SUMMARY ***
Total pot $2 | Rake $0 
Seat 5: BrandonKelly99
Seat 2: Mariuoos (big blind) folded before Flop
Seat 4: Joker007r (button) (small blind) collected ($2)



PokerStars Hand #254391395199:  Hold'em No Limit ($0.50/$1.00 USD) - 2025/01/15 23:38:23 WET [2025/01/15 18:38:23 ET]
Table 'Scheherezade III' 6-max Seat #2 is the button
Seat 2: Mariuoos ($117.36 in chips) 
Seat 4: Joker007r ($113.36 in chips) 
Mariuoos: posts small blind $0.50
Joker007r: posts big blind $1
*** HOLE CARDS ***
Mariuoos: raises $1.50 to $2.50
Joker007r: calls $1.50
*** FLOP *** [6d Jd 8d]
Joker007r: checks 
Mariuoos: bets $1.19
Joker007r: calls $1.19
*** TURN *** [6d Jd 8d] [7c]
Joker007r: checks 
Mariuoos: checks 
*** RIVER *** [6d Jd 8d 7c] [4s]
Joker007r: bets $14
Mariuoos: folds 
Uncalled bet ($14) returned to Joker007r
Joker007r collected $7.01 from pot
Joker007r: doesn't show hand 
*** SUMMARY ***
Total pot $7.38 | Rake $0.37 
Board [6d Jd 8d 7c 4s]
Seat 2: Mariuoos (button) (small blind) folded on the River
Seat 4: Joker007r (big blind) collected ($7.01)



