PokerStars Hand #254389146447:  Hold'em No Limit ($0.50/$1.00 USD) - 2025/01/15 21:24:56 WET [2025/01/15 16:24:56 ET]
Table 'Algoa III' 6-max Seat #3 is the button
Seat 1: camilinho UC ($19 in chips) 
Seat 2: ptolejmus ($10 in chips) 
Seat 3: nastja336 ($100 in chips) 
Seat 5: Manifestorr ($100 in chips) 
Manifestorr: posts small blind $0.50
camilinho UC: posts big blind $1
*** HOLE CARDS ***
ptolejmus: folds 
nastja336: folds 
Manifestorr: folds 
Uncalled bet ($0.50) returned to camilinho UC
camilinho UC collected $1 from pot
camilinho UC: doesn't show hand 
*** SUMMARY ***
Total pot $1 | Rake $0 
Seat 1: camilinho UC (big blind) collected ($1)
Seat 2: ptolejmus folded before Flop (didn't bet)
Seat 3: nastja336 (button) folded before Flop (didn't bet)
Seat 5: Manifestorr (small blind) folded before Flop



PokerStars Hand #254389148861:  Hold'em No Limit ($0.50/$1.00 USD) - 2025/01/15 21:25:03 WET [2025/01/15 16:25:03 ET]
Table 'Algoa III' 6-max Seat #5 is the button
Seat 1: camilinho UC ($19.50 in chips) 
Seat 2: ptolejmus ($10 in chips) 
Seat 3: nastja336 ($100 in chips) 
Seat 5: Manifestorr ($100 in chips) 
camilinho UC: posts small blind $0.50
ptolejmus: posts big blind $1
*** HOLE CARDS ***
nastja336: folds 
Manifestorr: folds 
camilinho UC: calls $0.50
ptolejmus: checks 
*** FLOP *** [9h 8h Ks]
camilinho UC: checks 
ptolejmus: bets $1.50
camilinho UC: folds 
Uncalled bet ($1.50) returned to ptolejmus
ptolejmus collected $1.90 from pot
*** SUMMARY ***
Total pot $2 | Rake $0.10 
Board [9h 8h Ks]
Seat 1: camilinho UC (small blind) folded on the Flop
Seat 2: ptolejmus (big blind) collected ($1.90)
Seat 3: nastja336 folded before Flop (didn't bet)
Seat 5: Manifestorr (button) folded before Flop (didn't bet)



PokerStars Hand #254389158787:  Hold'em No Limit ($0.50/$1.00 USD) - 2025/01/15 21:25:35 WET [2025/01/15 16:25:35 ET]
Table 'Algoa III' 6-max Seat #1 is the button
Seat 1: camilinho UC ($18.50 in chips) 
Seat 2: ptolejmus ($10.90 in chips) 
Seat 3: nastja336 ($100 in chips) 
Seat 5: Manifestorr ($100 in chips) 
ptolejmus: posts small blind $0.50
nastja336: posts big blind $1
*** HOLE CARDS ***
Manifestorr: folds 
camilinho UC: folds 
ptolejmus: raises $1.50 to $2.50
Rdalonso joins the table at seat #4 
BumHuntKing joins the table at seat #6 
nastja336: calls $1.50
*** FLOP *** [9h 5c Qd]
ptolejmus: checks 
nastja336: bets $1.57
ptolejmus: raises $6.83 to $8.40 and is all-in
nastja336: folds 
Uncalled bet ($6.83) returned to ptolejmus
ptolejmus collected $7.73 from pot
*** SUMMARY ***
Total pot $8.14 | Rake $0.41 
Board [9h 5c Qd]
Seat 1: camilinho UC (button) folded before Flop (didn't bet)
Seat 2: ptolejmus (small blind) collected ($7.73)
Seat 3: nastja336 (big blind) folded on the Flop
Seat 5: Manifestorr folded before Flop (didn't bet)



PokerStars Hand #254389177041:  Hold'em No Limit ($0.50/$1.00 USD) - 2025/01/15 21:26:33 WET [2025/01/15 16:26:33 ET]
Table 'Algoa III' 6-max Seat #2 is the button
Seat 6: BumHuntKing ($100 in chips) is sitting out
Seat 1: camilinho UC ($18.50 in chips) 
Seat 2: ptolejmus ($14.56 in chips) 
Seat 3: nastja336 ($100 in chips) 
Seat 4: Rdalonso ($100 in chips) 
Seat 5: Manifestorr ($100 in chips) 
nastja336: posts small blind $0.50
Rdalonso: posts big blind $1
BumHuntKing: sits out 
*** HOLE CARDS ***
Manifestorr: folds 
camilinho UC: folds 
ptolejmus: folds 
nastja336: folds 
Uncalled bet ($0.50) returned to Rdalonso
Rdalonso collected $1 from pot
Rdalonso: doesn't show hand 
*** SUMMARY ***
Total pot $1 | Rake $0 
Seat 6: BumHuntKing
Seat 1: camilinho UC folded before Flop (didn't bet)
Seat 2: ptolejmus (button) folded before Flop (didn't bet)
Seat 3: nastja336 (small blind) folded before Flop
Seat 4: Rdalonso (big blind) collected ($1)
Seat 5: Manifestorr folded before Flop (didn't bet)



PokerStars Hand #254389180761:  Hold'em No Limit ($0.50/$1.00 USD) - 2025/01/15 21:26:45 WET [2025/01/15 16:26:45 ET]
Table 'Algoa III' 6-max Seat #3 is the button
Seat 5: Manifestorr ($100 in chips) is sitting out
Seat 1: camilinho UC ($18.50 in chips) 
Seat 2: ptolejmus ($14.56 in chips) 
Seat 3: nastja336 ($100 in chips) 
Seat 4: Rdalonso ($100.50 in chips) 
Seat 6: BumHuntKing ($100 in chips) 
Rdalonso: posts small blind $0.50
Manifestorr: is sitting out 
BumHuntKing: posts big blind $1
*** HOLE CARDS ***
Manifestorr leaves the table
camilinho UC: folds 
ptolejmus: folds 
nastja336: raises $1.50 to $2.50
Rdalonso: folds 
Mariuoos joins the table at seat #5 
BumHuntKing: folds 
Uncalled bet ($1.50) returned to nastja336
nastja336 collected $2.50 from pot
nastja336: doesn't show hand 
*** SUMMARY ***
Total pot $2.50 | Rake $0 
Seat 5: Manifestorr
Seat 1: camilinho UC folded before Flop (didn't bet)
Seat 2: ptolejmus folded before Flop (didn't bet)
Seat 3: nastja336 (button) collected ($2.50)
Seat 4: Rdalonso (small blind) folded before Flop
Seat 6: BumHuntKing (big blind) folded before Flop



PokerStars Hand #254389186267:  Hold'em No Limit ($0.50/$1.00 USD) - 2025/01/15 21:27:02 WET [2025/01/15 16:27:02 ET]
Table 'Algoa III' 6-max Seat #4 is the button
Seat 5: Mariuoos ($100 in chips) is sitting out
Seat 1: camilinho UC ($18.50 in chips) 
Seat 2: ptolejmus ($14.56 in chips) 
Seat 3: nastja336 ($101.50 in chips) 
Seat 4: Rdalonso ($100 in chips) 
Seat 6: BumHuntKing ($100 in chips) 
BumHuntKing: posts small blind $0.50
camilinho UC: posts big blind $1
*** HOLE CARDS ***
ptolejmus: folds 
nastja336: folds 
Rdalonso: raises $1.50 to $2.50
BumHuntKing: folds 
camilinho UC: folds 
Uncalled bet ($1.50) returned to Rdalonso
Rdalonso collected $2.50 from pot
Rdalonso: doesn't show hand 
*** SUMMARY ***
Total pot $2.50 | Rake $0 
Seat 5: Mariuoos
Seat 1: camilinho UC (big blind) folded before Flop
Seat 2: ptolejmus folded before Flop (didn't bet)
Seat 3: nastja336 folded before Flop (didn't bet)
Seat 4: Rdalonso (button) collected ($2.50)
Seat 6: BumHuntKing (small blind) folded before Flop



PokerStars Hand #254389198546:  Hold'em No Limit ($0.50/$1.00 USD) - 2025/01/15 21:27:41 WET [2025/01/15 16:27:41 ET]
Table 'Algoa III' 6-max Seat #6 is the button
Seat 5: Mariuoos ($100 in chips) is sitting out
Seat 1: camilinho UC ($17.50 in chips) 
Seat 2: ptolejmus ($14.56 in chips) 
Seat 3: nastja336 ($101.50 in chips) 
Seat 4: Rdalonso ($101.50 in chips) 
Seat 6: BumHuntKing ($100 in chips) 
camilinho UC: posts small blind $0.50
ptolejmus: posts big blind $1
Mariuoos: sits out 
*** HOLE CARDS ***
nastja336: raises $1.50 to $2.50
Rdalonso: folds 
BumHuntKing: raises $5 to $7.50
camilinho UC: folds 
ptolejmus: folds 
nastja336: folds 
Uncalled bet ($5) returned to BumHuntKing
BumHuntKing collected $6.50 from pot
BumHuntKing: doesn't show hand 
*** SUMMARY ***
Total pot $6.50 | Rake $0 
Seat 5: Mariuoos
Seat 1: camilinho UC (small blind) folded before Flop
Seat 2: ptolejmus (big blind) folded before Flop
Seat 3: nastja336 folded before Flop
Seat 4: Rdalonso folded before Flop (didn't bet)
Seat 6: BumHuntKing (button) collected ($6.50)



PokerStars Hand #254389207357:  Hold'em No Limit ($0.50/$1.00 USD) - 2025/01/15 21:28:09 WET [2025/01/15 16:28:09 ET]
Table 'Algoa III' 6-max Seat #1 is the button
Seat 3: nastja336 ($100 in chips) is sitting out
Seat 5: Mariuoos ($100 in chips) is sitting out
Seat 1: camilinho UC ($17 in chips) 
Seat 2: ptolejmus ($13.56 in chips) 
Seat 4: Rdalonso ($101.50 in chips) 
Seat 6: BumHuntKing ($104 in chips) 
ptolejmus: posts small blind $0.50
nastja336: is sitting out 
Rdalonso: posts big blind $1
Mariuoos: sits out 
*** HOLE CARDS ***
nastja336 leaves the table
BumHuntKing: folds 
camilinho UC: folds 
ptolejmus: folds 
Uncalled bet ($0.50) returned to Rdalonso
Rdalonso collected $1 from pot
Rdalonso: doesn't show hand 
*** SUMMARY ***
Total pot $1 | Rake $0 
Seat 3: nastja336
Seat 5: Mariuoos
Seat 1: camilinho UC (button) folded before Flop (didn't bet)
Seat 2: ptolejmus (small blind) folded before Flop
Seat 4: Rdalonso (big blind) collected ($1)
Seat 6: BumHuntKing folded before Flop (didn't bet)



PokerStars Hand #254389212734:  Hold'em No Limit ($0.50/$1.00 USD) - 2025/01/15 21:28:26 WET [2025/01/15 16:28:26 ET]
Table 'Algoa III' 6-max Seat #2 is the button
Seat 1: camilinho UC ($17 in chips) 
Seat 2: ptolejmus ($13.06 in chips) 
Seat 4: Rdalonso ($102 in chips) 
Seat 5: Mariuoos ($100 in chips) 
Seat 6: BumHuntKing ($104 in chips) 
Rdalonso: posts small blind $0.50
Mariuoos: posts big blind $1
*** HOLE CARDS ***
BumHuntKing: folds 
camilinho UC: folds 
ptolejmus: folds 
Rdalonso: folds 
Uncalled bet ($0.50) returned to Mariuoos
Mariuoos collected $1 from pot
Mariuoos: doesn't show hand 
*** SUMMARY ***
Total pot $1 | Rake $0 
Seat 1: camilinho UC folded before Flop (didn't bet)
Seat 2: ptolejmus (button) folded before Flop (didn't bet)
Seat 4: Rdalonso (small blind) folded before Flop
Seat 5: Mariuoos (big blind) collected ($1)
Seat 6: BumHuntKing folded before Flop (didn't bet)



PokerStars Hand #254389216591:  Hold'em No Limit ($0.50/$1.00 USD) - 2025/01/15 21:28:38 WET [2025/01/15 16:28:38 ET]
Table 'Algoa III' 6-max Seat #4 is the button
Seat 1: camilinho UC ($17 in chips) 
Seat 2: ptolejmus ($13.06 in chips) 
Seat 4: Rdalonso ($101.50 in chips) 
Seat 5: Mariuoos ($100.50 in chips) 
Seat 6: BumHuntKing ($104 in chips) 
Mariuoos: posts small blind $0.50
BumHuntKing: posts big blind $1
*** HOLE CARDS ***
camilinho UC: folds 
ptolejmus: folds 
Rdalonso: folds 
Mariuoos: folds 
Uncalled bet ($0.50) returned to BumHuntKing
BumHuntKing collected $1 from pot
BumHuntKing: doesn't show hand 
*** SUMMARY ***
Total pot $1 | Rake $0 
Seat 1: camilinho UC folded before Flop (didn't bet)
Seat 2: ptolejmus folded before Flop (didn't bet)
Seat 4: Rdalonso (button) folded before Flop (didn't bet)
Seat 5: Mariuoos (small blind) folded before Flop
Seat 6: BumHuntKing (big blind) collected ($1)



PokerStars Hand #254389303216:  Hold'em No Limit ($0.50/$1.00 USD) - 2025/01/15 21:33:12 WET [2025/01/15 16:33:12 ET]
Table 'Algoa III' 6-max Seat #5 is the button
Seat 3: michel eduardo ($0 in chips) is sitting out
Seat 1: camilinho UC ($20.22 in chips) 
Seat 2: ptolejmus ($13.76 in chips) 
Seat 4: Rdalonso ($180.22 in chips) 
Seat 5: Mariuoos ($100 in chips) 
Seat 6: BumHuntKing ($100.80 in chips) 
BumHuntKing: posts small blind $0.50
camilinho UC: posts big blind $1
*** HOLE CARDS ***
ptolejmus: raises $1 to $2
Rdalonso: folds 
Mariuoos: folds 
michel eduardo leaves the table
BumHuntKing: raises $9 to $11
camilinho UC: folds 
ptolejmus: raises $2.76 to $13.76 and is all-in
BumHuntKing: calls $2.76
BGS013 joins the table at seat #3 
*** FLOP *** [Td Js Tc]
*** TURN *** [Td Js Tc] [Ac]
*** RIVER *** [Td Js Tc Ac] [As]
*** SHOW DOWN ***
BumHuntKing: shows [Ah Kh] (a full house, Aces full of Tens)
ptolejmus: shows [Kd Qd] (a straight, Ten to Ace)
BumHuntKing collected $27.09 from pot
*** SUMMARY ***
Total pot $28.52 | Rake $1.43 
Board [Td Js Tc Ac As]
Seat 3: michel eduardo
Seat 1: camilinho UC (big blind) folded before Flop
Seat 2: ptolejmus showed [Kd Qd] and lost with a straight, Ten to Ace
Seat 4: Rdalonso folded before Flop (didn't bet)
Seat 5: Mariuoos (button) folded before Flop (didn't bet)
Seat 6: BumHuntKing (small blind) showed [Ah Kh] and won ($27.09) with a full house, Aces full of Tens



PokerStars Hand #254389318621:  Hold'em No Limit ($0.50/$1.00 USD) - 2025/01/15 21:34:01 WET [2025/01/15 16:34:01 ET]
Table 'Algoa III' 6-max Seat #6 is the button
Seat 3: BGS013 ($100 in chips) is sitting out
Seat 1: camilinho UC ($19.22 in chips) 
Seat 2: ptolejmus ($10 in chips) 
Seat 4: Rdalonso ($180.22 in chips) 
Seat 5: Mariuoos ($100 in chips) 
Seat 6: BumHuntKing ($114.13 in chips) 
camilinho UC: posts small blind $0.50
ptolejmus: posts big blind $1
BGS013: sits out 
*** HOLE CARDS ***
Rdalonso: folds 
Mariuoos: raises $1 to $2
BumHuntKing: folds 
camilinho UC: folds 
ptolejmus: folds 
Uncalled bet ($1) returned to Mariuoos
Mariuoos collected $2.50 from pot
Mariuoos: doesn't show hand 
*** SUMMARY ***
Total pot $2.50 | Rake $0 
Seat 3: BGS013
Seat 1: camilinho UC (small blind) folded before Flop
Seat 2: ptolejmus (big blind) folded before Flop
Seat 4: Rdalonso folded before Flop (didn't bet)
Seat 5: Mariuoos collected ($2.50)
Seat 6: BumHuntKing (button) folded before Flop (didn't bet)



PokerStars Hand #254389324053:  Hold'em No Limit ($0.50/$1.00 USD) - 2025/01/15 21:34:19 WET [2025/01/15 16:34:19 ET]
Table 'Algoa III' 6-max Seat #1 is the button
Seat 1: camilinho UC ($18.72 in chips) 
Seat 2: ptolejmus ($10 in chips) 
Seat 3: BGS013 ($100 in chips) 
Seat 4: Rdalonso ($180.22 in chips) 
Seat 5: Mariuoos ($101.50 in chips) 
Seat 6: BumHuntKing ($114.13 in chips) 
ptolejmus: posts small blind $0.50
BGS013: posts big blind $1
*** HOLE CARDS ***
Rdalonso: folds 
Mariuoos: folds 
BumHuntKing: raises $1.20 to $2.20
camilinho UC: raises $3.20 to $5.40
ptolejmus: folds 
BGS013: folds 
BumHuntKing: folds 
Uncalled bet ($3.20) returned to camilinho UC
camilinho UC collected $5.90 from pot
camilinho UC: doesn't show hand 
*** SUMMARY ***
Total pot $5.90 | Rake $0 
Seat 1: camilinho UC (button) collected ($5.90)
Seat 2: ptolejmus (small blind) folded before Flop
Seat 3: BGS013 (big blind) folded before Flop
Seat 4: Rdalonso folded before Flop (didn't bet)
Seat 5: Mariuoos folded before Flop (didn't bet)
Seat 6: BumHuntKing folded before Flop



PokerStars Hand #254389331165:  Hold'em No Limit ($0.50/$1.00 USD) - 2025/01/15 21:34:41 WET [2025/01/15 16:34:41 ET]
Table 'Algoa III' 6-max Seat #2 is the button
Seat 1: camilinho UC ($22.42 in chips) 
Seat 2: ptolejmus ($10 in chips) 
Seat 3: BGS013 ($100 in chips) 
Seat 4: Rdalonso ($180.22 in chips) 
Seat 5: Mariuoos ($101.50 in chips) 
Seat 6: BumHuntKing ($111.93 in chips) 
BGS013: posts small blind $0.50
Rdalonso: posts big blind $1
*** HOLE CARDS ***
Mariuoos: folds 
BumHuntKing: raises $1.20 to $2.20
camilinho UC: raises $4.20 to $6.40
ptolejmus: folds 
BGS013: folds 
Rdalonso: folds 
BumHuntKing: folds 
Uncalled bet ($4.20) returned to camilinho UC
camilinho UC collected $5.90 from pot
camilinho UC: doesn't show hand 
*** SUMMARY ***
Total pot $5.90 | Rake $0 
Seat 1: camilinho UC collected ($5.90)
Seat 2: ptolejmus (button) folded before Flop (didn't bet)
Seat 3: BGS013 (small blind) folded before Flop
Seat 4: Rdalonso (big blind) folded before Flop
Seat 5: Mariuoos folded before Flop (didn't bet)
Seat 6: BumHuntKing folded before Flop



PokerStars Hand #254389340078:  Hold'em No Limit ($0.50/$1.00 USD) - 2025/01/15 21:35:10 WET [2025/01/15 16:35:10 ET]
Table 'Algoa III' 6-max Seat #3 is the button
Seat 1: camilinho UC ($26.12 in chips) 
Seat 2: ptolejmus ($10 in chips) 
Seat 3: BGS013 ($100 in chips) 
Seat 4: Rdalonso ($179.22 in chips) 
Seat 5: Mariuoos ($101.50 in chips) 
Seat 6: BumHuntKing ($109.73 in chips) 
Rdalonso: posts small blind $0.50
Mariuoos: posts big blind $1
*** HOLE CARDS ***
BumHuntKing: folds 
camilinho UC: folds 
ptolejmus: raises $1 to $2
BGS013: folds 
Rdalonso: folds 
Mariuoos: folds 
Uncalled bet ($1) returned to ptolejmus
ptolejmus collected $2.50 from pot
*** SUMMARY ***
Total pot $2.50 | Rake $0 
Seat 1: camilinho UC folded before Flop (didn't bet)
Seat 2: ptolejmus collected ($2.50)
Seat 3: BGS013 (button) folded before Flop (didn't bet)
Seat 4: Rdalonso (small blind) folded before Flop
Seat 5: Mariuoos (big blind) folded before Flop
Seat 6: BumHuntKing folded before Flop (didn't bet)



PokerStars Hand #254389346370:  Hold'em No Limit ($0.50/$1.00 USD) - 2025/01/15 21:35:30 WET [2025/01/15 16:35:30 ET]
Table 'Algoa III' 6-max Seat #4 is the button
Seat 1: camilinho UC ($26.12 in chips) 
Seat 2: ptolejmus ($11.50 in chips) 
Seat 3: BGS013 ($100 in chips) 
Seat 4: Rdalonso ($178.72 in chips) 
Seat 5: Mariuoos ($100.50 in chips) 
Seat 6: BumHuntKing ($109.73 in chips) 
Mariuoos: posts small blind $0.50
BumHuntKing: posts big blind $1
*** HOLE CARDS ***
camilinho UC: folds 
ptolejmus: folds 
BGS013: folds 
Rdalonso: folds 
Mariuoos: folds 
Uncalled bet ($0.50) returned to BumHuntKing
BumHuntKing collected $1 from pot
BumHuntKing: doesn't show hand 
*** SUMMARY ***
Total pot $1 | Rake $0 
Seat 1: camilinho UC folded before Flop (didn't bet)
Seat 2: ptolejmus folded before Flop (didn't bet)
Seat 3: BGS013 folded before Flop (didn't bet)
Seat 4: Rdalonso (button) folded before Flop (didn't bet)
Seat 5: Mariuoos (small blind) folded before Flop
Seat 6: BumHuntKing (big blind) collected ($1)



PokerStars Hand #254389354323:  Hold'em No Limit ($0.50/$1.00 USD) - 2025/01/15 21:35:55 WET [2025/01/15 16:35:55 ET]
Table 'Algoa III' 6-max Seat #5 is the button
Seat 1: camilinho UC ($26.12 in chips) 
Seat 2: ptolejmus ($11.50 in chips) 
Seat 3: BGS013 ($100 in chips) 
Seat 4: Rdalonso ($178.72 in chips) 
Seat 5: Mariuoos ($100 in chips) 
Seat 6: BumHuntKing ($110.23 in chips) 
BumHuntKing: posts small blind $0.50
camilinho UC: posts big blind $1
*** HOLE CARDS ***
ptolejmus: folds 
BGS013: folds 
Rdalonso: raises $1.50 to $2.50
Mariuoos: folds 
BumHuntKing: folds 
camilinho UC: folds 
Uncalled bet ($1.50) returned to Rdalonso
Rdalonso collected $2.50 from pot
Rdalonso: doesn't show hand 
*** SUMMARY ***
Total pot $2.50 | Rake $0 
Seat 1: camilinho UC (big blind) folded before Flop
Seat 2: ptolejmus folded before Flop (didn't bet)
Seat 3: BGS013 folded before Flop (didn't bet)
Seat 4: Rdalonso collected ($2.50)
Seat 5: Mariuoos (button) folded before Flop (didn't bet)
Seat 6: BumHuntKing (small blind) folded before Flop



PokerStars Hand #254389359974:  Hold'em No Limit ($0.50/$1.00 USD) - 2025/01/15 21:36:13 WET [2025/01/15 16:36:13 ET]
Table 'Algoa III' 6-max Seat #6 is the button
Seat 1: camilinho UC ($25.12 in chips) 
Seat 2: ptolejmus ($11.50 in chips) 
Seat 3: BGS013 ($100 in chips) 
Seat 4: Rdalonso ($180.22 in chips) 
Seat 5: Mariuoos ($100 in chips) 
Seat 6: BumHuntKing ($109.73 in chips) 
camilinho UC: posts small blind $0.50
ptolejmus: posts big blind $1
*** HOLE CARDS ***
BGS013: folds 
Rdalonso: raises $1.50 to $2.50
Mariuoos: folds 
BumHuntKing: folds 
camilinho UC: calls $2
ptolejmus: folds 
*** FLOP *** [Th Jh Qd]
camilinho UC: checks 
Rdalonso: bets $1.88
camilinho UC: calls $1.88
*** TURN *** [Th Jh Qd] [4h]
camilinho UC: checks 
Rdalonso: checks 
*** RIVER *** [Th Jh Qd 4h] [6s]
camilinho UC: checks 
Rdalonso: bets $6.95
camilinho UC: calls $6.95
*** SHOW DOWN ***
Rdalonso: shows [Qc Ah] (a pair of Queens)
camilinho UC: mucks hand 
Rdalonso collected $22.48 from pot
*** SUMMARY ***
Total pot $23.66 | Rake $1.18 
Board [Th Jh Qd 4h 6s]
Seat 1: camilinho UC (small blind) mucked
Seat 2: ptolejmus (big blind) folded before Flop
Seat 3: BGS013 folded before Flop (didn't bet)
Seat 4: Rdalonso showed [Qc Ah] and won ($22.48) with a pair of Queens
Seat 5: Mariuoos folded before Flop (didn't bet)
Seat 6: BumHuntKing (button) folded before Flop (didn't bet)



PokerStars Hand #254389384758:  Hold'em No Limit ($0.50/$1.00 USD) - 2025/01/15 21:37:33 WET [2025/01/15 16:37:33 ET]
Table 'Algoa III' 6-max Seat #1 is the button
Seat 1: camilinho UC ($13.79 in chips) 
Seat 2: ptolejmus ($10.50 in chips) 
Seat 3: BGS013 ($100 in chips) 
Seat 4: Rdalonso ($191.37 in chips) 
Seat 5: Mariuoos ($100 in chips) 
Seat 6: BumHuntKing ($109.73 in chips) 
ptolejmus: posts small blind $0.50
BGS013: posts big blind $1
*** HOLE CARDS ***
Rdalonso: folds 
Mariuoos: folds 
BumHuntKing: folds 
camilinho UC: folds 
ptolejmus: raises $1 to $2
BGS013: calls $1
*** FLOP *** [Qc Kh Ah]
ptolejmus: bets $1.03
BGS013: folds 
Uncalled bet ($1.03) returned to ptolejmus
ptolejmus collected $3.80 from pot
*** SUMMARY ***
Total pot $4 | Rake $0.20 
Board [Qc Kh Ah]
Seat 1: camilinho UC (button) folded before Flop (didn't bet)
Seat 2: ptolejmus (small blind) collected ($3.80)
Seat 3: BGS013 (big blind) folded on the Flop
Seat 4: Rdalonso folded before Flop (didn't bet)
Seat 5: Mariuoos folded before Flop (didn't bet)
Seat 6: BumHuntKing folded before Flop (didn't bet)



PokerStars Hand #254389395098:  Hold'em No Limit ($0.50/$1.00 USD) - 2025/01/15 21:38:07 WET [2025/01/15 16:38:07 ET]
Table 'Algoa III' 6-max Seat #2 is the button
Seat 1: camilinho UC ($13.79 in chips) 
Seat 2: ptolejmus ($12.30 in chips) 
Seat 3: BGS013 ($100 in chips) 
Seat 4: Rdalonso ($191.37 in chips) 
Seat 5: Mariuoos ($100 in chips) 
Seat 6: BumHuntKing ($109.73 in chips) 
BGS013: posts small blind $0.50
Rdalonso: posts big blind $1
*** HOLE CARDS ***
Mariuoos: folds 
BumHuntKing: raises $1.20 to $2.20
camilinho UC: calls $2.20
ptolejmus: folds 
BGS013: folds 
Rdalonso: folds 
*** FLOP *** [5s 7s Kc]
BumHuntKing: checks 
camilinho UC: checks 
*** TURN *** [5s 7s Kc] [Qc]
BumHuntKing: bets $4.20
camilinho UC: folds 
Uncalled bet ($4.20) returned to BumHuntKing
BumHuntKing collected $5.60 from pot
BumHuntKing: doesn't show hand 
*** SUMMARY ***
Total pot $5.90 | Rake $0.30 
Board [5s 7s Kc Qc]
Seat 1: camilinho UC folded on the Turn
Seat 2: ptolejmus (button) folded before Flop (didn't bet)
Seat 3: BGS013 (small blind) folded before Flop
Seat 4: Rdalonso (big blind) folded before Flop
Seat 5: Mariuoos folded before Flop (didn't bet)
Seat 6: BumHuntKing collected ($5.60)



PokerStars Hand #254389403337:  Hold'em No Limit ($0.50/$1.00 USD) - 2025/01/15 21:38:33 WET [2025/01/15 16:38:33 ET]
Table 'Algoa III' 6-max Seat #3 is the button
Seat 1: camilinho UC ($11.59 in chips) 
Seat 2: ptolejmus ($12.30 in chips) 
Seat 3: BGS013 ($100 in chips) 
Seat 4: Rdalonso ($190.37 in chips) 
Seat 5: Mariuoos ($100 in chips) 
Seat 6: BumHuntKing ($113.13 in chips) 
Rdalonso: posts small blind $0.50
Mariuoos: posts big blind $1
*** HOLE CARDS ***
BumHuntKing: folds 
camilinho UC: folds 
ptolejmus: folds 
BGS013: folds 
Rdalonso: raises $2 to $3
Mariuoos: folds 
Uncalled bet ($2) returned to Rdalonso
Rdalonso collected $2 from pot
Rdalonso: doesn't show hand 
*** SUMMARY ***
Total pot $2 | Rake $0 
Seat 1: camilinho UC folded before Flop (didn't bet)
Seat 2: ptolejmus folded before Flop (didn't bet)
Seat 3: BGS013 (button) folded before Flop (didn't bet)
Seat 4: Rdalonso (small blind) collected ($2)
Seat 5: Mariuoos (big blind) folded before Flop
Seat 6: BumHuntKing folded before Flop (didn't bet)



PokerStars Hand #254389407787:  Hold'em No Limit ($0.50/$1.00 USD) - 2025/01/15 21:38:47 WET [2025/01/15 16:38:47 ET]
Table 'Algoa III' 6-max Seat #4 is the button
Seat 1: camilinho UC ($11.59 in chips) 
Seat 2: ptolejmus ($12.30 in chips) 
Seat 3: BGS013 ($100 in chips) 
Seat 4: Rdalonso ($191.37 in chips) 
Seat 5: Mariuoos ($100 in chips) 
Seat 6: BumHuntKing ($113.13 in chips) 
Mariuoos: posts small blind $0.50
BumHuntKing: posts big blind $1
*** HOLE CARDS ***
camilinho UC has timed out
camilinho UC: folds 
ptolejmus: folds 
BGS013: folds 
Rdalonso: raises $1.50 to $2.50
Mariuoos: raises $8.50 to $11
BumHuntKing: folds 
Rdalonso: folds 
Uncalled bet ($8.50) returned to Mariuoos
Mariuoos collected $6 from pot
Mariuoos: doesn't show hand 
*** SUMMARY ***
Total pot $6 | Rake $0 
Seat 1: camilinho UC folded before Flop (didn't bet)
Seat 2: ptolejmus folded before Flop (didn't bet)
Seat 3: BGS013 folded before Flop (didn't bet)
Seat 4: Rdalonso (button) folded before Flop
Seat 5: Mariuoos (small blind) collected ($6)
Seat 6: BumHuntKing (big blind) folded before Flop



PokerStars Hand #254389417391:  Hold'em No Limit ($0.50/$1.00 USD) - 2025/01/15 21:39:18 WET [2025/01/15 16:39:18 ET]
Table 'Algoa III' 6-max Seat #5 is the button
Seat 1: camilinho UC ($11.59 in chips) 
Seat 2: ptolejmus ($12.30 in chips) 
Seat 3: BGS013 ($100 in chips) 
Seat 4: Rdalonso ($188.87 in chips) 
Seat 5: Mariuoos ($103.50 in chips) 
Seat 6: BumHuntKing ($112.13 in chips) 
BumHuntKing: posts small blind $0.50
camilinho UC: posts big blind $1
*** HOLE CARDS ***
ptolejmus: folds 
BGS013: folds 
Rdalonso: folds 
Mariuoos: folds 
BumHuntKing: raises $2 to $3
camilinho UC: raises $8.59 to $11.59 and is all-in
BumHuntKing: calls $8.59
*** FLOP *** [Kc 8c 9d]
*** TURN *** [Kc 8c 9d] [Qh]
*** RIVER *** [Kc 8c 9d Qh] [3d]
*** SHOW DOWN ***
BumHuntKing: shows [4c 4d] (a pair of Fours)
camilinho UC: shows [Ks 2h] (a pair of Kings)
camilinho UC collected $22.02 from pot
*** SUMMARY ***
Total pot $23.18 | Rake $1.16 
Board [Kc 8c 9d Qh 3d]
Seat 1: camilinho UC (big blind) showed [Ks 2h] and won ($22.02) with a pair of Kings
Seat 2: ptolejmus folded before Flop (didn't bet)
Seat 3: BGS013 folded before Flop (didn't bet)
Seat 4: Rdalonso folded before Flop (didn't bet)
Seat 5: Mariuoos (button) folded before Flop (didn't bet)
Seat 6: BumHuntKing (small blind) showed [4c 4d] and lost with a pair of Fours



PokerStars Hand #254389426703:  Hold'em No Limit ($0.50/$1.00 USD) - 2025/01/15 21:39:48 WET [2025/01/15 16:39:48 ET]
Table 'Algoa III' 6-max Seat #6 is the button
Seat 1: camilinho UC ($22.02 in chips) 
Seat 2: ptolejmus ($12.30 in chips) 
Seat 3: BGS013 ($100 in chips) 
Seat 4: Rdalonso ($188.87 in chips) 
Seat 5: Mariuoos ($103.50 in chips) 
Seat 6: BumHuntKing ($100.54 in chips) 
camilinho UC: posts small blind $0.50
ptolejmus: posts big blind $1
*** HOLE CARDS ***
BGS013: folds 
Rdalonso: folds 
Mariuoos: folds 
BumHuntKing: folds 
camilinho UC: calls $0.50
ptolejmus: raises $3 to $4
camilinho UC: calls $3
*** FLOP *** [2h 8d 5c]
camilinho UC: bets $8.66
ptolejmus: calls $8.30 and is all-in
Uncalled bet ($0.36) returned to camilinho UC
*** TURN *** [2h 8d 5c] [7c]
*** RIVER *** [2h 8d 5c 7c] [3h]
*** SHOW DOWN ***
camilinho UC: shows [4s 3s] (a pair of Threes)
ptolejmus: shows [6c Ac] (high card Ace)
camilinho UC collected $23.37 from pot
*** SUMMARY ***
Total pot $24.60 | Rake $1.23 
Board [2h 8d 5c 7c 3h]
Seat 1: camilinho UC (small blind) showed [4s 3s] and won ($23.37) with a pair of Threes
Seat 2: ptolejmus (big blind) showed [6c Ac] and lost with high card Ace
Seat 3: BGS013 folded before Flop (didn't bet)
Seat 4: Rdalonso folded before Flop (didn't bet)
Seat 5: Mariuoos folded before Flop (didn't bet)
Seat 6: BumHuntKing (button) folded before Flop (didn't bet)



PokerStars Hand #254389447943:  Hold'em No Limit ($0.50/$1.00 USD) - 2025/01/15 21:40:57 WET [2025/01/15 16:40:57 ET]
Table 'Algoa III' 6-max Seat #1 is the button
Seat 1: camilinho UC ($33.09 in chips) 
Seat 2: ptolejmus ($10 in chips) 
Seat 3: BGS013 ($100 in chips) 
Seat 4: Rdalonso ($188.87 in chips) 
Seat 5: Mariuoos ($103.50 in chips) 
Seat 6: BumHuntKing ($100.54 in chips) 
ptolejmus: posts small blind $0.50
BGS013: posts big blind $1
*** HOLE CARDS ***
Rdalonso: folds 
Mariuoos: folds 
BumHuntKing: folds 
camilinho UC: folds 
ptolejmus: folds 
Uncalled bet ($0.50) returned to BGS013
BGS013 collected $1 from pot
BGS013: doesn't show hand 
*** SUMMARY ***
Total pot $1 | Rake $0 
Seat 1: camilinho UC (button) folded before Flop (didn't bet)
Seat 2: ptolejmus (small blind) folded before Flop
Seat 3: BGS013 (big blind) collected ($1)
Seat 4: Rdalonso folded before Flop (didn't bet)
Seat 5: Mariuoos folded before Flop (didn't bet)
Seat 6: BumHuntKing folded before Flop (didn't bet)



PokerStars Hand #254389455781:  Hold'em No Limit ($0.50/$1.00 USD) - 2025/01/15 21:41:22 WET [2025/01/15 16:41:22 ET]
Table 'Algoa III' 6-max Seat #2 is the button
Seat 1: camilinho UC ($33.09 in chips) 
Seat 2: ptolejmus ($10 in chips) 
Seat 3: BGS013 ($100.50 in chips) 
Seat 4: Rdalonso ($188.87 in chips) 
Seat 5: Mariuoos ($103.50 in chips) 
Seat 6: BumHuntKing ($100.54 in chips) 
BGS013: posts small blind $0.50
Rdalonso: posts big blind $1
*** HOLE CARDS ***
Mariuoos: folds 
BumHuntKing: folds 
camilinho UC: raises $1.20 to $2.20
ptolejmus: folds 
BGS013: folds 
Rdalonso: folds 
Uncalled bet ($1.20) returned to camilinho UC
camilinho UC collected $2.50 from pot
camilinho UC: doesn't show hand 
*** SUMMARY ***
Total pot $2.50 | Rake $0 
Seat 1: camilinho UC collected ($2.50)
Seat 2: ptolejmus (button) folded before Flop (didn't bet)
Seat 3: BGS013 (small blind) folded before Flop
Seat 4: Rdalonso (big blind) folded before Flop
Seat 5: Mariuoos folded before Flop (didn't bet)
Seat 6: BumHuntKing folded before Flop (didn't bet)



PokerStars Hand #254389462738:  Hold'em No Limit ($0.50/$1.00 USD) - 2025/01/15 21:41:44 WET [2025/01/15 16:41:44 ET]
Table 'Algoa III' 6-max Seat #3 is the button
Seat 1: camilinho UC ($34.59 in chips) 
Seat 2: ptolejmus ($10 in chips) 
Seat 3: BGS013 ($100 in chips) 
Seat 4: Rdalonso ($187.87 in chips) 
Seat 5: Mariuoos ($103.50 in chips) 
Seat 6: BumHuntKing ($100.54 in chips) 
Rdalonso: posts small blind $0.50
Mariuoos: posts big blind $1
*** HOLE CARDS ***
BumHuntKing: folds 
camilinho UC: folds 
ptolejmus: folds 
BGS013: raises $1.50 to $2.50
Rdalonso: folds 
Mariuoos: folds 
Uncalled bet ($1.50) returned to BGS013
BGS013 collected $2.50 from pot
BGS013: doesn't show hand 
*** SUMMARY ***
Total pot $2.50 | Rake $0 
Seat 1: camilinho UC folded before Flop (didn't bet)
Seat 2: ptolejmus folded before Flop (didn't bet)
Seat 3: BGS013 (button) collected ($2.50)
Seat 4: Rdalonso (small blind) folded before Flop
Seat 5: Mariuoos (big blind) folded before Flop
Seat 6: BumHuntKing folded before Flop (didn't bet)



PokerStars Hand #254389469902:  Hold'em No Limit ($0.50/$1.00 USD) - 2025/01/15 21:42:07 WET [2025/01/15 16:42:07 ET]
Table 'Algoa III' 6-max Seat #4 is the button
Seat 1: camilinho UC ($34.59 in chips) 
Seat 2: ptolejmus ($10 in chips) 
Seat 3: BGS013 ($101.50 in chips) 
Seat 4: Rdalonso ($187.37 in chips) 
Seat 5: Mariuoos ($102.50 in chips) 
Seat 6: BumHuntKing ($100.54 in chips) 
Mariuoos: posts small blind $0.50
BumHuntKing: posts big blind $1
*** HOLE CARDS ***
camilinho UC: folds 
ptolejmus: folds 
BGS013: folds 
Rdalonso: folds 
Mariuoos: folds 
Uncalled bet ($0.50) returned to BumHuntKing
BumHuntKing collected $1 from pot
BumHuntKing: doesn't show hand 
*** SUMMARY ***
Total pot $1 | Rake $0 
Seat 1: camilinho UC folded before Flop (didn't bet)
Seat 2: ptolejmus folded before Flop (didn't bet)
Seat 3: BGS013 folded before Flop (didn't bet)
Seat 4: Rdalonso (button) folded before Flop (didn't bet)
Seat 5: Mariuoos (small blind) folded before Flop
Seat 6: BumHuntKing (big blind) collected ($1)



PokerStars Hand #254389475310:  Hold'em No Limit ($0.50/$1.00 USD) - 2025/01/15 21:42:24 WET [2025/01/15 16:42:24 ET]
Table 'Algoa III' 6-max Seat #5 is the button
Seat 1: camilinho UC ($34.59 in chips) 
Seat 2: ptolejmus ($10 in chips) 
Seat 3: BGS013 ($101.50 in chips) 
Seat 4: Rdalonso ($187.37 in chips) 
Seat 5: Mariuoos ($102 in chips) 
Seat 6: BumHuntKing ($101.04 in chips) 
BumHuntKing: posts small blind $0.50
camilinho UC: posts big blind $1
*** HOLE CARDS ***
ptolejmus: folds 
BGS013: raises $1 to $2
Rdalonso: folds 
Mariuoos: folds 
BumHuntKing: folds 
camilinho UC: folds 
Uncalled bet ($1) returned to BGS013
BGS013 collected $2.50 from pot
BGS013: doesn't show hand 
*** SUMMARY ***
Total pot $2.50 | Rake $0 
Seat 1: camilinho UC (big blind) folded before Flop
Seat 2: ptolejmus folded before Flop (didn't bet)
Seat 3: BGS013 collected ($2.50)
Seat 4: Rdalonso folded before Flop (didn't bet)
Seat 5: Mariuoos (button) folded before Flop (didn't bet)
Seat 6: BumHuntKing (small blind) folded before Flop



PokerStars Hand #254389485250:  Hold'em No Limit ($0.50/$1.00 USD) - 2025/01/15 21:42:56 WET [2025/01/15 16:42:56 ET]
Table 'Algoa III' 6-max Seat #6 is the button
Seat 1: camilinho UC ($33.59 in chips) 
Seat 2: ptolejmus ($10 in chips) 
Seat 3: BGS013 ($103 in chips) 
Seat 4: Rdalonso ($187.37 in chips) 
Seat 5: Mariuoos ($102 in chips) 
Seat 6: BumHuntKing ($100.54 in chips) 
camilinho UC: posts small blind $0.50
ptolejmus: posts big blind $1
*** HOLE CARDS ***
BGS013: folds 
Rdalonso: folds 
Mariuoos: folds 
BumHuntKing: folds 
camilinho UC: raises $32.59 to $33.59 and is all-in
ptolejmus: folds 
Uncalled bet ($32.59) returned to camilinho UC
camilinho UC collected $2 from pot
camilinho UC: doesn't show hand 
*** SUMMARY ***
Total pot $2 | Rake $0 
Seat 1: camilinho UC (small blind) collected ($2)
Seat 2: ptolejmus (big blind) folded before Flop
Seat 3: BGS013 folded before Flop (didn't bet)
Seat 4: Rdalonso folded before Flop (didn't bet)
Seat 5: Mariuoos folded before Flop (didn't bet)
Seat 6: BumHuntKing (button) folded before Flop (didn't bet)



PokerStars Hand #254389491659:  Hold'em No Limit ($0.50/$1.00 USD) - 2025/01/15 21:43:17 WET [2025/01/15 16:43:17 ET]
Table 'Algoa III' 6-max Seat #1 is the button
Seat 1: camilinho UC ($34.59 in chips) 
Seat 2: ptolejmus ($10 in chips) 
Seat 3: BGS013 ($103 in chips) 
Seat 4: Rdalonso ($187.37 in chips) 
Seat 5: Mariuoos ($102 in chips) 
Seat 6: BumHuntKing ($100.54 in chips) 
ptolejmus: posts small blind $0.50
BGS013: posts big blind $1
*** HOLE CARDS ***
Rdalonso: folds 
Mariuoos: folds 
BumHuntKing: folds 
camilinho UC: folds 
ptolejmus: folds 
Uncalled bet ($0.50) returned to BGS013
BGS013 collected $1 from pot
BGS013: doesn't show hand 
*** SUMMARY ***
Total pot $1 | Rake $0 
Seat 1: camilinho UC (button) folded before Flop (didn't bet)
Seat 2: ptolejmus (small blind) folded before Flop
Seat 3: BGS013 (big blind) collected ($1)
Seat 4: Rdalonso folded before Flop (didn't bet)
Seat 5: Mariuoos folded before Flop (didn't bet)
Seat 6: BumHuntKing folded before Flop (didn't bet)



PokerStars Hand #254389497694:  Hold'em No Limit ($0.50/$1.00 USD) - 2025/01/15 21:43:37 WET [2025/01/15 16:43:37 ET]
Table 'Algoa III' 6-max Seat #2 is the button
Seat 1: camilinho UC ($34.59 in chips) 
Seat 2: ptolejmus ($10 in chips) 
Seat 3: BGS013 ($103.50 in chips) 
Seat 4: Rdalonso ($187.37 in chips) 
Seat 5: Mariuoos ($102 in chips) 
Seat 6: BumHuntKing ($100.54 in chips) 
BGS013: posts small blind $0.50
Rdalonso: posts big blind $1
*** HOLE CARDS ***
Mariuoos: folds 
BumHuntKing: folds 
camilinho UC: folds 
ptolejmus: folds 
BGS013: raises $2 to $3
Rdalonso: raises $7 to $10
BGS013: folds 
Uncalled bet ($7) returned to Rdalonso
Rdalonso collected $6 from pot
Rdalonso: doesn't show hand 
*** SUMMARY ***
Total pot $6 | Rake $0 
Seat 1: camilinho UC folded before Flop (didn't bet)
Seat 2: ptolejmus (button) folded before Flop (didn't bet)
Seat 3: BGS013 (small blind) folded before Flop
Seat 4: Rdalonso (big blind) collected ($6)
Seat 5: Mariuoos folded before Flop (didn't bet)
Seat 6: BumHuntKing folded before Flop (didn't bet)



PokerStars Hand #254389507616:  Hold'em No Limit ($0.50/$1.00 USD) - 2025/01/15 21:44:09 WET [2025/01/15 16:44:09 ET]
Table 'Algoa III' 6-max Seat #3 is the button
Seat 1: camilinho UC ($34.59 in chips) 
Seat 2: ptolejmus ($10 in chips) 
Seat 3: BGS013 ($100.50 in chips) 
Seat 4: Rdalonso ($190.37 in chips) 
Seat 5: Mariuoos ($102 in chips) 
Seat 6: BumHuntKing ($100.54 in chips) 
Rdalonso: posts small blind $0.50
Mariuoos: posts big blind $1
*** HOLE CARDS ***
BumHuntKing: folds 
camilinho UC: folds 
ptolejmus: folds 
BGS013: folds 
Rdalonso: raises $2 to $3
Mariuoos: folds 
Uncalled bet ($2) returned to Rdalonso
Rdalonso collected $2 from pot
Rdalonso: doesn't show hand 
*** SUMMARY ***
Total pot $2 | Rake $0 
Seat 1: camilinho UC folded before Flop (didn't bet)
Seat 2: ptolejmus folded before Flop (didn't bet)
Seat 3: BGS013 (button) folded before Flop (didn't bet)
Seat 4: Rdalonso (small blind) collected ($2)
Seat 5: Mariuoos (big blind) folded before Flop
Seat 6: BumHuntKing folded before Flop (didn't bet)



PokerStars Hand #254389516541:  Hold'em No Limit ($0.50/$1.00 USD) - 2025/01/15 21:44:38 WET [2025/01/15 16:44:38 ET]
Table 'Algoa III' 6-max Seat #4 is the button
Seat 1: camilinho UC ($34.59 in chips) 
Seat 2: ptolejmus ($10 in chips) 
Seat 3: BGS013 ($100.50 in chips) 
Seat 4: Rdalonso ($191.37 in chips) 
Seat 5: Mariuoos ($101 in chips) 
Seat 6: BumHuntKing ($100.54 in chips) 
Mariuoos: posts small blind $0.50
BumHuntKing: posts big blind $1
*** HOLE CARDS ***
camilinho UC: folds 
ptolejmus: folds 
BGS013: raises $1.50 to $2.50
Rdalonso: raises $5 to $7.50
Mariuoos: folds 
BumHuntKing: folds 
BGS013: folds 
Uncalled bet ($5) returned to Rdalonso
Rdalonso collected $6.50 from pot
Rdalonso: doesn't show hand 
*** SUMMARY ***
Total pot $6.50 | Rake $0 
Seat 1: camilinho UC folded before Flop (didn't bet)
Seat 2: ptolejmus folded before Flop (didn't bet)
Seat 3: BGS013 folded before Flop
Seat 4: Rdalonso (button) collected ($6.50)
Seat 5: Mariuoos (small blind) folded before Flop
Seat 6: BumHuntKing (big blind) folded before Flop



PokerStars Hand #254389526447:  Hold'em No Limit ($0.50/$1.00 USD) - 2025/01/15 21:45:10 WET [2025/01/15 16:45:10 ET]
Table 'Algoa III' 6-max Seat #5 is the button
Seat 1: camilinho UC ($34.59 in chips) 
Seat 2: ptolejmus ($10 in chips) 
Seat 3: BGS013 ($100 in chips) 
Seat 4: Rdalonso ($195.37 in chips) 
Seat 5: Mariuoos ($100.50 in chips) 
Seat 6: BumHuntKing ($100 in chips) 
BumHuntKing: posts small blind $0.50
camilinho UC: posts big blind $1
*** HOLE CARDS ***
ptolejmus: folds 
BGS013: folds 
Rdalonso: raises $1.50 to $2.50
Mariuoos: calls $2.50
BumHuntKing: folds 
camilinho UC: calls $1.50
*** FLOP *** [2c Th 6h]
camilinho UC: checks 
Rdalonso: checks 
Mariuoos: checks 
*** TURN *** [2c Th 6h] [Ac]
camilinho UC: checks 
Rdalonso: checks 
Mariuoos: checks 
*** RIVER *** [2c Th 6h Ac] [3s]
camilinho UC: checks 
Rdalonso: checks 
Mariuoos: bets $5.09
camilinho UC: folds 
Rdalonso: calls $5.09
*** SHOW DOWN ***
Mariuoos: shows [8s 9s] (high card Ace)
Rdalonso: shows [6s Qs] (a pair of Sixes)
Rdalonso collected $17.27 from pot
*** SUMMARY ***
Total pot $18.18 | Rake $0.91 
Board [2c Th 6h Ac 3s]
Seat 1: camilinho UC (big blind) folded on the River
Seat 2: ptolejmus folded before Flop (didn't bet)
Seat 3: BGS013 folded before Flop (didn't bet)
Seat 4: Rdalonso showed [6s Qs] and won ($17.27) with a pair of Sixes
Seat 5: Mariuoos (button) showed [8s 9s] and lost with high card Ace
Seat 6: BumHuntKing (small blind) folded before Flop



PokerStars Hand #254389555041:  Hold'em No Limit ($0.50/$1.00 USD) - 2025/01/15 21:46:43 WET [2025/01/15 16:46:43 ET]
Table 'Algoa III' 6-max Seat #6 is the button
Seat 1: camilinho UC ($32.09 in chips) 
Seat 2: ptolejmus ($10 in chips) 
Seat 3: BGS013 ($100 in chips) 
Seat 4: Rdalonso ($205.05 in chips) 
Seat 5: Mariuoos ($100 in chips) 
Seat 6: BumHuntKing ($100 in chips) 
camilinho UC: posts small blind $0.50
ptolejmus: posts big blind $1
*** HOLE CARDS ***
BGS013: folds 
Rdalonso: folds 
Mariuoos: folds 
BumHuntKing: folds 
camilinho UC: folds 
Uncalled bet ($0.50) returned to ptolejmus
ptolejmus collected $1 from pot
*** SUMMARY ***
Total pot $1 | Rake $0 
Seat 1: camilinho UC (small blind) folded before Flop
Seat 2: ptolejmus (big blind) collected ($1)
Seat 3: BGS013 folded before Flop (didn't bet)
Seat 4: Rdalonso folded before Flop (didn't bet)
Seat 5: Mariuoos folded before Flop (didn't bet)
Seat 6: BumHuntKing (button) folded before Flop (didn't bet)



PokerStars Hand #254389558526:  Hold'em No Limit ($0.50/$1.00 USD) - 2025/01/15 21:46:54 WET [2025/01/15 16:46:54 ET]
Table 'Algoa III' 6-max Seat #1 is the button
Seat 1: camilinho UC ($31.59 in chips) 
Seat 2: ptolejmus ($10.50 in chips) 
Seat 3: BGS013 ($100 in chips) 
Seat 4: Rdalonso ($205.05 in chips) 
Seat 5: Mariuoos ($100 in chips) 
Seat 6: BumHuntKing ($100 in chips) 
ptolejmus: posts small blind $0.50
BGS013: posts big blind $1
*** HOLE CARDS ***
Rdalonso: folds 
Mariuoos: raises $1 to $2
BumHuntKing: folds 
camilinho UC: raises $4 to $6
ptolejmus: folds 
BGS013: folds 
Mariuoos: calls $4
*** FLOP *** [4h 8c Qh]
Mariuoos: checks 
camilinho UC: bets $5.87
Mariuoos: calls $5.87
*** TURN *** [4h 8c Qh] [7s]
Mariuoos: checks 
camilinho UC: checks 
*** RIVER *** [4h 8c Qh 7s] [6d]
Mariuoos: bets $88.13 and is all-in
camilinho UC: folds 
Uncalled bet ($88.13) returned to Mariuoos
Mariuoos collected $23.98 from pot
Mariuoos: doesn't show hand 
*** SUMMARY ***
Total pot $25.24 | Rake $1.26 
Board [4h 8c Qh 7s 6d]
Seat 1: camilinho UC (button) folded on the River
Seat 2: ptolejmus (small blind) folded before Flop
Seat 3: BGS013 (big blind) folded before Flop
Seat 4: Rdalonso folded before Flop (didn't bet)
Seat 5: Mariuoos collected ($23.98)
Seat 6: BumHuntKing folded before Flop (didn't bet)



PokerStars Hand #254389582188:  Hold'em No Limit ($0.50/$1.00 USD) - 2025/01/15 21:48:12 WET [2025/01/15 16:48:12 ET]
Table 'Algoa III' 6-max Seat #2 is the button
Seat 1: camilinho UC ($19.72 in chips) 
Seat 2: ptolejmus ($10 in chips) 
Seat 3: BGS013 ($100 in chips) 
Seat 4: Rdalonso ($205.05 in chips) 
Seat 5: Mariuoos ($112.11 in chips) 
Seat 6: BumHuntKing ($100 in chips) 
BGS013: posts small blind $0.50
Rdalonso: posts big blind $1
*** HOLE CARDS ***
Mariuoos: folds 
BumHuntKing: raises $1.20 to $2.20
camilinho UC: folds 
ptolejmus: folds 
BGS013: folds 
Rdalonso: folds 
Uncalled bet ($1.20) returned to BumHuntKing
BumHuntKing collected $2.50 from pot
BumHuntKing: doesn't show hand 
*** SUMMARY ***
Total pot $2.50 | Rake $0 
Seat 1: camilinho UC folded before Flop (didn't bet)
Seat 2: ptolejmus (button) folded before Flop (didn't bet)
Seat 3: BGS013 (small blind) folded before Flop
Seat 4: Rdalonso (big blind) folded before Flop
Seat 5: Mariuoos folded before Flop (didn't bet)
Seat 6: BumHuntKing collected ($2.50)



PokerStars Hand #254389589260:  Hold'em No Limit ($0.50/$1.00 USD) - 2025/01/15 21:48:35 WET [2025/01/15 16:48:35 ET]
Table 'Algoa III' 6-max Seat #3 is the button
Seat 1: camilinho UC ($19.72 in chips) 
Seat 2: ptolejmus ($10 in chips) 
Seat 3: BGS013 ($100 in chips) 
Seat 4: Rdalonso ($204.05 in chips) 
Seat 5: Mariuoos ($112.11 in chips) 
Seat 6: BumHuntKing ($101.50 in chips) 
Rdalonso: posts small blind $0.50
Mariuoos: posts big blind $1
*** HOLE CARDS ***
BumHuntKing: raises $1.20 to $2.20
camilinho UC: folds 
ptolejmus: raises $7.80 to $10 and is all-in
BGS013: folds 
Rdalonso: folds 
Mariuoos: folds 
BumHuntKing: calls $7.80
*** FLOP *** [Kc 8c Ac]
*** TURN *** [Kc 8c Ac] [Th]
*** RIVER *** [Kc 8c Ac Th] [Js]
*** SHOW DOWN ***
BumHuntKing: shows [As Qd] (a straight, Ten to Ace)
ptolejmus: shows [4d 4h] (a pair of Fours)
ptolejmus cashed out the hand for $10.74 | Cash Out Fee $0.22
BumHuntKing cashed out the hand for $9.27 | Cash Out Fee $0.19
*** SUMMARY ***
Total pot $21.50 | Rake $1.08 
Board [Kc 8c Ac Th Js]
Seat 1: camilinho UC folded before Flop (didn't bet)
Seat 2: ptolejmus showed [4d 4h] and lost with a pair of Fours (cashed out).
Seat 3: BGS013 (button) folded before Flop (didn't bet)
Seat 4: Rdalonso (small blind) folded before Flop
Seat 5: Mariuoos (big blind) folded before Flop
Seat 6: BumHuntKing showed [As Qd] and won ($20.42) with a straight, Ten to Ace (pot not awarded as player cashed out)



PokerStars Hand #254389600730:  Hold'em No Limit ($0.50/$1.00 USD) - 2025/01/15 21:49:13 WET [2025/01/15 16:49:13 ET]
Table 'Algoa III' 6-max Seat #4 is the button
Seat 1: camilinho UC ($19.72 in chips) 
Seat 2: ptolejmus ($10.74 in chips) 
Seat 3: BGS013 ($100 in chips) 
Seat 4: Rdalonso ($203.55 in chips) 
Seat 5: Mariuoos ($111.11 in chips) 
Seat 6: BumHuntKing ($100.77 in chips) 
Mariuoos: posts small blind $0.50
BumHuntKing: posts big blind $1
*** HOLE CARDS ***
camilinho UC: folds 
ptolejmus: folds 
BGS013: raises $1.50 to $2.50
Rdalonso: folds 
Mariuoos: folds 
BumHuntKing: folds 
Uncalled bet ($1.50) returned to BGS013
BGS013 collected $2.50 from pot
BGS013: doesn't show hand 
*** SUMMARY ***
Total pot $2.50 | Rake $0 
Seat 1: camilinho UC folded before Flop (didn't bet)
Seat 2: ptolejmus folded before Flop (didn't bet)
Seat 3: BGS013 collected ($2.50)
Seat 4: Rdalonso (button) folded before Flop (didn't bet)
Seat 5: Mariuoos (small blind) folded before Flop
Seat 6: BumHuntKing (big blind) folded before Flop



PokerStars Hand #254389605656:  Hold'em No Limit ($0.50/$1.00 USD) - 2025/01/15 21:49:29 WET [2025/01/15 16:49:29 ET]
Table 'Algoa III' 6-max Seat #5 is the button
Seat 1: camilinho UC ($19.72 in chips) 
Seat 2: ptolejmus ($10.74 in chips) 
Seat 3: BGS013 ($101.50 in chips) 
Seat 4: Rdalonso ($203.55 in chips) 
Seat 5: Mariuoos ($110.61 in chips) 
Seat 6: BumHuntKing ($100 in chips) 
BumHuntKing: posts small blind $0.50
camilinho UC: posts big blind $1
*** HOLE CARDS ***
ptolejmus: raises $1 to $2
BGS013: folds 
Rdalonso: folds 
Mariuoos: folds 
BumHuntKing: folds 
camilinho UC: calls $1
*** FLOP *** [Qc 9h 8h]
camilinho UC: checks 
ptolejmus: checks 
*** TURN *** [Qc 9h 8h] [Kd]
camilinho UC: checks 
ptolejmus: checks 
*** RIVER *** [Qc 9h 8h Kd] [8s]
camilinho UC: bets $2.14
ptolejmus: calls $2.14
*** SHOW DOWN ***
camilinho UC: shows [Qd 7s] (two pair, Queens and Eights)
ptolejmus: mucks hand 
camilinho UC collected $8.34 from pot
*** SUMMARY ***
Total pot $8.78 | Rake $0.44 
Board [Qc 9h 8h Kd 8s]
Seat 1: camilinho UC (big blind) showed [Qd 7s] and won ($8.34) with two pair, Queens and Eights
Seat 2: ptolejmus mucked
Seat 3: BGS013 folded before Flop (didn't bet)
Seat 4: Rdalonso folded before Flop (didn't bet)
Seat 5: Mariuoos (button) folded before Flop (didn't bet)
Seat 6: BumHuntKing (small blind) folded before Flop



PokerStars Hand #254389627316:  Hold'em No Limit ($0.50/$1.00 USD) - 2025/01/15 21:50:41 WET [2025/01/15 16:50:41 ET]
Table 'Algoa III' 6-max Seat #6 is the button
Seat 1: camilinho UC ($23.92 in chips) 
Seat 2: ptolejmus ($10 in chips) 
Seat 3: BGS013 ($101.50 in chips) 
Seat 4: Rdalonso ($203.55 in chips) 
Seat 5: Mariuoos ($110.61 in chips) 
Seat 6: BumHuntKing ($100 in chips) 
camilinho UC: posts small blind $0.50
ptolejmus: posts big blind $1
*** HOLE CARDS ***
BGS013: folds 
Rdalonso: folds 
Mariuoos: folds 
BumHuntKing: folds 
camilinho UC: calls $0.50
ptolejmus: raises $9 to $10 and is all-in
camilinho UC: folds 
Uncalled bet ($9) returned to ptolejmus
ptolejmus collected $2 from pot
*** SUMMARY ***
Total pot $2 | Rake $0 
Seat 1: camilinho UC (small blind) folded before Flop
Seat 2: ptolejmus (big blind) collected ($2)
Seat 3: BGS013 folded before Flop (didn't bet)
Seat 4: Rdalonso folded before Flop (didn't bet)
Seat 5: Mariuoos folded before Flop (didn't bet)
Seat 6: BumHuntKing (button) folded before Flop (didn't bet)



PokerStars Hand #254389632837:  Hold'em No Limit ($0.50/$1.00 USD) - 2025/01/15 21:50:59 WET [2025/01/15 16:50:59 ET]
Table 'Algoa III' 6-max Seat #1 is the button
Seat 1: camilinho UC ($22.92 in chips) 
Seat 2: ptolejmus ($11 in chips) 
Seat 3: BGS013 ($101.50 in chips) 
Seat 4: Rdalonso ($203.55 in chips) 
Seat 5: Mariuoos ($110.61 in chips) 
Seat 6: BumHuntKing ($100 in chips) 
ptolejmus: posts small blind $0.50
BGS013: posts big blind $1
*** HOLE CARDS ***
Rdalonso: raises $1.50 to $2.50
Mariuoos: folds 
BumHuntKing: raises $5 to $7.50
camilinho UC: folds 
ptolejmus: folds 
BGS013: folds 
Rdalonso: folds 
Uncalled bet ($5) returned to BumHuntKing
BumHuntKing collected $6.50 from pot
BumHuntKing: doesn't show hand 
*** SUMMARY ***
Total pot $6.50 | Rake $0 
Seat 1: camilinho UC (button) folded before Flop (didn't bet)
Seat 2: ptolejmus (small blind) folded before Flop
Seat 3: BGS013 (big blind) folded before Flop
Seat 4: Rdalonso folded before Flop
Seat 5: Mariuoos folded before Flop (didn't bet)
Seat 6: BumHuntKing collected ($6.50)



PokerStars Hand #254389638375:  Hold'em No Limit ($0.50/$1.00 USD) - 2025/01/15 21:51:18 WET [2025/01/15 16:51:18 ET]
Table 'Algoa III' 6-max Seat #2 is the button
Seat 1: camilinho UC ($22.92 in chips) 
Seat 2: ptolejmus ($10.50 in chips) 
Seat 3: BGS013 ($100.50 in chips) 
Seat 4: Rdalonso ($201.05 in chips) 
Seat 5: Mariuoos ($110.61 in chips) 
Seat 6: BumHuntKing ($104 in chips) 
BGS013: posts small blind $0.50
Rdalonso: posts big blind $1
*** HOLE CARDS ***
Mariuoos: raises $1 to $2
BumHuntKing: folds 
camilinho UC: folds 
ptolejmus: raises $8.50 to $10.50 and is all-in
BGS013: folds 
Rdalonso: folds 
Mariuoos: folds 
Uncalled bet ($8.50) returned to ptolejmus
ptolejmus collected $5.50 from pot
*** SUMMARY ***
Total pot $5.50 | Rake $0 
Seat 1: camilinho UC folded before Flop (didn't bet)
Seat 2: ptolejmus (button) collected ($5.50)
Seat 3: BGS013 (small blind) folded before Flop
Seat 4: Rdalonso (big blind) folded before Flop
Seat 5: Mariuoos folded before Flop
Seat 6: BumHuntKing folded before Flop (didn't bet)



PokerStars Hand #254389644880:  Hold'em No Limit ($0.50/$1.00 USD) - 2025/01/15 21:51:39 WET [2025/01/15 16:51:39 ET]
Table 'Algoa III' 6-max Seat #3 is the button
Seat 1: camilinho UC ($22.92 in chips) 
Seat 2: ptolejmus ($14 in chips) 
Seat 3: BGS013 ($100 in chips) 
Seat 4: Rdalonso ($200.05 in chips) 
Seat 5: Mariuoos ($108.61 in chips) 
Seat 6: BumHuntKing ($104 in chips) 
Rdalonso: posts small blind $0.50
Mariuoos: posts big blind $1
*** HOLE CARDS ***
BumHuntKing: raises $1.20 to $2.20
camilinho UC: folds 
ptolejmus: folds 
BGS013: folds 
Rdalonso: folds 
Mariuoos: folds 
Uncalled bet ($1.20) returned to BumHuntKing
BumHuntKing collected $2.50 from pot
BumHuntKing: doesn't show hand 
*** SUMMARY ***
Total pot $2.50 | Rake $0 
Seat 1: camilinho UC folded before Flop (didn't bet)
Seat 2: ptolejmus folded before Flop (didn't bet)
Seat 3: BGS013 (button) folded before Flop (didn't bet)
Seat 4: Rdalonso (small blind) folded before Flop
Seat 5: Mariuoos (big blind) folded before Flop
Seat 6: BumHuntKing collected ($2.50)



PokerStars Hand #254389649347:  Hold'em No Limit ($0.50/$1.00 USD) - 2025/01/15 21:51:54 WET [2025/01/15 16:51:54 ET]
Table 'Algoa III' 6-max Seat #4 is the button
Seat 1: camilinho UC ($22.92 in chips) 
Seat 2: ptolejmus ($14 in chips) 
Seat 3: BGS013 ($100 in chips) 
Seat 4: Rdalonso ($199.55 in chips) 
Seat 5: Mariuoos ($107.61 in chips) 
Seat 6: BumHuntKing ($105.50 in chips) 
Mariuoos: posts small blind $0.50
BumHuntKing: posts big blind $1
*** HOLE CARDS ***
camilinho UC: raises $1 to $2
ptolejmus: folds 
BGS013: folds 
Rdalonso: folds 
Mariuoos: folds 
BumHuntKing: folds 
Uncalled bet ($1) returned to camilinho UC
camilinho UC collected $2.50 from pot
*** SUMMARY ***
Total pot $2.50 | Rake $0 
Seat 1: camilinho UC collected ($2.50)
Seat 2: ptolejmus folded before Flop (didn't bet)
Seat 3: BGS013 folded before Flop (didn't bet)
Seat 4: Rdalonso (button) folded before Flop (didn't bet)
Seat 5: Mariuoos (small blind) folded before Flop
Seat 6: BumHuntKing (big blind) folded before Flop



PokerStars Hand #254389658063:  Hold'em No Limit ($0.50/$1.00 USD) - 2025/01/15 21:52:22 WET [2025/01/15 16:52:22 ET]
Table 'Algoa III' 6-max Seat #5 is the button
Seat 1: camilinho UC ($24.42 in chips) 
Seat 2: ptolejmus ($14 in chips) 
Seat 3: BGS013 ($100 in chips) 
Seat 4: Rdalonso ($199.55 in chips) 
Seat 5: Mariuoos ($107.11 in chips) 
Seat 6: BumHuntKing ($104.50 in chips) 
BumHuntKing: posts small blind $0.50
camilinho UC: posts big blind $1
*** HOLE CARDS ***
ptolejmus: folds 
BGS013: folds 
Rdalonso: raises $1.50 to $2.50
Mariuoos: folds 
BumHuntKing: folds 
camilinho UC: folds 
Uncalled bet ($1.50) returned to Rdalonso
Rdalonso collected $2.50 from pot
Rdalonso: doesn't show hand 
*** SUMMARY ***
Total pot $2.50 | Rake $0 
Seat 1: camilinho UC (big blind) folded before Flop
Seat 2: ptolejmus folded before Flop (didn't bet)
Seat 3: BGS013 folded before Flop (didn't bet)
Seat 4: Rdalonso collected ($2.50)
Seat 5: Mariuoos (button) folded before Flop (didn't bet)
Seat 6: BumHuntKing (small blind) folded before Flop



PokerStars Hand #254389665051:  Hold'em No Limit ($0.50/$1.00 USD) - 2025/01/15 21:52:45 WET [2025/01/15 16:52:45 ET]
Table 'Algoa III' 6-max Seat #6 is the button
Seat 1: camilinho UC ($23.42 in chips) 
Seat 2: ptolejmus ($14 in chips) 
Seat 3: BGS013 ($100 in chips) 
Seat 4: Rdalonso ($201.05 in chips) 
Seat 5: Mariuoos ($107.11 in chips) 
Seat 6: BumHuntKing ($104 in chips) 
camilinho UC: posts small blind $0.50
ptolejmus: posts big blind $1
*** HOLE CARDS ***
BGS013: folds 
Rdalonso: folds 
Mariuoos: folds 
BumHuntKing: raises $1.50 to $2.50
camilinho UC: folds 
ptolejmus: calls $1.50
*** FLOP *** [Td Jd 5c]
ptolejmus: checks 
BumHuntKing: bets $1.72
ptolejmus: calls $1.72
*** TURN *** [Td Jd 5c] [6s]
ptolejmus: checks 
BumHuntKing: bets $12.73
ptolejmus: calls $9.78 and is all-in
Uncalled bet ($2.95) returned to BumHuntKing
*** RIVER *** [Td Jd 5c 6s] [7c]
*** SHOW DOWN ***
ptolejmus: shows [5d 7d] (two pair, Sevens and Fives)
BumHuntKing: shows [Ks 9s] (high card King)
ptolejmus collected $27.08 from pot
BumHuntKing cashed out the hand for $4.21 | Cash Out Fee $0.09
*** SUMMARY ***
Total pot $28.50 | Rake $1.42 
Board [Td Jd 5c 6s 7c]
Seat 1: camilinho UC (small blind) folded before Flop
Seat 2: ptolejmus (big blind) showed [5d 7d] and won ($27.08) with two pair, Sevens and Fives
Seat 3: BGS013 folded before Flop (didn't bet)
Seat 4: Rdalonso folded before Flop (didn't bet)
Seat 5: Mariuoos folded before Flop (didn't bet)
Seat 6: BumHuntKing (button) showed [Ks 9s] and lost with high card King (cashed out).



PokerStars Hand #254389685660:  Hold'em No Limit ($0.50/$1.00 USD) - 2025/01/15 21:53:55 WET [2025/01/15 16:53:55 ET]
Table 'Algoa III' 6-max Seat #1 is the button
Seat 1: camilinho UC ($22.92 in chips) 
Seat 2: ptolejmus ($27.08 in chips) 
Seat 3: BGS013 ($100 in chips) 
Seat 4: Rdalonso ($201.05 in chips) 
Seat 5: Mariuoos ($107.11 in chips) 
Seat 6: BumHuntKing ($100 in chips) 
ptolejmus: posts small blind $0.50
BGS013: posts big blind $1
*** HOLE CARDS ***
Rdalonso: raises $1.50 to $2.50
Mariuoos: folds 
BumHuntKing: folds 
camilinho UC: folds 
ptolejmus: folds 
BGS013: folds 
Uncalled bet ($1.50) returned to Rdalonso
Rdalonso collected $2.50 from pot
Rdalonso: doesn't show hand 
*** SUMMARY ***
Total pot $2.50 | Rake $0 
Seat 1: camilinho UC (button) folded before Flop (didn't bet)
Seat 2: ptolejmus (small blind) folded before Flop
Seat 3: BGS013 (big blind) folded before Flop
Seat 4: Rdalonso collected ($2.50)
Seat 5: Mariuoos folded before Flop (didn't bet)
Seat 6: BumHuntKing folded before Flop (didn't bet)



PokerStars Hand #254389694884:  Hold'em No Limit ($0.50/$1.00 USD) - 2025/01/15 21:54:26 WET [2025/01/15 16:54:26 ET]
Table 'Algoa III' 6-max Seat #2 is the button
Seat 1: camilinho UC ($22.92 in chips) 
Seat 2: ptolejmus ($26.58 in chips) 
Seat 3: BGS013 ($100 in chips) 
Seat 4: Rdalonso ($202.55 in chips) 
Seat 5: Mariuoos ($107.11 in chips) 
Seat 6: BumHuntKing ($100 in chips) 
BGS013: posts small blind $0.50
Rdalonso: posts big blind $1
*** HOLE CARDS ***
Mariuoos: folds 
BumHuntKing: folds 
camilinho UC: folds 
ptolejmus: folds 
BGS013: folds 
Uncalled bet ($0.50) returned to Rdalonso
Rdalonso collected $1 from pot
Rdalonso: doesn't show hand 
*** SUMMARY ***
Total pot $1 | Rake $0 
Seat 1: camilinho UC folded before Flop (didn't bet)
Seat 2: ptolejmus (button) folded before Flop (didn't bet)
Seat 3: BGS013 (small blind) folded before Flop
Seat 4: Rdalonso (big blind) collected ($1)
Seat 5: Mariuoos folded before Flop (didn't bet)
Seat 6: BumHuntKing folded before Flop (didn't bet)



PokerStars Hand #254389701419:  Hold'em No Limit ($0.50/$1.00 USD) - 2025/01/15 21:54:48 WET [2025/01/15 16:54:48 ET]
Table 'Algoa III' 6-max Seat #3 is the button
Seat 1: camilinho UC ($22.92 in chips) 
Seat 2: ptolejmus ($26.58 in chips) 
Seat 3: BGS013 ($100 in chips) 
Seat 4: Rdalonso ($203.05 in chips) 
Seat 5: Mariuoos ($107.11 in chips) 
Seat 6: BumHuntKing ($100 in chips) 
Rdalonso: posts small blind $0.50
Mariuoos: posts big blind $1
*** HOLE CARDS ***
BumHuntKing: raises $1.20 to $2.20
camilinho UC: folds 
ptolejmus: folds 
BGS013: folds 
Rdalonso: folds 
Mariuoos: raises $8.80 to $11
BumHuntKing: folds 
Uncalled bet ($8.80) returned to Mariuoos
Mariuoos collected $4.90 from pot
Mariuoos: doesn't show hand 
*** SUMMARY ***
Total pot $4.90 | Rake $0 
Seat 1: camilinho UC folded before Flop (didn't bet)
Seat 2: ptolejmus folded before Flop (didn't bet)
Seat 3: BGS013 (button) folded before Flop (didn't bet)
Seat 4: Rdalonso (small blind) folded before Flop
Seat 5: Mariuoos (big blind) collected ($4.90)
Seat 6: BumHuntKing folded before Flop



PokerStars Hand #254389711130:  Hold'em No Limit ($0.50/$1.00 USD) - 2025/01/15 21:55:24 WET [2025/01/15 16:55:24 ET]
Table 'Algoa III' 6-max Seat #4 is the button
Seat 1: camilinho UC ($22.92 in chips) 
Seat 2: ptolejmus ($26.58 in chips) 
Seat 3: BGS013 ($100 in chips) 
Seat 4: Rdalonso ($202.55 in chips) 
Seat 5: Mariuoos ($109.81 in chips) 
Seat 6: BumHuntKing ($100 in chips) 
Mariuoos: posts small blind $0.50
BumHuntKing: posts big blind $1
*** HOLE CARDS ***
camilinho UC: folds 
ptolejmus: folds 
BGS013: folds 
Rdalonso: raises $1.50 to $2.50
Mariuoos: folds 
BumHuntKing: calls $1.50
*** FLOP *** [Qc Qd As]
BumHuntKing: checks 
Rdalonso: bets $1.72
BumHuntKing: folds 
Uncalled bet ($1.72) returned to Rdalonso
Rdalonso collected $5.22 from pot
Rdalonso: doesn't show hand 
*** SUMMARY ***
Total pot $5.50 | Rake $0.28 
Board [Qc Qd As]
Seat 1: camilinho UC folded before Flop (didn't bet)
Seat 2: ptolejmus folded before Flop (didn't bet)
Seat 3: BGS013 folded before Flop (didn't bet)
Seat 4: Rdalonso (button) collected ($5.22)
Seat 5: Mariuoos (small blind) folded before Flop
Seat 6: BumHuntKing (big blind) folded on the Flop



PokerStars Hand #254389719417:  Hold'em No Limit ($0.50/$1.00 USD) - 2025/01/15 21:56:02 WET [2025/01/15 16:56:02 ET]
Table 'Algoa III' 6-max Seat #5 is the button
Seat 1: camilinho UC ($22.92 in chips) 
Seat 2: ptolejmus ($26.58 in chips) 
Seat 3: BGS013 ($100 in chips) 
Seat 4: Rdalonso ($205.27 in chips) 
Seat 5: Mariuoos ($109.31 in chips) 
Seat 6: BumHuntKing ($100 in chips) 
BumHuntKing: posts small blind $0.50
camilinho UC: posts big blind $1
*** HOLE CARDS ***
ptolejmus: folds 
BGS013: folds 
Rdalonso: folds 
Mariuoos: raises $1.50 to $2.50
BumHuntKing: folds 
camilinho UC: raises $20.42 to $22.92 and is all-in
Mariuoos: folds 
Uncalled bet ($20.42) returned to camilinho UC
camilinho UC collected $5.50 from pot
camilinho UC: doesn't show hand 
*** SUMMARY ***
Total pot $5.50 | Rake $0 
Seat 1: camilinho UC (big blind) collected ($5.50)
Seat 2: ptolejmus folded before Flop (didn't bet)
Seat 3: BGS013 folded before Flop (didn't bet)
Seat 4: Rdalonso folded before Flop (didn't bet)
Seat 5: Mariuoos (button) folded before Flop
Seat 6: BumHuntKing (small blind) folded before Flop



PokerStars Hand #254389726059:  Hold'em No Limit ($0.50/$1.00 USD) - 2025/01/15 21:56:33 WET [2025/01/15 16:56:33 ET]
Table 'Algoa III' 6-max Seat #6 is the button
Seat 1: camilinho UC ($25.92 in chips) 
Seat 2: ptolejmus ($26.58 in chips) 
Seat 3: BGS013 ($100 in chips) 
Seat 4: Rdalonso ($205.27 in chips) 
Seat 5: Mariuoos ($106.81 in chips) 
Seat 6: BumHuntKing ($100 in chips) 
camilinho UC: posts small blind $0.50
ptolejmus: posts big blind $1
*** HOLE CARDS ***
BGS013: folds 
Rdalonso: folds 
Mariuoos: folds 
BumHuntKing: raises $1 to $2
camilinho UC: folds 
ptolejmus: raises $24.58 to $26.58 and is all-in
BumHuntKing: folds 
Uncalled bet ($24.58) returned to ptolejmus
ptolejmus collected $4.50 from pot
*** SUMMARY ***
Total pot $4.50 | Rake $0 
Seat 1: camilinho UC (small blind) folded before Flop
Seat 2: ptolejmus (big blind) collected ($4.50)
Seat 3: BGS013 folded before Flop (didn't bet)
Seat 4: Rdalonso folded before Flop (didn't bet)
Seat 5: Mariuoos folded before Flop (didn't bet)
Seat 6: BumHuntKing (button) folded before Flop



PokerStars Hand #254389732753:  Hold'em No Limit ($0.50/$1.00 USD) - 2025/01/15 21:57:03 WET [2025/01/15 16:57:03 ET]
Table 'Algoa III' 6-max Seat #1 is the button
Seat 1: camilinho UC ($25.42 in chips) 
Seat 2: ptolejmus ($29.08 in chips) 
Seat 3: BGS013 ($100 in chips) 
Seat 4: Rdalonso ($205.27 in chips) 
Seat 5: Mariuoos ($106.81 in chips) 
Seat 6: BumHuntKing ($100 in chips) 
ptolejmus: posts small blind $0.50
BGS013: posts big blind $1
*** HOLE CARDS ***
Rdalonso: raises $1.50 to $2.50
Mariuoos: folds 
BumHuntKing: folds 
camilinho UC: folds 
ptolejmus: folds 
BGS013: calls $1.50
*** FLOP *** [Js 5h Td]
BGS013: checks 
Rdalonso: bets $1.72
BGS013: folds 
Uncalled bet ($1.72) returned to Rdalonso
Rdalonso collected $5.22 from pot
Rdalonso: doesn't show hand 
*** SUMMARY ***
Total pot $5.50 | Rake $0.28 
Board [Js 5h Td]
Seat 1: camilinho UC (button) folded before Flop (didn't bet)
Seat 2: ptolejmus (small blind) folded before Flop
Seat 3: BGS013 (big blind) folded on the Flop
Seat 4: Rdalonso collected ($5.22)
Seat 5: Mariuoos folded before Flop (didn't bet)
Seat 6: BumHuntKing folded before Flop (didn't bet)



PokerStars Hand #254389740194:  Hold'em No Limit ($0.50/$1.00 USD) - 2025/01/15 21:57:36 WET [2025/01/15 16:57:36 ET]
Table 'Algoa III' 6-max Seat #2 is the button
Seat 1: camilinho UC ($25.42 in chips) 
Seat 2: ptolejmus ($28.58 in chips) 
Seat 3: BGS013 ($100 in chips) 
Seat 4: Rdalonso ($207.99 in chips) 
Seat 5: Mariuoos ($106.81 in chips) 
Seat 6: BumHuntKing ($100 in chips) 
BGS013: posts small blind $0.50
Rdalonso: posts big blind $1
*** HOLE CARDS ***
Mariuoos: raises $1 to $2
BumHuntKing: folds 
camilinho UC: folds 
ptolejmus: folds 
BGS013: folds 
Rdalonso: folds 
Uncalled bet ($1) returned to Mariuoos
Mariuoos collected $2.50 from pot
Mariuoos: doesn't show hand 
*** SUMMARY ***
Total pot $2.50 | Rake $0 
Seat 1: camilinho UC folded before Flop (didn't bet)
Seat 2: ptolejmus (button) folded before Flop (didn't bet)
Seat 3: BGS013 (small blind) folded before Flop
Seat 4: Rdalonso (big blind) folded before Flop
Seat 5: Mariuoos collected ($2.50)
Seat 6: BumHuntKing folded before Flop (didn't bet)



PokerStars Hand #254389743704:  Hold'em No Limit ($0.50/$1.00 USD) - 2025/01/15 21:57:52 WET [2025/01/15 16:57:52 ET]
Table 'Algoa III' 6-max Seat #3 is the button
Seat 1: camilinho UC ($25.42 in chips) 
Seat 2: ptolejmus ($28.58 in chips) 
Seat 3: BGS013 ($100 in chips) 
Seat 4: Rdalonso ($206.99 in chips) 
Seat 5: Mariuoos ($108.31 in chips) 
Seat 6: BumHuntKing ($100 in chips) 
Rdalonso: posts small blind $0.50
Mariuoos: posts big blind $1
*** HOLE CARDS ***
BumHuntKing: folds 
camilinho UC: raises $1.50 to $2.50
ptolejmus: folds 
BGS013: folds 
Rdalonso: folds 
Mariuoos: folds 
Uncalled bet ($1.50) returned to camilinho UC
camilinho UC collected $2.50 from pot
camilinho UC: doesn't show hand 
*** SUMMARY ***
Total pot $2.50 | Rake $0 
Seat 1: camilinho UC collected ($2.50)
Seat 2: ptolejmus folded before Flop (didn't bet)
Seat 3: BGS013 (button) folded before Flop (didn't bet)
Seat 4: Rdalonso (small blind) folded before Flop
Seat 5: Mariuoos (big blind) folded before Flop
Seat 6: BumHuntKing folded before Flop (didn't bet)



PokerStars Hand #254389747441:  Hold'em No Limit ($0.50/$1.00 USD) - 2025/01/15 21:58:09 WET [2025/01/15 16:58:09 ET]
Table 'Algoa III' 6-max Seat #4 is the button
Seat 1: camilinho UC ($26.92 in chips) 
Seat 2: ptolejmus ($28.58 in chips) 
Seat 3: BGS013 ($100 in chips) 
Seat 4: Rdalonso ($206.49 in chips) 
Seat 5: Mariuoos ($107.31 in chips) 
Seat 6: BumHuntKing ($100 in chips) 
Mariuoos: posts small blind $0.50
BumHuntKing: posts big blind $1
*** HOLE CARDS ***
camilinho UC: folds 
ptolejmus: folds 
BGS013: folds 
Rdalonso: folds 
Mariuoos: raises $2 to $3
BumHuntKing: calls $2
*** FLOP *** [5c 3h 4d]
Mariuoos: checks 
BumHuntKing: checks 
*** TURN *** [5c 3h 4d] [2c]
Mariuoos: bets $3.82
BumHuntKing: calls $3.82
*** RIVER *** [5c 3h 4d 2c] [6h]
Mariuoos: bets $26
BumHuntKing: folds 
Uncalled bet ($26) returned to Mariuoos
Mariuoos collected $12.96 from pot
Mariuoos: doesn't show hand 
*** SUMMARY ***
Total pot $13.64 | Rake $0.68 
Board [5c 3h 4d 2c 6h]
Seat 1: camilinho UC folded before Flop (didn't bet)
Seat 2: ptolejmus folded before Flop (didn't bet)
Seat 3: BGS013 folded before Flop (didn't bet)
Seat 4: Rdalonso (button) folded before Flop (didn't bet)
Seat 5: Mariuoos (small blind) collected ($12.96)
Seat 6: BumHuntKing (big blind) folded on the River



PokerStars Hand #254389772639:  Hold'em No Limit ($0.50/$1.00 USD) - 2025/01/15 22:00:01 WET [2025/01/15 17:00:01 ET]
Table 'Algoa III' 6-max Seat #5 is the button
Seat 1: camilinho UC ($26.92 in chips) 
Seat 2: ptolejmus ($28.58 in chips) 
Seat 3: BGS013 ($100 in chips) 
Seat 4: Rdalonso ($206.49 in chips) 
Seat 5: Mariuoos ($113.45 in chips) 
Seat 6: BumHuntKing ($100 in chips) 
BumHuntKing: posts small blind $0.50
camilinho UC: posts big blind $1
*** HOLE CARDS ***
ptolejmus: raises $1 to $2
BGS013: raises $5 to $7
Rdalonso: folds 
Mariuoos: folds 
BumHuntKing: folds 
camilinho UC: folds 
ptolejmus: folds 
Uncalled bet ($5) returned to BGS013
BGS013 collected $5.50 from pot
BGS013: doesn't show hand 
*** SUMMARY ***
Total pot $5.50 | Rake $0 
Seat 1: camilinho UC (big blind) folded before Flop
Seat 2: ptolejmus folded before Flop
Seat 3: BGS013 collected ($5.50)
Seat 4: Rdalonso folded before Flop (didn't bet)
Seat 5: Mariuoos (button) folded before Flop (didn't bet)
Seat 6: BumHuntKing (small blind) folded before Flop



PokerStars Hand #254389782084:  Hold'em No Limit ($0.50/$1.00 USD) - 2025/01/15 22:00:41 WET [2025/01/15 17:00:41 ET]
Table 'Algoa III' 6-max Seat #6 is the button
Seat 1: camilinho UC ($25.92 in chips) 
Seat 2: ptolejmus ($26.58 in chips) 
Seat 3: BGS013 ($103.50 in chips) 
Seat 4: Rdalonso ($206.49 in chips) 
Seat 5: Mariuoos ($113.45 in chips) 
Seat 6: BumHuntKing ($100 in chips) 
camilinho UC: posts small blind $0.50
ptolejmus: posts big blind $1
*** HOLE CARDS ***
BGS013: folds 
Rdalonso: folds 
Mariuoos: folds 
BumHuntKing: folds 
camilinho UC: raises $1.50 to $2.50
ptolejmus: calls $1.50
*** FLOP *** [Ad 4s Qh]
camilinho UC: bets $1.81
ptolejmus: folds 
Uncalled bet ($1.81) returned to camilinho UC
camilinho UC collected $4.75 from pot
camilinho UC: doesn't show hand 
*** SUMMARY ***
Total pot $5 | Rake $0.25 
Board [Ad 4s Qh]
Seat 1: camilinho UC (small blind) collected ($4.75)
Seat 2: ptolejmus (big blind) folded on the Flop
Seat 3: BGS013 folded before Flop (didn't bet)
Seat 4: Rdalonso folded before Flop (didn't bet)
Seat 5: Mariuoos folded before Flop (didn't bet)
Seat 6: BumHuntKing (button) folded before Flop (didn't bet)



PokerStars Hand #254389791631:  Hold'em No Limit ($0.50/$1.00 USD) - 2025/01/15 22:01:19 WET [2025/01/15 17:01:19 ET]
Table 'Algoa III' 6-max Seat #1 is the button
Seat 1: camilinho UC ($28.17 in chips) 
Seat 2: ptolejmus ($24.08 in chips) 
Seat 3: BGS013 ($103.50 in chips) 
Seat 4: Rdalonso ($206.49 in chips) 
Seat 5: Mariuoos ($113.45 in chips) 
Seat 6: BumHuntKing ($100 in chips) 
ptolejmus: posts small blind $0.50
BGS013: posts big blind $1
*** HOLE CARDS ***
Rdalonso: raises $1.50 to $2.50
Mariuoos: folds 
BumHuntKing: folds 
camilinho UC: calls $2.50
ptolejmus: folds 
BGS013: folds 
*** FLOP *** [9s 2s 8d]
Rdalonso: bets $2.04
camilinho UC: calls $2.04
*** TURN *** [9s 2s 8d] [5h]
Rdalonso: bets $6.63
camilinho UC: raises $17 to $23.63 and is all-in
Rdalonso: calls $17
*** RIVER *** [9s 2s 8d 5h] [8h]
*** SHOW DOWN ***
Rdalonso: shows [9c 9d] (a full house, Nines full of Eights)
camilinho UC: shows [3h 3d] (two pair, Eights and Threes)
Rdalonso collected $55.34 from pot
*** SUMMARY ***
Total pot $57.84 | Rake $2.50 
Board [9s 2s 8d 5h 8h]
Seat 1: camilinho UC (button) showed [3h 3d] and lost with two pair, Eights and Threes
Seat 2: ptolejmus (small blind) folded before Flop
Seat 3: BGS013 (big blind) folded before Flop
Seat 4: Rdalonso showed [9c 9d] and won ($55.34) with a full house, Nines full of Eights
Seat 5: Mariuoos folded before Flop (didn't bet)
Seat 6: BumHuntKing folded before Flop (didn't bet)



PokerStars Hand #254389810190:  Hold'em No Limit ($0.50/$1.00 USD) - 2025/01/15 22:02:24 WET [2025/01/15 17:02:24 ET]
Table 'Algoa III' 6-max Seat #2 is the button
Seat 1: camilinho UC ($0 in chips) is sitting out
Seat 2: ptolejmus ($23.58 in chips) 
Seat 3: BGS013 ($102.50 in chips) 
Seat 4: Rdalonso ($233.66 in chips) 
Seat 5: Mariuoos ($113.45 in chips) 
Seat 6: BumHuntKing ($100 in chips) 
BGS013: posts small blind $0.50
Rdalonso: posts big blind $1
*** HOLE CARDS ***
Mariuoos: folds 
BumHuntKing: raises $1.20 to $2.20
ptolejmus: folds 
BGS013: folds 
Rdalonso: folds 
Uncalled bet ($1.20) returned to BumHuntKing
BumHuntKing collected $2.50 from pot
BumHuntKing: doesn't show hand 
*** SUMMARY ***
Total pot $2.50 | Rake $0 
Seat 1: camilinho UC
Seat 2: ptolejmus (button) folded before Flop (didn't bet)
Seat 3: BGS013 (small blind) folded before Flop
Seat 4: Rdalonso (big blind) folded before Flop
Seat 5: Mariuoos folded before Flop (didn't bet)
Seat 6: BumHuntKing collected ($2.50)



PokerStars Hand #254389815051:  Hold'em No Limit ($0.50/$1.00 USD) - 2025/01/15 22:02:40 WET [2025/01/15 17:02:40 ET]
Table 'Algoa III' 6-max Seat #3 is the button
Seat 1: camilinho UC ($0 in chips) is sitting out
Seat 2: ptolejmus ($23.58 in chips) 
Seat 3: BGS013 ($102 in chips) 
Seat 4: Rdalonso ($232.66 in chips) 
Seat 5: Mariuoos ($113.45 in chips) 
Seat 6: BumHuntKing ($101.50 in chips) 
Rdalonso: posts small blind $0.50
Mariuoos: posts big blind $1
*** HOLE CARDS ***
BumHuntKing: folds 
ptolejmus: folds 
BGS013: folds 
Rdalonso: folds 
Uncalled bet ($0.50) returned to Mariuoos
Mariuoos collected $1 from pot
Mariuoos: doesn't show hand 
*** SUMMARY ***
Total pot $1 | Rake $0 
Seat 1: camilinho UC
Seat 2: ptolejmus folded before Flop (didn't bet)
Seat 3: BGS013 (button) folded before Flop (didn't bet)
Seat 4: Rdalonso (small blind) folded before Flop
Seat 5: Mariuoos (big blind) collected ($1)
Seat 6: BumHuntKing folded before Flop (didn't bet)



PokerStars Hand #254389818732:  Hold'em No Limit ($0.50/$1.00 USD) - 2025/01/15 22:02:52 WET [2025/01/15 17:02:52 ET]
Table 'Algoa III' 6-max Seat #4 is the button
Seat 1: camilinho UC ($0 in chips) is sitting out
Seat 2: ptolejmus ($23.58 in chips) 
Seat 3: BGS013 ($102 in chips) 
Seat 4: Rdalonso ($232.16 in chips) 
Seat 5: Mariuoos ($113.95 in chips) 
Seat 6: BumHuntKing ($101.50 in chips) 
Mariuoos: posts small blind $0.50
BumHuntKing: posts big blind $1
*** HOLE CARDS ***
ptolejmus: folds 
BGS013: folds 
Rdalonso: raises $1.50 to $2.50
Mariuoos: raises $8.50 to $11
BumHuntKing: folds 
Rdalonso: calls $8.50
*** FLOP *** [6c 3d 4s]
Mariuoos: checks 
Rdalonso: bets $7.21
Mariuoos: calls $7.21
*** TURN *** [6c 3d 4s] [Ts]
Mariuoos: checks 
camilinho UC leaves the table
Rdalonso: bets $23.46
numapu_33 joins the table at seat #1 
Mariuoos: folds 
Uncalled bet ($23.46) returned to Rdalonso
Rdalonso collected $35.55 from pot
Rdalonso: doesn't show hand 
*** SUMMARY ***
Total pot $37.42 | Rake $1.87 
Board [6c 3d 4s Ts]
Seat 1: camilinho UC
Seat 2: ptolejmus folded before Flop (didn't bet)
Seat 3: BGS013 folded before Flop (didn't bet)
Seat 4: Rdalonso (button) collected ($35.55)
Seat 5: Mariuoos (small blind) folded on the Turn
Seat 6: BumHuntKing (big blind) folded before Flop



PokerStars Hand #254389854835:  Hold'em No Limit ($0.50/$1.00 USD) - 2025/01/15 22:04:51 WET [2025/01/15 17:04:51 ET]
Table 'Algoa III' 6-max Seat #5 is the button
Seat 1: numapu_33 ($100 in chips) 
Seat 2: ptolejmus ($23.58 in chips) 
Seat 3: BGS013 ($102 in chips) 
Seat 4: Rdalonso ($249.50 in chips) 
Seat 5: Mariuoos ($100 in chips) 
Seat 6: BumHuntKing ($100.50 in chips) 
BumHuntKing: posts small blind $0.50
numapu_33: posts big blind $1
*** HOLE CARDS ***
ptolejmus: folds 
BGS013: raises $1 to $2
ptolejmus leaves the table
Rdalonso: folds 
Mariuoos: raises $5 to $7
BumHuntKing: folds 
numapu_33: folds 
BGS013: folds 
Uncalled bet ($5) returned to Mariuoos
Mariuoos collected $5.50 from pot
Mariuoos: doesn't show hand 
*** SUMMARY ***
Total pot $5.50 | Rake $0 
Seat 1: numapu_33 (big blind) folded before Flop
Seat 2: ptolejmus folded before Flop (didn't bet)
Seat 3: BGS013 folded before Flop
Seat 4: Rdalonso folded before Flop (didn't bet)
Seat 5: Mariuoos (button) collected ($5.50)
Seat 6: BumHuntKing (small blind) folded before Flop



PokerStars Hand #254389864437:  Hold'em No Limit ($0.50/$1.00 USD) - 2025/01/15 22:05:23 WET [2025/01/15 17:05:23 ET]
Table 'Algoa III' 6-max Seat #6 is the button
Seat 1: numapu_33 ($100 in chips) 
Seat 3: BGS013 ($100 in chips) 
Seat 4: Rdalonso ($249.50 in chips) 
Seat 5: Mariuoos ($103.50 in chips) 
Seat 6: BumHuntKing ($100 in chips) 
numapu_33: posts small blind $0.50
BGS013: posts big blind $1
*** HOLE CARDS ***
Rdalonso: folds 
Mariuoos: folds 
BumHuntKing: folds 
numapu_33: raises $2 to $3
BGS013: raises $6.50 to $9.50
numapu_33: folds 
Uncalled bet ($6.50) returned to BGS013
BGS013 collected $6 from pot
BGS013: doesn't show hand 
*** SUMMARY ***
Total pot $6 | Rake $0 
Seat 1: numapu_33 (small blind) folded before Flop
Seat 3: BGS013 (big blind) collected ($6)
Seat 4: Rdalonso folded before Flop (didn't bet)
Seat 5: Mariuoos folded before Flop (didn't bet)
Seat 6: BumHuntKing (button) folded before Flop (didn't bet)



PokerStars Hand #254389872193:  Hold'em No Limit ($0.50/$1.00 USD) - 2025/01/15 22:05:48 WET [2025/01/15 17:05:48 ET]
Table 'Algoa III' 6-max Seat #1 is the button
Seat 4: Rdalonso ($249.50 in chips) is sitting out
Seat 1: numapu_33 ($100 in chips) 
Seat 3: BGS013 ($103 in chips) 
Seat 5: Mariuoos ($103.50 in chips) 
Seat 6: BumHuntKing ($100 in chips) 
BGS013: posts small blind $0.50
Rdalonso: is sitting out 
Mariuoos: posts big blind $1
*** HOLE CARDS ***
GuigaMan joins the table at seat #2 
BumHuntKing: folds 
Rdalonso leaves the table
numapu_33: raises $1.50 to $2.50
BGS013: folds 
Mariuoos: folds 
Uncalled bet ($1.50) returned to numapu_33
numapu_33 collected $2.50 from pot
numapu_33: doesn't show hand 
*** SUMMARY ***
Total pot $2.50 | Rake $0 
Seat 4: Rdalonso
Seat 1: numapu_33 (button) collected ($2.50)
Seat 3: BGS013 (small blind) folded before Flop
Seat 5: Mariuoos (big blind) folded before Flop
Seat 6: BumHuntKing folded before Flop (didn't bet)



PokerStars Hand #254389875621:  Hold'em No Limit ($0.50/$1.00 USD) - 2025/01/15 22:05:59 WET [2025/01/15 17:05:59 ET]
Table 'Algoa III' 6-max Seat #3 is the button
Seat 2: GuigaMan ($100 in chips) is sitting out
Seat 1: numapu_33 ($101.50 in chips) 
Seat 3: BGS013 ($102.50 in chips) 
Seat 5: Mariuoos ($102.50 in chips) 
Seat 6: BumHuntKing ($100 in chips) 
Mariuoos: posts small blind $0.50
BumHuntKing: posts big blind $1
GuigaMan: sits out 
*** HOLE CARDS ***
numapu_33: folds 
BGS013: folds 
Mariuoos: raises $2 to $3
BumHuntKing: folds 
Uncalled bet ($2) returned to Mariuoos
Mariuoos collected $2 from pot
Mariuoos: doesn't show hand 
*** SUMMARY ***
Total pot $2 | Rake $0 
Seat 2: GuigaMan
Seat 1: numapu_33 folded before Flop (didn't bet)
Seat 3: BGS013 (button) folded before Flop (didn't bet)
Seat 5: Mariuoos (small blind) collected ($2)
Seat 6: BumHuntKing (big blind) folded before Flop



PokerStars Hand #254389880102:  Hold'em No Limit ($0.50/$1.00 USD) - 2025/01/15 22:06:14 WET [2025/01/15 17:06:14 ET]
Table 'Algoa III' 6-max Seat #5 is the button
Seat 2: GuigaMan ($100 in chips) is sitting out
Seat 1: numapu_33 ($101.50 in chips) 
Seat 3: BGS013 ($102.50 in chips) 
Seat 5: Mariuoos ($103.50 in chips) 
Seat 6: BumHuntKing ($100 in chips) 
BumHuntKing: posts small blind $0.50
numapu_33: posts big blind $1
GuigaMan: sits out 
*** HOLE CARDS ***
BGS013: raises $1.50 to $2.50
Mariuoos: folds 
BumHuntKing: folds 
numapu_33: folds 
Uncalled bet ($1.50) returned to BGS013
BGS013 collected $2.50 from pot
BGS013: doesn't show hand 
*** SUMMARY ***
Total pot $2.50 | Rake $0 
Seat 2: GuigaMan
Seat 1: numapu_33 (big blind) folded before Flop
Seat 3: BGS013 collected ($2.50)
Seat 5: Mariuoos (button) folded before Flop (didn't bet)
Seat 6: BumHuntKing (small blind) folded before Flop



PokerStars Hand #254389885676:  Hold'em No Limit ($0.50/$1.00 USD) - 2025/01/15 22:06:32 WET [2025/01/15 17:06:32 ET]
Table 'Algoa III' 6-max Seat #6 is the button
Seat 1: numapu_33 ($100.50 in chips) 
Seat 2: GuigaMan ($100 in chips) 
Seat 3: BGS013 ($104 in chips) 
Seat 5: Mariuoos ($103.50 in chips) 
Seat 6: BumHuntKing ($100 in chips) 
numapu_33: posts small blind $0.50
GuigaMan: posts big blind $1
*** HOLE CARDS ***
BGS013: folds 
Mariuoos: raises $1 to $2
BumHuntKing: folds 
numapu_33: folds 
GuigaMan: folds 
Uncalled bet ($1) returned to Mariuoos
Mariuoos collected $2.50 from pot
Mariuoos: doesn't show hand 
*** SUMMARY ***
Total pot $2.50 | Rake $0 
Seat 1: numapu_33 (small blind) folded before Flop
Seat 2: GuigaMan (big blind) folded before Flop
Seat 3: BGS013 folded before Flop (didn't bet)
Seat 5: Mariuoos collected ($2.50)
Seat 6: BumHuntKing (button) folded before Flop (didn't bet)



PokerStars Hand #254389891162:  Hold'em No Limit ($0.50/$1.00 USD) - 2025/01/15 22:06:50 WET [2025/01/15 17:06:50 ET]
Table 'Algoa III' 6-max Seat #1 is the button
Seat 1: numapu_33 ($100 in chips) 
Seat 2: GuigaMan ($100 in chips) 
Seat 3: BGS013 ($104 in chips) 
Seat 5: Mariuoos ($105 in chips) 
Seat 6: BumHuntKing ($100 in chips) 
GuigaMan: posts small blind $0.50
BGS013: posts big blind $1
*** HOLE CARDS ***
Mariuoos: folds 
BumHuntKing: folds 
numapu_33: folds 
GuigaMan: raises $2 to $3
BGS013: folds 
Uncalled bet ($2) returned to GuigaMan
GuigaMan collected $2 from pot
*** SUMMARY ***
Total pot $2 | Rake $0 
Seat 1: numapu_33 (button) folded before Flop (didn't bet)
Seat 2: GuigaMan (small blind) collected ($2)
Seat 3: BGS013 (big blind) folded before Flop
Seat 5: Mariuoos folded before Flop (didn't bet)
Seat 6: BumHuntKing folded before Flop (didn't bet)



PokerStars Hand #254389896536:  Hold'em No Limit ($0.50/$1.00 USD) - 2025/01/15 22:07:07 WET [2025/01/15 17:07:07 ET]
Table 'Algoa III' 6-max Seat #2 is the button
Seat 1: numapu_33 ($100 in chips) 
Seat 2: GuigaMan ($101 in chips) 
Seat 3: BGS013 ($103 in chips) 
Seat 5: Mariuoos ($105 in chips) 
Seat 6: BumHuntKing ($100 in chips) 
BGS013: posts small blind $0.50
Mariuoos: posts big blind $1
*** HOLE CARDS ***
BumHuntKing: folds 
numapu_33: folds 
GuigaMan: folds 
BGS013: folds 
Uncalled bet ($0.50) returned to Mariuoos
Mariuoos collected $1 from pot
Mariuoos: doesn't show hand 
*** SUMMARY ***
Total pot $1 | Rake $0 
Seat 1: numapu_33 folded before Flop (didn't bet)
Seat 2: GuigaMan (button) folded before Flop (didn't bet)
Seat 3: BGS013 (small blind) folded before Flop
Seat 5: Mariuoos (big blind) collected ($1)
Seat 6: BumHuntKing folded before Flop (didn't bet)



PokerStars Hand #254389900021:  Hold'em No Limit ($0.50/$1.00 USD) - 2025/01/15 22:07:18 WET [2025/01/15 17:07:18 ET]
Table 'Algoa III' 6-max Seat #3 is the button
Seat 6: BumHuntKing ($100 in chips) is sitting out
Seat 1: numapu_33 ($100 in chips) 
Seat 2: GuigaMan ($101 in chips) 
Seat 3: BGS013 ($102.50 in chips) 
Seat 5: Mariuoos ($105.50 in chips) 
Mariuoos: posts small blind $0.50
numapu_33: posts big blind $1
*** HOLE CARDS ***
GuigaMan: folds 
BGS013: folds 
Mariuoos: folds 
Uncalled bet ($0.50) returned to numapu_33
numapu_33 collected $1 from pot
numapu_33: doesn't show hand 
*** SUMMARY ***
Total pot $1 | Rake $0 
Seat 6: BumHuntKing
Seat 1: numapu_33 (big blind) collected ($1)
Seat 2: GuigaMan folded before Flop (didn't bet)
Seat 3: BGS013 (button) folded before Flop (didn't bet)
Seat 5: Mariuoos (small blind) folded before Flop



PokerStars Hand #254389903973:  Hold'em No Limit ($0.50/$1.00 USD) - 2025/01/15 22:07:31 WET [2025/01/15 17:07:31 ET]
Table 'Algoa III' 6-max Seat #5 is the button
Seat 6: BumHuntKing ($100 in chips) is sitting out
Seat 1: numapu_33 ($100.50 in chips) 
Seat 2: GuigaMan ($101 in chips) 
Seat 3: BGS013 ($102.50 in chips) 
Seat 5: Mariuoos ($105 in chips) 
numapu_33: posts small blind $0.50
GuigaMan: posts big blind $1
*** HOLE CARDS ***
BGS013: folds 
Mariuoos: raises $1.50 to $2.50
numapu_33: folds 
GuigaMan: folds 
Uncalled bet ($1.50) returned to Mariuoos
Mariuoos collected $2.50 from pot
Mariuoos: doesn't show hand 
*** SUMMARY ***
Total pot $2.50 | Rake $0 
Seat 6: BumHuntKing
Seat 1: numapu_33 (small blind) folded before Flop
Seat 2: GuigaMan (big blind) folded before Flop
Seat 3: BGS013 folded before Flop (didn't bet)
Seat 5: Mariuoos (button) collected ($2.50)



PokerStars Hand #254389908112:  Hold'em No Limit ($0.50/$1.00 USD) - 2025/01/15 22:07:45 WET [2025/01/15 17:07:45 ET]
Table 'Algoa III' 6-max Seat #1 is the button
Seat 1: numapu_33 ($100 in chips) 
Seat 2: GuigaMan ($100 in chips) 
Seat 3: BGS013 ($102.50 in chips) 
Seat 5: Mariuoos ($106.50 in chips) 
Seat 6: BumHuntKing ($100 in chips) 
GuigaMan: posts small blind $0.50
BGS013: posts big blind $1
BumHuntKing: posts small & big blinds $1.50
*** HOLE CARDS ***
Mariuoos: folds 
BumHuntKing: checks 
numapu_33: folds 
GuigaMan: calls $0.50
BGS013: checks 
*** FLOP *** [As 2h 7h]
GuigaMan: checks 
BGS013: checks 
BumHuntKing: checks 
*** TURN *** [As 2h 7h] [4d]
GuigaMan: bets $3.92
BGS013: calls $3.92
BumHuntKing: folds 
*** RIVER *** [As 2h 7h 4d] [Js]
GuigaMan: bets $12.71
BGS013: folds 
Uncalled bet ($12.71) returned to GuigaMan
GuigaMan collected $10.77 from pot
*** SUMMARY ***
Total pot $11.34 | Rake $0.57 
Board [As 2h 7h 4d Js]
Seat 1: numapu_33 (button) folded before Flop (didn't bet)
Seat 2: GuigaMan (small blind) collected ($10.77)
Seat 3: BGS013 (big blind) folded on the River
Seat 5: Mariuoos folded before Flop (didn't bet)
Seat 6: BumHuntKing folded on the Turn (didn't bet)



PokerStars Hand #254389921700:  Hold'em No Limit ($0.50/$1.00 USD) - 2025/01/15 22:08:29 WET [2025/01/15 17:08:29 ET]
Table 'Algoa III' 6-max Seat #2 is the button
Seat 1: numapu_33 ($100 in chips) 
Seat 2: GuigaMan ($105.85 in chips) 
Seat 3: BGS013 ($100 in chips) 
Seat 5: Mariuoos ($106.50 in chips) 
Seat 6: BumHuntKing ($100 in chips) 
BGS013: posts small blind $0.50
Mariuoos: posts big blind $1
*** HOLE CARDS ***
BumHuntKing: folds 
numapu_33: folds 
GuigaMan: raises $1.10 to $2.10
BGS013: folds 
Mariuoos: calls $1.10
*** FLOP *** [2d 9s 6c]
Mariuoos: checks 
GuigaMan: checks 
*** TURN *** [2d 9s 6c] [7s]
michel eduardo joins the table at seat #4 
Mariuoos: bets $2.99
GuigaMan: folds 
Uncalled bet ($2.99) returned to Mariuoos
Mariuoos collected $4.46 from pot
Mariuoos: doesn't show hand 
*** SUMMARY ***
Total pot $4.70 | Rake $0.24 
Board [2d 9s 6c 7s]
Seat 1: numapu_33 folded before Flop (didn't bet)
Seat 2: GuigaMan (button) folded on the Turn
Seat 3: BGS013 (small blind) folded before Flop
Seat 5: Mariuoos (big blind) collected ($4.46)
Seat 6: BumHuntKing folded before Flop (didn't bet)



PokerStars Hand #254389933073:  Hold'em No Limit ($0.50/$1.00 USD) - 2025/01/15 22:09:07 WET [2025/01/15 17:09:07 ET]
Table 'Algoa III' 6-max Seat #3 is the button
Seat 4: michel eduardo ($55.32 in chips) is sitting out
Seat 6: BumHuntKing ($100 in chips) is sitting out
Seat 1: numapu_33 ($100 in chips) 
Seat 2: GuigaMan ($103.75 in chips) 
Seat 3: BGS013 ($100 in chips) 
Seat 5: Mariuoos ($108.86 in chips) 
Mariuoos: posts small blind $0.50
BumHuntKing: is sitting out 
numapu_33: posts big blind $1
*** HOLE CARDS ***
GuigaMan: folds 
BGS013: folds 
Mariuoos: folds 
Uncalled bet ($0.50) returned to numapu_33
numapu_33 collected $1 from pot
numapu_33: doesn't show hand 
*** SUMMARY ***
Total pot $1 | Rake $0 
Seat 4: michel eduardo
Seat 6: BumHuntKing
Seat 1: numapu_33 (big blind) collected ($1)
Seat 2: GuigaMan folded before Flop (didn't bet)
Seat 3: BGS013 (button) folded before Flop (didn't bet)
Seat 5: Mariuoos (small blind) folded before Flop



PokerStars Hand #254389938893:  Hold'em No Limit ($0.50/$1.00 USD) - 2025/01/15 22:09:26 WET [2025/01/15 17:09:26 ET]
Table 'Algoa III' 6-max Seat #5 is the button
Seat 6: BumHuntKing ($100 in chips) is sitting out
Seat 1: numapu_33 ($100.50 in chips) 
Seat 2: GuigaMan ($103.75 in chips) 
Seat 3: BGS013 ($100 in chips) 
Seat 4: michel eduardo ($55.32 in chips) 
Seat 5: Mariuoos ($108.36 in chips) 
numapu_33: posts small blind $0.50
GuigaMan: posts big blind $1
michel eduardo: posts big blind $1
*** HOLE CARDS ***
BGS013: folds 
michel eduardo: raises $1 to $2
Mariuoos: raises $4 to $6
numapu_33: folds 
GuigaMan: folds 
michel eduardo: calls $4
*** FLOP *** [2d 9s 8s]
michel eduardo: bets $5
Mariuoos: calls $5
*** TURN *** [2d 9s 8s] [Qh]
michel eduardo: bets $9
Mariuoos: calls $9
*** RIVER *** [2d 9s 8s Qh] [3c]
BumHuntKing leaves the table
michel eduardo: bets $21
Mariuoos: calls $21
*** SHOW DOWN ***
michel eduardo: shows [Jd Tc] (a straight, Eight to Queen)
Mariuoos: mucks hand 
michel eduardo collected $81 from pot
XneferX joins the table at seat #6 
*** SUMMARY ***
Total pot $83.50 | Rake $2.50 
Board [2d 9s 8s Qh 3c]
Seat 6: BumHuntKing
Seat 1: numapu_33 (small blind) folded before Flop
Seat 2: GuigaMan (big blind) folded before Flop
Seat 3: BGS013 folded before Flop (didn't bet)
Seat 4: michel eduardo showed [Jd Tc] and won ($81) with a straight, Eight to Queen
Seat 5: Mariuoos (button) mucked



PokerStars Hand #254389966729:  Hold'em No Limit ($0.50/$1.00 USD) - 2025/01/15 22:10:56 WET [2025/01/15 17:10:56 ET]
Table 'Algoa III' 6-max Seat #1 is the button
Seat 6: XneferX ($100 in chips) is sitting out
Seat 1: numapu_33 ($100 in chips) 
Seat 2: GuigaMan ($102.75 in chips) 
Seat 3: BGS013 ($100 in chips) 
Seat 4: michel eduardo ($95.32 in chips) 
Seat 5: Mariuoos ($100 in chips) 
GuigaMan: posts small blind $0.50
BGS013: posts big blind $1
XneferX: sits out 
*** HOLE CARDS ***
michel eduardo: calls $1
Mariuoos: raises $2 to $3
numapu_33: folds 
GuigaMan: folds 
BGS013: folds 
michel eduardo: calls $2
*** FLOP *** [3d 8s Ad]
michel eduardo: bets $3
Mariuoos: calls $3
*** TURN *** [3d 8s Ad] [3s]
michel eduardo: bets $5
Mariuoos: calls $5
*** RIVER *** [3d 8s Ad 3s] [Ks]
michel eduardo: bets $4
Mariuoos: calls $4
*** SHOW DOWN ***
michel eduardo: shows [Ac 2d] (two pair, Aces and Threes)
Mariuoos: shows [Ts Ah] (two pair, Aces and Threes)
michel eduardo collected $14.96 from pot
Mariuoos collected $14.96 from pot
*** SUMMARY ***
Total pot $31.50 | Rake $1.58 
Board [3d 8s Ad 3s Ks]
Seat 6: XneferX
Seat 1: numapu_33 (button) folded before Flop (didn't bet)
Seat 2: GuigaMan (small blind) folded before Flop
Seat 3: BGS013 (big blind) folded before Flop
Seat 4: michel eduardo showed [Ac 2d] and won ($14.96) with two pair, Aces and Threes
Seat 5: Mariuoos showed [Ts Ah] and won ($14.96) with two pair, Aces and Threes



PokerStars Hand #254389988092:  Hold'em No Limit ($0.50/$1.00 USD) - 2025/01/15 22:12:07 WET [2025/01/15 17:12:07 ET]
Table 'Algoa III' 6-max Seat #2 is the button
Seat 6: XneferX ($100 in chips) is sitting out
Seat 1: numapu_33 ($100 in chips) 
Seat 2: GuigaMan ($102.25 in chips) 
Seat 3: BGS013 ($100 in chips) 
Seat 4: michel eduardo ($95.28 in chips) 
Seat 5: Mariuoos ($100 in chips) 
BGS013: posts small blind $0.50
michel eduardo: posts big blind $1
XneferX: sits out 
*** HOLE CARDS ***
Mariuoos: folds 
numapu_33: folds 
GuigaMan: folds 
BGS013: raises $2 to $3
michel eduardo: folds 
Uncalled bet ($2) returned to BGS013
BGS013 collected $2 from pot
BGS013: doesn't show hand 
*** SUMMARY ***
Total pot $2 | Rake $0 
Seat 6: XneferX
Seat 1: numapu_33 folded before Flop (didn't bet)
Seat 2: GuigaMan (button) folded before Flop (didn't bet)
Seat 3: BGS013 (small blind) collected ($2)
Seat 4: michel eduardo (big blind) folded before Flop
Seat 5: Mariuoos folded before Flop (didn't bet)



PokerStars Hand #254389993315:  Hold'em No Limit ($0.50/$1.00 USD) - 2025/01/15 22:12:24 WET [2025/01/15 17:12:24 ET]
Table 'Algoa III' 6-max Seat #3 is the button
Seat 6: XneferX ($100 in chips) is sitting out
Seat 1: numapu_33 ($100 in chips) 
Seat 2: GuigaMan ($102.25 in chips) 
Seat 3: BGS013 ($101 in chips) 
Seat 4: michel eduardo ($94.28 in chips) 
Seat 5: Mariuoos ($100 in chips) 
michel eduardo: posts small blind $0.50
Mariuoos: posts big blind $1
XneferX: sits out 
*** HOLE CARDS ***
numapu_33: raises $1.50 to $2.50
GuigaMan: folds 
BGS013: folds 
michel eduardo: folds 
Mariuoos: calls $1.50
*** FLOP *** [Td 7s 4d]
Mariuoos: checks 
numapu_33: checks 
*** TURN *** [Td 7s 4d] [Kd]
Mariuoos: checks 
numapu_33: bets $2.87
Mariuoos: calls $2.87
*** RIVER *** [Td 7s 4d Kd] [Jh]
Mariuoos: checks 
numapu_33: checks 
*** SHOW DOWN ***
Mariuoos: shows [7c 4c] (two pair, Sevens and Fours)
numapu_33: mucks hand 
Mariuoos collected $10.68 from pot
*** SUMMARY ***
Total pot $11.24 | Rake $0.56 
Board [Td 7s 4d Kd Jh]
Seat 6: XneferX
Seat 1: numapu_33 mucked
Seat 2: GuigaMan folded before Flop (didn't bet)
Seat 3: BGS013 (button) folded before Flop (didn't bet)
Seat 4: michel eduardo (small blind) folded before Flop
Seat 5: Mariuoos (big blind) showed [7c 4c] and won ($10.68) with two pair, Sevens and Fours



PokerStars Hand #254390015744:  Hold'em No Limit ($0.50/$1.00 USD) - 2025/01/15 22:13:38 WET [2025/01/15 17:13:38 ET]
Table 'Algoa III' 6-max Seat #4 is the button
Seat 1: numapu_33 ($100 in chips) 
Seat 2: GuigaMan ($102.25 in chips) 
Seat 3: BGS013 ($101 in chips) 
Seat 4: michel eduardo ($93.78 in chips) 
Seat 5: Mariuoos ($105.31 in chips) 
Seat 6: XneferX ($100 in chips) 
Mariuoos: posts small blind $0.50
XneferX: posts big blind $1
*** HOLE CARDS ***
numapu_33: folds 
GuigaMan: folds 
BGS013: folds 
michel eduardo: raises $1 to $2
Mariuoos: folds 
XneferX: calls $1
*** FLOP *** [4h 2s 6s]
XneferX: checks 
michel eduardo: bets $1
XneferX: calls $1
*** TURN *** [4h 2s 6s] [Ac]
XneferX: checks 
michel eduardo: bets $1
XneferX: calls $1
*** RIVER *** [4h 2s 6s Ac] [7d]
XneferX: checks 
michel eduardo: bets $1
XneferX: calls $1
*** SHOW DOWN ***
michel eduardo: shows [Js Qc] (high card Ace)
XneferX: shows [Ad 5s] (a pair of Aces)
XneferX collected $9.98 from pot
*** SUMMARY ***
Total pot $10.50 | Rake $0.52 
Board [4h 2s 6s Ac 7d]
Seat 1: numapu_33 folded before Flop (didn't bet)
Seat 2: GuigaMan folded before Flop (didn't bet)
Seat 3: BGS013 folded before Flop (didn't bet)
Seat 4: michel eduardo (button) showed [Js Qc] and lost with high card Ace
Seat 5: Mariuoos (small blind) folded before Flop
Seat 6: XneferX (big blind) showed [Ad 5s] and won ($9.98) with a pair of Aces



PokerStars Hand #254390030723:  Hold'em No Limit ($0.50/$1.00 USD) - 2025/01/15 22:14:28 WET [2025/01/15 17:14:28 ET]
Table 'Algoa III' 6-max Seat #5 is the button
Seat 1: numapu_33 ($100 in chips) 
Seat 2: GuigaMan ($102.25 in chips) 
Seat 3: BGS013 ($101 in chips) 
Seat 4: michel eduardo ($88.78 in chips) 
Seat 5: Mariuoos ($104.81 in chips) 
Seat 6: XneferX ($104.98 in chips) 
XneferX: posts small blind $0.50
numapu_33: posts big blind $1
*** HOLE CARDS ***
GuigaMan: folds 
BGS013: folds 
michel eduardo: raises $1 to $2
Mariuoos: raises $5 to $7
XneferX: folds 
numapu_33: folds 
michel eduardo: calls $5
*** FLOP *** [Qc 8h 5d]
michel eduardo: checks 
Mariuoos: bets $4.86
michel eduardo: calls $4.86
*** TURN *** [Qc 8h 5d] [Ac]
michel eduardo: checks 
Mariuoos: bets $14.46
michel eduardo: folds 
Uncalled bet ($14.46) returned to Mariuoos
Mariuoos collected $23.96 from pot
Mariuoos: doesn't show hand 
*** SUMMARY ***
Total pot $25.22 | Rake $1.26 
Board [Qc 8h 5d Ac]
Seat 1: numapu_33 (big blind) folded before Flop
Seat 2: GuigaMan folded before Flop (didn't bet)
Seat 3: BGS013 folded before Flop (didn't bet)
Seat 4: michel eduardo folded on the Turn
Seat 5: Mariuoos (button) collected ($23.96)
Seat 6: XneferX (small blind) folded before Flop



PokerStars Hand #254390045207:  Hold'em No Limit ($0.50/$1.00 USD) - 2025/01/15 22:15:17 WET [2025/01/15 17:15:17 ET]
Table 'Algoa III' 6-max Seat #6 is the button
Seat 1: numapu_33 ($100 in chips) 
Seat 2: GuigaMan ($102.25 in chips) 
Seat 3: BGS013 ($101 in chips) 
Seat 4: michel eduardo ($76.92 in chips) 
Seat 5: Mariuoos ($116.91 in chips) 
Seat 6: XneferX ($104.48 in chips) 
numapu_33: posts small blind $0.50
GuigaMan: posts big blind $1
*** HOLE CARDS ***
BGS013: folds 
michel eduardo: calls $1
Mariuoos: folds 
XneferX: raises $3 to $4
numapu_33: folds 
GuigaMan: folds 
michel eduardo: calls $3
*** FLOP *** [2s 8h Kc]
michel eduardo: checks 
XneferX: bets $3.07
michel eduardo: calls $3.07
*** TURN *** [2s 8h Kc] [Qh]
michel eduardo: checks 
XneferX: bets $9.96
michel eduardo: folds 
Uncalled bet ($9.96) returned to XneferX
XneferX collected $14.86 from pot
XneferX: doesn't show hand 
*** SUMMARY ***
Total pot $15.64 | Rake $0.78 
Board [2s 8h Kc Qh]
Seat 1: numapu_33 (small blind) folded before Flop
Seat 2: GuigaMan (big blind) folded before Flop
Seat 3: BGS013 folded before Flop (didn't bet)
Seat 4: michel eduardo folded on the Turn
Seat 5: Mariuoos folded before Flop (didn't bet)
Seat 6: XneferX (button) collected ($14.86)



PokerStars Hand #254390062185:  Hold'em No Limit ($0.50/$1.00 USD) - 2025/01/15 22:16:13 WET [2025/01/15 17:16:13 ET]
Table 'Algoa III' 6-max Seat #1 is the button
Seat 1: numapu_33 ($100 in chips) 
Seat 2: GuigaMan ($101.25 in chips) 
Seat 3: BGS013 ($101 in chips) 
Seat 4: michel eduardo ($69.85 in chips) 
Seat 5: Mariuoos ($116.91 in chips) 
Seat 6: XneferX ($112.27 in chips) 
GuigaMan: posts small blind $0.50
BGS013: posts big blind $1
*** HOLE CARDS ***
michel eduardo: raises $1 to $2
Mariuoos: folds 
XneferX: folds 
numapu_33: folds 
GuigaMan: folds 
BGS013: folds 
Uncalled bet ($1) returned to michel eduardo
michel eduardo collected $2.50 from pot
michel eduardo: doesn't show hand 
*** SUMMARY ***
Total pot $2.50 | Rake $0 
Seat 1: numapu_33 (button) folded before Flop (didn't bet)
Seat 2: GuigaMan (small blind) folded before Flop
Seat 3: BGS013 (big blind) folded before Flop
Seat 4: michel eduardo collected ($2.50)
Seat 5: Mariuoos folded before Flop (didn't bet)
Seat 6: XneferX folded before Flop (didn't bet)



PokerStars Hand #254390069579:  Hold'em No Limit ($0.50/$1.00 USD) - 2025/01/15 22:16:37 WET [2025/01/15 17:16:37 ET]
Table 'Algoa III' 6-max Seat #2 is the button
Seat 1: numapu_33 ($100 in chips) 
Seat 2: GuigaMan ($100.75 in chips) 
Seat 3: BGS013 ($100 in chips) 
Seat 4: michel eduardo ($71.35 in chips) 
Seat 5: Mariuoos ($116.91 in chips) 
Seat 6: XneferX ($112.27 in chips) 
BGS013: posts small blind $0.50
michel eduardo: posts big blind $1
*** HOLE CARDS ***
Mariuoos: folds 
XneferX: folds 
numapu_33: raises $1.50 to $2.50
GuigaMan: raises $5.50 to $8
BGS013: folds 
michel eduardo: folds 
numapu_33: calls $5.50
*** FLOP *** [Kh 3s Kc]
numapu_33: checks 
GuigaMan: bets $4.99
numapu_33: folds 
Uncalled bet ($4.99) returned to GuigaMan
GuigaMan collected $16.62 from pot
*** SUMMARY ***
Total pot $17.50 | Rake $0.88 
Board [Kh 3s Kc]
Seat 1: numapu_33 folded on the Flop
Seat 2: GuigaMan (button) collected ($16.62)
Seat 3: BGS013 (small blind) folded before Flop
Seat 4: michel eduardo (big blind) folded before Flop
Seat 5: Mariuoos folded before Flop (didn't bet)
Seat 6: XneferX folded before Flop (didn't bet)



PokerStars Hand #254390077433:  Hold'em No Limit ($0.50/$1.00 USD) - 2025/01/15 22:17:03 WET [2025/01/15 17:17:03 ET]
Table 'Algoa III' 6-max Seat #3 is the button
Seat 1: numapu_33 ($100 in chips) 
Seat 2: GuigaMan ($109.37 in chips) 
Seat 3: BGS013 ($100 in chips) 
Seat 4: michel eduardo ($70.35 in chips) 
Seat 5: Mariuoos ($116.91 in chips) 
Seat 6: XneferX ($112.27 in chips) 
michel eduardo: posts small blind $0.50
Mariuoos: posts big blind $1
*** HOLE CARDS ***
XneferX: folds 
numapu_33: folds 
GuigaMan: raises $1.10 to $2.10
BGS013: folds 
michel eduardo: raises $1.10 to $3.20
Mariuoos: folds 
GuigaMan: calls $1.10
*** FLOP *** [5s Jd 7c]
michel eduardo: bets $1
GuigaMan: calls $1
*** TURN *** [5s Jd 7c] [6h]
michel eduardo: bets $4
GuigaMan: calls $4
*** RIVER *** [5s Jd 7c 6h] [6d]
michel eduardo: bets $2
GuigaMan: raises $8 to $10
michel eduardo: folds 
Uncalled bet ($8) returned to GuigaMan
GuigaMan collected $20.33 from pot
*** SUMMARY ***
Total pot $21.40 | Rake $1.07 
Board [5s Jd 7c 6h 6d]
Seat 1: numapu_33 folded before Flop (didn't bet)
Seat 2: GuigaMan collected ($20.33)
Seat 3: BGS013 (button) folded before Flop (didn't bet)
Seat 4: michel eduardo (small blind) folded on the River
Seat 5: Mariuoos (big blind) folded before Flop
Seat 6: XneferX folded before Flop (didn't bet)



PokerStars Hand #254390094257:  Hold'em No Limit ($0.50/$1.00 USD) - 2025/01/15 22:18:00 WET [2025/01/15 17:18:00 ET]
Table 'Algoa III' 6-max Seat #4 is the button
Seat 1: numapu_33 ($100 in chips) 
Seat 2: GuigaMan ($119.50 in chips) 
Seat 3: BGS013 ($100 in chips) 
Seat 4: michel eduardo ($60.15 in chips) 
Seat 5: Mariuoos ($115.91 in chips) 
Seat 6: XneferX ($112.27 in chips) 
Mariuoos: posts small blind $0.50
XneferX: posts big blind $1
*** HOLE CARDS ***
numapu_33: folds 
GuigaMan: folds 
BGS013: folds 
michel eduardo: folds 
Mariuoos: raises $2 to $3
XneferX: folds 
Uncalled bet ($2) returned to Mariuoos
Mariuoos collected $2 from pot
Mariuoos: doesn't show hand 
*** SUMMARY ***
Total pot $2 | Rake $0 
Seat 1: numapu_33 folded before Flop (didn't bet)
Seat 2: GuigaMan folded before Flop (didn't bet)
Seat 3: BGS013 folded before Flop (didn't bet)
Seat 4: michel eduardo (button) folded before Flop (didn't bet)
Seat 5: Mariuoos (small blind) collected ($2)
Seat 6: XneferX (big blind) folded before Flop



PokerStars Hand #254390098559:  Hold'em No Limit ($0.50/$1.00 USD) - 2025/01/15 22:18:14 WET [2025/01/15 17:18:14 ET]
Table 'Algoa III' 6-max Seat #5 is the button
Seat 1: numapu_33 ($100 in chips) 
Seat 2: GuigaMan ($119.50 in chips) 
Seat 3: BGS013 ($100 in chips) 
Seat 4: michel eduardo ($60.15 in chips) 
Seat 5: Mariuoos ($116.91 in chips) 
Seat 6: XneferX ($111.27 in chips) 
XneferX: posts small blind $0.50
numapu_33: posts big blind $1
*** HOLE CARDS ***
GuigaMan: folds 
BGS013: raises $1 to $2
michel eduardo: folds 
Mariuoos: raises $5 to $7
XneferX: folds 
numapu_33: folds 
BGS013: raises $12 to $19
Mariuoos: folds 
Uncalled bet ($12) returned to BGS013
BGS013 collected $15.50 from pot
BGS013: doesn't show hand 
*** SUMMARY ***
Total pot $15.50 | Rake $0 
Seat 1: numapu_33 (big blind) folded before Flop
Seat 2: GuigaMan folded before Flop (didn't bet)
Seat 3: BGS013 collected ($15.50)
Seat 4: michel eduardo folded before Flop (didn't bet)
Seat 5: Mariuoos (button) folded before Flop
Seat 6: XneferX (small blind) folded before Flop



PokerStars Hand #254390109904:  Hold'em No Limit ($0.50/$1.00 USD) - 2025/01/15 22:18:52 WET [2025/01/15 17:18:52 ET]
Table 'Algoa III' 6-max Seat #6 is the button
Seat 1: numapu_33 ($100 in chips) 
Seat 2: GuigaMan ($119.50 in chips) 
Seat 3: BGS013 ($108.50 in chips) 
Seat 4: michel eduardo ($60.15 in chips) 
Seat 5: Mariuoos ($109.91 in chips) 
Seat 6: XneferX ($110.77 in chips) 
numapu_33: posts small blind $0.50
GuigaMan: posts big blind $1
*** HOLE CARDS ***
BGS013: folds 
michel eduardo: folds 
Mariuoos: folds 
XneferX: raises $1.77 to $2.77
numapu_33: raises $10.23 to $13
GuigaMan: folds 
XneferX: calls $10.23
*** FLOP *** [Kd 2h 6d]
numapu_33: bets $7.70
XneferX: calls $7.70
*** TURN *** [Kd 2h 6d] [5d]
numapu_33: checks 
XneferX: bets $13.70
numapu_33: calls $13.70
*** RIVER *** [Kd 2h 6d 5d] [Js]
numapu_33: checks 
XneferX: checks 
*** SHOW DOWN ***
numapu_33: shows [9d 9c] (a pair of Nines)
XneferX: shows [Th Kh] (a pair of Kings)
XneferX collected $67.30 from pot
*** SUMMARY ***
Total pot $69.80 | Rake $2.50 
Board [Kd 2h 6d 5d Js]
Seat 1: numapu_33 (small blind) showed [9d 9c] and lost with a pair of Nines
Seat 2: GuigaMan (big blind) folded before Flop
Seat 3: BGS013 folded before Flop (didn't bet)
Seat 4: michel eduardo folded before Flop (didn't bet)
Seat 5: Mariuoos folded before Flop (didn't bet)
Seat 6: XneferX (button) showed [Th Kh] and won ($67.30) with a pair of Kings



PokerStars Hand #254390136565:  Hold'em No Limit ($0.50/$1.00 USD) - 2025/01/15 22:20:22 WET [2025/01/15 17:20:22 ET]
Table 'Algoa III' 6-max Seat #1 is the button
Seat 1: numapu_33 ($100 in chips) 
Seat 2: GuigaMan ($118.50 in chips) 
Seat 3: BGS013 ($108.50 in chips) 
Seat 4: michel eduardo ($60.15 in chips) 
Seat 5: Mariuoos ($109.91 in chips) 
Seat 6: XneferX ($143.67 in chips) 
GuigaMan: posts small blind $0.50
BGS013: posts big blind $1
*** HOLE CARDS ***
michel eduardo: folds 
Mariuoos: folds 
XneferX: folds 
numapu_33: folds 
GuigaMan: raises $2 to $3
BGS013: calls $2
*** FLOP *** [Kh 7d 3d]
GuigaMan: checks 
BGS013: bets $1.48
GuigaMan: calls $1.48
*** TURN *** [Kh 7d 3d] [Kd]
GuigaMan: checks 
BGS013: bets $4
GuigaMan: calls $4
*** RIVER *** [Kh 7d 3d Kd] [9d]
GuigaMan: checks 
BGS013: bets $9
GuigaMan: folds 
Uncalled bet ($9) returned to BGS013
BGS013 collected $16.11 from pot
BGS013: doesn't show hand 
*** SUMMARY ***
Total pot $16.96 | Rake $0.85 
Board [Kh 7d 3d Kd 9d]
Seat 1: numapu_33 (button) folded before Flop (didn't bet)
Seat 2: GuigaMan (small blind) folded on the River
Seat 3: BGS013 (big blind) collected ($16.11)
Seat 4: michel eduardo folded before Flop (didn't bet)
Seat 5: Mariuoos folded before Flop (didn't bet)
Seat 6: XneferX folded before Flop (didn't bet)



PokerStars Hand #254390155676:  Hold'em No Limit ($0.50/$1.00 USD) - 2025/01/15 22:21:26 WET [2025/01/15 17:21:26 ET]
Table 'Algoa III' 6-max Seat #2 is the button
Seat 1: numapu_33 ($100 in chips) 
Seat 2: GuigaMan ($110.02 in chips) 
Seat 3: BGS013 ($116.13 in chips) 
Seat 4: michel eduardo ($60.15 in chips) 
Seat 5: Mariuoos ($109.91 in chips) 
Seat 6: XneferX ($143.67 in chips) 
BGS013: posts small blind $0.50
michel eduardo: posts big blind $1
*** HOLE CARDS ***
Mariuoos: raises $1 to $2
XneferX: folds 
numapu_33: folds 
GuigaMan: folds 
BGS013: folds 
michel eduardo: calls $1
*** FLOP *** [4s Ah Kh]
michel eduardo: bets $1
Mariuoos: raises $4 to $5
michel eduardo: folds 
Uncalled bet ($4) returned to Mariuoos
Mariuoos collected $6.18 from pot
Mariuoos: doesn't show hand 
*** SUMMARY ***
Total pot $6.50 | Rake $0.32 
Board [4s Ah Kh]
Seat 1: numapu_33 folded before Flop (didn't bet)
Seat 2: GuigaMan (button) folded before Flop (didn't bet)
Seat 3: BGS013 (small blind) folded before Flop
Seat 4: michel eduardo (big blind) folded on the Flop
Seat 5: Mariuoos collected ($6.18)
Seat 6: XneferX folded before Flop (didn't bet)



PokerStars Hand #254390166531:  Hold'em No Limit ($0.50/$1.00 USD) - 2025/01/15 22:22:02 WET [2025/01/15 17:22:02 ET]
Table 'Algoa III' 6-max Seat #3 is the button
Seat 1: numapu_33 ($100 in chips) 
Seat 2: GuigaMan ($110.02 in chips) 
Seat 3: BGS013 ($115.63 in chips) 
Seat 4: michel eduardo ($57.15 in chips) 
Seat 5: Mariuoos ($113.09 in chips) 
Seat 6: XneferX ($143.67 in chips) 
michel eduardo: posts small blind $0.50
Mariuoos: posts big blind $1
*** HOLE CARDS ***
XneferX: folds 
numapu_33: folds 
GuigaMan: folds 
BGS013: raises $1.50 to $2.50
michel eduardo: folds 
Mariuoos: calls $1.50
*** FLOP *** [5c 4c Tc]
Mariuoos: checks 
BGS013: bets $1.36
Mariuoos: folds 
Uncalled bet ($1.36) returned to BGS013
BGS013 collected $5.22 from pot
BGS013: doesn't show hand 
*** SUMMARY ***
Total pot $5.50 | Rake $0.28 
Board [5c 4c Tc]
Seat 1: numapu_33 folded before Flop (didn't bet)
Seat 2: GuigaMan folded before Flop (didn't bet)
Seat 3: BGS013 (button) collected ($5.22)
Seat 4: michel eduardo (small blind) folded before Flop
Seat 5: Mariuoos (big blind) folded on the Flop
Seat 6: XneferX folded before Flop (didn't bet)



PokerStars Hand #254390186172:  Hold'em No Limit ($0.50/$1.00 USD) - 2025/01/15 22:23:09 WET [2025/01/15 17:23:09 ET]
Table 'Algoa III' 6-max Seat #4 is the button
Seat 1: numapu_33 ($100 in chips) 
Seat 2: GuigaMan ($110.02 in chips) 
Seat 3: BGS013 ($118.35 in chips) 
Seat 4: michel eduardo ($56.65 in chips) 
Seat 5: Mariuoos ($110.59 in chips) 
Seat 6: XneferX ($143.67 in chips) 
Mariuoos: posts small blind $0.50
XneferX: posts big blind $1
*** HOLE CARDS ***
numapu_33: folds 
GuigaMan: folds 
BGS013: raises $1.50 to $2.50
michel eduardo: raises $1.50 to $4
Mariuoos: folds 
XneferX: calls $3
BGS013: calls $1.50
*** FLOP *** [Qs 5d 2c]
XneferX: checks 
BGS013: checks 
michel eduardo: bets $3
XneferX: calls $3
BGS013: calls $3
*** TURN *** [Qs 5d 2c] [5h]
XneferX: checks 
BGS013: checks 
michel eduardo: bets $9
XneferX: folds 
BGS013: calls $9
*** RIVER *** [Qs 5d 2c 5h] [2h]
BGS013: checks 
michel eduardo: checks 
*** SHOW DOWN ***
BGS013: shows [Kd Qc] (two pair, Queens and Fives)
michel eduardo: mucks hand 
BGS013 collected $37.52 from pot
*** SUMMARY ***
Total pot $39.50 | Rake $1.98 
Board [Qs 5d 2c 5h 2h]
Seat 1: numapu_33 folded before Flop (didn't bet)
Seat 2: GuigaMan folded before Flop (didn't bet)
Seat 3: BGS013 showed [Kd Qc] and won ($37.52) with two pair, Queens and Fives
Seat 4: michel eduardo (button) mucked
Seat 5: Mariuoos (small blind) folded before Flop
Seat 6: XneferX (big blind) folded on the Turn



PokerStars Hand #254390204627:  Hold'em No Limit ($0.50/$1.00 USD) - 2025/01/15 22:24:12 WET [2025/01/15 17:24:12 ET]
Table 'Algoa III' 6-max Seat #5 is the button
Seat 1: numapu_33 ($100 in chips) 
Seat 2: GuigaMan ($110.02 in chips) 
Seat 3: BGS013 ($139.87 in chips) 
Seat 4: michel eduardo ($40.65 in chips) 
Seat 5: Mariuoos ($110.09 in chips) 
Seat 6: XneferX ($136.67 in chips) 
XneferX: posts small blind $0.50
numapu_33: posts big blind $1
*** HOLE CARDS ***
GuigaMan: folds 
BGS013: folds 
michel eduardo: calls $1
Mariuoos: folds 
XneferX: folds 
numapu_33: raises $4 to $5
michel eduardo: calls $4
*** FLOP *** [Ts Jh 4s]
numapu_33: bets $3.30
michel eduardo: folds 
Uncalled bet ($3.30) returned to numapu_33
numapu_33 collected $9.98 from pot
numapu_33: doesn't show hand 
*** SUMMARY ***
Total pot $10.50 | Rake $0.52 
Board [Ts Jh 4s]
Seat 1: numapu_33 (big blind) collected ($9.98)
Seat 2: GuigaMan folded before Flop (didn't bet)
Seat 3: BGS013 folded before Flop (didn't bet)
Seat 4: michel eduardo folded on the Flop
Seat 5: Mariuoos (button) folded before Flop (didn't bet)
Seat 6: XneferX (small blind) folded before Flop



PokerStars Hand #254390217983:  Hold'em No Limit ($0.50/$1.00 USD) - 2025/01/15 22:24:57 WET [2025/01/15 17:24:57 ET]
Table 'Algoa III' 6-max Seat #6 is the button
Seat 1: numapu_33 ($104.98 in chips) 
Seat 2: GuigaMan ($110.02 in chips) 
Seat 3: BGS013 ($139.87 in chips) 
Seat 4: michel eduardo ($35.65 in chips) 
Seat 5: Mariuoos ($110.09 in chips) 
Seat 6: XneferX ($136.17 in chips) 
numapu_33: posts small blind $0.50
GuigaMan: posts big blind $1
*** HOLE CARDS ***
BGS013: folds 
michel eduardo: raises $4 to $5
Mariuoos: folds 
XneferX: folds 
numapu_33: folds 
GuigaMan: folds 
Uncalled bet ($4) returned to michel eduardo
michel eduardo collected $2.50 from pot
michel eduardo: doesn't show hand 
*** SUMMARY ***
Total pot $2.50 | Rake $0 
Seat 1: numapu_33 (small blind) folded before Flop
Seat 2: GuigaMan (big blind) folded before Flop
Seat 3: BGS013 folded before Flop (didn't bet)
Seat 4: michel eduardo collected ($2.50)
Seat 5: Mariuoos folded before Flop (didn't bet)
Seat 6: XneferX (button) folded before Flop (didn't bet)



PokerStars Hand #254390224064:  Hold'em No Limit ($0.50/$1.00 USD) - 2025/01/15 22:25:17 WET [2025/01/15 17:25:17 ET]
Table 'Algoa III' 6-max Seat #1 is the button
Seat 1: numapu_33 ($104.48 in chips) 
Seat 2: GuigaMan ($109.02 in chips) 
Seat 3: BGS013 ($139.87 in chips) 
Seat 4: michel eduardo ($37.15 in chips) 
Seat 5: Mariuoos ($110.09 in chips) 
Seat 6: XneferX ($136.17 in chips) 
GuigaMan: posts small blind $0.50
BGS013: posts big blind $1
*** HOLE CARDS ***
michel eduardo: raises $1 to $2
Mariuoos: folds 
XneferX: folds 
numapu_33: raises $5 to $7
GuigaMan: folds 
BGS013: folds 
michel eduardo: calls $5
*** FLOP *** [Jc 6c 7c]
michel eduardo: bets $5
numapu_33: calls $5
*** TURN *** [Jc 6c 7c] [9d]
michel eduardo: bets $6
numapu_33: calls $6
*** RIVER *** [Jc 6c 7c 9d] [5c]
michel eduardo: bets $19.15 and is all-in
numapu_33: calls $19.15
*** SHOW DOWN ***
michel eduardo: shows [Jd 2d] (a pair of Jacks)
numapu_33: shows [Kc Ah] (a flush, King high)
numapu_33 collected $73.30 from pot
*** SUMMARY ***
Total pot $75.80 | Rake $2.50 
Board [Jc 6c 7c 9d 5c]
Seat 1: numapu_33 (button) showed [Kc Ah] and won ($73.30) with a flush, King high
Seat 2: GuigaMan (small blind) folded before Flop
Seat 3: BGS013 (big blind) folded before Flop
Seat 4: michel eduardo showed [Jd 2d] and lost with a pair of Jacks
Seat 5: Mariuoos folded before Flop (didn't bet)
Seat 6: XneferX folded before Flop (didn't bet)



PokerStars Hand #254390239631:  Hold'em No Limit ($0.50/$1.00 USD) - 2025/01/15 22:26:09 WET [2025/01/15 17:26:09 ET]
Table 'Algoa III' 6-max Seat #2 is the button
Seat 4: michel eduardo ($0 in chips) is sitting out
Seat 1: numapu_33 ($140.63 in chips) 
Seat 2: GuigaMan ($108.52 in chips) 
Seat 3: BGS013 ($138.87 in chips) 
Seat 5: Mariuoos ($110.09 in chips) 
Seat 6: XneferX ($136.17 in chips) 
BGS013: posts small blind $0.50
Mariuoos: posts big blind $1
*** HOLE CARDS ***
XneferX: folds 
numapu_33: folds 
GuigaMan: folds 
BGS013: raises $2 to $3
michel eduardo leaves the table
Mariuoos: raises $6 to $9
BGS013: calls $6
*** FLOP *** [2d 9h 6c]
BGS013: checks 
Mariuoos: bets $10.89
BGS013: folds 
Uncalled bet ($10.89) returned to Mariuoos
Mariuoos collected $17.10 from pot
Mariuoos: doesn't show hand 
*** SUMMARY ***
Total pot $18 | Rake $0.90 
Board [2d 9h 6c]
Seat 4: michel eduardo
Seat 1: numapu_33 folded before Flop (didn't bet)
Seat 2: GuigaMan (button) folded before Flop (didn't bet)
Seat 3: BGS013 (small blind) folded on the Flop
Seat 5: Mariuoos (big blind) collected ($17.10)
Seat 6: XneferX folded before Flop (didn't bet)



PokerStars Hand #254390251385:  Hold'em No Limit ($0.50/$1.00 USD) - 2025/01/15 22:26:49 WET [2025/01/15 17:26:49 ET]
Table 'Algoa III' 6-max Seat #3 is the button
Seat 1: numapu_33 ($140.63 in chips) 
Seat 2: GuigaMan ($108.52 in chips) 
Seat 3: BGS013 ($129.87 in chips) 
Seat 5: Mariuoos ($118.19 in chips) 
Seat 6: XneferX ($136.17 in chips) 
Mariuoos: posts small blind $0.50
XneferX: posts big blind $1
*** HOLE CARDS ***
numapu_33: raises $1.50 to $2.50
GuigaMan: folds 
BGS013: folds 
Mariuoos: folds 
XneferX: calls $1.50
*** FLOP *** [Ks 4h 6c]
XneferX: checks 
numapu_33: bets $1.57
XneferX: calls $1.57
*** TURN *** [Ks 4h 6c] [3s]
XneferX: checks 
numapu_33: checks 
*** RIVER *** [Ks 4h 6c 3s] [7c]
XneferX: bets $4.19
numapu_33: calls $4.19
*** SHOW DOWN ***
XneferX: shows [Tc Qc] (high card King)
numapu_33: shows [6d Kd] (two pair, Kings and Sixes)
numapu_33 collected $16.17 from pot
*** SUMMARY ***
Total pot $17.02 | Rake $0.85 
Board [Ks 4h 6c 3s 7c]
Seat 1: numapu_33 showed [6d Kd] and won ($16.17) with two pair, Kings and Sixes
Seat 2: GuigaMan folded before Flop (didn't bet)
Seat 3: BGS013 (button) folded before Flop (didn't bet)
Seat 5: Mariuoos (small blind) folded before Flop
Seat 6: XneferX (big blind) showed [Tc Qc] and lost with high card King



PokerStars Hand #254390272387:  Hold'em No Limit ($0.50/$1.00 USD) - 2025/01/15 22:28:00 WET [2025/01/15 17:28:00 ET]
Table 'Algoa III' 6-max Seat #5 is the button
Seat 1: numapu_33 ($148.54 in chips) is sitting out
Seat 2: GuigaMan ($108.52 in chips) 
Seat 3: BGS013 ($129.87 in chips) 
Seat 5: Mariuoos ($117.69 in chips) 
Seat 6: XneferX ($127.91 in chips) 
XneferX: posts small blind $0.50
numapu_33: is sitting out 
GuigaMan: posts big blind $1
*** HOLE CARDS ***
BGS013: folds 
Mariuoos: raises $1.50 to $2.50
BGS013 leaves the table
XneferX: folds 
GuigaMan: folds 
Uncalled bet ($1.50) returned to Mariuoos
Mariuoos collected $2.50 from pot
Mariuoos: doesn't show hand 
*** SUMMARY ***
Total pot $2.50 | Rake $0 
Seat 1: numapu_33
Seat 2: GuigaMan (big blind) folded before Flop
Seat 3: BGS013 folded before Flop (didn't bet)
Seat 5: Mariuoos (button) collected ($2.50)
Seat 6: XneferX (small blind) folded before Flop



PokerStars Hand #254390277083:  Hold'em No Limit ($0.50/$1.00 USD) - 2025/01/15 22:28:16 WET [2025/01/15 17:28:16 ET]
Table 'Algoa III' 6-max Seat #6 is the button
Seat 1: numapu_33 ($148.54 in chips) is sitting out
Seat 2: GuigaMan ($107.52 in chips) 
Seat 5: Mariuoos ($119.19 in chips) 
Seat 6: XneferX ($127.41 in chips) 
GuigaMan: posts small blind $0.50
Mariuoos: posts big blind $1
*** HOLE CARDS ***
XneferX: folds 
GuigaMan: folds 
Uncalled bet ($0.50) returned to Mariuoos
Mariuoos collected $1 from pot
Mariuoos: doesn't show hand 
*** SUMMARY ***
Total pot $1 | Rake $0 
Seat 1: numapu_33
Seat 2: GuigaMan (small blind) folded before Flop
Seat 5: Mariuoos (big blind) collected ($1)
Seat 6: XneferX (button) folded before Flop (didn't bet)



PokerStars Hand #254390279473:  Hold'em No Limit ($0.50/$1.00 USD) - 2025/01/15 22:28:24 WET [2025/01/15 17:28:24 ET]
Table 'Algoa III' 6-max Seat #2 is the button
Seat 1: numapu_33 ($148.54 in chips) is sitting out
Seat 2: GuigaMan ($107.02 in chips) 
Seat 5: Mariuoos ($119.69 in chips) 
Seat 6: XneferX ($127.41 in chips) 
Mariuoos: posts small blind $0.50
XneferX: posts big blind $1
*** HOLE CARDS ***
GuigaMan: raises $1.10 to $2.10
Mariuoos: folds 
XneferX: raises $9.90 to $12
GuigaMan: folds 
Uncalled bet ($9.90) returned to XneferX
XneferX collected $4.70 from pot
XneferX: doesn't show hand 
*** SUMMARY ***
Total pot $4.70 | Rake $0 
Seat 1: numapu_33
Seat 2: GuigaMan (button) folded before Flop
Seat 5: Mariuoos (small blind) folded before Flop
Seat 6: XneferX (big blind) collected ($4.70)



PokerStars Hand #254390283969:  Hold'em No Limit ($0.50/$1.00 USD) - 2025/01/15 22:28:39 WET [2025/01/15 17:28:39 ET]
Table 'Algoa III' 6-max Seat #6 is the button
Seat 1: numapu_33 ($148.54 in chips) is sitting out
Seat 2: GuigaMan ($104.92 in chips) is sitting out
Seat 5: Mariuoos ($119.19 in chips) 
Seat 6: XneferX ($130.01 in chips) 
XneferX: posts small blind $0.50
GuigaMan: is sitting out 
Mariuoos: posts big blind $1
*** HOLE CARDS ***
GuigaMan leaves the table
XneferX: raises $2 to $3
numapu_33 leaves the table
Mariuoos: folds 
Uncalled bet ($2) returned to XneferX
XneferX collected $2 from pot
XneferX: doesn't show hand 
*** SUMMARY ***
Total pot $2 | Rake $0 
Seat 1: numapu_33
Seat 2: GuigaMan
Seat 5: Mariuoos (big blind) folded before Flop
Seat 6: XneferX (button) (small blind) collected ($2)



PokerStars Hand #254390289428:  Hold'em No Limit ($0.50/$1.00 USD) - 2025/01/15 22:28:58 WET [2025/01/15 17:28:58 ET]
Table 'Algoa III' 6-max Seat #5 is the button
Seat 5: Mariuoos ($118.19 in chips) 
Seat 6: XneferX ($131.01 in chips) 
Mariuoos: posts small blind $0.50
XneferX: posts big blind $1
*** HOLE CARDS ***
Mariuoos: raises $1.50 to $2.50
XneferX: folds 
Uncalled bet ($1.50) returned to Mariuoos
Mariuoos collected $2 from pot
Mariuoos: doesn't show hand 
*** SUMMARY ***
Total pot $2 | Rake $0 
Seat 5: Mariuoos (button) (small blind) collected ($2)
Seat 6: XneferX (big blind) folded before Flop



PokerStars Hand #254393558079:  Hold'em No Limit ($0.50/$1.00 USD) - 2025/01/15 3:00:26 WET [2025/01/15 22:00:26 ET]
Table 'Algoa II' 6-max Seat #5 is the button
Seat 3: 50CandyJoe ($100 in chips) 
Seat 5: Supermegopro ($100 in chips) 
Supermegopro: posts small blind $0.50
50CandyJoe: posts big blind $1
*** HOLE CARDS ***
Supermegopro: raises $1.50 to $2.50
50CandyJoe: folds 
Uncalled bet ($1.50) returned to Supermegopro
Supermegopro collected $2 from pot
Supermegopro: doesn't show hand 
*** SUMMARY ***
Total pot $2 | Rake $0 
Seat 3: 50CandyJoe (big blind) folded before Flop
Seat 5: Supermegopro (button) (small blind) collected ($2)



PokerStars Hand #254393559142:  Hold'em No Limit ($0.50/$1.00 USD) - 2025/01/15 3:00:34 WET [2025/01/15 22:00:34 ET]
Table 'Algoa II' 6-max Seat #3 is the button
Seat 3: 50CandyJoe ($100 in chips) 
Seat 5: Supermegopro ($101 in chips) 
50CandyJoe: posts small blind $0.50
Supermegopro: posts big blind $1
*** HOLE CARDS ***
50CandyJoe: raises $1.50 to $2.50
Supermegopro: calls $1.50
*** FLOP *** [Ts 6c 6s]
Supermegopro: checks 
50CandyJoe: checks 
*** TURN *** [Ts 6c 6s] [Ac]
Supermegopro: checks 
50CandyJoe: checks 
*** RIVER *** [Ts 6c 6s Ac] [Ad]
Supermegopro: checks 
50CandyJoe: bets $4.75
Supermegopro: calls $4.75
*** SHOW DOWN ***
50CandyJoe: shows [7h Ah] (a full house, Aces full of Sixes)
Supermegopro: mucks hand 
50CandyJoe collected $13.78 from pot
*** SUMMARY ***
Total pot $14.50 | Rake $0.72 
Board [Ts 6c 6s Ac Ad]
Seat 3: 50CandyJoe (button) (small blind) showed [7h Ah] and won ($13.78) with a full house, Aces full of Sixes
Seat 5: Supermegopro (big blind) mucked



PokerStars Hand #254393686386:  Hold'em No Limit ($0.50/$1.00 USD) - 2025/01/15 3:16:14 WET [2025/01/15 22:16:14 ET]
Table 'Algoa II' 6-max Seat #6 is the button
Seat 1: vikonda85 ($100 in chips) 
Seat 2: pr0tecto ($100 in chips) 
Seat 3: rostickkin ($100 in chips) 
Seat 6: turquoise75 ($76.28 in chips) 
vikonda85: posts small blind $0.50
pr0tecto: posts big blind $1
*** HOLE CARDS ***
rostickkin: folds 
turquoise75: raises $1.10 to $2.10
vikonda85: folds 
pr0tecto: folds 
Uncalled bet ($1.10) returned to turquoise75
turquoise75 collected $2.50 from pot
*** SUMMARY ***
Total pot $2.50 | Rake $0 
Seat 1: vikonda85 (small blind) folded before Flop
Seat 2: pr0tecto (big blind) folded before Flop
Seat 3: rostickkin folded before Flop (didn't bet)
Seat 6: turquoise75 (button) collected ($2.50)



PokerStars Hand #254393687878:  Hold'em No Limit ($0.50/$1.00 USD) - 2025/01/15 3:16:25 WET [2025/01/15 22:16:25 ET]
Table 'Algoa II' 6-max Seat #1 is the button
Seat 1: vikonda85 ($100 in chips) 
Seat 2: pr0tecto ($99 in chips) 
Seat 3: rostickkin ($100 in chips) 
Seat 6: turquoise75 ($77.78 in chips) 
pr0tecto: posts small blind $0.50
rostickkin: posts big blind $1
*** HOLE CARDS ***
Supermegopro joins the table at seat #4 
turquoise75: folds 
vikonda85: folds 
50CandyJoe joins the table at seat #5 
pr0tecto: raises $1.24 to $2.24
rostickkin: folds 
Uncalled bet ($1.24) returned to pr0tecto
pr0tecto collected $2 from pot
pr0tecto: doesn't show hand 
*** SUMMARY ***
Total pot $2 | Rake $0 
Seat 1: vikonda85 (button) folded before Flop (didn't bet)
Seat 2: pr0tecto (small blind) collected ($2)
Seat 3: rostickkin (big blind) folded before Flop
Seat 6: turquoise75 folded before Flop (didn't bet)



PokerStars Hand #254393689660:  Hold'em No Limit ($0.50/$1.00 USD) - 2025/01/15 3:16:38 WET [2025/01/15 22:16:38 ET]
Table 'Algoa II' 6-max Seat #2 is the button
Seat 5: 50CandyJoe ($106.53 in chips) is sitting out
Seat 1: vikonda85 ($100 in chips) 
Seat 2: pr0tecto ($100 in chips) 
Seat 3: rostickkin ($100 in chips) 
Seat 4: Supermegopro ($100 in chips) 
Seat 6: turquoise75 ($77.78 in chips) 
rostickkin: posts small blind $0.50
Supermegopro: posts big blind $1
50CandyJoe: sits out 
*** HOLE CARDS ***
turquoise75: raises $1.10 to $2.10
vikonda85: folds 
pr0tecto: folds 
rostickkin: folds 
Supermegopro: calls $1.10
*** FLOP *** [4s 2c 6c]
Supermegopro: checks 
turquoise75: checks 
*** TURN *** [4s 2c 6c] [4d]
Supermegopro: bets $2.97
turquoise75: calls $2.97
*** RIVER *** [4s 2c 6c 4d] [Jd]
Supermegopro: checks 
turquoise75: bets $3.34
Supermegopro: calls $3.34
*** SHOW DOWN ***
turquoise75: shows [Qc Jh] (two pair, Jacks and Fours)
Supermegopro: mucks hand 
turquoise75 collected $16.23 from pot
*** SUMMARY ***
Total pot $17.32 | Rake $1.09 
Board [4s 2c 6c 4d Jd]
Seat 5: 50CandyJoe
Seat 1: vikonda85 folded before Flop (didn't bet)
Seat 2: pr0tecto (button) folded before Flop (didn't bet)
Seat 3: rostickkin (small blind) folded before Flop
Seat 4: Supermegopro (big blind) mucked
Seat 6: turquoise75 showed [Qc Jh] and won ($16.23) with two pair, Jacks and Fours



PokerStars Hand #254393693834:  Hold'em No Limit ($0.50/$1.00 USD) - 2025/01/15 3:17:10 WET [2025/01/15 22:17:10 ET]
Table 'Algoa II' 6-max Seat #3 is the button
Seat 1: vikonda85 ($100 in chips) 
Seat 2: pr0tecto ($100 in chips) 
Seat 3: rostickkin ($100 in chips) 
Seat 4: Supermegopro ($100 in chips) 
Seat 5: 50CandyJoe ($106.53 in chips) 
Seat 6: turquoise75 ($85.60 in chips) 
Supermegopro: posts small blind $0.50
50CandyJoe: posts big blind $1
*** HOLE CARDS ***
turquoise75: raises $1 to $2
vikonda85: folds 
pr0tecto: folds 
rostickkin: folds 
Supermegopro: raises $6 to $8
50CandyJoe: folds 
turquoise75: folds 
Uncalled bet ($6) returned to Supermegopro
Supermegopro collected $5 from pot
Supermegopro: doesn't show hand 
*** SUMMARY ***
Total pot $5 | Rake $0 
Seat 1: vikonda85 folded before Flop (didn't bet)
Seat 2: pr0tecto folded before Flop (didn't bet)
Seat 3: rostickkin (button) folded before Flop (didn't bet)
Seat 4: Supermegopro (small blind) collected ($5)
Seat 5: 50CandyJoe (big blind) folded before Flop
Seat 6: turquoise75 folded before Flop



PokerStars Hand #254393699853:  Hold'em No Limit ($0.50/$1.00 USD) - 2025/01/15 3:17:55 WET [2025/01/15 22:17:55 ET]
Table 'Algoa II' 6-max Seat #4 is the button
Seat 1: vikonda85 ($100 in chips) 
Seat 2: pr0tecto ($100 in chips) 
Seat 3: rostickkin ($100 in chips) 
Seat 4: Supermegopro ($103 in chips) 
Seat 5: 50CandyJoe ($105.53 in chips) 
Seat 6: turquoise75 ($83.60 in chips) 
50CandyJoe: posts small blind $0.50
turquoise75: posts big blind $1
*** HOLE CARDS ***
vikonda85: folds 
pr0tecto: folds 
rostickkin: raises $1.50 to $2.50
Supermegopro: folds 
50CandyJoe: folds 
turquoise75: calls $1.50
*** FLOP *** [8h Td 2c]
turquoise75: checks 
rostickkin: checks 
*** TURN *** [8h Td 2c] [8s]
turquoise75: checks 
rostickkin: bets $1.77
turquoise75: raises $2.77 to $4.54
rostickkin: folds 
Uncalled bet ($2.77) returned to turquoise75
turquoise75 collected $8.48 from pot
*** SUMMARY ***
Total pot $9.04 | Rake $0.56 
Board [8h Td 2c 8s]
Seat 1: vikonda85 folded before Flop (didn't bet)
Seat 2: pr0tecto folded before Flop (didn't bet)
Seat 3: rostickkin folded on the Turn
Seat 4: Supermegopro (button) folded before Flop (didn't bet)
Seat 5: 50CandyJoe (small blind) folded before Flop
Seat 6: turquoise75 (big blind) collected ($8.48)



PokerStars Hand #254393705616:  Hold'em No Limit ($0.50/$1.00 USD) - 2025/01/15 3:18:39 WET [2025/01/15 22:18:39 ET]
Table 'Algoa II' 6-max Seat #5 is the button
Seat 1: vikonda85 ($100 in chips) 
Seat 2: pr0tecto ($100 in chips) 
Seat 3: rostickkin ($100 in chips) 
Seat 4: Supermegopro ($103 in chips) 
Seat 5: 50CandyJoe ($105.03 in chips) 
Seat 6: turquoise75 ($87.81 in chips) 
turquoise75: posts small blind $0.50
vikonda85: posts big blind $1
*** HOLE CARDS ***
pr0tecto: folds 
rostickkin: folds 
pr0tecto leaves the table
Supermegopro: raises $1.50 to $2.50
50CandyJoe: folds 
turquoise75: calls $2
vikonda85: folds 
*** FLOP *** [Ad As 8h]
sutata joins the table at seat #2 
turquoise75: checks 
Supermegopro: checks 
*** TURN *** [Ad As 8h] [Qs]
turquoise75: checks 
Supermegopro: bets $4
turquoise75: calls $4
*** RIVER *** [Ad As 8h Qs] [9c]
turquoise75: checks 
Supermegopro: bets $8.87
turquoise75: calls $8.87
*** SHOW DOWN ***
Supermegopro: shows [Ac 6c] (three of a kind, Aces)
turquoise75: mucks hand 
Supermegopro collected $30.15 from pot
*** SUMMARY ***
Total pot $31.74 | Rake $1.59 
Board [Ad As 8h Qs 9c]
Seat 1: vikonda85 (big blind) folded before Flop
Seat 2: pr0tecto folded before Flop (didn't bet)
Seat 3: rostickkin folded before Flop (didn't bet)
Seat 4: Supermegopro showed [Ac 6c] and won ($30.15) with three of a kind, Aces
Seat 5: 50CandyJoe (button) folded before Flop (didn't bet)
Seat 6: turquoise75 (small blind) mucked



PokerStars Hand #254393713310:  Hold'em No Limit ($0.50/$1.00 USD) - 2025/01/15 3:19:38 WET [2025/01/15 22:19:38 ET]
Table 'Algoa II' 6-max Seat #6 is the button
Seat 1: vikonda85 ($100 in chips) 
Seat 2: sutata ($100 in chips) 
Seat 3: rostickkin ($100 in chips) 
Seat 4: Supermegopro ($117.78 in chips) 
Seat 5: 50CandyJoe ($105.03 in chips) 
Seat 6: turquoise75 ($72.44 in chips) 
vikonda85: posts small blind $0.50
sutata: posts big blind $1
*** HOLE CARDS ***
rostickkin: folds 
Supermegopro: folds 
50CandyJoe: folds 
turquoise75: raises $1 to $2
vikonda85: folds 
sutata: folds 
Uncalled bet ($1) returned to turquoise75
turquoise75 collected $2.50 from pot
*** SUMMARY ***
Total pot $2.50 | Rake $0 
Seat 1: vikonda85 (small blind) folded before Flop
Seat 2: sutata (big blind) folded before Flop
Seat 3: rostickkin folded before Flop (didn't bet)
Seat 4: Supermegopro folded before Flop (didn't bet)
Seat 5: 50CandyJoe folded before Flop (didn't bet)
Seat 6: turquoise75 (button) collected ($2.50)



PokerStars Hand #254393715415:  Hold'em No Limit ($0.50/$1.00 USD) - 2025/01/15 3:19:53 WET [2025/01/15 22:19:53 ET]
Table 'Algoa II' 6-max Seat #1 is the button
Seat 1: vikonda85 ($100 in chips) 
Seat 2: sutata ($100 in chips) 
Seat 3: rostickkin ($100 in chips) 
Seat 4: Supermegopro ($117.78 in chips) 
Seat 5: 50CandyJoe ($105.03 in chips) 
Seat 6: turquoise75 ($73.94 in chips) 
sutata: posts small blind $0.50
rostickkin: posts big blind $1
*** HOLE CARDS ***
Supermegopro: folds 
50CandyJoe: folds 
turquoise75: raises $1 to $2
vikonda85: folds 
sutata: folds 
rostickkin: calls $1
*** FLOP *** [9d 5s 9h]
rostickkin: checks 
turquoise75: checks 
*** TURN *** [9d 5s 9h] [Qd]
rostickkin: checks 
turquoise75: bets $1.41
rostickkin: calls $1.41
*** RIVER *** [9d 5s 9h Qd] [7d]
rostickkin: checks 
turquoise75: checks 
*** SHOW DOWN ***
rostickkin: shows [Ah 6h] (a pair of Nines)
turquoise75: mucks hand 
rostickkin collected $6.95 from pot
*** SUMMARY ***
Total pot $7.32 | Rake $0.37 
Board [9d 5s 9h Qd 7d]
Seat 1: vikonda85 (button) folded before Flop (didn't bet)
Seat 2: sutata (small blind) folded before Flop
Seat 3: rostickkin (big blind) showed [Ah 6h] and won ($6.95) with a pair of Nines
Seat 4: Supermegopro folded before Flop (didn't bet)
Seat 5: 50CandyJoe folded before Flop (didn't bet)
Seat 6: turquoise75 mucked



PokerStars Hand #254393720910:  Hold'em No Limit ($0.50/$1.00 USD) - 2025/01/15 3:20:36 WET [2025/01/15 22:20:36 ET]
Table 'Algoa II' 6-max Seat #2 is the button
Seat 1: vikonda85 ($100 in chips) 
Seat 2: sutata ($100 in chips) 
Seat 3: rostickkin ($103.54 in chips) 
Seat 4: Supermegopro ($117.78 in chips) 
Seat 5: 50CandyJoe ($105.03 in chips) 
Seat 6: turquoise75 ($70.53 in chips) 
rostickkin: posts small blind $0.50
Supermegopro: posts big blind $1
*** HOLE CARDS ***
50CandyJoe: raises $1.20 to $2.20
turquoise75: raises $3.20 to $5.40
vikonda85: folds 
sutata: folds 
rostickkin: folds 
Supermegopro: folds 
50CandyJoe: calls $3.20
*** FLOP *** [8c Th 7s]
50CandyJoe: checks 
turquoise75: bets $6.42
50CandyJoe: folds 
Uncalled bet ($6.42) returned to turquoise75
turquoise75 collected $11.52 from pot
*** SUMMARY ***
Total pot $12.30 | Rake $0.78 
Board [8c Th 7s]
Seat 1: vikonda85 folded before Flop (didn't bet)
Seat 2: sutata (button) folded before Flop (didn't bet)
Seat 3: rostickkin (small blind) folded before Flop
Seat 4: Supermegopro (big blind) folded before Flop
Seat 5: 50CandyJoe folded on the Flop
Seat 6: turquoise75 collected ($11.52)



PokerStars Hand #254393726042:  Hold'em No Limit ($0.50/$1.00 USD) - 2025/01/15 3:21:15 WET [2025/01/15 22:21:15 ET]
Table 'Algoa II' 6-max Seat #3 is the button
Seat 1: vikonda85 ($100 in chips) 
Seat 2: sutata ($100 in chips) 
Seat 3: rostickkin ($103.04 in chips) 
Seat 4: Supermegopro ($116.78 in chips) 
Seat 5: 50CandyJoe ($100 in chips) 
Seat 6: turquoise75 ($76.65 in chips) 
Supermegopro: posts small blind $0.50
50CandyJoe: posts big blind $1
*** HOLE CARDS ***
turquoise75: raises $1 to $2
vikonda85: folds 
sutata: folds 
rostickkin: raises $4 to $6
Supermegopro: folds 
50CandyJoe: folds 
turquoise75: calls $4
*** FLOP *** [Ks Qh 5s]
turquoise75: checks 
rostickkin: bets $4.36
turquoise75: folds 
Uncalled bet ($4.36) returned to rostickkin
rostickkin collected $12.82 from pot
rostickkin: doesn't show hand 
*** SUMMARY ***
Total pot $13.50 | Rake $0.68 
Board [Ks Qh 5s]
Seat 1: vikonda85 folded before Flop (didn't bet)
Seat 2: sutata folded before Flop (didn't bet)
Seat 3: rostickkin (button) collected ($12.82)
Seat 4: Supermegopro (small blind) folded before Flop
Seat 5: 50CandyJoe (big blind) folded before Flop
Seat 6: turquoise75 folded on the Flop



PokerStars Hand #254393729925:  Hold'em No Limit ($0.50/$1.00 USD) - 2025/01/15 3:21:43 WET [2025/01/15 22:21:43 ET]
Table 'Algoa II' 6-max Seat #4 is the button
Seat 1: vikonda85 ($100 in chips) 
Seat 2: sutata ($100 in chips) 
Seat 3: rostickkin ($109.86 in chips) 
Seat 4: Supermegopro ($116.28 in chips) 
Seat 5: 50CandyJoe ($100 in chips) 
Seat 6: turquoise75 ($70.65 in chips) 
50CandyJoe: posts small blind $0.50
turquoise75: posts big blind $1
*** HOLE CARDS ***
vikonda85: folds 
sutata: folds 
rostickkin: folds 
Supermegopro: raises $1.50 to $2.50
50CandyJoe: folds 
turquoise75: calls $1.50
*** FLOP *** [Kh 7c 8s]
turquoise75: checks 
Supermegopro: checks 
*** TURN *** [Kh 7c 8s] [Jc]
turquoise75: bets $1.15
Supermegopro: raises $3.85 to $5
turquoise75: calls $3.85
*** RIVER *** [Kh 7c 8s Jc] [Th]
turquoise75: checks 
Supermegopro: checks 
*** SHOW DOWN ***
turquoise75: shows [Jh Ac] (a pair of Jacks)
Supermegopro: mucks hand 
turquoise75 collected $14.52 from pot
*** SUMMARY ***
Total pot $15.50 | Rake $0.98 
Board [Kh 7c 8s Jc Th]
Seat 1: vikonda85 folded before Flop (didn't bet)
Seat 2: sutata folded before Flop (didn't bet)
Seat 3: rostickkin folded before Flop (didn't bet)
Seat 4: Supermegopro (button) mucked
Seat 5: 50CandyJoe (small blind) folded before Flop
Seat 6: turquoise75 (big blind) showed [Jh Ac] and won ($14.52) with a pair of Jacks



PokerStars Hand #254393735296:  Hold'em No Limit ($0.50/$1.00 USD) - 2025/01/15 3:22:23 WET [2025/01/15 22:22:23 ET]
Table 'Algoa II' 6-max Seat #5 is the button
Seat 1: vikonda85 ($100 in chips) 
Seat 2: sutata ($100 in chips) 
Seat 3: rostickkin ($109.86 in chips) 
Seat 4: Supermegopro ($108.78 in chips) 
Seat 5: 50CandyJoe ($100 in chips) 
Seat 6: turquoise75 ($77.67 in chips) 
turquoise75: posts small blind $0.50
vikonda85: posts big blind $1
*** HOLE CARDS ***
sutata: folds 
rostickkin: raises $1.20 to $2.20
Supermegopro: raises $5.30 to $7.50
50CandyJoe: folds 
turquoise75: folds 
vikonda85: folds 
rostickkin: calls $5.30
*** FLOP *** [2s 8d 4s]
rostickkin: checks 
Supermegopro: checks 
*** TURN *** [2s 8d 4s] [7d]
rostickkin: checks 
Supermegopro: bets $10.45
rostickkin: raises $18.66 to $29.11
Supermegopro: folds 
Uncalled bet ($18.66) returned to rostickkin
rostickkin collected $35.53 from pot
rostickkin: doesn't show hand 
*** SUMMARY ***
Total pot $37.40 | Rake $1.87 
Board [2s 8d 4s 7d]
Seat 1: vikonda85 (big blind) folded before Flop
Seat 2: sutata folded before Flop (didn't bet)
Seat 3: rostickkin collected ($35.53)
Seat 4: Supermegopro folded on the Turn
Seat 5: 50CandyJoe (button) folded before Flop (didn't bet)
Seat 6: turquoise75 (small blind) folded before Flop



PokerStars Hand #254393742726:  Hold'em No Limit ($0.50/$1.00 USD) - 2025/01/15 3:23:19 WET [2025/01/15 22:23:19 ET]
Table 'Algoa II' 6-max Seat #6 is the button
Seat 1: vikonda85 ($100 in chips) 
Seat 2: sutata ($100 in chips) 
Seat 3: rostickkin ($127.44 in chips) 
Seat 4: Supermegopro ($100 in chips) 
Seat 5: 50CandyJoe ($100 in chips) 
Seat 6: turquoise75 ($77.17 in chips) 
vikonda85: posts small blind $0.50
sutata: posts big blind $1
*** HOLE CARDS ***
rostickkin: folds 
Supermegopro: folds 
50CandyJoe: folds 
turquoise75: raises $2.20 to $3.20
vikonda85: folds 
sutata: raises $9.10 to $12.30
turquoise75: calls $9.10
*** FLOP *** [7h Kc 6h]
sutata: checks 
turquoise75: checks 
*** TURN *** [7h Kc 6h] [As]
sutata: checks 
turquoise75: bets $7.87
sutata: calls $7.87
*** RIVER *** [7h Kc 6h As] [3c]
sutata: checks 
turquoise75: checks 
*** SHOW DOWN ***
sutata: shows [Td Ad] (a pair of Aces)
turquoise75: shows [Jd Ac] (a pair of Aces - King+Jack kicker)
turquoise75 collected $38.29 from pot
*** SUMMARY ***
Total pot $40.84 | Rake $2.55 
Board [7h Kc 6h As 3c]
Seat 1: vikonda85 (small blind) folded before Flop
Seat 2: sutata (big blind) showed [Td Ad] and lost with a pair of Aces
Seat 3: rostickkin folded before Flop (didn't bet)
Seat 4: Supermegopro folded before Flop (didn't bet)
Seat 5: 50CandyJoe folded before Flop (didn't bet)
Seat 6: turquoise75 (button) showed [Jd Ac] and won ($38.29) with a pair of Aces



PokerStars Hand #254393750198:  Hold'em No Limit ($0.50/$1.00 USD) - 2025/01/15 3:24:15 WET [2025/01/15 22:24:15 ET]
Table 'Algoa II' 6-max Seat #1 is the button
Seat 1: vikonda85 ($100 in chips) 
Seat 2: sutata ($100 in chips) 
Seat 3: rostickkin ($127.44 in chips) 
Seat 4: Supermegopro ($100 in chips) 
Seat 5: 50CandyJoe ($100 in chips) 
Seat 6: turquoise75 ($95.29 in chips) 
sutata: posts small blind $0.50
rostickkin: posts big blind $1
*** HOLE CARDS ***
Supermegopro: raises $1.50 to $2.50
50CandyJoe: folds 
turquoise75: folds 
vikonda85: folds 
sutata: folds 
rostickkin: calls $1.50
*** FLOP *** [6d 9h 9s]
rostickkin: checks 
Supermegopro: checks 
*** TURN *** [6d 9h 9s] [Kd]
rostickkin: bets $3.97
Supermegopro: raises $7.94 to $11.91
rostickkin: folds 
Uncalled bet ($7.94) returned to Supermegopro
Supermegopro collected $12.77 from pot
Supermegopro: doesn't show hand 
*** SUMMARY ***
Total pot $13.44 | Rake $0.67 
Board [6d 9h 9s Kd]
Seat 1: vikonda85 (button) folded before Flop (didn't bet)
Seat 2: sutata (small blind) folded before Flop
Seat 3: rostickkin (big blind) folded on the Turn
Seat 4: Supermegopro collected ($12.77)
Seat 5: 50CandyJoe folded before Flop (didn't bet)
Seat 6: turquoise75 folded before Flop (didn't bet)



PokerStars Hand #254393755945:  Hold'em No Limit ($0.50/$1.00 USD) - 2025/01/15 3:24:59 WET [2025/01/15 22:24:59 ET]
Table 'Algoa II' 6-max Seat #2 is the button
Seat 1: vikonda85 ($100 in chips) 
Seat 2: sutata ($100 in chips) 
Seat 3: rostickkin ($120.97 in chips) 
Seat 4: Supermegopro ($106.30 in chips) 
Seat 5: 50CandyJoe ($100 in chips) 
Seat 6: turquoise75 ($95.29 in chips) 
rostickkin: posts small blind $0.50
Supermegopro: posts big blind $1
*** HOLE CARDS ***
50CandyJoe: folds 
turquoise75: raises $1 to $2
vikonda85: folds 
sutata: folds 
rostickkin: folds 
Supermegopro: folds 
Uncalled bet ($1) returned to turquoise75
turquoise75 collected $2.50 from pot
*** SUMMARY ***
Total pot $2.50 | Rake $0 
Seat 1: vikonda85 folded before Flop (didn't bet)
Seat 2: sutata (button) folded before Flop (didn't bet)
Seat 3: rostickkin (small blind) folded before Flop
Seat 4: Supermegopro (big blind) folded before Flop
Seat 5: 50CandyJoe folded before Flop (didn't bet)
Seat 6: turquoise75 collected ($2.50)



PokerStars Hand #254393758438:  Hold'em No Limit ($0.50/$1.00 USD) - 2025/01/15 3:25:18 WET [2025/01/15 22:25:18 ET]
Table 'Algoa II' 6-max Seat #3 is the button
Seat 1: vikonda85 ($100 in chips) 
Seat 2: sutata ($100 in chips) 
Seat 3: rostickkin ($120.47 in chips) 
Seat 4: Supermegopro ($105.30 in chips) 
Seat 5: 50CandyJoe ($100 in chips) 
Seat 6: turquoise75 ($96.79 in chips) 
Supermegopro: posts small blind $0.50
50CandyJoe: posts big blind $1
*** HOLE CARDS ***
turquoise75: raises $1 to $2
vikonda85: folds 
sutata: folds 
rostickkin: folds 
Supermegopro: folds 
50CandyJoe: raises $7 to $9
turquoise75: folds 
Uncalled bet ($7) returned to 50CandyJoe
50CandyJoe collected $4.50 from pot
50CandyJoe: doesn't show hand 
*** SUMMARY ***
Total pot $4.50 | Rake $0 
Seat 1: vikonda85 folded before Flop (didn't bet)
Seat 2: sutata folded before Flop (didn't bet)
Seat 3: rostickkin (button) folded before Flop (didn't bet)
Seat 4: Supermegopro (small blind) folded before Flop
Seat 5: 50CandyJoe (big blind) collected ($4.50)
Seat 6: turquoise75 folded before Flop



PokerStars Hand #254393762694:  Hold'em No Limit ($0.50/$1.00 USD) - 2025/01/15 3:25:50 WET [2025/01/15 22:25:50 ET]
Table 'Algoa II' 6-max Seat #4 is the button
Seat 1: vikonda85 ($100 in chips) 
Seat 2: sutata ($100 in chips) 
Seat 3: rostickkin ($120.47 in chips) 
Seat 4: Supermegopro ($104.80 in chips) 
Seat 5: 50CandyJoe ($102.50 in chips) 
Seat 6: turquoise75 ($94.79 in chips) 
50CandyJoe: posts small blind $0.50
turquoise75: posts big blind $1
*** HOLE CARDS ***
vikonda85: folds 
sutata: folds 
rostickkin: folds 
Supermegopro: folds 
50CandyJoe: raises $2 to $3
turquoise75: calls $2
*** FLOP *** [8h 3s Qs]
50CandyJoe: bets $3.76
turquoise75: calls $3.76
*** TURN *** [8h 3s Qs] [Qd]
50CandyJoe: checks 
turquoise75: checks 
*** RIVER *** [8h 3s Qs Qd] [7d]
50CandyJoe: bets $8.47
turquoise75: folds 
Uncalled bet ($8.47) returned to 50CandyJoe
50CandyJoe collected $12.84 from pot
50CandyJoe: doesn't show hand 
*** SUMMARY ***
Total pot $13.52 | Rake $0.68 
Board [8h 3s Qs Qd 7d]
Seat 1: vikonda85 folded before Flop (didn't bet)
Seat 2: sutata folded before Flop (didn't bet)
Seat 3: rostickkin folded before Flop (didn't bet)
Seat 4: Supermegopro (button) folded before Flop (didn't bet)
Seat 5: 50CandyJoe (small blind) collected ($12.84)
Seat 6: turquoise75 (big blind) folded on the River



PokerStars Hand #254393770731:  Hold'em No Limit ($0.50/$1.00 USD) - 2025/01/15 3:26:51 WET [2025/01/15 22:26:51 ET]
Table 'Algoa II' 6-max Seat #5 is the button
Seat 1: vikonda85 ($100 in chips) 
Seat 2: sutata ($100 in chips) 
Seat 3: rostickkin ($120.47 in chips) 
Seat 4: Supermegopro ($104.80 in chips) 
Seat 5: 50CandyJoe ($108.58 in chips) 
Seat 6: turquoise75 ($88.03 in chips) 
turquoise75: posts small blind $0.50
vikonda85: posts big blind $1
*** HOLE CARDS ***
sutata: raises $1.50 to $2.50
rostickkin: folds 
Supermegopro: folds 
50CandyJoe: folds 
turquoise75: folds 
vikonda85: folds 
Uncalled bet ($1.50) returned to sutata
sutata collected $2.50 from pot
sutata: doesn't show hand 
*** SUMMARY ***
Total pot $2.50 | Rake $0 
Seat 1: vikonda85 (big blind) folded before Flop
Seat 2: sutata collected ($2.50)
Seat 3: rostickkin folded before Flop (didn't bet)
Seat 4: Supermegopro folded before Flop (didn't bet)
Seat 5: 50CandyJoe (button) folded before Flop (didn't bet)
Seat 6: turquoise75 (small blind) folded before Flop



PokerStars Hand #254393773397:  Hold'em No Limit ($0.50/$1.00 USD) - 2025/01/15 3:27:12 WET [2025/01/15 22:27:12 ET]
Table 'Algoa II' 6-max Seat #6 is the button
Seat 1: vikonda85 ($100 in chips) 
Seat 2: sutata ($101.50 in chips) 
Seat 3: rostickkin ($120.47 in chips) 
Seat 4: Supermegopro ($104.80 in chips) 
Seat 5: 50CandyJoe ($108.58 in chips) 
Seat 6: turquoise75 ($87.53 in chips) 
vikonda85: posts small blind $0.50
sutata: posts big blind $1
*** HOLE CARDS ***
rostickkin: folds 
Supermegopro: folds 
50CandyJoe: raises $1.20 to $2.20
turquoise75: folds 
vikonda85: folds 
sutata: calls $1.20
*** FLOP *** [9h Tc 5s]
sutata: checks 
50CandyJoe: bets $1.54
sutata: folds 
Uncalled bet ($1.54) returned to 50CandyJoe
50CandyJoe collected $4.66 from pot
50CandyJoe: doesn't show hand 
*** SUMMARY ***
Total pot $4.90 | Rake $0.24 
Board [9h Tc 5s]
Seat 1: vikonda85 (small blind) folded before Flop
Seat 2: sutata (big blind) folded on the Flop
Seat 3: rostickkin folded before Flop (didn't bet)
Seat 4: Supermegopro folded before Flop (didn't bet)
Seat 5: 50CandyJoe collected ($4.66)
Seat 6: turquoise75 (button) folded before Flop (didn't bet)



PokerStars Hand #254393778907:  Hold'em No Limit ($0.50/$1.00 USD) - 2025/01/15 3:27:54 WET [2025/01/15 22:27:54 ET]
Table 'Algoa II' 6-max Seat #1 is the button
Seat 1: vikonda85 ($100 in chips) 
Seat 2: sutata ($100 in chips) 
Seat 3: rostickkin ($120.47 in chips) 
Seat 4: Supermegopro ($104.80 in chips) 
Seat 5: 50CandyJoe ($111.04 in chips) 
Seat 6: turquoise75 ($87.53 in chips) 
sutata: posts small blind $0.50
rostickkin: posts big blind $1
*** HOLE CARDS ***
Supermegopro: folds 
50CandyJoe: folds 
turquoise75: folds 
vikonda85: folds 
sutata: folds 
Uncalled bet ($0.50) returned to rostickkin
rostickkin collected $1 from pot
rostickkin: doesn't show hand 
*** SUMMARY ***
Total pot $1 | Rake $0 
Seat 1: vikonda85 (button) folded before Flop (didn't bet)
Seat 2: sutata (small blind) folded before Flop
Seat 3: rostickkin (big blind) collected ($1)
Seat 4: Supermegopro folded before Flop (didn't bet)
Seat 5: 50CandyJoe folded before Flop (didn't bet)
Seat 6: turquoise75 folded before Flop (didn't bet)



PokerStars Hand #254393780610:  Hold'em No Limit ($0.50/$1.00 USD) - 2025/01/15 3:28:07 WET [2025/01/15 22:28:07 ET]
Table 'Algoa II' 6-max Seat #2 is the button
Seat 1: vikonda85 ($100 in chips) 
Seat 2: sutata ($100 in chips) 
Seat 3: rostickkin ($120.97 in chips) 
Seat 4: Supermegopro ($104.80 in chips) 
Seat 5: 50CandyJoe ($111.04 in chips) 
Seat 6: turquoise75 ($87.53 in chips) 
rostickkin: posts small blind $0.50
Supermegopro: posts big blind $1
*** HOLE CARDS ***
50CandyJoe: folds 
turquoise75: folds 
vikonda85: folds 
sutata: folds 
rostickkin: raises $2 to $3
Supermegopro: calls $2
*** FLOP *** [3h Ah Jd]
rostickkin: bets $1.94
Supermegopro: calls $1.94
*** TURN *** [3h Ah Jd] [3d]
rostickkin: checks 
Supermegopro: bets $4.70
rostickkin: folds 
Uncalled bet ($4.70) returned to Supermegopro
Supermegopro collected $9.39 from pot
Supermegopro: doesn't show hand 
*** SUMMARY ***
Total pot $9.88 | Rake $0.49 
Board [3h Ah Jd 3d]
Seat 1: vikonda85 folded before Flop (didn't bet)
Seat 2: sutata (button) folded before Flop (didn't bet)
Seat 3: rostickkin (small blind) folded on the Turn
Seat 4: Supermegopro (big blind) collected ($9.39)
Seat 5: 50CandyJoe folded before Flop (didn't bet)
Seat 6: turquoise75 folded before Flop (didn't bet)



PokerStars Hand #254393786506:  Hold'em No Limit ($0.50/$1.00 USD) - 2025/01/15 3:28:54 WET [2025/01/15 22:28:54 ET]
Table 'Algoa II' 6-max Seat #3 is the button
Seat 1: vikonda85 ($100 in chips) 
Seat 2: sutata ($100 in chips) 
Seat 3: rostickkin ($116.03 in chips) 
Seat 4: Supermegopro ($109.25 in chips) 
Seat 5: 50CandyJoe ($111.04 in chips) 
Seat 6: turquoise75 ($87.53 in chips) 
Supermegopro: posts small blind $0.50
50CandyJoe: posts big blind $1
*** HOLE CARDS ***
turquoise75: folds 
vikonda85: folds 
sutata: raises $1.50 to $2.50
rostickkin: raises $5 to $7.50
Supermegopro: folds 
50CandyJoe: folds 
sutata: raises $13.80 to $21.30
rostickkin: calls $13.80
*** FLOP *** [Ad 7c Ks]
sutata: bets $3.77
rostickkin: calls $3.77
*** TURN *** [Ad 7c Ks] [3c]
sutata: bets $7.86
rostickkin: calls $7.86
*** RIVER *** [Ad 7c Ks 3c] [Td]
sutata: checks 
rostickkin: bets $83.10 and is all-in
sutata: folds 
Uncalled bet ($83.10) returned to rostickkin
rostickkin collected $64.86 from pot
rostickkin: doesn't show hand 
*** SUMMARY ***
Total pot $67.36 | Rake $2.50 
Board [Ad 7c Ks 3c Td]
Seat 1: vikonda85 folded before Flop (didn't bet)
Seat 2: sutata folded on the River
Seat 3: rostickkin (button) collected ($64.86)
Seat 4: Supermegopro (small blind) folded before Flop
Seat 5: 50CandyJoe (big blind) folded before Flop
Seat 6: turquoise75 folded before Flop (didn't bet)



PokerStars Hand #254393800124:  Hold'em No Limit ($0.50/$1.00 USD) - 2025/01/15 3:30:39 WET [2025/01/15 22:30:39 ET]
Table 'Algoa II' 6-max Seat #4 is the button
Seat 1: vikonda85 ($100 in chips) 
Seat 2: sutata ($100 in chips) 
Seat 3: rostickkin ($147.96 in chips) 
Seat 4: Supermegopro ($108.75 in chips) 
Seat 5: 50CandyJoe ($110.04 in chips) 
Seat 6: turquoise75 ($87.53 in chips) 
50CandyJoe: posts small blind $0.50
turquoise75: posts big blind $1
*** HOLE CARDS ***
vikonda85: folds 
sutata: folds 
rostickkin: folds 
Supermegopro: raises $1.50 to $2.50
50CandyJoe: folds 
turquoise75: folds 
Uncalled bet ($1.50) returned to Supermegopro
Supermegopro collected $2.50 from pot
Supermegopro: doesn't show hand 
*** SUMMARY ***
Total pot $2.50 | Rake $0 
Seat 1: vikonda85 folded before Flop (didn't bet)
Seat 2: sutata folded before Flop (didn't bet)
Seat 3: rostickkin folded before Flop (didn't bet)
Seat 4: Supermegopro (button) collected ($2.50)
Seat 5: 50CandyJoe (small blind) folded before Flop
Seat 6: turquoise75 (big blind) folded before Flop



PokerStars Hand #254393801790:  Hold'em No Limit ($0.50/$1.00 USD) - 2025/01/15 3:30:52 WET [2025/01/15 22:30:52 ET]
Table 'Algoa II' 6-max Seat #5 is the button
Seat 1: vikonda85 ($100 in chips) 
Seat 2: sutata ($100 in chips) 
Seat 3: rostickkin ($147.96 in chips) 
Seat 4: Supermegopro ($110.25 in chips) 
Seat 5: 50CandyJoe ($109.54 in chips) 
Seat 6: turquoise75 ($86.53 in chips) 
turquoise75: posts small blind $0.50
vikonda85: posts big blind $1
*** HOLE CARDS ***
sutata: folds 
rostickkin: folds 
Supermegopro: folds 
50CandyJoe: folds 
turquoise75: calls $0.50
vikonda85: checks 
*** FLOP *** [7h Qs 5d]
turquoise75: bets $1
vikonda85: folds 
Uncalled bet ($1) returned to turquoise75
turquoise75 collected $1.88 from pot
*** SUMMARY ***
Total pot $2 | Rake $0.12 
Board [7h Qs 5d]
Seat 1: vikonda85 (big blind) folded on the Flop
Seat 2: sutata folded before Flop (didn't bet)
Seat 3: rostickkin folded before Flop (didn't bet)
Seat 4: Supermegopro folded before Flop (didn't bet)
Seat 5: 50CandyJoe (button) folded before Flop (didn't bet)
Seat 6: turquoise75 (small blind) collected ($1.88)



PokerStars Hand #254393804764:  Hold'em No Limit ($0.50/$1.00 USD) - 2025/01/15 3:31:15 WET [2025/01/15 22:31:15 ET]
Table 'Algoa II' 6-max Seat #6 is the button
Seat 1: vikonda85 ($100 in chips) 
Seat 2: sutata ($100 in chips) 
Seat 3: rostickkin ($147.96 in chips) 
Seat 4: Supermegopro ($110.25 in chips) 
Seat 5: 50CandyJoe ($109.54 in chips) 
Seat 6: turquoise75 ($87.41 in chips) 
vikonda85: posts small blind $0.50
sutata: posts big blind $1
*** HOLE CARDS ***
rostickkin: folds 
Supermegopro: folds 
50CandyJoe: folds 
turquoise75: raises $2.20 to $3.20
vikonda85: folds 
sutata: folds 
Uncalled bet ($2.20) returned to turquoise75
turquoise75 collected $2.50 from pot
*** SUMMARY ***
Total pot $2.50 | Rake $0 
Seat 1: vikonda85 (small blind) folded before Flop
Seat 2: sutata (big blind) folded before Flop
Seat 3: rostickkin folded before Flop (didn't bet)
Seat 4: Supermegopro folded before Flop (didn't bet)
Seat 5: 50CandyJoe folded before Flop (didn't bet)
Seat 6: turquoise75 (button) collected ($2.50)



PokerStars Hand #254393807490:  Hold'em No Limit ($0.50/$1.00 USD) - 2025/01/15 3:31:37 WET [2025/01/15 22:31:37 ET]
Table 'Algoa II' 6-max Seat #1 is the button
Seat 1: vikonda85 ($100 in chips) 
Seat 2: sutata ($100 in chips) 
Seat 3: rostickkin ($147.96 in chips) 
Seat 4: Supermegopro ($110.25 in chips) 
Seat 5: 50CandyJoe ($109.54 in chips) 
Seat 6: turquoise75 ($88.91 in chips) 
sutata: posts small blind $0.50
rostickkin: posts big blind $1
*** HOLE CARDS ***
Supermegopro: folds 
50CandyJoe: folds 
turquoise75: folds 
vikonda85: folds 
sutata: raises $2 to $3
rostickkin: folds 
Uncalled bet ($2) returned to sutata
sutata collected $2 from pot
sutata: doesn't show hand 
*** SUMMARY ***
Total pot $2 | Rake $0 
Seat 1: vikonda85 (button) folded before Flop (didn't bet)
Seat 2: sutata (small blind) collected ($2)
Seat 3: rostickkin (big blind) folded before Flop
Seat 4: Supermegopro folded before Flop (didn't bet)
Seat 5: 50CandyJoe folded before Flop (didn't bet)
Seat 6: turquoise75 folded before Flop (didn't bet)



PokerStars Hand #254393809339:  Hold'em No Limit ($0.50/$1.00 USD) - 2025/01/15 3:31:51 WET [2025/01/15 22:31:51 ET]
Table 'Algoa II' 6-max Seat #2 is the button
Seat 1: vikonda85 ($100 in chips) 
Seat 2: sutata ($101 in chips) 
Seat 3: rostickkin ($146.96 in chips) 
Seat 4: Supermegopro ($110.25 in chips) 
Seat 5: 50CandyJoe ($109.54 in chips) 
Seat 6: turquoise75 ($88.91 in chips) 
rostickkin: posts small blind $0.50
Supermegopro: posts big blind $1
*** HOLE CARDS ***
50CandyJoe: folds 
turquoise75: raises $1 to $2
vikonda85: folds 
sutata: raises $6.30 to $8.30
rostickkin: folds 
Supermegopro: folds 
turquoise75: calls $6.30
*** FLOP *** [2s 5s Jh]
turquoise75: checks 
sutata: bets $10.32
turquoise75: calls $10.32
*** TURN *** [2s 5s Jh] [3h]
turquoise75: checks 
sutata: bets $27.97
turquoise75: raises $27.97 to $55.94
sutata: raises $26.44 to $82.38 and is all-in
turquoise75: calls $14.35 and is all-in
Uncalled bet ($12.09) returned to sutata
*** RIVER *** [2s 5s Jh 3h] [2h]
*** SHOW DOWN ***
turquoise75: shows [3s 3c] (a full house, Threes full of Deuces)
sutata: shows [Qh Qs] (two pair, Queens and Deuces)
turquoise75 collected $176.20 from pot
*** SUMMARY ***
Total pot $179.32 | Rake $3.12 
Board [2s 5s Jh 3h 2h]
Seat 1: vikonda85 folded before Flop (didn't bet)
Seat 2: sutata (button) showed [Qh Qs] and lost with two pair, Queens and Deuces
Seat 3: rostickkin (small blind) folded before Flop
Seat 4: Supermegopro (big blind) folded before Flop
Seat 5: 50CandyJoe folded before Flop (didn't bet)
Seat 6: turquoise75 showed [3s 3c] and won ($176.20) with a full house, Threes full of Deuces



PokerStars Hand #254393814655:  Hold'em No Limit ($0.50/$1.00 USD) - 2025/01/15 3:32:34 WET [2025/01/15 22:32:34 ET]
Table 'Algoa II' 6-max Seat #3 is the button
Seat 1: vikonda85 ($100 in chips) 
Seat 2: sutata ($100 in chips) 
Seat 3: rostickkin ($146.46 in chips) 
Seat 4: Supermegopro ($109.25 in chips) 
Seat 5: 50CandyJoe ($109.54 in chips) 
Seat 6: turquoise75 ($176.20 in chips) 
Supermegopro: posts small blind $0.50
50CandyJoe: posts big blind $1
*** HOLE CARDS ***
turquoise75: folds 
vikonda85: folds 
sutata: folds 
rostickkin: folds 
Supermegopro: folds 
Uncalled bet ($0.50) returned to 50CandyJoe
50CandyJoe collected $1 from pot
50CandyJoe: doesn't show hand 
*** SUMMARY ***
Total pot $1 | Rake $0 
Seat 1: vikonda85 folded before Flop (didn't bet)
Seat 2: sutata folded before Flop (didn't bet)
Seat 3: rostickkin (button) folded before Flop (didn't bet)
Seat 4: Supermegopro (small blind) folded before Flop
Seat 5: 50CandyJoe (big blind) collected ($1)
Seat 6: turquoise75 folded before Flop (didn't bet)



PokerStars Hand #254393816802:  Hold'em No Limit ($0.50/$1.00 USD) - 2025/01/15 3:32:52 WET [2025/01/15 22:32:52 ET]
Table 'Algoa II' 6-max Seat #4 is the button
Seat 1: vikonda85 ($100 in chips) 
Seat 2: sutata ($100 in chips) 
Seat 3: rostickkin ($146.46 in chips) 
Seat 4: Supermegopro ($108.75 in chips) 
Seat 5: 50CandyJoe ($110.04 in chips) 
Seat 6: turquoise75 ($176.20 in chips) 
50CandyJoe: posts small blind $0.50
turquoise75: posts big blind $1
*** HOLE CARDS ***
vikonda85: folds 
sutata: folds 
rostickkin: raises $1.50 to $2.50
Supermegopro: folds 
50CandyJoe: folds 
turquoise75: calls $1.50
*** FLOP *** [Jh 2s Ah]
turquoise75: checks 
rostickkin: checks 
*** TURN *** [Jh 2s Ah] [9s]
turquoise75: checks 
rostickkin: bets $3.97
turquoise75: folds 
Uncalled bet ($3.97) returned to rostickkin
rostickkin collected $5.22 from pot
rostickkin: doesn't show hand 
*** SUMMARY ***
Total pot $5.50 | Rake $0.28 
Board [Jh 2s Ah 9s]
Seat 1: vikonda85 folded before Flop (didn't bet)
Seat 2: sutata folded before Flop (didn't bet)
Seat 3: rostickkin collected ($5.22)
Seat 4: Supermegopro (button) folded before Flop (didn't bet)
Seat 5: 50CandyJoe (small blind) folded before Flop
Seat 6: turquoise75 (big blind) folded on the Turn



PokerStars Hand #254393820485:  Hold'em No Limit ($0.50/$1.00 USD) - 2025/01/15 3:33:21 WET [2025/01/15 22:33:21 ET]
Table 'Algoa II' 6-max Seat #5 is the button
Seat 1: vikonda85 ($100 in chips) 
Seat 2: sutata ($100 in chips) 
Seat 3: rostickkin ($149.18 in chips) 
Seat 4: Supermegopro ($108.75 in chips) 
Seat 5: 50CandyJoe ($109.54 in chips) 
Seat 6: turquoise75 ($173.70 in chips) 
turquoise75: posts small blind $0.50
vikonda85: posts big blind $1
*** HOLE CARDS ***
sutata: folds 
rostickkin: folds 
Supermegopro: folds 
50CandyJoe: folds 
turquoise75: raises $1.10 to $2.10
vikonda85: folds 
Uncalled bet ($1.10) returned to turquoise75
turquoise75 collected $2 from pot
*** SUMMARY ***
Total pot $2 | Rake $0 
Seat 1: vikonda85 (big blind) folded before Flop
Seat 2: sutata folded before Flop (didn't bet)
Seat 3: rostickkin folded before Flop (didn't bet)
Seat 4: Supermegopro folded before Flop (didn't bet)
Seat 5: 50CandyJoe (button) folded before Flop (didn't bet)
Seat 6: turquoise75 (small blind) collected ($2)



PokerStars Hand #254393822954:  Hold'em No Limit ($0.50/$1.00 USD) - 2025/01/15 3:33:41 WET [2025/01/15 22:33:41 ET]
Table 'Algoa II' 6-max Seat #6 is the button
Seat 1: vikonda85 ($100 in chips) 
Seat 2: sutata ($100 in chips) 
Seat 3: rostickkin ($149.18 in chips) 
Seat 4: Supermegopro ($108.75 in chips) 
Seat 5: 50CandyJoe ($109.54 in chips) 
Seat 6: turquoise75 ($174.70 in chips) 
vikonda85: posts small blind $0.50
sutata: posts big blind $1
*** HOLE CARDS ***
rostickkin: folds 
Supermegopro: folds 
50CandyJoe: folds 
turquoise75: raises $1 to $2
vikonda85: folds 
sutata: calls $1
*** FLOP *** [4c 8d 8h]
sutata: checks 
turquoise75: checks 
*** TURN *** [4c 8d 8h] [7h]
sutata: bets $1.43
turquoise75: calls $1.43
*** RIVER *** [4c 8d 8h 7h] [5h]
sutata: checks 
turquoise75: checks 
*** SHOW DOWN ***
sutata: shows [As Th] (a pair of Eights)
turquoise75: mucks hand 
sutata collected $6.99 from pot
*** SUMMARY ***
Total pot $7.36 | Rake $0.37 
Board [4c 8d 8h 7h 5h]
Seat 1: vikonda85 (small blind) folded before Flop
Seat 2: sutata (big blind) showed [As Th] and won ($6.99) with a pair of Eights
Seat 3: rostickkin folded before Flop (didn't bet)
Seat 4: Supermegopro folded before Flop (didn't bet)
Seat 5: 50CandyJoe folded before Flop (didn't bet)
Seat 6: turquoise75 (button) mucked



PokerStars Hand #254393827860:  Hold'em No Limit ($0.50/$1.00 USD) - 2025/01/15 3:34:20 WET [2025/01/15 22:34:20 ET]
Table 'Algoa II' 6-max Seat #1 is the button
Seat 1: vikonda85 ($100 in chips) 
Seat 2: sutata ($103.56 in chips) 
Seat 3: rostickkin ($149.18 in chips) 
Seat 4: Supermegopro ($108.75 in chips) 
Seat 5: 50CandyJoe ($109.54 in chips) 
Seat 6: turquoise75 ($171.27 in chips) 
sutata: posts small blind $0.50
rostickkin: posts big blind $1
*** HOLE CARDS ***
Supermegopro: folds 
50CandyJoe: folds 
turquoise75: raises $1.10 to $2.10
vikonda85: folds 
sutata: folds 
rostickkin: calls $1.10
*** FLOP *** [9h 2s Ac]
rostickkin: checks 
turquoise75: bets $1.47
rostickkin: calls $1.47
*** TURN *** [9h 2s Ac] [Ts]
rostickkin: checks 
turquoise75: bets $3.40
rostickkin: folds 
Uncalled bet ($3.40) returned to turquoise75
turquoise75 collected $7.16 from pot
*** SUMMARY ***
Total pot $7.64 | Rake $0.48 
Board [9h 2s Ac Ts]
Seat 1: vikonda85 (button) folded before Flop (didn't bet)
Seat 2: sutata (small blind) folded before Flop
Seat 3: rostickkin (big blind) folded on the Turn
Seat 4: Supermegopro folded before Flop (didn't bet)
Seat 5: 50CandyJoe folded before Flop (didn't bet)
Seat 6: turquoise75 collected ($7.16)



PokerStars Hand #254393832585:  Hold'em No Limit ($0.50/$1.00 USD) - 2025/01/15 3:34:58 WET [2025/01/15 22:34:58 ET]
Table 'Algoa II' 6-max Seat #2 is the button
Seat 1: vikonda85 ($100 in chips) 
Seat 2: sutata ($103.06 in chips) 
Seat 3: rostickkin ($145.61 in chips) 
Seat 4: Supermegopro ($108.75 in chips) 
Seat 5: 50CandyJoe ($109.54 in chips) 
Seat 6: turquoise75 ($174.86 in chips) 
rostickkin: posts small blind $0.50
Supermegopro: posts big blind $1
*** HOLE CARDS ***
50CandyJoe: folds 
turquoise75: folds 
vikonda85: raises $1.50 to $2.50
sutata: folds 
rostickkin: folds 
Supermegopro: folds 
Uncalled bet ($1.50) returned to vikonda85
vikonda85 collected $2.50 from pot
vikonda85: doesn't show hand 
*** SUMMARY ***
Total pot $2.50 | Rake $0 
Seat 1: vikonda85 collected ($2.50)
Seat 2: sutata (button) folded before Flop (didn't bet)
Seat 3: rostickkin (small blind) folded before Flop
Seat 4: Supermegopro (big blind) folded before Flop
Seat 5: 50CandyJoe folded before Flop (didn't bet)
Seat 6: turquoise75 folded before Flop (didn't bet)



PokerStars Hand #254393834604:  Hold'em No Limit ($0.50/$1.00 USD) - 2025/01/15 3:35:15 WET [2025/01/15 22:35:15 ET]
Table 'Algoa II' 6-max Seat #3 is the button
Seat 1: vikonda85 ($101.50 in chips) 
Seat 2: sutata ($103.06 in chips) 
Seat 3: rostickkin ($145.11 in chips) 
Seat 4: Supermegopro ($107.75 in chips) 
Seat 5: 50CandyJoe ($109.54 in chips) 
Seat 6: turquoise75 ($174.86 in chips) 
Supermegopro: posts small blind $0.50
50CandyJoe: posts big blind $1
*** HOLE CARDS ***
turquoise75: raises $1.10 to $2.10
vikonda85: folds 
sutata: folds 
rostickkin: folds 
Supermegopro: folds 
50CandyJoe: folds 
Uncalled bet ($1.10) returned to turquoise75
turquoise75 collected $2.50 from pot
*** SUMMARY ***
Total pot $2.50 | Rake $0 
Seat 1: vikonda85 folded before Flop (didn't bet)
Seat 2: sutata folded before Flop (didn't bet)
Seat 3: rostickkin (button) folded before Flop (didn't bet)
Seat 4: Supermegopro (small blind) folded before Flop
Seat 5: 50CandyJoe (big blind) folded before Flop
Seat 6: turquoise75 collected ($2.50)



PokerStars Hand #254393838315:  Hold'em No Limit ($0.50/$1.00 USD) - 2025/01/15 3:35:44 WET [2025/01/15 22:35:44 ET]
Table 'Algoa II' 6-max Seat #4 is the button
Seat 1: vikonda85 ($101.50 in chips) 
Seat 2: sutata ($103.06 in chips) 
Seat 3: rostickkin ($145.11 in chips) 
Seat 4: Supermegopro ($107.25 in chips) 
Seat 5: 50CandyJoe ($108.54 in chips) 
Seat 6: turquoise75 ($176.36 in chips) 
50CandyJoe: posts small blind $0.50
turquoise75: posts big blind $1
*** HOLE CARDS ***
vikonda85: folds 
sutata: folds 
rostickkin: raises $1.50 to $2.50
Supermegopro: folds 
50CandyJoe: folds 
turquoise75: folds 
Uncalled bet ($1.50) returned to rostickkin
rostickkin collected $2.50 from pot
rostickkin: doesn't show hand 
*** SUMMARY ***
Total pot $2.50 | Rake $0 
Seat 1: vikonda85 folded before Flop (didn't bet)
Seat 2: sutata folded before Flop (didn't bet)
Seat 3: rostickkin collected ($2.50)
Seat 4: Supermegopro (button) folded before Flop (didn't bet)
Seat 5: 50CandyJoe (small blind) folded before Flop
Seat 6: turquoise75 (big blind) folded before Flop



PokerStars Hand #254393840614:  Hold'em No Limit ($0.50/$1.00 USD) - 2025/01/15 3:36:03 WET [2025/01/15 22:36:03 ET]
Table 'Algoa II' 6-max Seat #5 is the button
Seat 1: vikonda85 ($101.50 in chips) 
Seat 2: sutata ($103.06 in chips) 
Seat 3: rostickkin ($146.61 in chips) 
Seat 4: Supermegopro ($107.25 in chips) 
Seat 5: 50CandyJoe ($108.04 in chips) 
Seat 6: turquoise75 ($175.36 in chips) 
turquoise75: posts small blind $0.50
vikonda85: posts big blind $1
*** HOLE CARDS ***
sutata: folds 
rostickkin: folds 
Supermegopro: folds 
50CandyJoe: raises $1.50 to $2.50
turquoise75: calls $2
vikonda85: folds 
*** FLOP *** [Kc Jc 6d]
turquoise75: checks 
50CandyJoe: checks 
*** TURN *** [Kc Jc 6d] [3d]
turquoise75: checks 
50CandyJoe: bets $5.70
turquoise75: folds 
Uncalled bet ($5.70) returned to 50CandyJoe
50CandyJoe collected $5.70 from pot
50CandyJoe: doesn't show hand 
*** SUMMARY ***
Total pot $6 | Rake $0.30 
Board [Kc Jc 6d 3d]
Seat 1: vikonda85 (big blind) folded before Flop
Seat 2: sutata folded before Flop (didn't bet)
Seat 3: rostickkin folded before Flop (didn't bet)
Seat 4: Supermegopro folded before Flop (didn't bet)
Seat 5: 50CandyJoe (button) collected ($5.70)
Seat 6: turquoise75 (small blind) folded on the Turn



PokerStars Hand #254393844398:  Hold'em No Limit ($0.50/$1.00 USD) - 2025/01/15 3:36:38 WET [2025/01/15 22:36:38 ET]
Table 'Algoa II' 6-max Seat #6 is the button
Seat 1: vikonda85 ($100.50 in chips) 
Seat 2: sutata ($103.06 in chips) 
Seat 3: rostickkin ($146.61 in chips) 
Seat 4: Supermegopro ($107.25 in chips) 
Seat 5: 50CandyJoe ($111.24 in chips) 
Seat 6: turquoise75 ($172.86 in chips) 
vikonda85: posts small blind $0.50
sutata: posts big blind $1
*** HOLE CARDS ***
rostickkin: folds 
Supermegopro: folds 
50CandyJoe: folds 
turquoise75: raises $1.10 to $2.10
vikonda85: folds 
sutata: calls $1.10
*** FLOP *** [8s Kd 9h]
sutata: checks 
turquoise75: bets $1.47
sutata: folds 
Uncalled bet ($1.47) returned to turquoise75
turquoise75 collected $4.40 from pot
*** SUMMARY ***
Total pot $4.70 | Rake $0.30 
Board [8s Kd 9h]
Seat 1: vikonda85 (small blind) folded before Flop
Seat 2: sutata (big blind) folded on the Flop
Seat 3: rostickkin folded before Flop (didn't bet)
Seat 4: Supermegopro folded before Flop (didn't bet)
Seat 5: 50CandyJoe folded before Flop (didn't bet)
Seat 6: turquoise75 (button) collected ($4.40)



PokerStars Hand #254393848573:  Hold'em No Limit ($0.50/$1.00 USD) - 2025/01/15 3:37:08 WET [2025/01/15 22:37:08 ET]
Table 'Algoa II' 6-max Seat #1 is the button
Seat 1: vikonda85 ($100 in chips) 
Seat 2: sutata ($100.96 in chips) 
Seat 3: rostickkin ($146.61 in chips) 
Seat 4: Supermegopro ($107.25 in chips) 
Seat 5: 50CandyJoe ($111.24 in chips) 
Seat 6: turquoise75 ($175.16 in chips) 
sutata: posts small blind $0.50
rostickkin: posts big blind $1
*** HOLE CARDS ***
Supermegopro: raises $1.50 to $2.50
50CandyJoe: folds 
turquoise75: calls $2.50
vikonda85: folds 
sutata: folds 
rostickkin: folds 
*** FLOP *** [Qs 7s 5d]
Supermegopro: checks 
turquoise75: bets $2.04
Supermegopro: calls $2.04
*** TURN *** [Qs 7s 5d] [3d]
Supermegopro: checks 
turquoise75: bets $4.32
Supermegopro: folds 
Uncalled bet ($4.32) returned to turquoise75
turquoise75 collected $9.92 from pot
*** SUMMARY ***
Total pot $10.58 | Rake $0.66 
Board [Qs 7s 5d 3d]
Seat 1: vikonda85 (button) folded before Flop (didn't bet)
Seat 2: sutata (small blind) folded before Flop
Seat 3: rostickkin (big blind) folded before Flop
Seat 4: Supermegopro folded on the Turn
Seat 5: 50CandyJoe folded before Flop (didn't bet)
Seat 6: turquoise75 collected ($9.92)



PokerStars Hand #254393853160:  Hold'em No Limit ($0.50/$1.00 USD) - 2025/01/15 3:37:45 WET [2025/01/15 22:37:45 ET]
Table 'Algoa II' 6-max Seat #2 is the button
Seat 1: vikonda85 ($100 in chips) 
Seat 2: sutata ($100.46 in chips) 
Seat 3: rostickkin ($145.61 in chips) 
Seat 4: Supermegopro ($102.71 in chips) 
Seat 5: 50CandyJoe ($111.24 in chips) 
Seat 6: turquoise75 ($180.54 in chips) 
rostickkin: posts small blind $0.50
Supermegopro: posts big blind $1
*** HOLE CARDS ***
50CandyJoe: folds 
turquoise75: folds 
vikonda85: raises $1.50 to $2.50
sutata: folds 
rostickkin: folds 
Supermegopro: raises $9.50 to $12
vikonda85: folds 
Uncalled bet ($9.50) returned to Supermegopro
Supermegopro collected $5.50 from pot
Supermegopro: doesn't show hand 
*** SUMMARY ***
Total pot $5.50 | Rake $0 
Seat 1: vikonda85 folded before Flop
Seat 2: sutata (button) folded before Flop (didn't bet)
Seat 3: rostickkin (small blind) folded before Flop
Seat 4: Supermegopro (big blind) collected ($5.50)
Seat 5: 50CandyJoe folded before Flop (didn't bet)
Seat 6: turquoise75 folded before Flop (didn't bet)



PokerStars Hand #254393857449:  Hold'em No Limit ($0.50/$1.00 USD) - 2025/01/15 3:38:20 WET [2025/01/15 22:38:20 ET]
Table 'Algoa II' 6-max Seat #3 is the button
Seat 1: vikonda85 ($100 in chips) 
Seat 2: sutata ($100.46 in chips) 
Seat 3: rostickkin ($145.11 in chips) 
Seat 4: Supermegopro ($105.71 in chips) 
Seat 5: 50CandyJoe ($111.24 in chips) 
Seat 6: turquoise75 ($180.54 in chips) 
Supermegopro: posts small blind $0.50
50CandyJoe: posts big blind $1
*** HOLE CARDS ***
turquoise75: raises $1.10 to $2.10
vikonda85: folds 
sutata: folds 
rostickkin: raises $5.40 to $7.50
Supermegopro: folds 
50CandyJoe: folds 
turquoise75: calls $5.40
*** FLOP *** [Ts Td 6s]
turquoise75: checks 
rostickkin: bets $5.33
turquoise75: calls $5.33
*** TURN *** [Ts Td 6s] [2h]
turquoise75: checks 
rostickkin: checks 
*** RIVER *** [Ts Td 6s 2h] [3s]
turquoise75: checks 
rostickkin: checks 
*** SHOW DOWN ***
turquoise75: shows [Jd As] (a pair of Tens)
rostickkin: mucks hand 
turquoise75 collected $25.46 from pot
*** SUMMARY ***
Total pot $27.16 | Rake $1.70 
Board [Ts Td 6s 2h 3s]
Seat 1: vikonda85 folded before Flop (didn't bet)
Seat 2: sutata folded before Flop (didn't bet)
Seat 3: rostickkin (button) mucked
Seat 4: Supermegopro (small blind) folded before Flop
Seat 5: 50CandyJoe (big blind) folded before Flop
Seat 6: turquoise75 showed [Jd As] and won ($25.46) with a pair of Tens



PokerStars Hand #254393863216:  Hold'em No Limit ($0.50/$1.00 USD) - 2025/01/15 3:39:07 WET [2025/01/15 22:39:07 ET]
Table 'Algoa II' 6-max Seat #4 is the button
Seat 1: vikonda85 ($100 in chips) 
Seat 2: sutata ($100.46 in chips) 
Seat 3: rostickkin ($132.28 in chips) 
Seat 4: Supermegopro ($105.21 in chips) 
Seat 5: 50CandyJoe ($110.24 in chips) 
Seat 6: turquoise75 ($193.17 in chips) 
50CandyJoe: posts small blind $0.50
turquoise75: posts big blind $1
*** HOLE CARDS ***
vikonda85: folds 
sutata: raises $2 to $3
rostickkin: folds 
Supermegopro: calls $3
50CandyJoe: calls $2.50
turquoise75: folds 
*** FLOP *** [Td 5s Jh]
50CandyJoe: checks 
sutata: bets $3.17
Supermegopro: folds 
50CandyJoe: calls $3.17
*** TURN *** [Td 5s Jh] [7c]
50CandyJoe: checks 
sutata: bets $11.80
50CandyJoe: calls $11.80
*** RIVER *** [Td 5s Jh 7c] [7d]
50CandyJoe: checks 
sutata: bets $18.97
50CandyJoe: folds 
Uncalled bet ($18.97) returned to sutata
sutata collected $37.94 from pot
sutata: doesn't show hand 
*** SUMMARY ***
Total pot $39.94 | Rake $2 
Board [Td 5s Jh 7c 7d]
Seat 1: vikonda85 folded before Flop (didn't bet)
Seat 2: sutata collected ($37.94)
Seat 3: rostickkin folded before Flop (didn't bet)
Seat 4: Supermegopro (button) folded on the Flop
Seat 5: 50CandyJoe (small blind) folded on the River
Seat 6: turquoise75 (big blind) folded before Flop



PokerStars Hand #254393871816:  Hold'em No Limit ($0.50/$1.00 USD) - 2025/01/15 3:40:18 WET [2025/01/15 22:40:18 ET]
Table 'Algoa II' 6-max Seat #5 is the button
Seat 1: vikonda85 ($100 in chips) 
Seat 2: sutata ($120.43 in chips) 
Seat 3: rostickkin ($132.28 in chips) 
Seat 4: Supermegopro ($102.21 in chips) 
Seat 5: 50CandyJoe ($100 in chips) 
Seat 6: turquoise75 ($192.17 in chips) 
turquoise75: posts small blind $0.50
vikonda85: posts big blind $1
*** HOLE CARDS ***
sutata: folds 
rostickkin: raises $1.20 to $2.20
Supermegopro: folds 
50CandyJoe: calls $2.20
turquoise75: calls $1.70
vikonda85: folds 
*** FLOP *** [Th 4c Jd]
turquoise75: checks 
rostickkin: bets $2.45
50CandyJoe: calls $2.45
turquoise75: calls $2.45
*** TURN *** [Th 4c Jd] [6h]
turquoise75: checks 
rostickkin: checks 
50CandyJoe: bets $10
turquoise75: folds 
rostickkin: calls $10
*** RIVER *** [Th 4c Jd 6h] [9s]
rostickkin: checks 
50CandyJoe: checks 
*** SHOW DOWN ***
rostickkin: shows [Kc Qd] (a straight, Nine to King)
50CandyJoe: mucks hand 
rostickkin collected $33.20 from pot
*** SUMMARY ***
Total pot $34.95 | Rake $1.75 
Board [Th 4c Jd 6h 9s]
Seat 1: vikonda85 (big blind) folded before Flop
Seat 2: sutata folded before Flop (didn't bet)
Seat 3: rostickkin showed [Kc Qd] and won ($33.20) with a straight, Nine to King
Seat 4: Supermegopro folded before Flop (didn't bet)
Seat 5: 50CandyJoe (button) mucked
Seat 6: turquoise75 (small blind) folded on the Turn



PokerStars Hand #254393879200:  Hold'em No Limit ($0.50/$1.00 USD) - 2025/01/15 3:41:19 WET [2025/01/15 22:41:19 ET]
Table 'Algoa II' 6-max Seat #6 is the button
Seat 1: vikonda85 ($100 in chips) 
Seat 2: sutata ($120.43 in chips) 
Seat 3: rostickkin ($150.83 in chips) 
Seat 4: Supermegopro ($102.21 in chips) 
Seat 5: 50CandyJoe ($100 in chips) 
Seat 6: turquoise75 ($187.52 in chips) 
vikonda85: posts small blind $0.50
sutata: posts big blind $1
*** HOLE CARDS ***
rostickkin: raises $1.20 to $2.20
Supermegopro: folds 
50CandyJoe: raises $4.80 to $7
turquoise75: folds 
vikonda85: folds 
sutata: folds 
rostickkin: folds 
Uncalled bet ($4.80) returned to 50CandyJoe
50CandyJoe collected $5.90 from pot
50CandyJoe: doesn't show hand 
*** SUMMARY ***
Total pot $5.90 | Rake $0 
Seat 1: vikonda85 (small blind) folded before Flop
Seat 2: sutata (big blind) folded before Flop
Seat 3: rostickkin folded before Flop
Seat 4: Supermegopro folded before Flop (didn't bet)
Seat 5: 50CandyJoe collected ($5.90)
Seat 6: turquoise75 (button) folded before Flop (didn't bet)



PokerStars Hand #254393881857:  Hold'em No Limit ($0.50/$1.00 USD) - 2025/01/15 3:41:41 WET [2025/01/15 22:41:41 ET]
Table 'Algoa II' 6-max Seat #1 is the button
Seat 1: vikonda85 ($100 in chips) 
Seat 2: sutata ($119.43 in chips) 
Seat 3: rostickkin ($148.63 in chips) 
Seat 4: Supermegopro ($102.21 in chips) 
Seat 5: 50CandyJoe ($103.70 in chips) 
Seat 6: turquoise75 ($187.52 in chips) 
sutata: posts small blind $0.50
rostickkin: posts big blind $1
*** HOLE CARDS ***
Supermegopro: raises $1.50 to $2.50
50CandyJoe: calls $2.50
turquoise75: folds 
vikonda85: folds 
sutata: folds 
rostickkin: folds 
*** FLOP *** [Td 2c 6h]
Supermegopro: checks 
50CandyJoe: bets $2.04
Supermegopro: calls $2.04
*** TURN *** [Td 2c 6h] [4s]
Supermegopro: checks 
50CandyJoe: bets $13.57
Supermegopro: folds 
Uncalled bet ($13.57) returned to 50CandyJoe
50CandyJoe collected $10.05 from pot
50CandyJoe: doesn't show hand 
*** SUMMARY ***
Total pot $10.58 | Rake $0.53 
Board [Td 2c 6h 4s]
Seat 1: vikonda85 (button) folded before Flop (didn't bet)
Seat 2: sutata (small blind) folded before Flop
Seat 3: rostickkin (big blind) folded before Flop
Seat 4: Supermegopro folded on the Turn
Seat 5: 50CandyJoe collected ($10.05)
Seat 6: turquoise75 folded before Flop (didn't bet)



PokerStars Hand #254393886849:  Hold'em No Limit ($0.50/$1.00 USD) - 2025/01/15 3:42:21 WET [2025/01/15 22:42:21 ET]
Table 'Algoa II' 6-max Seat #2 is the button
Seat 1: vikonda85 ($100 in chips) 
Seat 2: sutata ($118.93 in chips) 
Seat 3: rostickkin ($147.63 in chips) 
Seat 4: Supermegopro ($100 in chips) 
Seat 5: 50CandyJoe ($109.21 in chips) 
Seat 6: turquoise75 ($187.52 in chips) 
rostickkin: posts small blind $0.50
Supermegopro: posts big blind $1
*** HOLE CARDS ***
50CandyJoe: folds 
turquoise75: folds 
vikonda85: folds 
sutata: raises $2 to $3
rostickkin: folds 
Supermegopro: raises $9 to $12
sutata: calls $9
*** FLOP *** [7d Ah 2h]
Supermegopro: bets $5.82
sutata: calls $5.82
*** TURN *** [7d Ah 2h] [Kd]
Supermegopro: checks 
sutata: checks 
*** RIVER *** [7d Ah 2h Kd] [Qd]
Supermegopro: checks 
sutata: bets $11.44
Supermegopro: folds 
Uncalled bet ($11.44) returned to sutata
sutata collected $34.33 from pot
sutata: doesn't show hand 
*** SUMMARY ***
Total pot $36.14 | Rake $1.81 
Board [7d Ah 2h Kd Qd]
Seat 1: vikonda85 folded before Flop (didn't bet)
Seat 2: sutata (button) collected ($34.33)
Seat 3: rostickkin (small blind) folded before Flop
Seat 4: Supermegopro (big blind) folded on the River
Seat 5: 50CandyJoe folded before Flop (didn't bet)
Seat 6: turquoise75 folded before Flop (didn't bet)



PokerStars Hand #254393894678:  Hold'em No Limit ($0.50/$1.00 USD) - 2025/01/15 3:43:26 WET [2025/01/15 22:43:26 ET]
Table 'Algoa II' 6-max Seat #3 is the button
Seat 1: vikonda85 ($100 in chips) 
Seat 2: sutata ($135.44 in chips) 
Seat 3: rostickkin ($147.13 in chips) 
Seat 4: Supermegopro ($100 in chips) 
Seat 5: 50CandyJoe ($109.21 in chips) 
Seat 6: turquoise75 ($187.52 in chips) 
Supermegopro: posts small blind $0.50
50CandyJoe: posts big blind $1
*** HOLE CARDS ***
turquoise75: raises $1.10 to $2.10
vikonda85: folds 
sutata: folds 
rostickkin: folds 
Supermegopro: folds 
50CandyJoe: calls $1.10
*** FLOP *** [9d 4h 8h]
50CandyJoe: bets $1.12
turquoise75: calls $1.12
*** TURN *** [9d 4h 8h] [As]
50CandyJoe: checks 
turquoise75: bets $1.45
50CandyJoe: calls $1.45
*** RIVER *** [9d 4h 8h As] [6s]
50CandyJoe: checks 
turquoise75: bets $5.14
50CandyJoe: folds 
Uncalled bet ($5.14) returned to turquoise75
turquoise75 collected $9.23 from pot
*** SUMMARY ***
Total pot $9.84 | Rake $0.61 
Board [9d 4h 8h As 6s]
Seat 1: vikonda85 folded before Flop (didn't bet)
Seat 2: sutata folded before Flop (didn't bet)
Seat 3: rostickkin (button) folded before Flop (didn't bet)
Seat 4: Supermegopro (small blind) folded before Flop
Seat 5: 50CandyJoe (big blind) folded on the River
Seat 6: turquoise75 collected ($9.23)



PokerStars Hand #254393900251:  Hold'em No Limit ($0.50/$1.00 USD) - 2025/01/15 3:44:12 WET [2025/01/15 22:44:12 ET]
Table 'Algoa II' 6-max Seat #4 is the button
Seat 1: vikonda85 ($100 in chips) 
Seat 2: sutata ($135.44 in chips) 
Seat 3: rostickkin ($147.13 in chips) 
Seat 4: Supermegopro ($100 in chips) 
Seat 5: 50CandyJoe ($104.54 in chips) 
Seat 6: turquoise75 ($192.08 in chips) 
50CandyJoe: posts small blind $0.50
turquoise75: posts big blind $1
*** HOLE CARDS ***
vikonda85: folds 
sutata: folds 
rostickkin: folds 
Supermegopro: raises $1.50 to $2.50
50CandyJoe: raises $7.50 to $10
turquoise75: folds 
Supermegopro: folds 
Uncalled bet ($7.50) returned to 50CandyJoe
50CandyJoe collected $6 from pot
50CandyJoe: doesn't show hand 
*** SUMMARY ***
Total pot $6 | Rake $0 
Seat 1: vikonda85 folded before Flop (didn't bet)
Seat 2: sutata folded before Flop (didn't bet)
Seat 3: rostickkin folded before Flop (didn't bet)
Seat 4: Supermegopro (button) folded before Flop
Seat 5: 50CandyJoe (small blind) collected ($6)
Seat 6: turquoise75 (big blind) folded before Flop



PokerStars Hand #254393902426:  Hold'em No Limit ($0.50/$1.00 USD) - 2025/01/15 3:44:30 WET [2025/01/15 22:44:30 ET]
Table 'Algoa II' 6-max Seat #5 is the button
Seat 1: vikonda85 ($100 in chips) 
Seat 2: sutata ($135.44 in chips) 
Seat 3: rostickkin ($147.13 in chips) 
Seat 4: Supermegopro ($100 in chips) 
Seat 5: 50CandyJoe ($108.04 in chips) 
Seat 6: turquoise75 ($191.08 in chips) 
turquoise75: posts small blind $0.50
vikonda85: posts big blind $1
*** HOLE CARDS ***
sutata: folds 
rostickkin: folds 
Supermegopro: folds 
50CandyJoe: raises $1.50 to $2.50
turquoise75: folds 
vikonda85: folds 
Uncalled bet ($1.50) returned to 50CandyJoe
50CandyJoe collected $2.50 from pot
50CandyJoe: doesn't show hand 
*** SUMMARY ***
Total pot $2.50 | Rake $0 
Seat 1: vikonda85 (big blind) folded before Flop
Seat 2: sutata folded before Flop (didn't bet)
Seat 3: rostickkin folded before Flop (didn't bet)
Seat 4: Supermegopro folded before Flop (didn't bet)
Seat 5: 50CandyJoe (button) collected ($2.50)
Seat 6: turquoise75 (small blind) folded before Flop



PokerStars Hand #254393904309:  Hold'em No Limit ($0.50/$1.00 USD) - 2025/01/15 3:44:45 WET [2025/01/15 22:44:45 ET]
Table 'Algoa II' 6-max Seat #6 is the button
Seat 1: vikonda85 ($100 in chips) 
Seat 2: sutata ($135.44 in chips) 
Seat 3: rostickkin ($147.13 in chips) 
Seat 4: Supermegopro ($100 in chips) 
Seat 5: 50CandyJoe ($109.54 in chips) 
Seat 6: turquoise75 ($190.58 in chips) 
vikonda85: posts small blind $0.50
sutata: posts big blind $1
*** HOLE CARDS ***
rostickkin: raises $1.20 to $2.20
Supermegopro: folds 
50CandyJoe: calls $2.20
turquoise75: raises $5.20 to $7.40
vikonda85: folds 
sutata: folds 
rostickkin: calls $5.20
50CandyJoe: calls $5.20
*** FLOP *** [9s 5d 9d]
rostickkin: checks 
50CandyJoe: checks 
turquoise75: bets $12.43
rostickkin: folds 
50CandyJoe: calls $12.43
*** TURN *** [9s 5d 9d] [5h]
50CandyJoe: checks 
turquoise75: checks 
*** RIVER *** [9s 5d 9d 5h] [Tc]
50CandyJoe: bets $30
turquoise75: folds 
Uncalled bet ($30) returned to 50CandyJoe
50CandyJoe collected $46.13 from pot
50CandyJoe: doesn't show hand 
*** SUMMARY ***
Total pot $48.56 | Rake $2.43 
Board [9s 5d 9d 5h Tc]
Seat 1: vikonda85 (small blind) folded before Flop
Seat 2: sutata (big blind) folded before Flop
Seat 3: rostickkin folded on the Flop
Seat 4: Supermegopro folded before Flop (didn't bet)
Seat 5: 50CandyJoe collected ($46.13)
Seat 6: turquoise75 (button) folded on the River



PokerStars Hand #254393916529:  Hold'em No Limit ($0.50/$1.00 USD) - 2025/01/15 3:46:30 WET [2025/01/15 22:46:30 ET]
Table 'Algoa II' 6-max Seat #1 is the button
Seat 1: vikonda85 ($100 in chips) 
Seat 2: sutata ($134.44 in chips) 
Seat 3: rostickkin ($139.73 in chips) 
Seat 4: Supermegopro ($100 in chips) 
Seat 5: 50CandyJoe ($135.84 in chips) 
Seat 6: turquoise75 ($170.75 in chips) 
sutata: posts small blind $0.50
rostickkin: posts big blind $1
*** HOLE CARDS ***
Supermegopro: folds 
50CandyJoe: folds 
turquoise75: raises $1 to $2
vikonda85: calls $2
sutata: raises $11.60 to $13.60
rostickkin: folds 
turquoise75: folds 
vikonda85: folds 
Uncalled bet ($11.60) returned to sutata
sutata collected $7 from pot
sutata: doesn't show hand 
*** SUMMARY ***
Total pot $7 | Rake $0 
Seat 1: vikonda85 (button) folded before Flop
Seat 2: sutata (small blind) collected ($7)
Seat 3: rostickkin (big blind) folded before Flop
Seat 4: Supermegopro folded before Flop (didn't bet)
Seat 5: 50CandyJoe folded before Flop (didn't bet)
Seat 6: turquoise75 folded before Flop



PokerStars Hand #254393919353:  Hold'em No Limit ($0.50/$1.00 USD) - 2025/01/15 3:46:53 WET [2025/01/15 22:46:53 ET]
Table 'Algoa II' 6-max Seat #2 is the button
Seat 1: vikonda85 ($100 in chips) 
Seat 2: sutata ($139.44 in chips) 
Seat 3: rostickkin ($138.73 in chips) 
Seat 4: Supermegopro ($100 in chips) 
Seat 5: 50CandyJoe ($135.84 in chips) 
Seat 6: turquoise75 ($168.75 in chips) 
rostickkin: posts small blind $0.50
Supermegopro: posts big blind $1
*** HOLE CARDS ***
50CandyJoe: folds 
turquoise75: raises $1 to $2
vikonda85: folds 
sutata: folds 
rostickkin: folds 
Supermegopro: calls $1
*** FLOP *** [3d 6s Qs]
Supermegopro: checks 
turquoise75: checks 
*** TURN *** [3d 6s Qs] [9c]
Supermegopro: checks 
turquoise75: bets $1.41
Supermegopro: folds 
Uncalled bet ($1.41) returned to turquoise75
turquoise75 collected $4.22 from pot
*** SUMMARY ***
Total pot $4.50 | Rake $0.28 
Board [3d 6s Qs 9c]
Seat 1: vikonda85 folded before Flop (didn't bet)
Seat 2: sutata (button) folded before Flop (didn't bet)
Seat 3: rostickkin (small blind) folded before Flop
Seat 4: Supermegopro (big blind) folded on the Turn
Seat 5: 50CandyJoe folded before Flop (didn't bet)
Seat 6: turquoise75 collected ($4.22)



PokerStars Hand #254393922330:  Hold'em No Limit ($0.50/$1.00 USD) - 2025/01/15 3:47:18 WET [2025/01/15 22:47:18 ET]
Table 'Algoa II' 6-max Seat #3 is the button
Seat 1: vikonda85 ($100 in chips) 
Seat 2: sutata ($139.44 in chips) 
Seat 3: rostickkin ($138.23 in chips) 
Seat 4: Supermegopro ($100 in chips) 
Seat 5: 50CandyJoe ($135.84 in chips) 
Seat 6: turquoise75 ($170.97 in chips) 
Supermegopro: posts small blind $0.50
50CandyJoe: posts big blind $1
*** HOLE CARDS ***
turquoise75: folds 
vikonda85: folds 
sutata: folds 
rostickkin: folds 
Supermegopro: folds 
Uncalled bet ($0.50) returned to 50CandyJoe
50CandyJoe collected $1 from pot
50CandyJoe: doesn't show hand 
*** SUMMARY ***
Total pot $1 | Rake $0 
Seat 1: vikonda85 folded before Flop (didn't bet)
Seat 2: sutata folded before Flop (didn't bet)
Seat 3: rostickkin (button) folded before Flop (didn't bet)
Seat 4: Supermegopro (small blind) folded before Flop
Seat 5: 50CandyJoe (big blind) collected ($1)
Seat 6: turquoise75 folded before Flop (didn't bet)



PokerStars Hand #254393924171:  Hold'em No Limit ($0.50/$1.00 USD) - 2025/01/15 3:47:34 WET [2025/01/15 22:47:34 ET]
Table 'Algoa II' 6-max Seat #4 is the button
Seat 1: vikonda85 ($100 in chips) 
Seat 2: sutata ($139.44 in chips) 
Seat 3: rostickkin ($138.23 in chips) 
Seat 4: Supermegopro ($100 in chips) 
Seat 5: 50CandyJoe ($136.34 in chips) 
Seat 6: turquoise75 ($170.97 in chips) 
50CandyJoe: posts small blind $0.50
turquoise75: posts big blind $1
*** HOLE CARDS ***
vikonda85: folds 
sutata: folds 
rostickkin: folds 
Supermegopro: folds 
50CandyJoe: raises $1.20 to $2.20
turquoise75: calls $1.20
*** FLOP *** [3h Ks 6h]
50CandyJoe: bets $1.38
turquoise75: calls $1.38
*** TURN *** [3h Ks 6h] [3s]
50CandyJoe: checks 
turquoise75: checks 
*** RIVER *** [3h Ks 6h 3s] [7h]
50CandyJoe: bets $1
turquoise75: calls $1
*** SHOW DOWN ***
50CandyJoe: shows [9c 7d] (two pair, Sevens and Threes)
turquoise75: mucks hand 
50CandyJoe collected $8.70 from pot
*** SUMMARY ***
Total pot $9.16 | Rake $0.46 
Board [3h Ks 6h 3s 7h]
Seat 1: vikonda85 folded before Flop (didn't bet)
Seat 2: sutata folded before Flop (didn't bet)
Seat 3: rostickkin folded before Flop (didn't bet)
Seat 4: Supermegopro (button) folded before Flop (didn't bet)
Seat 5: 50CandyJoe (small blind) showed [9c 7d] and won ($8.70) with two pair, Sevens and Threes
Seat 6: turquoise75 (big blind) mucked



PokerStars Hand #254393928343:  Hold'em No Limit ($0.50/$1.00 USD) - 2025/01/15 3:48:09 WET [2025/01/15 22:48:09 ET]
Table 'Algoa II' 6-max Seat #5 is the button
Seat 1: vikonda85 ($100 in chips) 
Seat 2: sutata ($139.44 in chips) 
Seat 3: rostickkin ($138.23 in chips) 
Seat 4: Supermegopro ($100 in chips) 
Seat 5: 50CandyJoe ($140.46 in chips) 
Seat 6: turquoise75 ($166.39 in chips) 
turquoise75: posts small blind $0.50
vikonda85: posts big blind $1
*** HOLE CARDS ***
sutata: folds 
rostickkin: folds 
Supermegopro: folds 
50CandyJoe: folds 
turquoise75: calls $0.50
vikonda85: raises $2.50 to $3.50
turquoise75: calls $2.50
*** FLOP *** [Td Qs 8d]
turquoise75: checks 
vikonda85: checks 
*** TURN *** [Td Qs 8d] [Th]
turquoise75: checks 
vikonda85: bets $7.58
turquoise75: folds 
Uncalled bet ($7.58) returned to vikonda85
vikonda85 collected $6.65 from pot
vikonda85: doesn't show hand 
*** SUMMARY ***
Total pot $7 | Rake $0.35 
Board [Td Qs 8d Th]
Seat 1: vikonda85 (big blind) collected ($6.65)
Seat 2: sutata folded before Flop (didn't bet)
Seat 3: rostickkin folded before Flop (didn't bet)
Seat 4: Supermegopro folded before Flop (didn't bet)
Seat 5: 50CandyJoe (button) folded before Flop (didn't bet)
Seat 6: turquoise75 (small blind) folded on the Turn



PokerStars Hand #254393933017:  Hold'em No Limit ($0.50/$1.00 USD) - 2025/01/15 3:48:48 WET [2025/01/15 22:48:48 ET]
Table 'Algoa II' 6-max Seat #6 is the button
Seat 1: vikonda85 ($103.15 in chips) 
Seat 2: sutata ($139.44 in chips) 
Seat 3: rostickkin ($138.23 in chips) 
Seat 4: Supermegopro ($100 in chips) 
Seat 5: 50CandyJoe ($140.46 in chips) 
Seat 6: turquoise75 ($162.89 in chips) 
vikonda85: posts small blind $0.50
sutata: posts big blind $1
*** HOLE CARDS ***
rostickkin: folds 
Supermegopro: folds 
50CandyJoe: raises $1.20 to $2.20
turquoise75: folds 
vikonda85: folds 
sutata: folds 
Uncalled bet ($1.20) returned to 50CandyJoe
50CandyJoe collected $2.50 from pot
50CandyJoe: doesn't show hand 
*** SUMMARY ***
Total pot $2.50 | Rake $0 
Seat 1: vikonda85 (small blind) folded before Flop
Seat 2: sutata (big blind) folded before Flop
Seat 3: rostickkin folded before Flop (didn't bet)
Seat 4: Supermegopro folded before Flop (didn't bet)
Seat 5: 50CandyJoe collected ($2.50)
Seat 6: turquoise75 (button) folded before Flop (didn't bet)



PokerStars Hand #254393935102:  Hold'em No Limit ($0.50/$1.00 USD) - 2025/01/15 3:49:05 WET [2025/01/15 22:49:05 ET]
Table 'Algoa II' 6-max Seat #1 is the button
Seat 1: vikonda85 ($102.65 in chips) 
Seat 2: sutata ($138.44 in chips) 
Seat 3: rostickkin ($138.23 in chips) 
Seat 4: Supermegopro ($100 in chips) 
Seat 5: 50CandyJoe ($141.96 in chips) 
Seat 6: turquoise75 ($162.89 in chips) 
sutata: posts small blind $0.50
rostickkin: posts big blind $1
*** HOLE CARDS ***
Supermegopro: raises $1.50 to $2.50
50CandyJoe: folds 
turquoise75: raises $4.50 to $7
vikonda85: folds 
sutata: folds 
rostickkin: folds 
Supermegopro: calls $4.50
*** FLOP *** [Jc 5s Tc]
Supermegopro: checks 
turquoise75: bets $7.86
Supermegopro: calls $7.86
*** TURN *** [Jc 5s Tc] [2s]
Supermegopro: checks 
turquoise75: bets $19.31
Supermegopro: calls $19.31
*** RIVER *** [Jc 5s Tc 2s] [8h]
Supermegopro: checks 
turquoise75: bets $22.22
Supermegopro: calls $22.22
*** SHOW DOWN ***
turquoise75: shows [Qc Qh] (a pair of Queens)
Supermegopro: mucks hand 
turquoise75 collected $111.16 from pot
*** SUMMARY ***
Total pot $114.28 | Rake $3.12 
Board [Jc 5s Tc 2s 8h]
Seat 1: vikonda85 (button) folded before Flop (didn't bet)
Seat 2: sutata (small blind) folded before Flop
Seat 3: rostickkin (big blind) folded before Flop
Seat 4: Supermegopro mucked
Seat 5: 50CandyJoe folded before Flop (didn't bet)
Seat 6: turquoise75 showed [Qc Qh] and won ($111.16) with a pair of Queens



