PokerStars Hand #254294006886:  Hold'em No Limit ($0.50/$1.00 USD) - 2025/01/10 12:44:02 WET [2025/01/10 7:44:02 ET]
Table 'Meeus II' 6-max Seat #5 is the button
Seat 1: SeEevg ($14 in chips) 
Seat 2: Diamondplaces ($15.74 in chips) 
Seat 3: blistein ($107.12 in chips) 
Seat 4: easy_sarcasm ($100 in chips) 
Seat 5: avstero ($102.50 in chips) 
Seat 6: TheRital5555 ($99 in chips) 
TheRital5555: posts small blind $0.50
SeEevg: posts big blind $1
*** HOLE CARDS ***
Diamondplaces: folds 
blistein: raises $1.20 to $2.20
easy_sarcasm: folds 
avstero: folds 
TheRital5555: folds 
SeEevg: calls $1.20
*** FLOP *** [3c 3d 8h]
SeEevg: checks 
blistein: bets $1.58
SeEevg: raises $10.22 to $11.80 and is all-in
blistein: folds 
Uncalled bet ($10.22) returned to SeEevg
SeEevg collected $7.66 from pot
SeEevg: doesn't show hand 
*** SUMMARY ***
Total pot $8.06 | Rake $0.40 
Board [3c 3d 8h]
Seat 1: SeEevg (big blind) collected ($7.66)
Seat 2: Diamondplaces folded before Flop (didn't bet)
Seat 3: blistein folded on the Flop
Seat 4: easy_sarcasm folded before Flop (didn't bet)
Seat 5: avstero (button) folded before Flop (didn't bet)
Seat 6: TheRital5555 (small blind) folded before Flop



PokerStars Hand #254294016422:  Hold'em No Limit ($0.50/$1.00 USD) - 2025/01/10 12:45:04 WET [2025/01/10 7:45:04 ET]
Table 'Meeus II' 6-max Seat #6 is the button
Seat 1: SeEevg ($17.88 in chips) 
Seat 2: Diamondplaces ($15.74 in chips) 
Seat 3: blistein ($103.34 in chips) 
Seat 4: easy_sarcasm ($100 in chips) 
Seat 5: avstero ($102.50 in chips) 
Seat 6: TheRital5555 ($98.50 in chips) 
SeEevg: posts small blind $0.50
Diamondplaces: posts big blind $1
*** HOLE CARDS ***
blistein: folds 
blistein leaves the table
easy_sarcasm: folds 
avstero: folds 
TheRital5555: raises $1.30 to $2.30
SeEevg: raises $15.58 to $17.88 and is all-in
Diamondplaces: folds 
TheRital5555: folds 
Uncalled bet ($15.58) returned to SeEevg
SeEevg collected $5.60 from pot
SeEevg: doesn't show hand 
*** SUMMARY ***
Total pot $5.60 | Rake $0 
Seat 1: SeEevg (small blind) collected ($5.60)
Seat 2: Diamondplaces (big blind) folded before Flop
Seat 3: blistein folded before Flop (didn't bet)
Seat 4: easy_sarcasm folded before Flop (didn't bet)
Seat 5: avstero folded before Flop (didn't bet)
Seat 6: TheRital5555 (button) folded before Flop



PokerStars Hand #254294021109:  Hold'em No Limit ($0.50/$1.00 USD) - 2025/01/10 12:45:34 WET [2025/01/10 7:45:34 ET]
Table 'Meeus II' 6-max Seat #1 is the button
Seat 4: easy_sarcasm ($100 in chips) is sitting out
Seat 1: SeEevg ($21.18 in chips) 
Seat 2: Diamondplaces ($14.74 in chips) 
Seat 5: avstero ($102.50 in chips) 
Seat 6: TheRital5555 ($96.20 in chips) 
Diamondplaces: posts small blind $0.50
easy_sarcasm: is sitting out 
avstero: posts big blind $1
*** HOLE CARDS ***
easy_sarcasm leaves the table
TheRital5555: folds 
SeEevg: folds 
Diamondplaces: calls $0.50
avstero: checks 
*** FLOP *** [4s Qh 4h]
Diamondplaces: bets $1.90
avstero: folds 
Uncalled bet ($1.90) returned to Diamondplaces
Diamondplaces collected $1.90 from pot
*** SUMMARY ***
Total pot $2 | Rake $0.10 
Board [4s Qh 4h]
Seat 4: easy_sarcasm
Seat 1: SeEevg (button) folded before Flop (didn't bet)
Seat 2: Diamondplaces (small blind) collected ($1.90)
Seat 5: avstero (big blind) folded on the Flop
Seat 6: TheRital5555 folded before Flop (didn't bet)



PokerStars Hand #254294024821:  Hold'em No Limit ($0.50/$1.00 USD) - 2025/01/10 12:45:58 WET [2025/01/10 7:45:58 ET]
Table 'Meeus II' 6-max Seat #2 is the button
Seat 1: SeEevg ($21.18 in chips) 
Seat 2: Diamondplaces ($15.64 in chips) 
Seat 5: avstero ($101.50 in chips) 
Seat 6: TheRital5555 ($96.20 in chips) 
avstero: posts small blind $0.50
TheRital5555: posts big blind $1
*** HOLE CARDS ***
SeEevg: folds 
Diamondplaces: folds 
SeEevg leaves the table
avstero: folds 
Uncalled bet ($0.50) returned to TheRital5555
TheRital5555 collected $1 from pot
*** SUMMARY ***
Total pot $1 | Rake $0 
Seat 1: SeEevg folded before Flop (didn't bet)
Seat 2: Diamondplaces (button) folded before Flop (didn't bet)
Seat 5: avstero (small blind) folded before Flop
Seat 6: TheRital5555 (big blind) collected ($1)



PokerStars Hand #254294026841:  Hold'em No Limit ($0.50/$1.00 USD) - 2025/01/10 12:46:11 WET [2025/01/10 7:46:11 ET]
Table 'Meeus II' 6-max Seat #5 is the button
Seat 2: Diamondplaces ($15.64 in chips) 
Seat 5: avstero ($101 in chips) 
Seat 6: TheRital5555 ($96.70 in chips) 
TheRital5555: posts small blind $0.50
Diamondplaces: posts big blind $1
*** HOLE CARDS ***
avstero: folds 
TheRital5555: raises $1.50 to $2.50
Diamondplaces: folds 
Uncalled bet ($1.50) returned to TheRital5555
TheRital5555 collected $2 from pot
*** SUMMARY ***
Total pot $2 | Rake $0 
Seat 2: Diamondplaces (big blind) folded before Flop
Seat 5: avstero (button) folded before Flop (didn't bet)
Seat 6: TheRital5555 (small blind) collected ($2)



PokerStars Hand #254294029470:  Hold'em No Limit ($0.50/$1.00 USD) - 2025/01/10 12:46:28 WET [2025/01/10 7:46:28 ET]
Table 'Meeus II' 6-max Seat #6 is the button
Seat 2: Diamondplaces ($14.64 in chips) 
Seat 5: avstero ($101 in chips) 
Seat 6: TheRital5555 ($97.70 in chips) 
Diamondplaces: posts small blind $0.50
avstero: posts big blind $1
*** HOLE CARDS ***
TheRital5555: raises $1.50 to $2.50
Diamondplaces: folds 
avstero: folds 
Uncalled bet ($1.50) returned to TheRital5555
TheRital5555 collected $2.50 from pot
*** SUMMARY ***
Total pot $2.50 | Rake $0 
Seat 2: Diamondplaces (small blind) folded before Flop
Seat 5: avstero (big blind) folded before Flop
Seat 6: TheRital5555 (button) collected ($2.50)



PokerStars Hand #254294031497:  Hold'em No Limit ($0.50/$1.00 USD) - 2025/01/10 12:46:41 WET [2025/01/10 7:46:41 ET]
Table 'Meeus II' 6-max Seat #2 is the button
Seat 2: Diamondplaces ($14.14 in chips) 
Seat 5: avstero ($100 in chips) 
Seat 6: TheRital5555 ($99.20 in chips) 
avstero: posts small blind $0.50
TheRital5555: posts big blind $1
*** HOLE CARDS ***
Diamondplaces: folds 
avstero: folds 
Uncalled bet ($0.50) returned to TheRital5555
TheRital5555 collected $1 from pot
*** SUMMARY ***
Total pot $1 | Rake $0 
Seat 2: Diamondplaces (button) folded before Flop (didn't bet)
Seat 5: avstero (small blind) folded before Flop
Seat 6: TheRital5555 (big blind) collected ($1)



PokerStars Hand #254294033485:  Hold'em No Limit ($0.50/$1.00 USD) - 2025/01/10 12:46:54 WET [2025/01/10 7:46:54 ET]
Table 'Meeus II' 6-max Seat #5 is the button
Seat 2: Diamondplaces ($14.14 in chips) 
Seat 5: avstero ($99.50 in chips) 
Seat 6: TheRital5555 ($99.70 in chips) 
TheRital5555: posts small blind $0.50
Diamondplaces: posts big blind $1
*** HOLE CARDS ***
avstero: folds 
TheRital5555: folds 
Uncalled bet ($0.50) returned to Diamondplaces
Diamondplaces collected $1 from pot
*** SUMMARY ***
Total pot $1 | Rake $0 
Seat 2: Diamondplaces (big blind) collected ($1)
Seat 5: avstero (button) folded before Flop (didn't bet)
Seat 6: TheRital5555 (small blind) folded before Flop



PokerStars Hand #254294034784:  Hold'em No Limit ($0.50/$1.00 USD) - 2025/01/10 12:47:02 WET [2025/01/10 7:47:02 ET]
Table 'Meeus II' 6-max Seat #6 is the button
Seat 2: Diamondplaces ($14.64 in chips) 
Seat 5: avstero ($99.50 in chips) 
Seat 6: TheRital5555 ($99.20 in chips) 
Diamondplaces: posts small blind $0.50
avstero: posts big blind $1
*** HOLE CARDS ***
TheRital5555: folds 
Diamondplaces: folds 
Uncalled bet ($0.50) returned to avstero
avstero collected $1 from pot
avstero: doesn't show hand 
*** SUMMARY ***
Total pot $1 | Rake $0 
Seat 2: Diamondplaces (small blind) folded before Flop
Seat 5: avstero (big blind) collected ($1)
Seat 6: TheRital5555 (button) folded before Flop (didn't bet)



PokerStars Hand #254294035913:  Hold'em No Limit ($0.50/$1.00 USD) - 2025/01/10 12:47:09 WET [2025/01/10 7:47:09 ET]
Table 'Meeus II' 6-max Seat #2 is the button
Seat 2: Diamondplaces ($14.14 in chips) 
Seat 5: avstero ($100 in chips) 
Seat 6: TheRital5555 ($99.20 in chips) 
avstero: posts small blind $0.50
TheRital5555: posts big blind $1
*** HOLE CARDS ***
Diamondplaces: folds 
avstero: folds 
Uncalled bet ($0.50) returned to TheRital5555
TheRital5555 collected $1 from pot
*** SUMMARY ***
Total pot $1 | Rake $0 
Seat 2: Diamondplaces (button) folded before Flop (didn't bet)
Seat 5: avstero (small blind) folded before Flop
Seat 6: TheRital5555 (big blind) collected ($1)



PokerStars Hand #254294038064:  Hold'em No Limit ($0.50/$1.00 USD) - 2025/01/10 12:47:23 WET [2025/01/10 7:47:23 ET]
Table 'Meeus II' 6-max Seat #5 is the button
Seat 2: Diamondplaces ($14.14 in chips) 
Seat 5: avstero ($99.50 in chips) 
Seat 6: TheRital5555 ($99.70 in chips) 
TheRital5555: posts small blind $0.50
Diamondplaces: posts big blind $1
*** HOLE CARDS ***
avstero: raises $1 to $2
TheRital5555: folds 
Diamondplaces: calls $1
*** FLOP *** [6h Jc Tc]
Diamondplaces: bets $12.14 and is all-in
avstero: folds 
Uncalled bet ($12.14) returned to Diamondplaces
Diamondplaces collected $4.28 from pot
*** SUMMARY ***
Total pot $4.50 | Rake $0.22 
Board [6h Jc Tc]
Seat 2: Diamondplaces (big blind) collected ($4.28)
Seat 5: avstero (button) folded on the Flop
Seat 6: TheRital5555 (small blind) folded before Flop



PokerStars Hand #254294042726:  Hold'em No Limit ($0.50/$1.00 USD) - 2025/01/10 12:47:53 WET [2025/01/10 7:47:53 ET]
Table 'Meeus II' 6-max Seat #6 is the button
Seat 2: Diamondplaces ($16.42 in chips) 
Seat 5: avstero ($100 in chips) 
Seat 6: TheRital5555 ($99.20 in chips) 
Diamondplaces: posts small blind $0.50
avstero: posts big blind $1
*** HOLE CARDS ***
TheRital5555: raises $1.50 to $2.50
Diamondplaces: folds 
avstero: calls $1.50
*** FLOP *** [3s 5d 7d]
avstero: checks 
TheRital5555: bets $3
avstero: calls $3
*** TURN *** [3s 5d 7d] [Kh]
avstero: checks 
TheRital5555: bets $6
avstero: folds 
Uncalled bet ($6) returned to TheRital5555
TheRital5555 collected $10.92 from pot
*** SUMMARY ***
Total pot $11.50 | Rake $0.58 
Board [3s 5d 7d Kh]
Seat 2: Diamondplaces (small blind) folded before Flop
Seat 5: avstero (big blind) folded on the Turn
Seat 6: TheRital5555 (button) collected ($10.92)



PokerStars Hand #254294053645:  Hold'em No Limit ($0.50/$1.00 USD) - 2025/01/10 12:49:03 WET [2025/01/10 7:49:03 ET]
Table 'Meeus II' 6-max Seat #2 is the button
Seat 2: Diamondplaces ($15.92 in chips) 
Seat 5: avstero ($100 in chips) 
Seat 6: TheRital5555 ($104.62 in chips) 
avstero: posts small blind $0.50
TheRital5555: posts big blind $1
*** HOLE CARDS ***
Diamondplaces: folds 
avstero: folds 
Uncalled bet ($0.50) returned to TheRital5555
TheRital5555 collected $1 from pot
*** SUMMARY ***
Total pot $1 | Rake $0 
Seat 2: Diamondplaces (button) folded before Flop (didn't bet)
Seat 5: avstero (small blind) folded before Flop
Seat 6: TheRital5555 (big blind) collected ($1)



PokerStars Hand #254294055359:  Hold'em No Limit ($0.50/$1.00 USD) - 2025/01/10 12:49:14 WET [2025/01/10 7:49:14 ET]
Table 'Meeus II' 6-max Seat #5 is the button
Seat 2: Diamondplaces ($15.92 in chips) 
Seat 5: avstero ($99.50 in chips) 
Seat 6: TheRital5555 ($105.12 in chips) 
TheRital5555: posts small blind $0.50
Diamondplaces: posts big blind $1
*** HOLE CARDS ***
avstero: folds 
TheRital5555: folds 
Uncalled bet ($0.50) returned to Diamondplaces
Diamondplaces collected $1 from pot
*** SUMMARY ***
Total pot $1 | Rake $0 
Seat 2: Diamondplaces (big blind) collected ($1)
Seat 5: avstero (button) folded before Flop (didn't bet)
Seat 6: TheRital5555 (small blind) folded before Flop



PokerStars Hand #254294057159:  Hold'em No Limit ($0.50/$1.00 USD) - 2025/01/10 12:49:26 WET [2025/01/10 7:49:26 ET]
Table 'Meeus II' 6-max Seat #6 is the button
Seat 2: Diamondplaces ($16.42 in chips) 
Seat 5: avstero ($99.50 in chips) 
Seat 6: TheRital5555 ($104.62 in chips) 
Diamondplaces: posts small blind $0.50
avstero: posts big blind $1
*** HOLE CARDS ***
TheRital5555: folds 
Diamondplaces: folds 
Uncalled bet ($0.50) returned to avstero
avstero collected $1 from pot
avstero: doesn't show hand 
*** SUMMARY ***
Total pot $1 | Rake $0 
Seat 2: Diamondplaces (small blind) folded before Flop
Seat 5: avstero (big blind) collected ($1)
Seat 6: TheRital5555 (button) folded before Flop (didn't bet)



PokerStars Hand #254294058546:  Hold'em No Limit ($0.50/$1.00 USD) - 2025/01/10 12:49:34 WET [2025/01/10 7:49:34 ET]
Table 'Meeus II' 6-max Seat #2 is the button
Seat 2: Diamondplaces ($15.92 in chips) 
Seat 5: avstero ($100 in chips) 
Seat 6: TheRital5555 ($104.62 in chips) 
avstero: posts small blind $0.50
TheRital5555: posts big blind $1
*** HOLE CARDS ***
Diamondplaces: raises $14.92 to $15.92 and is all-in
avstero: folds 
TheRital5555: folds 
Uncalled bet ($14.92) returned to Diamondplaces
TheRital5555 leaves the table
Diamondplaces collected $2.50 from pot
*** SUMMARY ***
Total pot $2.50 | Rake $0 
Seat 2: Diamondplaces (button) collected ($2.50)
Seat 5: avstero (small blind) folded before Flop
Seat 6: TheRital5555 (big blind) folded before Flop



PokerStars Hand #254294060365:  Hold'em No Limit ($0.50/$1.00 USD) - 2025/01/10 12:49:46 WET [2025/01/10 7:49:46 ET]
Table 'Meeus II' 6-max Seat #5 is the button
Seat 2: Diamondplaces ($17.42 in chips) 
Seat 5: avstero ($99.50 in chips) 
avstero: posts small blind $0.50
Diamondplaces: posts big blind $1
*** HOLE CARDS ***
avstero: folds 
Uncalled bet ($0.50) returned to Diamondplaces
Diamondplaces collected $1 from pot
*** SUMMARY ***
Total pot $1 | Rake $0 
Seat 2: Diamondplaces (big blind) collected ($1)
Seat 5: avstero (button) (small blind) folded before Flop



PokerStars Hand #254293977103:  Hold'em No Limit ($0.50/$1.00 USD) - 2025/01/10 12:40:49 WET [2025/01/10 7:40:49 ET]
Table 'Meeus II' 6-max Seat #2 is the button
Seat 2: Diamondplaces ($12.82 in chips) 
Seat 3: blistein ($105.22 in chips) 
Diamondplaces: posts small blind $0.50
blistein: posts big blind $1
*** HOLE CARDS ***
Diamondplaces: calls $0.50
blistein: checks 
*** FLOP *** [Qs As Qc]
blistein: checks 
Diamondplaces: checks 
*** TURN *** [Qs As Qc] [6s]
blistein: bets $3.75
Diamondplaces: folds 
Uncalled bet ($3.75) returned to blistein
blistein collected $1.90 from pot
blistein: doesn't show hand 
*** SUMMARY ***
Total pot $2 | Rake $0.10 
Board [Qs As Qc 6s]
Seat 2: Diamondplaces (button) (small blind) folded on the Turn
Seat 3: blistein (big blind) collected ($1.90)



PokerStars Hand #254293981226:  Hold'em No Limit ($0.50/$1.00 USD) - 2025/01/10 12:41:16 WET [2025/01/10 7:41:16 ET]
Table 'Meeus II' 6-max Seat #3 is the button
Seat 2: Diamondplaces ($11.82 in chips) 
Seat 3: blistein ($106.12 in chips) 
blistein: posts small blind $0.50
Diamondplaces: posts big blind $1
*** HOLE CARDS ***
blistein: raises $12 to $13
Diamondplaces: calls $10.82 and is all-in
Uncalled bet ($1.18) returned to blistein
*** FLOP *** [Th Qc Ad]
*** TURN *** [Th Qc Ad] [As]
*** RIVER *** [Th Qc Ad As] [4d]
*** SHOW DOWN ***
Diamondplaces: shows [Kh Kc] (two pair, Aces and Kings)
blistein: shows [5c 6c] (a pair of Aces)
Diamondplaces collected $22.64 from pot
*** SUMMARY ***
Total pot $23.64 | Rake $1 
Board [Th Qc Ad As 4d]
Seat 2: Diamondplaces (big blind) showed [Kh Kc] and won ($22.64) with two pair, Aces and Kings
Seat 3: blistein (button) (small blind) showed [5c 6c] and lost with a pair of Aces



PokerStars Hand #254293983948:  Hold'em No Limit ($0.50/$1.00 USD) - 2025/01/10 12:41:34 WET [2025/01/10 7:41:34 ET]
Table 'Meeus II' 6-max Seat #2 is the button
Seat 2: Diamondplaces ($22.64 in chips) 
Seat 3: blistein ($100 in chips) 
Diamondplaces: posts small blind $0.50
blistein: posts big blind $1
*** HOLE CARDS ***
Diamondplaces: folds 
Uncalled bet ($0.50) returned to blistein
blistein collected $1 from pot
blistein: doesn't show hand 
*** SUMMARY ***
Total pot $1 | Rake $0 
Seat 2: Diamondplaces (button) (small blind) folded before Flop
Seat 3: blistein (big blind) collected ($1)



PokerStars Hand #254293985360:  Hold'em No Limit ($0.50/$1.00 USD) - 2025/01/10 12:41:43 WET [2025/01/10 7:41:43 ET]
Table 'Meeus II' 6-max Seat #3 is the button
Seat 2: Diamondplaces ($22.14 in chips) 
Seat 3: blistein ($100.50 in chips) 
blistein: posts small blind $0.50
Diamondplaces: posts big blind $1
*** HOLE CARDS ***
blistein: calls $0.50
Diamondplaces: checks 
*** FLOP *** [Ts 3s 2d]
Diamondplaces: checks 
blistein: bets $1
Diamondplaces: folds 
Uncalled bet ($1) returned to blistein
blistein collected $1.90 from pot
blistein: doesn't show hand 
*** SUMMARY ***
Total pot $2 | Rake $0.10 
Board [Ts 3s 2d]
Seat 2: Diamondplaces (big blind) folded on the Flop
Seat 3: blistein (button) (small blind) collected ($1.90)



PokerStars Hand #254293988092:  Hold'em No Limit ($0.50/$1.00 USD) - 2025/01/10 12:42:01 WET [2025/01/10 7:42:01 ET]
Table 'Meeus II' 6-max Seat #2 is the button
Seat 2: Diamondplaces ($21.14 in chips) 
Seat 3: blistein ($101.40 in chips) 
Diamondplaces: posts small blind $0.50
blistein: posts big blind $1
*** HOLE CARDS ***
Diamondplaces: folds 
Uncalled bet ($0.50) returned to blistein
blistein collected $1 from pot
blistein: doesn't show hand 
*** SUMMARY ***
Total pot $1 | Rake $0 
Seat 2: Diamondplaces (button) (small blind) folded before Flop
Seat 3: blistein (big blind) collected ($1)



PokerStars Hand #254293989310:  Hold'em No Limit ($0.50/$1.00 USD) - 2025/01/10 12:42:09 WET [2025/01/10 7:42:09 ET]
Table 'Meeus II' 6-max Seat #3 is the button
Seat 2: Diamondplaces ($20.64 in chips) 
Seat 3: blistein ($101.90 in chips) 
blistein: posts small blind $0.50
Diamondplaces: posts big blind $1
*** HOLE CARDS ***
blistein: calls $0.50
Diamondplaces: checks 
*** FLOP *** [2h 5d 3c]
Diamondplaces: bets $1.90
blistein: folds 
Uncalled bet ($1.90) returned to Diamondplaces
Diamondplaces collected $1.90 from pot
*** SUMMARY ***
Total pot $2 | Rake $0.10 
Board [2h 5d 3c]
Seat 2: Diamondplaces (big blind) collected ($1.90)
Seat 3: blistein (button) (small blind) folded on the Flop



PokerStars Hand #254293991817:  Hold'em No Limit ($0.50/$1.00 USD) - 2025/01/10 12:42:25 WET [2025/01/10 7:42:25 ET]
Table 'Meeus II' 6-max Seat #2 is the button
Seat 2: Diamondplaces ($21.54 in chips) 
Seat 3: blistein ($100.90 in chips) 
Diamondplaces: posts small blind $0.50
blistein: posts big blind $1
*** HOLE CARDS ***
Diamondplaces: folds 
Uncalled bet ($0.50) returned to blistein
blistein collected $1 from pot
blistein: doesn't show hand 
*** SUMMARY ***
Total pot $1 | Rake $0 
Seat 2: Diamondplaces (button) (small blind) folded before Flop
Seat 3: blistein (big blind) collected ($1)



PokerStars Hand #254293992932:  Hold'em No Limit ($0.50/$1.00 USD) - 2025/01/10 12:42:32 WET [2025/01/10 7:42:32 ET]
Table 'Meeus II' 6-max Seat #3 is the button
Seat 2: Diamondplaces ($21.04 in chips) 
Seat 3: blistein ($101.40 in chips) 
blistein: posts small blind $0.50
Diamondplaces: posts big blind $1
*** HOLE CARDS ***
blistein: folds 
Uncalled bet ($0.50) returned to Diamondplaces
Diamondplaces collected $1 from pot
*** SUMMARY ***
Total pot $1 | Rake $0 
Seat 2: Diamondplaces (big blind) collected ($1)
Seat 3: blistein (button) (small blind) folded before Flop



PokerStars Hand #254293993796:  Hold'em No Limit ($0.50/$1.00 USD) - 2025/01/10 12:42:37 WET [2025/01/10 7:42:37 ET]
Table 'Meeus II' 6-max Seat #2 is the button
Seat 2: Diamondplaces ($21.54 in chips) 
Seat 3: blistein ($100.90 in chips) 
Diamondplaces: posts small blind $0.50
blistein: posts big blind $1
*** HOLE CARDS ***
Diamondplaces: raises $1 to $2
blistein: calls $1
*** FLOP *** [9s 7c Th]
blistein: checks 
TheRital5555 joins the table at seat #6 
TheRital5555 is disconnected 
Diamondplaces: bets $3.80
easy_sarcasm joins the table at seat #4 
blistein: calls $3.80
*** TURN *** [9s 7c Th] [Jd]
blistein: checks 
SeEevg joins the table at seat #1 
Diamondplaces: checks 
*** RIVER *** [9s 7c Th Jd] [3c]
blistein: bets $19.29
Diamondplaces: folds 
Uncalled bet ($19.29) returned to blistein
blistein collected $11.02 from pot
blistein: doesn't show hand 
avstero joins the table at seat #5 
*** SUMMARY ***
Total pot $11.60 | Rake $0.58 
Board [9s 7c Th Jd 3c]
Seat 2: Diamondplaces (button) (small blind) folded on the River
Seat 3: blistein (big blind) collected ($11.02)



PokerStars Hand #254293999047:  Hold'em No Limit ($0.50/$1.00 USD) - 2025/01/10 12:43:11 WET [2025/01/10 7:43:11 ET]
Table 'Meeus II' 6-max Seat #2 is the button
Seat 1: SeEevg ($14 in chips) is sitting out
Seat 5: avstero ($100 in chips) is sitting out
Seat 6: TheRital5555 ($100 in chips) is sitting out
Seat 2: Diamondplaces ($15.74 in chips) 
Seat 3: blistein ($106.12 in chips) 
Seat 4: easy_sarcasm ($100 in chips) 
blistein: posts small blind $0.50
easy_sarcasm: posts big blind $1
avstero is connected 
avstero: sits out 
TheRital5555: sits out 
SeEevg: sits out 
*** HOLE CARDS ***
Diamondplaces: folds 
blistein: folds 
Uncalled bet ($0.50) returned to easy_sarcasm
easy_sarcasm collected $1 from pot
*** SUMMARY ***
Total pot $1 | Rake $0 
Seat 1: SeEevg
Seat 5: avstero
Seat 6: TheRital5555
Seat 2: Diamondplaces (button) folded before Flop (didn't bet)
Seat 3: blistein (small blind) folded before Flop
Seat 4: easy_sarcasm (big blind) collected ($1)



PokerStars Hand #254294000264:  Hold'em No Limit ($0.50/$1.00 USD) - 2025/01/10 12:43:19 WET [2025/01/10 7:43:19 ET]
Table 'Meeus II' 6-max Seat #3 is the button
Seat 1: SeEevg ($14 in chips) is sitting out
Seat 6: TheRital5555 ($100 in chips) is sitting out
Seat 2: Diamondplaces ($15.74 in chips) 
Seat 3: blistein ($105.62 in chips) 
Seat 4: easy_sarcasm ($100.50 in chips) 
Seat 5: avstero ($100 in chips) 
easy_sarcasm: posts small blind $0.50
avstero: posts big blind $1
TheRital5555: sits out 
SeEevg: sits out 
*** HOLE CARDS ***
Diamondplaces: folds 
blistein: folds 
easy_sarcasm: raises $2 to $3
avstero: raises $6.50 to $9.50
easy_sarcasm: folds 
Uncalled bet ($6.50) returned to avstero
avstero collected $6 from pot
avstero: doesn't show hand 
*** SUMMARY ***
Total pot $6 | Rake $0 
Seat 1: SeEevg
Seat 6: TheRital5555
Seat 2: Diamondplaces folded before Flop (didn't bet)
Seat 3: blistein (button) folded before Flop (didn't bet)
Seat 4: easy_sarcasm (small blind) folded before Flop
Seat 5: avstero (big blind) collected ($6)



PokerStars Hand #254294003824:  Hold'em No Limit ($0.50/$1.00 USD) - 2025/01/10 12:43:42 WET [2025/01/10 7:43:42 ET]
Table 'Meeus II' 6-max Seat #4 is the button
Seat 1: SeEevg ($14 in chips) is sitting out
Seat 2: Diamondplaces ($15.74 in chips) 
Seat 3: blistein ($105.62 in chips) 
Seat 4: easy_sarcasm ($100 in chips) 
Seat 5: avstero ($103 in chips) 
Seat 6: TheRital5555 ($100 in chips) 
avstero: posts small blind $0.50
TheRital5555: posts big blind $1
SeEevg: sits out 
*** HOLE CARDS ***
Diamondplaces: folds 
blistein: raises $1.30 to $2.30
easy_sarcasm: folds 
avstero: folds 
TheRital5555: folds 
Uncalled bet ($1.30) returned to blistein
blistein collected $2.50 from pot
blistein: doesn't show hand 
*** SUMMARY ***
Total pot $2.50 | Rake $0 
Seat 1: SeEevg
Seat 2: Diamondplaces folded before Flop (didn't bet)
Seat 3: blistein collected ($2.50)
Seat 4: easy_sarcasm (button) folded before Flop (didn't bet)
Seat 5: avstero (small blind) folded before Flop
Seat 6: TheRital5555 (big blind) folded before Flop



