PokerStars Hand #254295595065:  Hold'em No Limit ($0.50/$1.00 USD) - 2025/01/10 15:15:25 WET [2025/01/10 10:15:25 ET]
Table 'Cevenola II' 6-max Seat #3 is the button
Seat 2: Joe_Li7 ($100 in chips) is sitting out
Seat 1: YeeesMan ($100 in chips) 
Seat 3: gudrozd ($114.50 in chips) 
Seat 4: schneidomat ($64.65 in chips) 
Seat 5: Espada Fish ($100 in chips) 
Seat 6: mr.Jckpot ($100 in chips) 
schneidomat: posts small blind $0.50
Espada Fish: posts big blind $1
Joe_Li7: sits out 
*** HOLE CARDS ***
mr.Jckpot: raises $1.50 to $2.50
YeeesMan: folds 
gudrozd: folds 
schneidomat: calls $2
Espada Fish: folds 
*** FLOP *** [2c 3d 4c]
schneidomat: bets $3.85
mr.Jckpot: calls $3.85
*** TURN *** [2c 3d 4c] [7h]
schneidomat: checks 
mr.Jckpot: checks 
*** RIVER *** [2c 3d 4c 7h] [7c]
schneidomat: checks 
mr.Jckpot: checks 
*** SHOW DOWN ***
schneidomat: shows [4h Ac] (two pair, Sevens and Fours)
mr.Jckpot: mucks hand 
schneidomat collected $12.85 from pot
*** SUMMARY ***
Total pot $13.70 | Rake $0.85 
Board [2c 3d 4c 7h 7c]
Seat 2: Joe_Li7
Seat 1: YeeesMan folded before Flop (didn't bet)
Seat 3: gudrozd (button) folded before Flop (didn't bet)
Seat 4: schneidomat (small blind) showed [4h Ac] and won ($12.85) with two pair, Sevens and Fours
Seat 5: Espada Fish (big blind) folded before Flop
Seat 6: mr.Jckpot mucked



PokerStars Hand #254295607366:  Hold'em No Limit ($0.50/$1.00 USD) - 2025/01/10 15:16:25 WET [2025/01/10 10:16:25 ET]
Table 'Cevenola II' 6-max Seat #4 is the button
Seat 2: Joe_Li7 ($100 in chips) is sitting out
Seat 1: YeeesMan ($100 in chips) 
Seat 3: gudrozd ($114.50 in chips) 
Seat 4: schneidomat ($71.15 in chips) 
Seat 5: Espada Fish ($100 in chips) 
Seat 6: mr.Jckpot ($100 in chips) 
Espada Fish: posts small blind $0.50
mr.Jckpot: posts big blind $1
Joe_Li7: sits out 
*** HOLE CARDS ***
YeeesMan: raises $1.50 to $2.50
gudrozd: folds 
schneidomat: folds 
Espada Fish: folds 
mr.Jckpot: calls $1.50
*** FLOP *** [3d 9c 7s]
mr.Jckpot: checks 
YeeesMan: checks 
*** TURN *** [3d 9c 7s] [Jc]
mr.Jckpot: bets $1.72
YeeesMan: calls $1.72
*** RIVER *** [3d 9c 7s Jc] [8h]
mr.Jckpot: bets $2.80
YeeesMan: folds 
Uncalled bet ($2.80) returned to mr.Jckpot
mr.Jckpot collected $8.49 from pot
mr.Jckpot: doesn't show hand 
*** SUMMARY ***
Total pot $8.94 | Rake $0.45 
Board [3d 9c 7s Jc 8h]
Seat 2: Joe_Li7
Seat 1: YeeesMan folded on the River
Seat 3: gudrozd folded before Flop (didn't bet)
Seat 4: schneidomat (button) folded before Flop (didn't bet)
Seat 5: Espada Fish (small blind) folded before Flop
Seat 6: mr.Jckpot (big blind) collected ($8.49)



PokerStars Hand #254295619587:  Hold'em No Limit ($0.50/$1.00 USD) - 2025/01/10 15:17:25 WET [2025/01/10 10:17:25 ET]
Table 'Cevenola II' 6-max Seat #5 is the button
Seat 2: Joe_Li7 ($100 in chips) is sitting out
Seat 1: YeeesMan ($100 in chips) 
Seat 3: gudrozd ($114.50 in chips) 
Seat 4: schneidomat ($71.15 in chips) 
Seat 5: Espada Fish ($100 in chips) 
Seat 6: mr.Jckpot ($104.27 in chips) 
mr.Jckpot: posts small blind $0.50
YeeesMan: posts big blind $1
Joe_Li7: sits out 
*** HOLE CARDS ***
gudrozd: raises $1.50 to $2.50
schneidomat: folds 
Espada Fish: folds 
mr.Jckpot: folds 
YeeesMan: folds 
Uncalled bet ($1.50) returned to gudrozd
gudrozd collected $2.50 from pot
gudrozd: doesn't show hand 
*** SUMMARY ***
Total pot $2.50 | Rake $0 
Seat 2: Joe_Li7
Seat 1: YeeesMan (big blind) folded before Flop
Seat 3: gudrozd collected ($2.50)
Seat 4: schneidomat folded before Flop (didn't bet)
Seat 5: Espada Fish (button) folded before Flop (didn't bet)
Seat 6: mr.Jckpot (small blind) folded before Flop



PokerStars Hand #254295624626:  Hold'em No Limit ($0.50/$1.00 USD) - 2025/01/10 15:17:50 WET [2025/01/10 10:17:50 ET]
Table 'Cevenola II' 6-max Seat #6 is the button
Seat 1: YeeesMan ($100 in chips) 
Seat 2: Joe_Li7 ($100 in chips) 
Seat 3: gudrozd ($116 in chips) 
Seat 4: schneidomat ($71.15 in chips) 
Seat 5: Espada Fish ($100 in chips) 
Seat 6: mr.Jckpot ($103.77 in chips) 
YeeesMan: posts small blind $0.50
Joe_Li7: posts big blind $1
*** HOLE CARDS ***
gudrozd: folds 
schneidomat: raises $2 to $3
Espada Fish: folds 
mr.Jckpot: raises $6 to $9
YeeesMan: folds 
Joe_Li7: folds 
schneidomat: calls $6
*** FLOP *** [Ad 3c 6s]
schneidomat: bets $62.15 and is all-in
mr.Jckpot: folds 
Uncalled bet ($62.15) returned to schneidomat
schneidomat collected $18.28 from pot
*** SUMMARY ***
Total pot $19.50 | Rake $1.22 
Board [Ad 3c 6s]
Seat 1: YeeesMan (small blind) folded before Flop
Seat 2: Joe_Li7 (big blind) folded before Flop
Seat 3: gudrozd folded before Flop (didn't bet)
Seat 4: schneidomat collected ($18.28)
Seat 5: Espada Fish folded before Flop (didn't bet)
Seat 6: mr.Jckpot (button) folded on the Flop



PokerStars Hand #254295630770:  Hold'em No Limit ($0.50/$1.00 USD) - 2025/01/10 15:18:19 WET [2025/01/10 10:18:19 ET]
Table 'Cevenola II' 6-max Seat #1 is the button
Seat 1: YeeesMan ($100 in chips) 
Seat 2: Joe_Li7 ($100 in chips) 
Seat 3: gudrozd ($116 in chips) 
Seat 4: schneidomat ($80.43 in chips) 
Seat 5: Espada Fish ($100 in chips) 
Seat 6: mr.Jckpot ($100 in chips) 
Joe_Li7: posts small blind $0.50
gudrozd: posts big blind $1
*** HOLE CARDS ***
schneidomat: calls $1
Espada Fish: folds 
mr.Jckpot: raises $2.50 to $3.50
YeeesMan: folds 
Joe_Li7: folds 
gudrozd: folds 
schneidomat: calls $2.50
*** FLOP *** [3h 2d Qh]
schneidomat: checks 
mr.Jckpot: bets $4.44
schneidomat: calls $4.44
*** TURN *** [3h 2d Qh] [3s]
schneidomat: checks 
mr.Jckpot: checks 
*** RIVER *** [3h 2d Qh 3s] [Qd]
schneidomat: bets $8.26
mr.Jckpot: folds 
Uncalled bet ($8.26) returned to schneidomat
schneidomat collected $16.29 from pot
*** SUMMARY ***
Total pot $17.38 | Rake $1.09 
Board [3h 2d Qh 3s Qd]
Seat 1: YeeesMan (button) folded before Flop (didn't bet)
Seat 2: Joe_Li7 (small blind) folded before Flop
Seat 3: gudrozd (big blind) folded before Flop
Seat 4: schneidomat collected ($16.29)
Seat 5: Espada Fish folded before Flop (didn't bet)
Seat 6: mr.Jckpot folded on the River



PokerStars Hand #254295638545:  Hold'em No Limit ($0.50/$1.00 USD) - 2025/01/10 15:18:56 WET [2025/01/10 10:18:56 ET]
Table 'Cevenola II' 6-max Seat #2 is the button
Seat 1: YeeesMan ($100 in chips) 
Seat 2: Joe_Li7 ($100 in chips) 
Seat 3: gudrozd ($115 in chips) 
Seat 4: schneidomat ($88.78 in chips) 
Seat 5: Espada Fish ($100 in chips) 
Seat 6: mr.Jckpot ($100 in chips) 
gudrozd: posts small blind $0.50
schneidomat: posts big blind $1
*** HOLE CARDS ***
Espada Fish: folds 
mr.Jckpot: raises $1.50 to $2.50
YeeesMan: folds 
Joe_Li7: folds 
gudrozd: folds 
schneidomat: folds 
Uncalled bet ($1.50) returned to mr.Jckpot
mr.Jckpot collected $2.50 from pot
mr.Jckpot: doesn't show hand 
*** SUMMARY ***
Total pot $2.50 | Rake $0 
Seat 1: YeeesMan folded before Flop (didn't bet)
Seat 2: Joe_Li7 (button) folded before Flop (didn't bet)
Seat 3: gudrozd (small blind) folded before Flop
Seat 4: schneidomat (big blind) folded before Flop
Seat 5: Espada Fish folded before Flop (didn't bet)
Seat 6: mr.Jckpot collected ($2.50)



PokerStars Hand #254295643848:  Hold'em No Limit ($0.50/$1.00 USD) - 2025/01/10 15:19:22 WET [2025/01/10 10:19:22 ET]
Table 'Cevenola II' 6-max Seat #3 is the button
Seat 1: YeeesMan ($100 in chips) 
Seat 2: Joe_Li7 ($100 in chips) 
Seat 3: gudrozd ($114.50 in chips) 
Seat 4: schneidomat ($87.78 in chips) 
Seat 5: Espada Fish ($100 in chips) 
Seat 6: mr.Jckpot ($101.50 in chips) 
schneidomat: posts small blind $0.50
Espada Fish: posts big blind $1
*** HOLE CARDS ***
mr.Jckpot: raises $1.50 to $2.50
YeeesMan: folds 
Joe_Li7: folds 
gudrozd: folds 
schneidomat: folds 
Espada Fish: folds 
Uncalled bet ($1.50) returned to mr.Jckpot
mr.Jckpot collected $2.50 from pot
mr.Jckpot: doesn't show hand 
*** SUMMARY ***
Total pot $2.50 | Rake $0 
Seat 1: YeeesMan folded before Flop (didn't bet)
Seat 2: Joe_Li7 folded before Flop (didn't bet)
Seat 3: gudrozd (button) folded before Flop (didn't bet)
Seat 4: schneidomat (small blind) folded before Flop
Seat 5: Espada Fish (big blind) folded before Flop
Seat 6: mr.Jckpot collected ($2.50)



PokerStars Hand #254295647759:  Hold'em No Limit ($0.50/$1.00 USD) - 2025/01/10 15:19:41 WET [2025/01/10 10:19:41 ET]
Table 'Cevenola II' 6-max Seat #4 is the button
Seat 1: YeeesMan ($100 in chips) 
Seat 2: Joe_Li7 ($100 in chips) 
Seat 3: gudrozd ($114.50 in chips) 
Seat 4: schneidomat ($87.28 in chips) 
Seat 5: Espada Fish ($100 in chips) 
Seat 6: mr.Jckpot ($103 in chips) 
Espada Fish: posts small blind $0.50
mr.Jckpot: posts big blind $1
*** HOLE CARDS ***
YeeesMan: folds 
Joe_Li7: raises $1.20 to $2.20
gudrozd: folds 
schneidomat: calls $2.20
Espada Fish: folds 
mr.Jckpot: folds 
*** FLOP *** [Js 9d 6c]
Joe_Li7: bets $2.80
schneidomat: calls $2.80
*** TURN *** [Js 9d 6c] [5d]
Joe_Li7: checks 
schneidomat: checks 
*** RIVER *** [Js 9d 6c 5d] [As]
Joe_Li7: bets $1
schneidomat: raises $4.46 to $5.46
Joe_Li7: folds 
Uncalled bet ($4.46) returned to schneidomat
schneidomat collected $12.65 from pot
*** SUMMARY ***
Total pot $13.50 | Rake $0.85 
Board [Js 9d 6c 5d As]
Seat 1: YeeesMan folded before Flop (didn't bet)
Seat 2: Joe_Li7 folded on the River
Seat 3: gudrozd folded before Flop (didn't bet)
Seat 4: schneidomat (button) collected ($12.65)
Seat 5: Espada Fish (small blind) folded before Flop
Seat 6: mr.Jckpot (big blind) folded before Flop



PokerStars Hand #254295660500:  Hold'em No Limit ($0.50/$1.00 USD) - 2025/01/10 15:20:43 WET [2025/01/10 10:20:43 ET]
Table 'Cevenola II' 6-max Seat #5 is the button
Seat 1: YeeesMan ($100 in chips) is sitting out
Seat 2: Joe_Li7 ($100 in chips) 
Seat 3: gudrozd ($114.50 in chips) 
Seat 4: schneidomat ($93.93 in chips) 
Seat 5: Espada Fish ($100 in chips) 
Seat 6: mr.Jckpot ($102 in chips) 
mr.Jckpot: posts small blind $0.50
YeeesMan: is sitting out 
Joe_Li7: posts big blind $1
*** HOLE CARDS ***
gudrozd: raises $1.50 to $2.50
schneidomat: folds 
Espada Fish: folds 
mr.Jckpot: folds 
Joe_Li7: folds 
Uncalled bet ($1.50) returned to gudrozd
gudrozd collected $2.50 from pot
gudrozd: doesn't show hand 
*** SUMMARY ***
Total pot $2.50 | Rake $0 
Seat 1: YeeesMan
Seat 2: Joe_Li7 (big blind) folded before Flop
Seat 3: gudrozd collected ($2.50)
Seat 4: schneidomat folded before Flop (didn't bet)
Seat 5: Espada Fish (button) folded before Flop (didn't bet)
Seat 6: mr.Jckpot (small blind) folded before Flop



PokerStars Hand #254295663080:  Hold'em No Limit ($0.50/$1.00 USD) - 2025/01/10 15:20:56 WET [2025/01/10 10:20:56 ET]
Table 'Cevenola II' 6-max Seat #6 is the button
Seat 1: YeeesMan ($100 in chips) is sitting out
Seat 2: Joe_Li7 ($100 in chips) 
Seat 3: gudrozd ($116 in chips) 
Seat 4: schneidomat ($93.93 in chips) 
Seat 5: Espada Fish ($100 in chips) 
Seat 6: mr.Jckpot ($101.50 in chips) 
Joe_Li7: posts small blind $0.50
gudrozd: posts big blind $1
*** HOLE CARDS ***
schneidomat: calls $1
Espada Fish: folds 
YeeesMan leaves the table
mr.Jckpot: raises $2.50 to $3.50
Joe_Li7: folds 
gudrozd: folds 
whlzor joins the table at seat #1 
schneidomat: calls $2.50
*** FLOP *** [Jd Ah 4h]
schneidomat: checks 
mr.Jckpot: bets $5.33
schneidomat: raises $5.33 to $10.66
mr.Jckpot: folds 
Uncalled bet ($5.33) returned to schneidomat
schneidomat collected $17.96 from pot
*** SUMMARY ***
Total pot $19.16 | Rake $1.20 
Board [Jd Ah 4h]
Seat 1: YeeesMan
Seat 2: Joe_Li7 (small blind) folded before Flop
Seat 3: gudrozd (big blind) folded before Flop
Seat 4: schneidomat collected ($17.96)
Seat 5: Espada Fish folded before Flop (didn't bet)
Seat 6: mr.Jckpot (button) folded on the Flop



PokerStars Hand #254295673714:  Hold'em No Limit ($0.50/$1.00 USD) - 2025/01/10 15:21:47 WET [2025/01/10 10:21:47 ET]
Table 'Cevenola II' 6-max Seat #2 is the button
Seat 1: whlzor ($100 in chips) is sitting out
Seat 2: Joe_Li7 ($100 in chips) 
Seat 3: gudrozd ($115 in chips) 
Seat 4: schneidomat ($103.06 in chips) 
Seat 5: Espada Fish ($100 in chips) 
Seat 6: mr.Jckpot ($100 in chips) 
gudrozd: posts small blind $0.50
schneidomat: posts big blind $1
whlzor: sits out 
*** HOLE CARDS ***
Espada Fish: folds 
mr.Jckpot: folds 
Joe_Li7: folds 
gudrozd: folds 
Uncalled bet ($0.50) returned to schneidomat
schneidomat collected $1 from pot
*** SUMMARY ***
Total pot $1 | Rake $0 
Seat 1: whlzor
Seat 2: Joe_Li7 (button) folded before Flop (didn't bet)
Seat 3: gudrozd (small blind) folded before Flop
Seat 4: schneidomat (big blind) collected ($1)
Seat 5: Espada Fish folded before Flop (didn't bet)
Seat 6: mr.Jckpot folded before Flop (didn't bet)



PokerStars Hand #254295675657:  Hold'em No Limit ($0.50/$1.00 USD) - 2025/01/10 15:21:57 WET [2025/01/10 10:21:57 ET]
Table 'Cevenola II' 6-max Seat #3 is the button
Seat 1: whlzor ($100 in chips) is sitting out
Seat 2: Joe_Li7 ($100 in chips) 
Seat 3: gudrozd ($114.50 in chips) 
Seat 4: schneidomat ($103.56 in chips) 
Seat 5: Espada Fish ($100 in chips) 
Seat 6: mr.Jckpot ($100 in chips) 
schneidomat: posts small blind $0.50
Espada Fish: posts big blind $1
whlzor: sits out 
*** HOLE CARDS ***
mr.Jckpot: folds 
Joe_Li7: folds 
gudrozd: folds 
schneidomat: calls $0.50
Espada Fish: checks 
*** FLOP *** [5c Jc Ad]
schneidomat: checks 
Espada Fish: checks 
*** TURN *** [5c Jc Ad] [8h]
schneidomat: checks 
Espada Fish: bets $2
schneidomat: folds 
Uncalled bet ($2) returned to Espada Fish
Espada Fish collected $1.90 from pot
Espada Fish: doesn't show hand 
*** SUMMARY ***
Total pot $2 | Rake $0.10 
Board [5c Jc Ad 8h]
Seat 1: whlzor
Seat 2: Joe_Li7 folded before Flop (didn't bet)
Seat 3: gudrozd (button) folded before Flop (didn't bet)
Seat 4: schneidomat (small blind) folded on the Turn
Seat 5: Espada Fish (big blind) collected ($1.90)
Seat 6: mr.Jckpot folded before Flop (didn't bet)



PokerStars Hand #254295685820:  Hold'em No Limit ($0.50/$1.00 USD) - 2025/01/10 15:22:46 WET [2025/01/10 10:22:46 ET]
Table 'Cevenola II' 6-max Seat #4 is the button
Seat 1: whlzor ($100 in chips) is sitting out
Seat 2: Joe_Li7 ($100 in chips) 
Seat 3: gudrozd ($114.50 in chips) 
Seat 4: schneidomat ($102.56 in chips) 
Seat 5: Espada Fish ($100.90 in chips) 
Seat 6: mr.Jckpot ($100 in chips) 
Espada Fish: posts small blind $0.50
mr.Jckpot: posts big blind $1
whlzor: sits out 
*** HOLE CARDS ***
Joe_Li7: raises $1.20 to $2.20
gudrozd: folds 
schneidomat: folds 
Espada Fish: folds 
mr.Jckpot: folds 
Uncalled bet ($1.20) returned to Joe_Li7
Joe_Li7 collected $2.50 from pot
*** SUMMARY ***
Total pot $2.50 | Rake $0 
Seat 1: whlzor
Seat 2: Joe_Li7 collected ($2.50)
Seat 3: gudrozd folded before Flop (didn't bet)
Seat 4: schneidomat (button) folded before Flop (didn't bet)
Seat 5: Espada Fish (small blind) folded before Flop
Seat 6: mr.Jckpot (big blind) folded before Flop



PokerStars Hand #254295690880:  Hold'em No Limit ($0.50/$1.00 USD) - 2025/01/10 15:23:10 WET [2025/01/10 10:23:10 ET]
Table 'Cevenola II' 6-max Seat #5 is the button
Seat 1: whlzor ($100 in chips) 
Seat 2: Joe_Li7 ($101.50 in chips) 
Seat 3: gudrozd ($114.50 in chips) 
Seat 4: schneidomat ($102.56 in chips) 
Seat 5: Espada Fish ($100.40 in chips) 
Seat 6: mr.Jckpot ($100 in chips) 
mr.Jckpot: posts small blind $0.50
whlzor: posts big blind $1
*** HOLE CARDS ***
Joe_Li7: folds 
gudrozd: folds 
schneidomat: calls $1
Espada Fish: folds 
mr.Jckpot: folds 
whlzor: raises $4 to $5
schneidomat: folds 
Uncalled bet ($4) returned to whlzor
whlzor collected $2.50 from pot
whlzor: doesn't show hand 
*** SUMMARY ***
Total pot $2.50 | Rake $0 
Seat 1: whlzor (big blind) collected ($2.50)
Seat 2: Joe_Li7 folded before Flop (didn't bet)
Seat 3: gudrozd folded before Flop (didn't bet)
Seat 4: schneidomat folded before Flop
Seat 5: Espada Fish (button) folded before Flop (didn't bet)
Seat 6: mr.Jckpot (small blind) folded before Flop



PokerStars Hand #254295700900:  Hold'em No Limit ($0.50/$1.00 USD) - 2025/01/10 15:23:59 WET [2025/01/10 10:23:59 ET]
Table 'Cevenola II' 6-max Seat #6 is the button
Seat 1: whlzor ($101.50 in chips) 
Seat 2: Joe_Li7 ($101.50 in chips) 
Seat 3: gudrozd ($114.50 in chips) 
Seat 4: schneidomat ($101.56 in chips) 
Seat 5: Espada Fish ($100.40 in chips) 
Seat 6: mr.Jckpot ($100 in chips) 
whlzor: posts small blind $0.50
Joe_Li7: posts big blind $1
*** HOLE CARDS ***
gudrozd: folds 
schneidomat: folds 
Espada Fish: raises $1.20 to $2.20
mr.Jckpot: folds 
whlzor: folds 
Joe_Li7: folds 
Uncalled bet ($1.20) returned to Espada Fish
Espada Fish collected $2.50 from pot
Espada Fish: doesn't show hand 
*** SUMMARY ***
Total pot $2.50 | Rake $0 
Seat 1: whlzor (small blind) folded before Flop
Seat 2: Joe_Li7 (big blind) folded before Flop
Seat 3: gudrozd folded before Flop (didn't bet)
Seat 4: schneidomat folded before Flop (didn't bet)
Seat 5: Espada Fish collected ($2.50)
Seat 6: mr.Jckpot (button) folded before Flop (didn't bet)



PokerStars Hand #254295703877:  Hold'em No Limit ($0.50/$1.00 USD) - 2025/01/10 15:24:13 WET [2025/01/10 10:24:13 ET]
Table 'Cevenola II' 6-max Seat #1 is the button
Seat 1: whlzor ($101 in chips) 
Seat 2: Joe_Li7 ($100.50 in chips) 
Seat 3: gudrozd ($114.50 in chips) 
Seat 4: schneidomat ($101.56 in chips) 
Seat 5: Espada Fish ($101.90 in chips) 
Seat 6: mr.Jckpot ($100 in chips) 
Joe_Li7: posts small blind $0.50
gudrozd: posts big blind $1
*** HOLE CARDS ***
schneidomat: folds 
Espada Fish: folds 
mr.Jckpot: folds 
whlzor: raises $2 to $3
Joe_Li7: folds 
gudrozd: folds 
Uncalled bet ($2) returned to whlzor
whlzor collected $2.50 from pot
whlzor: doesn't show hand 
*** SUMMARY ***
Total pot $2.50 | Rake $0 
Seat 1: whlzor (button) collected ($2.50)
Seat 2: Joe_Li7 (small blind) folded before Flop
Seat 3: gudrozd (big blind) folded before Flop
Seat 4: schneidomat folded before Flop (didn't bet)
Seat 5: Espada Fish folded before Flop (didn't bet)
Seat 6: mr.Jckpot folded before Flop (didn't bet)



PokerStars Hand #254295708226:  Hold'em No Limit ($0.50/$1.00 USD) - 2025/01/10 15:24:34 WET [2025/01/10 10:24:34 ET]
Table 'Cevenola II' 6-max Seat #2 is the button
Seat 1: whlzor ($102.50 in chips) 
Seat 2: Joe_Li7 ($100 in chips) 
Seat 3: gudrozd ($113.50 in chips) 
Seat 4: schneidomat ($101.56 in chips) 
Seat 5: Espada Fish ($101.90 in chips) 
Seat 6: mr.Jckpot ($100 in chips) 
gudrozd: posts small blind $0.50
schneidomat: posts big blind $1
*** HOLE CARDS ***
Espada Fish: folds 
mr.Jckpot: folds 
whlzor: folds 
Joe_Li7: folds 
gudrozd: folds 
Uncalled bet ($0.50) returned to schneidomat
schneidomat collected $1 from pot
*** SUMMARY ***
Total pot $1 | Rake $0 
Seat 1: whlzor folded before Flop (didn't bet)
Seat 2: Joe_Li7 (button) folded before Flop (didn't bet)
Seat 3: gudrozd (small blind) folded before Flop
Seat 4: schneidomat (big blind) collected ($1)
Seat 5: Espada Fish folded before Flop (didn't bet)
Seat 6: mr.Jckpot folded before Flop (didn't bet)



PokerStars Hand #254295710021:  Hold'em No Limit ($0.50/$1.00 USD) - 2025/01/10 15:24:43 WET [2025/01/10 10:24:43 ET]
Table 'Cevenola II' 6-max Seat #3 is the button
Seat 1: whlzor ($102.50 in chips) 
Seat 2: Joe_Li7 ($100 in chips) 
Seat 3: gudrozd ($113 in chips) 
Seat 4: schneidomat ($102.06 in chips) 
Seat 5: Espada Fish ($101.90 in chips) 
Seat 6: mr.Jckpot ($100 in chips) 
schneidomat: posts small blind $0.50
Espada Fish: posts big blind $1
*** HOLE CARDS ***
mr.Jckpot: folds 
whlzor: folds 
Joe_Li7: folds 
gudrozd: raises $1.50 to $2.50
schneidomat: folds 
Espada Fish: calls $1.50
*** FLOP *** [Qs 6s 9c]
Espada Fish: checks 
gudrozd: checks 
*** TURN *** [Qs 6s 9c] [7d]
Espada Fish: checks 
gudrozd: checks 
*** RIVER *** [Qs 6s 9c 7d] [Ts]
Espada Fish: checks 
gudrozd: checks 
*** SHOW DOWN ***
Espada Fish: shows [7c Jc] (a pair of Sevens)
gudrozd: mucks hand 
Espada Fish collected $5.22 from pot
*** SUMMARY ***
Total pot $5.50 | Rake $0.28 
Board [Qs 6s 9c 7d Ts]
Seat 1: whlzor folded before Flop (didn't bet)
Seat 2: Joe_Li7 folded before Flop (didn't bet)
Seat 3: gudrozd (button) mucked
Seat 4: schneidomat (small blind) folded before Flop
Seat 5: Espada Fish (big blind) showed [7c Jc] and won ($5.22) with a pair of Sevens
Seat 6: mr.Jckpot folded before Flop (didn't bet)



PokerStars Hand #254295721542:  Hold'em No Limit ($0.50/$1.00 USD) - 2025/01/10 15:25:38 WET [2025/01/10 10:25:38 ET]
Table 'Cevenola II' 6-max Seat #4 is the button
Seat 1: whlzor ($102.50 in chips) 
Seat 2: Joe_Li7 ($100 in chips) 
Seat 3: gudrozd ($110.50 in chips) 
Seat 4: schneidomat ($101.56 in chips) 
Seat 5: Espada Fish ($104.62 in chips) 
Seat 6: mr.Jckpot ($100 in chips) 
Espada Fish: posts small blind $0.50
mr.Jckpot: posts big blind $1
*** HOLE CARDS ***
whlzor: folds 
Joe_Li7: folds 
gudrozd: folds 
schneidomat: folds 
Espada Fish: folds 
Uncalled bet ($0.50) returned to mr.Jckpot
mr.Jckpot collected $1 from pot
mr.Jckpot: doesn't show hand 
*** SUMMARY ***
Total pot $1 | Rake $0 
Seat 1: whlzor folded before Flop (didn't bet)
Seat 2: Joe_Li7 folded before Flop (didn't bet)
Seat 3: gudrozd folded before Flop (didn't bet)
Seat 4: schneidomat (button) folded before Flop (didn't bet)
Seat 5: Espada Fish (small blind) folded before Flop
Seat 6: mr.Jckpot (big blind) collected ($1)



PokerStars Hand #254295723554:  Hold'em No Limit ($0.50/$1.00 USD) - 2025/01/10 15:25:47 WET [2025/01/10 10:25:47 ET]
Table 'Cevenola II' 6-max Seat #5 is the button
Seat 1: whlzor ($102.50 in chips) 
Seat 2: Joe_Li7 ($100 in chips) 
Seat 3: gudrozd ($110.50 in chips) 
Seat 4: schneidomat ($101.56 in chips) 
Seat 5: Espada Fish ($104.12 in chips) 
Seat 6: mr.Jckpot ($100.50 in chips) 
mr.Jckpot: posts small blind $0.50
whlzor: posts big blind $1
*** HOLE CARDS ***
Joe_Li7: folds 
gudrozd: folds 
schneidomat: raises $2 to $3
Espada Fish: folds 
mr.Jckpot: folds 
whlzor: calls $2
*** FLOP *** [6c 8d Tc]
whlzor: checks 
schneidomat: checks 
*** TURN *** [6c 8d Tc] [Ks]
whlzor: checks 
schneidomat: bets $2
whlzor: calls $2
*** RIVER *** [6c 8d Tc Ks] [6h]
whlzor: checks 
schneidomat: bets $3
whlzor: calls $3
*** SHOW DOWN ***
schneidomat: shows [As Qh] (a pair of Sixes)
whlzor: shows [Ah 8h] (two pair, Eights and Sixes)
whlzor collected $15.68 from pot
*** SUMMARY ***
Total pot $16.50 | Rake $0.82 
Board [6c 8d Tc Ks 6h]
Seat 1: whlzor (big blind) showed [Ah 8h] and won ($15.68) with two pair, Eights and Sixes
Seat 2: Joe_Li7 folded before Flop (didn't bet)
Seat 3: gudrozd folded before Flop (didn't bet)
Seat 4: schneidomat showed [As Qh] and lost with a pair of Sixes
Seat 5: Espada Fish (button) folded before Flop (didn't bet)
Seat 6: mr.Jckpot (small blind) folded before Flop



PokerStars Hand #254295734711:  Hold'em No Limit ($0.50/$1.00 USD) - 2025/01/10 15:26:41 WET [2025/01/10 10:26:41 ET]
Table 'Cevenola II' 6-max Seat #6 is the button
Seat 1: whlzor ($110.18 in chips) 
Seat 2: Joe_Li7 ($100 in chips) 
Seat 3: gudrozd ($110.50 in chips) 
Seat 4: schneidomat ($93.56 in chips) 
Seat 5: Espada Fish ($104.12 in chips) 
Seat 6: mr.Jckpot ($100 in chips) 
whlzor: posts small blind $0.50
Joe_Li7: posts big blind $1
*** HOLE CARDS ***
gudrozd: folds 
schneidomat: calls $1
Espada Fish: folds 
mr.Jckpot: folds 
whlzor: folds 
Joe_Li7: checks 
*** FLOP *** [Js 7h 9c]
Joe_Li7: checks 
schneidomat: checks 
*** TURN *** [Js 7h 9c] [As]
Joe_Li7: checks 
schneidomat: bets $1
Joe_Li7: calls $1
*** RIVER *** [Js 7h 9c As] [5s]
Joe_Li7: checks 
schneidomat: bets $2
Joe_Li7: folds 
Uncalled bet ($2) returned to schneidomat
schneidomat collected $4.22 from pot
*** SUMMARY ***
Total pot $4.50 | Rake $0.28 
Board [Js 7h 9c As 5s]
Seat 1: whlzor (small blind) folded before Flop
Seat 2: Joe_Li7 (big blind) folded on the River
Seat 3: gudrozd folded before Flop (didn't bet)
Seat 4: schneidomat collected ($4.22)
Seat 5: Espada Fish folded before Flop (didn't bet)
Seat 6: mr.Jckpot (button) folded before Flop (didn't bet)



PokerStars Hand #254295786039:  Hold'em No Limit ($0.50/$1.00 USD) - 2025/01/10 15:30:39 WET [2025/01/10 10:30:39 ET]
Table 'Cevenola II' 6-max Seat #5 is the button
Seat 1: whlzor ($100 in chips) 
Seat 2: Joe_Li7 ($100 in chips) 
Seat 3: gudrozd ($113.49 in chips) 
Seat 4: schneidomat ($102.91 in chips) 
Seat 5: Espada Fish ($102.62 in chips) 
Seat 6: mr.Jckpot ($100.50 in chips) 
mr.Jckpot: posts small blind $0.50
whlzor: posts big blind $1
*** HOLE CARDS ***
Joe_Li7: folds 
gudrozd: folds 
schneidomat: calls $1
Espada Fish: folds 
mr.Jckpot: raises $2.50 to $3.50
whlzor: folds 
schneidomat: calls $2.50
*** FLOP *** [3s 8d 4s]
mr.Jckpot: checks 
schneidomat: checks 
*** TURN *** [3s 8d 4s] [5h]
mr.Jckpot: checks 
schneidomat: bets $2
mr.Jckpot: folds 
Uncalled bet ($2) returned to schneidomat
schneidomat collected $7.50 from pot
*** SUMMARY ***
Total pot $8 | Rake $0.50 
Board [3s 8d 4s 5h]
Seat 1: whlzor (big blind) folded before Flop
Seat 2: Joe_Li7 folded before Flop (didn't bet)
Seat 3: gudrozd folded before Flop (didn't bet)
Seat 4: schneidomat collected ($7.50)
Seat 5: Espada Fish (button) folded before Flop (didn't bet)
Seat 6: mr.Jckpot (small blind) folded on the Turn



PokerStars Hand #254295795939:  Hold'em No Limit ($0.50/$1.00 USD) - 2025/01/10 15:31:21 WET [2025/01/10 10:31:21 ET]
Table 'Cevenola II' 6-max Seat #6 is the button
Seat 1: whlzor ($100 in chips) 
Seat 2: Joe_Li7 ($100 in chips) 
Seat 3: gudrozd ($113.49 in chips) 
Seat 4: schneidomat ($106.91 in chips) 
Seat 5: Espada Fish ($102.62 in chips) 
Seat 6: mr.Jckpot ($100 in chips) 
whlzor: posts small blind $0.50
Joe_Li7: posts big blind $1
*** HOLE CARDS ***
gudrozd: folds 
schneidomat: folds 
Espada Fish: raises $1.20 to $2.20
mr.Jckpot: raises $4.80 to $7
whlzor: folds 
Joe_Li7: folds 
Espada Fish: calls $4.80
*** FLOP *** [Td 2c 6h]
Espada Fish: checks 
mr.Jckpot: bets $4.86
Espada Fish: raises $12.46 to $17.32
mr.Jckpot: calls $12.46
*** TURN *** [Td 2c 6h] [4c]
Espada Fish: bets $24.30
mr.Jckpot: calls $24.30
*** RIVER *** [Td 2c 6h 4c] [Ts]
Espada Fish: checks 
mr.Jckpot: bets $51.38 and is all-in
Espada Fish: folds 
Uncalled bet ($51.38) returned to mr.Jckpot
mr.Jckpot collected $96.24 from pot
mr.Jckpot: doesn't show hand 
*** SUMMARY ***
Total pot $98.74 | Rake $2.50 
Board [Td 2c 6h 4c Ts]
Seat 1: whlzor (small blind) folded before Flop
Seat 2: Joe_Li7 (big blind) folded before Flop
Seat 3: gudrozd folded before Flop (didn't bet)
Seat 4: schneidomat folded before Flop (didn't bet)
Seat 5: Espada Fish folded on the River
Seat 6: mr.Jckpot (button) collected ($96.24)



PokerStars Hand #254295827206:  Hold'em No Limit ($0.50/$1.00 USD) - 2025/01/10 15:33:34 WET [2025/01/10 10:33:34 ET]
Table 'Cevenola II' 6-max Seat #1 is the button
Seat 1: whlzor ($100 in chips) 
Seat 2: Joe_Li7 ($100 in chips) 
Seat 3: gudrozd ($113.49 in chips) 
Seat 4: schneidomat ($106.91 in chips) 
Seat 5: Espada Fish ($100 in chips) 
Seat 6: mr.Jckpot ($147.62 in chips) 
Joe_Li7: posts small blind $0.50
gudrozd: posts big blind $1
*** HOLE CARDS ***
schneidomat: folds 
Espada Fish: folds 
mr.Jckpot: raises $1.50 to $2.50
whlzor: folds 
Joe_Li7: folds 
gudrozd: folds 
Uncalled bet ($1.50) returned to mr.Jckpot
mr.Jckpot collected $2.50 from pot
mr.Jckpot: doesn't show hand 
*** SUMMARY ***
Total pot $2.50 | Rake $0 
Seat 1: whlzor (button) folded before Flop (didn't bet)
Seat 2: Joe_Li7 (small blind) folded before Flop
Seat 3: gudrozd (big blind) folded before Flop
Seat 4: schneidomat folded before Flop (didn't bet)
Seat 5: Espada Fish folded before Flop (didn't bet)
Seat 6: mr.Jckpot collected ($2.50)



PokerStars Hand #254295832855:  Hold'em No Limit ($0.50/$1.00 USD) - 2025/01/10 15:33:58 WET [2025/01/10 10:33:58 ET]
Table 'Cevenola II' 6-max Seat #2 is the button
Seat 1: whlzor ($100 in chips) 
Seat 2: Joe_Li7 ($100 in chips) 
Seat 3: gudrozd ($112.49 in chips) 
Seat 4: schneidomat ($106.91 in chips) 
Seat 5: Espada Fish ($100 in chips) 
Seat 6: mr.Jckpot ($149.12 in chips) 
gudrozd: posts small blind $0.50
schneidomat: posts big blind $1
*** HOLE CARDS ***
Espada Fish: folds 
mr.Jckpot: folds 
whlzor: folds 
Joe_Li7: raises $1.50 to $2.50
gudrozd: folds 
schneidomat: calls $1.50
*** FLOP *** [5c 8s Qs]
schneidomat: bets $2
Joe_Li7: calls $2
*** TURN *** [5c 8s Qs] [Kc]
schneidomat: checks 
Joe_Li7: checks 
*** RIVER *** [5c 8s Qs Kc] [Ad]
schneidomat: bets $3
Joe_Li7: folds 
Uncalled bet ($3) returned to schneidomat
schneidomat collected $8.90 from pot
*** SUMMARY ***
Total pot $9.50 | Rake $0.60 
Board [5c 8s Qs Kc Ad]
Seat 1: whlzor folded before Flop (didn't bet)
Seat 2: Joe_Li7 (button) folded on the River
Seat 3: gudrozd (small blind) folded before Flop
Seat 4: schneidomat (big blind) collected ($8.90)
Seat 5: Espada Fish folded before Flop (didn't bet)
Seat 6: mr.Jckpot folded before Flop (didn't bet)



PokerStars Hand #254295848840:  Hold'em No Limit ($0.50/$1.00 USD) - 2025/01/10 15:35:06 WET [2025/01/10 10:35:06 ET]
Table 'Cevenola II' 6-max Seat #3 is the button
Seat 1: whlzor ($100 in chips) 
Seat 2: Joe_Li7 ($100 in chips) 
Seat 3: gudrozd ($111.99 in chips) 
Seat 4: schneidomat ($111.31 in chips) 
Seat 5: Espada Fish ($100 in chips) 
Seat 6: mr.Jckpot ($149.12 in chips) 
schneidomat: posts small blind $0.50
Espada Fish: posts big blind $1
*** HOLE CARDS ***
mr.Jckpot: folds 
whlzor: folds 
Joe_Li7: folds 
gudrozd: folds 
schneidomat: calls $0.50
Espada Fish: raises $2.50 to $3.50
schneidomat: calls $2.50
*** FLOP *** [5c Ad 3c]
schneidomat: checks 
Espada Fish: bets $3.39
schneidomat: calls $3.39
*** TURN *** [5c Ad 3c] [7s]
schneidomat: checks 
Espada Fish: bets $9.69
schneidomat: folds 
Uncalled bet ($9.69) returned to Espada Fish
Espada Fish collected $13.09 from pot
Espada Fish: doesn't show hand 
*** SUMMARY ***
Total pot $13.78 | Rake $0.69 
Board [5c Ad 3c 7s]
Seat 1: whlzor folded before Flop (didn't bet)
Seat 2: Joe_Li7 folded before Flop (didn't bet)
Seat 3: gudrozd (button) folded before Flop (didn't bet)
Seat 4: schneidomat (small blind) folded on the Turn
Seat 5: Espada Fish (big blind) collected ($13.09)
Seat 6: mr.Jckpot folded before Flop (didn't bet)



PokerStars Hand #254295862178:  Hold'em No Limit ($0.50/$1.00 USD) - 2025/01/10 15:36:03 WET [2025/01/10 10:36:03 ET]
Table 'Cevenola II' 6-max Seat #4 is the button
Seat 1: whlzor ($100 in chips) 
Seat 2: Joe_Li7 ($100 in chips) 
Seat 3: gudrozd ($111.99 in chips) 
Seat 4: schneidomat ($104.42 in chips) 
Seat 5: Espada Fish ($106.20 in chips) 
Seat 6: mr.Jckpot ($149.12 in chips) 
Espada Fish: posts small blind $0.50
mr.Jckpot: posts big blind $1
*** HOLE CARDS ***
whlzor: folds 
Joe_Li7: folds 
gudrozd: folds 
schneidomat: calls $1
Espada Fish: folds 
mr.Jckpot: checks 
*** FLOP *** [Jc Kd 6c]
mr.Jckpot: checks 
schneidomat: checks 
*** TURN *** [Jc Kd 6c] [9d]
mr.Jckpot: checks 
schneidomat: bets $2
mr.Jckpot: calls $2
*** RIVER *** [Jc Kd 6c 9d] [5h]
mr.Jckpot: checks 
schneidomat: bets $3
mr.Jckpot: folds 
Uncalled bet ($3) returned to schneidomat
schneidomat collected $6.10 from pot
*** SUMMARY ***
Total pot $6.50 | Rake $0.40 
Board [Jc Kd 6c 9d 5h]
Seat 1: whlzor folded before Flop (didn't bet)
Seat 2: Joe_Li7 folded before Flop (didn't bet)
Seat 3: gudrozd folded before Flop (didn't bet)
Seat 4: schneidomat (button) collected ($6.10)
Seat 5: Espada Fish (small blind) folded before Flop
Seat 6: mr.Jckpot (big blind) folded on the River



PokerStars Hand #254295869388:  Hold'em No Limit ($0.50/$1.00 USD) - 2025/01/10 15:36:34 WET [2025/01/10 10:36:34 ET]
Table 'Cevenola II' 6-max Seat #5 is the button
Seat 1: whlzor ($100 in chips) 
Seat 2: Joe_Li7 ($100 in chips) 
Seat 3: gudrozd ($111.99 in chips) 
Seat 4: schneidomat ($107.52 in chips) 
Seat 5: Espada Fish ($105.70 in chips) 
Seat 6: mr.Jckpot ($146.12 in chips) 
mr.Jckpot: posts small blind $0.50
whlzor: posts big blind $1
*** HOLE CARDS ***
Joe_Li7: folds 
gudrozd: folds 
schneidomat: raises $2 to $3
Espada Fish: folds 
mr.Jckpot: folds 
whlzor: folds 
Uncalled bet ($2) returned to schneidomat
schneidomat collected $2.50 from pot
*** SUMMARY ***
Total pot $2.50 | Rake $0 
Seat 1: whlzor (big blind) folded before Flop
Seat 2: Joe_Li7 folded before Flop (didn't bet)
Seat 3: gudrozd folded before Flop (didn't bet)
Seat 4: schneidomat collected ($2.50)
Seat 5: Espada Fish (button) folded before Flop (didn't bet)
Seat 6: mr.Jckpot (small blind) folded before Flop



PokerStars Hand #254295873548:  Hold'em No Limit ($0.50/$1.00 USD) - 2025/01/10 15:36:51 WET [2025/01/10 10:36:51 ET]
Table 'Cevenola II' 6-max Seat #6 is the button
Seat 1: whlzor ($100 in chips) 
Seat 2: Joe_Li7 ($100 in chips) 
Seat 3: gudrozd ($111.99 in chips) 
Seat 4: schneidomat ($109.02 in chips) 
Seat 5: Espada Fish ($105.70 in chips) 
Seat 6: mr.Jckpot ($145.62 in chips) 
whlzor: posts small blind $0.50
Joe_Li7: posts big blind $1
*** HOLE CARDS ***
gudrozd: raises $1.50 to $2.50
schneidomat: calls $2.50
Espada Fish: folds 
mr.Jckpot: folds 
whlzor: folds 
Joe_Li7: folds 
*** FLOP *** [5h As 9d]
gudrozd: checks 
schneidomat: checks 
*** TURN *** [5h As 9d] [9h]
gudrozd: bets $2.04
schneidomat: raises $4.04 to $6.08
gudrozd: folds 
Uncalled bet ($4.04) returned to schneidomat
schneidomat collected $9.92 from pot
*** SUMMARY ***
Total pot $10.58 | Rake $0.66 
Board [5h As 9d 9h]
Seat 1: whlzor (small blind) folded before Flop
Seat 2: Joe_Li7 (big blind) folded before Flop
Seat 3: gudrozd folded on the Turn
Seat 4: schneidomat collected ($9.92)
Seat 5: Espada Fish folded before Flop (didn't bet)
Seat 6: mr.Jckpot (button) folded before Flop (didn't bet)



PokerStars Hand #254295885714:  Hold'em No Limit ($0.50/$1.00 USD) - 2025/01/10 15:37:43 WET [2025/01/10 10:37:43 ET]
Table 'Cevenola II' 6-max Seat #1 is the button
Seat 1: whlzor ($100 in chips) 
Seat 2: Joe_Li7 ($100 in chips) 
Seat 3: gudrozd ($107.45 in chips) 
Seat 4: schneidomat ($114.40 in chips) 
Seat 5: Espada Fish ($105.70 in chips) 
Seat 6: mr.Jckpot ($145.62 in chips) 
Joe_Li7: posts small blind $0.50
gudrozd: posts big blind $1
*** HOLE CARDS ***
schneidomat: folds 
Espada Fish: folds 
mr.Jckpot: folds 
whlzor: folds 
Joe_Li7: folds 
Uncalled bet ($0.50) returned to gudrozd
gudrozd collected $1 from pot
gudrozd: doesn't show hand 
*** SUMMARY ***
Total pot $1 | Rake $0 
Seat 1: whlzor (button) folded before Flop (didn't bet)
Seat 2: Joe_Li7 (small blind) folded before Flop
Seat 3: gudrozd (big blind) collected ($1)
Seat 4: schneidomat folded before Flop (didn't bet)
Seat 5: Espada Fish folded before Flop (didn't bet)
Seat 6: mr.Jckpot folded before Flop (didn't bet)



PokerStars Hand #254295888953:  Hold'em No Limit ($0.50/$1.00 USD) - 2025/01/10 15:37:56 WET [2025/01/10 10:37:56 ET]
Table 'Cevenola II' 6-max Seat #2 is the button
Seat 1: whlzor ($100 in chips) 
Seat 2: Joe_Li7 ($100 in chips) 
Seat 3: gudrozd ($107.95 in chips) 
Seat 4: schneidomat ($114.40 in chips) 
Seat 5: Espada Fish ($105.70 in chips) 
Seat 6: mr.Jckpot ($145.62 in chips) 
gudrozd: posts small blind $0.50
schneidomat: posts big blind $1
*** HOLE CARDS ***
Espada Fish: folds 
mr.Jckpot: folds 
whlzor: raises $2 to $3
Joe_Li7: folds 
gudrozd: folds 
schneidomat: folds 
Uncalled bet ($2) returned to whlzor
whlzor collected $2.50 from pot
whlzor: doesn't show hand 
*** SUMMARY ***
Total pot $2.50 | Rake $0 
Seat 1: whlzor collected ($2.50)
Seat 2: Joe_Li7 (button) folded before Flop (didn't bet)
Seat 3: gudrozd (small blind) folded before Flop
Seat 4: schneidomat (big blind) folded before Flop
Seat 5: Espada Fish folded before Flop (didn't bet)
Seat 6: mr.Jckpot folded before Flop (didn't bet)



PokerStars Hand #254295893555:  Hold'em No Limit ($0.50/$1.00 USD) - 2025/01/10 15:38:16 WET [2025/01/10 10:38:16 ET]
Table 'Cevenola II' 6-max Seat #3 is the button
Seat 1: whlzor ($101.50 in chips) 
Seat 2: Joe_Li7 ($100 in chips) 
Seat 3: gudrozd ($107.45 in chips) 
Seat 4: schneidomat ($113.40 in chips) 
Seat 5: Espada Fish ($105.70 in chips) 
Seat 6: mr.Jckpot ($145.62 in chips) 
schneidomat: posts small blind $0.50
Espada Fish: posts big blind $1
*** HOLE CARDS ***
mr.Jckpot: folds 
whlzor: raises $1.50 to $2.50
Joe_Li7: folds 
gudrozd: folds 
schneidomat: folds 
Espada Fish: folds 
Uncalled bet ($1.50) returned to whlzor
whlzor collected $2.50 from pot
whlzor: doesn't show hand 
*** SUMMARY ***
Total pot $2.50 | Rake $0 
Seat 1: whlzor collected ($2.50)
Seat 2: Joe_Li7 folded before Flop (didn't bet)
Seat 3: gudrozd (button) folded before Flop (didn't bet)
Seat 4: schneidomat (small blind) folded before Flop
Seat 5: Espada Fish (big blind) folded before Flop
Seat 6: mr.Jckpot folded before Flop (didn't bet)



PokerStars Hand #254295897772:  Hold'em No Limit ($0.50/$1.00 USD) - 2025/01/10 15:38:34 WET [2025/01/10 10:38:34 ET]
Table 'Cevenola II' 6-max Seat #4 is the button
Seat 1: whlzor ($103 in chips) 
Seat 2: Joe_Li7 ($100 in chips) 
Seat 3: gudrozd ($107.45 in chips) 
Seat 4: schneidomat ($112.90 in chips) 
Seat 5: Espada Fish ($104.70 in chips) 
Seat 6: mr.Jckpot ($145.62 in chips) 
Espada Fish: posts small blind $0.50
mr.Jckpot: posts big blind $1
*** HOLE CARDS ***
whlzor: folds 
Joe_Li7: raises $1.20 to $2.20
gudrozd: folds 
schneidomat: folds 
Espada Fish: folds 
mr.Jckpot: folds 
Uncalled bet ($1.20) returned to Joe_Li7
Joe_Li7 collected $2.50 from pot
*** SUMMARY ***
Total pot $2.50 | Rake $0 
Seat 1: whlzor folded before Flop (didn't bet)
Seat 2: Joe_Li7 collected ($2.50)
Seat 3: gudrozd folded before Flop (didn't bet)
Seat 4: schneidomat (button) folded before Flop (didn't bet)
Seat 5: Espada Fish (small blind) folded before Flop
Seat 6: mr.Jckpot (big blind) folded before Flop



PokerStars Hand #254295901597:  Hold'em No Limit ($0.50/$1.00 USD) - 2025/01/10 15:38:50 WET [2025/01/10 10:38:50 ET]
Table 'Cevenola II' 6-max Seat #5 is the button
Seat 1: whlzor ($103 in chips) 
Seat 2: Joe_Li7 ($101.50 in chips) 
Seat 3: gudrozd ($107.45 in chips) 
Seat 4: schneidomat ($112.90 in chips) 
Seat 5: Espada Fish ($104.20 in chips) 
Seat 6: mr.Jckpot ($144.62 in chips) 
mr.Jckpot: posts small blind $0.50
whlzor: posts big blind $1
*** HOLE CARDS ***
Joe_Li7: folds 
gudrozd: folds 
schneidomat: folds 
Espada Fish: raises $1.50 to $2.50
mr.Jckpot: folds 
whlzor: folds 
Uncalled bet ($1.50) returned to Espada Fish
Espada Fish collected $2.50 from pot
Espada Fish: doesn't show hand 
*** SUMMARY ***
Total pot $2.50 | Rake $0 
Seat 1: whlzor (big blind) folded before Flop
Seat 2: Joe_Li7 folded before Flop (didn't bet)
Seat 3: gudrozd folded before Flop (didn't bet)
Seat 4: schneidomat folded before Flop (didn't bet)
Seat 5: Espada Fish (button) collected ($2.50)
Seat 6: mr.Jckpot (small blind) folded before Flop



PokerStars Hand #254295905125:  Hold'em No Limit ($0.50/$1.00 USD) - 2025/01/10 15:39:04 WET [2025/01/10 10:39:04 ET]
Table 'Cevenola II' 6-max Seat #6 is the button
Seat 1: whlzor ($102 in chips) 
Seat 2: Joe_Li7 ($101.50 in chips) 
Seat 3: gudrozd ($107.45 in chips) 
Seat 4: schneidomat ($112.90 in chips) 
Seat 5: Espada Fish ($105.70 in chips) 
Seat 6: mr.Jckpot ($144.12 in chips) 
whlzor: posts small blind $0.50
Joe_Li7: posts big blind $1
*** HOLE CARDS ***
gudrozd: folds 
schneidomat: calls $1
Espada Fish: folds 
mr.Jckpot: folds 
whlzor: folds 
Joe_Li7: checks 
*** FLOP *** [3h 9c 7h]
Joe_Li7: checks 
schneidomat: bets $2
Joe_Li7: folds 
Uncalled bet ($2) returned to schneidomat
schneidomat collected $2.35 from pot
*** SUMMARY ***
Total pot $2.50 | Rake $0.15 
Board [3h 9c 7h]
Seat 1: whlzor (small blind) folded before Flop
Seat 2: Joe_Li7 (big blind) folded on the Flop
Seat 3: gudrozd folded before Flop (didn't bet)
Seat 4: schneidomat collected ($2.35)
Seat 5: Espada Fish folded before Flop (didn't bet)
Seat 6: mr.Jckpot (button) folded before Flop (didn't bet)



PokerStars Hand #254295914172:  Hold'em No Limit ($0.50/$1.00 USD) - 2025/01/10 15:39:42 WET [2025/01/10 10:39:42 ET]
Table 'Cevenola II' 6-max Seat #1 is the button
Seat 1: whlzor ($101.50 in chips) 
Seat 2: Joe_Li7 ($100.50 in chips) 
Seat 3: gudrozd ($107.45 in chips) 
Seat 4: schneidomat ($114.25 in chips) 
Seat 5: Espada Fish ($105.70 in chips) 
Seat 6: mr.Jckpot ($144.12 in chips) 
Joe_Li7: posts small blind $0.50
gudrozd: posts big blind $1
*** HOLE CARDS ***
schneidomat: calls $1
Espada Fish: folds 
mr.Jckpot: raises $2.50 to $3.50
whlzor: folds 
Joe_Li7: raises $10.10 to $13.60
gudrozd: folds 
schneidomat: folds 
mr.Jckpot: calls $10.10
*** FLOP *** [Jc Ts 6h]
Joe_Li7: bets $13.87
mr.Jckpot: folds 
Uncalled bet ($13.87) returned to Joe_Li7
Joe_Li7 collected $27.74 from pot
*** SUMMARY ***
Total pot $29.20 | Rake $1.46 
Board [Jc Ts 6h]
Seat 1: whlzor (button) folded before Flop (didn't bet)
Seat 2: Joe_Li7 (small blind) collected ($27.74)
Seat 3: gudrozd (big blind) folded before Flop
Seat 4: schneidomat folded before Flop
Seat 5: Espada Fish folded before Flop (didn't bet)
Seat 6: mr.Jckpot folded on the Flop



PokerStars Hand #254295932940:  Hold'em No Limit ($0.50/$1.00 USD) - 2025/01/10 15:41:00 WET [2025/01/10 10:41:00 ET]
Table 'Cevenola II' 6-max Seat #2 is the button
Seat 1: whlzor ($101.50 in chips) 
Seat 2: Joe_Li7 ($114.64 in chips) 
Seat 3: gudrozd ($106.45 in chips) 
Seat 4: schneidomat ($113.25 in chips) 
Seat 5: Espada Fish ($105.70 in chips) 
Seat 6: mr.Jckpot ($130.52 in chips) 
gudrozd: posts small blind $0.50
schneidomat: posts big blind $1
*** HOLE CARDS ***
Espada Fish: folds 
mr.Jckpot: folds 
whlzor: folds 
Joe_Li7: folds 
gudrozd: folds 
Uncalled bet ($0.50) returned to schneidomat
schneidomat collected $1 from pot
*** SUMMARY ***
Total pot $1 | Rake $0 
Seat 1: whlzor folded before Flop (didn't bet)
Seat 2: Joe_Li7 (button) folded before Flop (didn't bet)
Seat 3: gudrozd (small blind) folded before Flop
Seat 4: schneidomat (big blind) collected ($1)
Seat 5: Espada Fish folded before Flop (didn't bet)
Seat 6: mr.Jckpot folded before Flop (didn't bet)



PokerStars Hand #254295934734:  Hold'em No Limit ($0.50/$1.00 USD) - 2025/01/10 15:41:07 WET [2025/01/10 10:41:07 ET]
Table 'Cevenola II' 6-max Seat #3 is the button
Seat 1: whlzor ($101.50 in chips) 
Seat 2: Joe_Li7 ($114.64 in chips) 
Seat 3: gudrozd ($105.95 in chips) 
Seat 4: schneidomat ($113.75 in chips) 
Seat 5: Espada Fish ($105.70 in chips) 
Seat 6: mr.Jckpot ($130.52 in chips) 
schneidomat: posts small blind $0.50
Espada Fish: posts big blind $1
*** HOLE CARDS ***
mr.Jckpot: folds 
whlzor: folds 
Joe_Li7: folds 
gudrozd: raises $1.50 to $2.50
schneidomat: calls $2
Espada Fish: folds 
*** FLOP *** [6c 8s 3h]
schneidomat: bets $3.85
gudrozd: calls $3.85
*** TURN *** [6c 8s 3h] [Jd]
schneidomat: bets $13.02
gudrozd: calls $13.02
*** RIVER *** [6c 8s 3h Jd] [8c]
schneidomat: bets $12
gudrozd: calls $12
*** SHOW DOWN ***
schneidomat: shows [8h Jh] (a full house, Eights full of Jacks)
gudrozd: mucks hand 
schneidomat collected $60.62 from pot
*** SUMMARY ***
Total pot $63.74 | Rake $3.12 
Board [6c 8s 3h Jd 8c]
Seat 1: whlzor folded before Flop (didn't bet)
Seat 2: Joe_Li7 folded before Flop (didn't bet)
Seat 3: gudrozd (button) mucked
Seat 4: schneidomat (small blind) showed [8h Jh] and won ($60.62) with a full house, Eights full of Jacks
Seat 5: Espada Fish (big blind) folded before Flop
Seat 6: mr.Jckpot folded before Flop (didn't bet)



PokerStars Hand #254295953304:  Hold'em No Limit ($0.50/$1.00 USD) - 2025/01/10 15:42:25 WET [2025/01/10 10:42:25 ET]
Table 'Cevenola II' 6-max Seat #4 is the button
Seat 1: whlzor ($101.50 in chips) 
Seat 2: Joe_Li7 ($114.64 in chips) 
Seat 3: gudrozd ($100 in chips) 
Seat 4: schneidomat ($143 in chips) 
Seat 5: Espada Fish ($104.70 in chips) 
Seat 6: mr.Jckpot ($130.52 in chips) 
Espada Fish: posts small blind $0.50
mr.Jckpot: posts big blind $1
*** HOLE CARDS ***
whlzor: folds 
Joe_Li7: folds 
gudrozd: folds 
schneidomat: calls $1
Espada Fish: folds 
mr.Jckpot: checks 
*** FLOP *** [Qc 7h 6s]
mr.Jckpot: checks 
schneidomat: checks 
*** TURN *** [Qc 7h 6s] [9h]
mr.Jckpot: checks 
schneidomat: checks 
*** RIVER *** [Qc 7h 6s 9h] [3d]
mr.Jckpot: checks 
schneidomat: bets $1
mr.Jckpot: calls $1
*** SHOW DOWN ***
schneidomat: shows [Js Kh] (high card King)
mr.Jckpot: shows [7c 8h] (a pair of Sevens)
mr.Jckpot collected $4.28 from pot
*** SUMMARY ***
Total pot $4.50 | Rake $0.22 
Board [Qc 7h 6s 9h 3d]
Seat 1: whlzor folded before Flop (didn't bet)
Seat 2: Joe_Li7 folded before Flop (didn't bet)
Seat 3: gudrozd folded before Flop (didn't bet)
Seat 4: schneidomat (button) showed [Js Kh] and lost with high card King
Seat 5: Espada Fish (small blind) folded before Flop
Seat 6: mr.Jckpot (big blind) showed [7c 8h] and won ($4.28) with a pair of Sevens



PokerStars Hand #254295960486:  Hold'em No Limit ($0.50/$1.00 USD) - 2025/01/10 15:42:54 WET [2025/01/10 10:42:54 ET]
Table 'Cevenola II' 6-max Seat #5 is the button
Seat 1: whlzor ($101.50 in chips) 
Seat 2: Joe_Li7 ($114.64 in chips) 
Seat 3: gudrozd ($100 in chips) 
Seat 4: schneidomat ($141 in chips) 
Seat 5: Espada Fish ($104.20 in chips) 
Seat 6: mr.Jckpot ($132.80 in chips) 
mr.Jckpot: posts small blind $0.50
whlzor: posts big blind $1
*** HOLE CARDS ***
Joe_Li7: folds 
gudrozd: raises $1.50 to $2.50
schneidomat: folds 
Espada Fish: folds 
mr.Jckpot: folds 
schneidomat leaves the table
whlzor: raises $8.50 to $11
gudrozd: folds 
Uncalled bet ($8.50) returned to whlzor
whlzor collected $5.50 from pot
whlzor: doesn't show hand 
gudrozd leaves the table
*** SUMMARY ***
Total pot $5.50 | Rake $0 
Seat 1: whlzor (big blind) collected ($5.50)
Seat 2: Joe_Li7 folded before Flop (didn't bet)
Seat 3: gudrozd folded before Flop
Seat 4: schneidomat folded before Flop (didn't bet)
Seat 5: Espada Fish (button) folded before Flop (didn't bet)
Seat 6: mr.Jckpot (small blind) folded before Flop



PokerStars Hand #254295966186:  Hold'em No Limit ($0.50/$1.00 USD) - 2025/01/10 15:43:17 WET [2025/01/10 10:43:17 ET]
Table 'Cevenola II' 6-max Seat #6 is the button
Seat 1: whlzor ($104.50 in chips) 
Seat 2: Joe_Li7 ($114.64 in chips) 
Seat 5: Espada Fish ($104.20 in chips) 
Seat 6: mr.Jckpot ($132.30 in chips) 
whlzor: posts small blind $0.50
Joe_Li7: posts big blind $1
*** HOLE CARDS ***
Espada Fish: folds 
mr.Jckpot: raises $1.50 to $2.50
whlzor: folds 
Joe_Li7: calls $1.50
*** FLOP *** [Td 8d Qd]
Joe_Li7: checks 
mr.Jckpot: bets $1.72
Joe_Li7: raises $2.17 to $3.89
mr.Jckpot: calls $2.17
*** TURN *** [Td 8d Qd] [Qs]
Joe_Li7: checks 
Kristo 914 joins the table at seat #4 
mr.Jckpot: bets $6.94
Joe_Li7: folds 
Uncalled bet ($6.94) returned to mr.Jckpot
mr.Jckpot collected $12.62 from pot
mr.Jckpot: doesn't show hand 
*** SUMMARY ***
Total pot $13.28 | Rake $0.66 
Board [Td 8d Qd Qs]
Seat 1: whlzor (small blind) folded before Flop
Seat 2: Joe_Li7 (big blind) folded on the Turn
Seat 5: Espada Fish folded before Flop (didn't bet)
Seat 6: mr.Jckpot (button) collected ($12.62)



PokerStars Hand #254295986025:  Hold'em No Limit ($0.50/$1.00 USD) - 2025/01/10 15:44:38 WET [2025/01/10 10:44:38 ET]
Table 'Cevenola II' 6-max Seat #1 is the button
Seat 1: whlzor ($104 in chips) 
Seat 2: Joe_Li7 ($108.25 in chips) 
Seat 4: Kristo 914 ($100 in chips) 
Seat 5: Espada Fish ($104.20 in chips) 
Seat 6: mr.Jckpot ($138.53 in chips) 
Joe_Li7: posts small blind $0.50
Kristo 914: posts big blind $1
*** HOLE CARDS ***
Espada Fish: folds 
Espada Fish leaves the table
mr.Jckpot: folds 
whlzor: raises $2 to $3
Joe_Li7: folds 
Kristo 914: folds 
Uncalled bet ($2) returned to whlzor
whlzor collected $2.50 from pot
whlzor: doesn't show hand 
Heskey27 joins the table at seat #5 
*** SUMMARY ***
Total pot $2.50 | Rake $0 
Seat 1: whlzor (button) collected ($2.50)
Seat 2: Joe_Li7 (small blind) folded before Flop
Seat 4: Kristo 914 (big blind) folded before Flop
Seat 5: Espada Fish folded before Flop (didn't bet)
Seat 6: mr.Jckpot folded before Flop (didn't bet)



PokerStars Hand #254295991328:  Hold'em No Limit ($0.50/$1.00 USD) - 2025/01/10 15:44:59 WET [2025/01/10 10:44:59 ET]
Table 'Cevenola II' 6-max Seat #2 is the button
Seat 1: whlzor ($105.50 in chips) 
Seat 2: Joe_Li7 ($107.75 in chips) 
Seat 4: Kristo 914 ($100 in chips) 
Seat 5: Heskey27 ($100 in chips) 
Seat 6: mr.Jckpot ($138.53 in chips) 
Kristo 914: posts small blind $0.50
Heskey27: posts big blind $1
*** HOLE CARDS ***
mr.Jckpot: folds 
whlzor: folds 
Joe_Li7: raises $1.50 to $2.50
Kristo 914: folds 
Heskey27: folds 
Uncalled bet ($1.50) returned to Joe_Li7
Joe_Li7 collected $2.50 from pot
*** SUMMARY ***
Total pot $2.50 | Rake $0 
Seat 1: whlzor folded before Flop (didn't bet)
Seat 2: Joe_Li7 (button) collected ($2.50)
Seat 4: Kristo 914 (small blind) folded before Flop
Seat 5: Heskey27 (big blind) folded before Flop
Seat 6: mr.Jckpot folded before Flop (didn't bet)



PokerStars Hand #254295995655:  Hold'em No Limit ($0.50/$1.00 USD) - 2025/01/10 15:45:17 WET [2025/01/10 10:45:17 ET]
Table 'Cevenola II' 6-max Seat #5 is the button
Seat 1: whlzor ($105.50 in chips) is sitting out
Seat 2: Joe_Li7 ($109.25 in chips) is sitting out
Seat 6: mr.Jckpot ($138.53 in chips) is sitting out
Seat 4: Kristo 914 ($100 in chips) 
Seat 5: Heskey27 ($100 in chips) 
Heskey27: posts small blind $0.50
mr.Jckpot: is sitting out 
whlzor: is sitting out 
Joe_Li7: is sitting out 
Kristo 914: posts big blind $1
*** HOLE CARDS ***
mr.Jckpot leaves the table
Joe_Li7 leaves the table
Heskey27: raises $1.50 to $2.50
Kristo 914: folds 
Uncalled bet ($1.50) returned to Heskey27
whlzor leaves the table
Heskey27 collected $2 from pot
Heskey27: doesn't show hand 
*** SUMMARY ***
Total pot $2 | Rake $0 
Seat 1: whlzor
Seat 2: Joe_Li7
Seat 6: mr.Jckpot
Seat 4: Kristo 914 (big blind) folded before Flop
Seat 5: Heskey27 (button) (small blind) collected ($2)



