PokerStars Hand #254306659339:  Hold'em No Limit ($0.50/$1.00 USD) - 2025/01/10 2:28:21 WET [2025/01/10 21:28:21 ET]
Table 'Velleda III' 6-max Seat #1 is the button
Seat 5: rasmusjohan00 ($0 in chips) is sitting out
Seat 1: XneferX ($102.52 in chips) 
Seat 2: Rysiff ($100.50 in chips) 
Seat 3: andutu34 ($150.97 in chips) 
Seat 4: bttr gold ($40 in chips) 
Rysiff: posts small blind $0.50
andutu34: posts big blind $1
bttr gold: posts big blind $1
*** HOLE CARDS ***
bttr gold: checks 
XneferX: folds 
Rysiff: folds 
andutu34: checks 
*** FLOP *** [4c 7d Ad]
andutu34: checks 
rasmusjohan00 is disconnected 
bttr gold: checks 
*** TURN *** [4c 7d Ad] [6s]
andutu34: checks 
bttr gold: checks 
*** RIVER *** [4c 7d Ad 6s] [9c]
cym10761 joins the table at seat #6 
andutu34: bets $1.79
bttr gold: calls $1.79
*** SHOW DOWN ***
andutu34: shows [Kh 9d] (a pair of Nines)
bttr gold: mucks hand 
andutu34 collected $5.78 from pot
*** SUMMARY ***
Total pot $6.08 | Rake $0.30 
Board [4c 7d Ad 6s 9c]
Seat 5: rasmusjohan00
Seat 1: XneferX (button) folded before Flop (didn't bet)
Seat 2: Rysiff (small blind) folded before Flop
Seat 3: andutu34 (big blind) showed [Kh 9d] and won ($5.78) with a pair of Nines
Seat 4: bttr gold mucked



PokerStars Hand #254306665643:  Hold'em No Limit ($0.50/$1.00 USD) - 2025/01/10 2:28:59 WET [2025/01/10 21:28:59 ET]
Table 'Velleda III' 6-max Seat #2 is the button
Seat 5: rasmusjohan00 ($0 in chips) is sitting out
Seat 6: cym10761 ($80 in chips) is sitting out
Seat 1: XneferX ($102.52 in chips) 
Seat 2: Rysiff ($100 in chips) 
Seat 3: andutu34 ($153.96 in chips) 
Seat 4: bttr gold ($37.21 in chips) 
andutu34: posts small blind $0.50
bttr gold: posts big blind $1
cym10761: sits out 
*** HOLE CARDS ***
XneferX: raises $1.20 to $2.20
Rysiff: folds 
andutu34: folds 
bttr gold: folds 
Uncalled bet ($1.20) returned to XneferX
XneferX collected $2.50 from pot
XneferX: doesn't show hand 
*** SUMMARY ***
Total pot $2.50 | Rake $0 
Seat 5: rasmusjohan00
Seat 6: cym10761
Seat 1: XneferX collected ($2.50)
Seat 2: Rysiff (button) folded before Flop (didn't bet)
Seat 3: andutu34 (small blind) folded before Flop
Seat 4: bttr gold (big blind) folded before Flop



PokerStars Hand #254306668421:  Hold'em No Limit ($0.50/$1.00 USD) - 2025/01/10 2:29:15 WET [2025/01/10 21:29:15 ET]
Table 'Velleda III' 6-max Seat #3 is the button
Seat 5: rasmusjohan00 ($0 in chips) is sitting out
Seat 1: XneferX ($104.02 in chips) 
Seat 2: Rysiff ($100 in chips) 
Seat 3: andutu34 ($153.46 in chips) 
Seat 4: bttr gold ($36.21 in chips) 
Seat 6: cym10761 ($80 in chips) 
bttr gold: posts small blind $0.50
cym10761: posts big blind $1
*** HOLE CARDS ***
XneferX: folds 
Rysiff: folds 
andutu34: raises $1.49 to $2.49
bttr gold: folds 
cym10761: calls $1.49
*** FLOP *** [7h 8d Ah]
cym10761: checks 
andutu34: bets $1.72
cym10761: calls $1.72
*** TURN *** [7h 8d Ah] [Ac]
cym10761: checks 
andutu34: checks 
*** RIVER *** [7h 8d Ah Ac] [6d]
cym10761: checks 
andutu34: checks 
*** SHOW DOWN ***
cym10761: shows [7s Kh] (two pair, Aces and Sevens)
andutu34: shows [Jc 8h] (two pair, Aces and Eights)
andutu34 collected $8.47 from pot
*** SUMMARY ***
Total pot $8.92 | Rake $0.45 
Board [7h 8d Ah Ac 6d]
Seat 5: rasmusjohan00
Seat 1: XneferX folded before Flop (didn't bet)
Seat 2: Rysiff folded before Flop (didn't bet)
Seat 3: andutu34 (button) showed [Jc 8h] and won ($8.47) with two pair, Aces and Eights
Seat 4: bttr gold (small blind) folded before Flop
Seat 6: cym10761 (big blind) showed [7s Kh] and lost with two pair, Aces and Sevens



PokerStars Hand #254306677415:  Hold'em No Limit ($0.50/$1.00 USD) - 2025/01/10 2:30:08 WET [2025/01/10 21:30:08 ET]
Table 'Velleda III' 6-max Seat #4 is the button
Seat 5: rasmusjohan00 ($0 in chips) is sitting out
Seat 1: XneferX ($104.02 in chips) 
Seat 2: Rysiff ($100 in chips) 
Seat 3: andutu34 ($157.72 in chips) 
Seat 4: bttr gold ($35.71 in chips) 
Seat 6: cym10761 ($75.79 in chips) 
cym10761: posts small blind $0.50
XneferX: posts big blind $1
*** HOLE CARDS ***
Rysiff: folds 
andutu34: raises $1.30 to $2.30
bttr gold: folds 
cym10761: folds 
XneferX: calls $1.30
*** FLOP *** [8s 5d 5h]
XneferX: checks 
andutu34: bets $1.21
XneferX: calls $1.21
*** TURN *** [8s 5d 5h] [4s]
XneferX: checks 
andutu34: bets $5.36
XneferX: calls $5.36
*** RIVER *** [8s 5d 5h 4s] [Jd]
XneferX: checks 
andutu34: checks 
*** SHOW DOWN ***
XneferX: shows [6s Qs] (a pair of Fives)
andutu34: shows [Ah 8d] (two pair, Eights and Fives)
andutu34 collected $17.33 from pot
*** SUMMARY ***
Total pot $18.24 | Rake $0.91 
Board [8s 5d 5h 4s Jd]
Seat 5: rasmusjohan00
Seat 1: XneferX (big blind) showed [6s Qs] and lost with a pair of Fives
Seat 2: Rysiff folded before Flop (didn't bet)
Seat 3: andutu34 showed [Ah 8d] and won ($17.33) with two pair, Eights and Fives
Seat 4: bttr gold (button) folded before Flop (didn't bet)
Seat 6: cym10761 (small blind) folded before Flop



PokerStars Hand #254306693409:  Hold'em No Limit ($0.50/$1.00 USD) - 2025/01/10 2:31:42 WET [2025/01/10 21:31:42 ET]
Table 'Velleda III' 6-max Seat #6 is the button
Seat 5: rasmusjohan00 ($0 in chips) is sitting out
Seat 1: XneferX ($100 in chips) 
Seat 2: Rysiff ($100 in chips) 
Seat 3: andutu34 ($166.18 in chips) 
Seat 4: bttr gold ($35.71 in chips) 
Seat 6: cym10761 ($75.29 in chips) 
XneferX: posts small blind $0.50
Rysiff: posts big blind $1
*** HOLE CARDS ***
andutu34: raises $1 to $2
bttr gold: folds 
cym10761: calls $2
XneferX: folds 
Rysiff: calls $1
*** FLOP *** [6s 4d 5d]
Rysiff: checks 
andutu34: checks 
cym10761: checks 
*** TURN *** [6s 4d 5d] [Th]
Rysiff: checks 
andutu34: checks 
cym10761: checks 
*** RIVER *** [6s 4d 5d Th] [Qh]
Rysiff: checks 
andutu34: checks 
cym10761: checks 
*** SHOW DOWN ***
Rysiff: shows [5c Kc] (a pair of Fives)
andutu34: mucks hand 
cym10761: mucks hand 
Rysiff collected $6.18 from pot
*** SUMMARY ***
Total pot $6.50 | Rake $0.32 
Board [6s 4d 5d Th Qh]
Seat 5: rasmusjohan00
Seat 1: XneferX (small blind) folded before Flop
Seat 2: Rysiff (big blind) showed [5c Kc] and won ($6.18) with a pair of Fives
Seat 3: andutu34 mucked
Seat 4: bttr gold folded before Flop (didn't bet)
Seat 6: cym10761 (button) mucked



PokerStars Hand #254306704544:  Hold'em No Limit ($0.50/$1.00 USD) - 2025/01/10 2:32:47 WET [2025/01/10 21:32:47 ET]
Table 'Velleda III' 6-max Seat #1 is the button
Seat 3: andutu34 ($164.18 in chips) is sitting out
Seat 5: rasmusjohan00 ($0 in chips) is sitting out
Seat 1: XneferX ($100 in chips) 
Seat 2: Rysiff ($104.18 in chips) 
Seat 4: bttr gold ($35.71 in chips) 
Seat 6: cym10761 ($73.29 in chips) 
Rysiff: posts small blind $0.50
andutu34: is sitting out 
bttr gold: posts big blind $1
*** HOLE CARDS ***
cym10761 has timed out
cym10761: folds 
XneferX: folds 
Rysiff: folds 
Uncalled bet ($0.50) returned to bttr gold
bttr gold collected $1 from pot
bttr gold: doesn't show hand 
*** SUMMARY ***
Total pot $1 | Rake $0 
Seat 3: andutu34
Seat 5: rasmusjohan00
Seat 1: XneferX (button) folded before Flop (didn't bet)
Seat 2: Rysiff (small blind) folded before Flop
Seat 4: bttr gold (big blind) collected ($1)
Seat 6: cym10761 folded before Flop (didn't bet)



PokerStars Hand #254306708506:  Hold'em No Limit ($0.50/$1.00 USD) - 2025/01/10 2:33:10 WET [2025/01/10 21:33:10 ET]
Table 'Velleda III' 6-max Seat #2 is the button
Seat 3: andutu34 ($164.18 in chips) is sitting out
Seat 5: rasmusjohan00 ($0 in chips) is sitting out
Seat 6: cym10761 ($73.29 in chips) is sitting out
Seat 1: XneferX ($100 in chips) 
Seat 2: Rysiff ($103.68 in chips) 
Seat 4: bttr gold ($36.21 in chips) 
bttr gold: posts small blind $0.50
XneferX: posts big blind $1
*** HOLE CARDS ***
Rysiff: folds 
bttr gold: folds 
Uncalled bet ($0.50) returned to XneferX
XneferX collected $1 from pot
XneferX: doesn't show hand 
*** SUMMARY ***
Total pot $1 | Rake $0 
Seat 3: andutu34
Seat 5: rasmusjohan00
Seat 6: cym10761
Seat 1: XneferX (big blind) collected ($1)
Seat 2: Rysiff (button) folded before Flop (didn't bet)
Seat 4: bttr gold (small blind) folded before Flop



PokerStars Hand #254306709714:  Hold'em No Limit ($0.50/$1.00 USD) - 2025/01/10 2:33:17 WET [2025/01/10 21:33:17 ET]
Table 'Velleda III' 6-max Seat #4 is the button
Seat 3: andutu34 ($164.18 in chips) is sitting out
Seat 5: rasmusjohan00 ($0 in chips) is sitting out
Seat 6: cym10761 ($73.29 in chips) is sitting out
Seat 1: XneferX ($100.50 in chips) 
Seat 2: Rysiff ($103.68 in chips) 
Seat 4: bttr gold ($35.71 in chips) 
XneferX: posts small blind $0.50
Rysiff: posts big blind $1
andutu34: sits out 
*** HOLE CARDS ***
bttr gold: folds 
XneferX: folds 
Uncalled bet ($0.50) returned to Rysiff
Rysiff collected $1 from pot
Rysiff: doesn't show hand 
*** SUMMARY ***
Total pot $1 | Rake $0 
Seat 3: andutu34
Seat 5: rasmusjohan00
Seat 6: cym10761
Seat 1: XneferX (small blind) folded before Flop
Seat 2: Rysiff (big blind) collected ($1)
Seat 4: bttr gold (button) folded before Flop (didn't bet)



PokerStars Hand #254306713011:  Hold'em No Limit ($0.50/$1.00 USD) - 2025/01/10 2:33:37 WET [2025/01/10 21:33:37 ET]
Table 'Velleda III' 6-max Seat #1 is the button
Seat 5: rasmusjohan00 ($0 in chips) is sitting out
Seat 6: cym10761 ($73.29 in chips) is sitting out
Seat 1: XneferX ($100 in chips) 
Seat 2: Rysiff ($104.18 in chips) 
Seat 3: andutu34 ($164.18 in chips) 
Seat 4: bttr gold ($35.71 in chips) 
Rysiff: posts small blind $0.50
andutu34: posts big blind $1
*** HOLE CARDS ***
bttr gold: folds 
XneferX: folds 
Rysiff: raises $2 to $3
andutu34: folds 
Uncalled bet ($2) returned to Rysiff
Rysiff collected $2 from pot
Rysiff: doesn't show hand 
*** SUMMARY ***
Total pot $2 | Rake $0 
Seat 5: rasmusjohan00
Seat 6: cym10761
Seat 1: XneferX (button) folded before Flop (didn't bet)
Seat 2: Rysiff (small blind) collected ($2)
Seat 3: andutu34 (big blind) folded before Flop
Seat 4: bttr gold folded before Flop (didn't bet)



PokerStars Hand #254306715448:  Hold'em No Limit ($0.50/$1.00 USD) - 2025/01/10 2:33:51 WET [2025/01/10 21:33:51 ET]
Table 'Velleda III' 6-max Seat #2 is the button
Seat 5: rasmusjohan00 ($0 in chips) is sitting out
Seat 6: cym10761 ($73.29 in chips) is sitting out
Seat 1: XneferX ($100 in chips) 
Seat 2: Rysiff ($105.18 in chips) 
Seat 3: andutu34 ($163.18 in chips) 
Seat 4: bttr gold ($35.71 in chips) 
andutu34: posts small blind $0.50
bttr gold: posts big blind $1
*** HOLE CARDS ***
XneferX: folds 
Rysiff: raises $1.50 to $2.50
andutu34: folds 
bttr gold: folds 
Uncalled bet ($1.50) returned to Rysiff
Rysiff collected $2.50 from pot
Rysiff: doesn't show hand 
*** SUMMARY ***
Total pot $2.50 | Rake $0 
Seat 5: rasmusjohan00
Seat 6: cym10761
Seat 1: XneferX folded before Flop (didn't bet)
Seat 2: Rysiff (button) collected ($2.50)
Seat 3: andutu34 (small blind) folded before Flop
Seat 4: bttr gold (big blind) folded before Flop



PokerStars Hand #254306717687:  Hold'em No Limit ($0.50/$1.00 USD) - 2025/01/10 2:34:04 WET [2025/01/10 21:34:04 ET]
Table 'Velleda III' 6-max Seat #3 is the button
Seat 1: XneferX ($100 in chips) is sitting out
Seat 5: rasmusjohan00 ($0 in chips) is sitting out
Seat 6: cym10761 ($73.29 in chips) is sitting out
Seat 2: Rysiff ($106.68 in chips) 
Seat 3: andutu34 ($162.68 in chips) 
Seat 4: bttr gold ($34.71 in chips) 
bttr gold: posts small blind $0.50
XneferX: is sitting out 
Rysiff: posts big blind $1
*** HOLE CARDS ***
andutu34: raises $1.49 to $2.49
bttr gold: folds 
Rysiff: calls $1.49
*** FLOP *** [Qs 4s Kh]
Rysiff: checks 
andutu34: checks 
*** TURN *** [Qs 4s Kh] [2h]
Rysiff: bets $4.17
andutu34: calls $4.17
*** RIVER *** [Qs 4s Kh 2h] [8s]
XneferX leaves the table
Rysiff: bets $10.50
andutu34: calls $10.50
*** SHOW DOWN ***
Rysiff: shows [5d Kd] (a pair of Kings)
andutu34: mucks hand 
Rysiff collected $33.82 from pot
rasmusjohan00 leaves the table
*** SUMMARY ***
Total pot $34.82 | Rake $1 
Board [Qs 4s Kh 2h 8s]
Seat 1: XneferX
Seat 5: rasmusjohan00
Seat 6: cym10761
Seat 2: Rysiff (big blind) showed [5d Kd] and won ($33.82) with a pair of Kings
Seat 3: andutu34 (button) mucked
Seat 4: bttr gold (small blind) folded before Flop



PokerStars Hand #254306726888:  Hold'em No Limit ($0.50/$1.00 USD) - 2025/01/10 2:34:59 WET [2025/01/10 21:34:59 ET]
Table 'Velleda III' 6-max Seat #4 is the button
Seat 6: cym10761 ($73.29 in chips) is sitting out
Seat 2: Rysiff ($123.34 in chips) 
Seat 3: andutu34 ($145.52 in chips) 
Seat 4: bttr gold ($34.21 in chips) 
Rysiff: posts small blind $0.50
andutu34: posts big blind $1
*** HOLE CARDS ***
bttr gold: raises $1 to $2
Rysiff: folds 
andutu34: folds 
Uncalled bet ($1) returned to bttr gold
bttr gold collected $2.50 from pot
bttr gold: doesn't show hand 
*** SUMMARY ***
Total pot $2.50 | Rake $0 
Seat 6: cym10761
Seat 2: Rysiff (small blind) folded before Flop
Seat 3: andutu34 (big blind) folded before Flop
Seat 4: bttr gold (button) collected ($2.50)



PokerStars Hand #254306728914:  Hold'em No Limit ($0.50/$1.00 USD) - 2025/01/10 2:35:11 WET [2025/01/10 21:35:11 ET]
Table 'Velleda III' 6-max Seat #2 is the button
Seat 6: cym10761 ($73.29 in chips) is sitting out
Seat 2: Rysiff ($122.84 in chips) 
Seat 3: andutu34 ($144.52 in chips) 
Seat 4: bttr gold ($35.71 in chips) 
andutu34: posts small blind $0.50
bttr gold: posts big blind $1
*** HOLE CARDS ***
Rysiff: raises $1.50 to $2.50
andutu34: raises $8.70 to $11.20
bttr gold: folds 
Rysiff: folds 
Uncalled bet ($8.70) returned to andutu34
andutu34 collected $6 from pot
andutu34: doesn't show hand 
*** SUMMARY ***
Total pot $6 | Rake $0 
Seat 6: cym10761
Seat 2: Rysiff (button) folded before Flop
Seat 3: andutu34 (small blind) collected ($6)
Seat 4: bttr gold (big blind) folded before Flop



PokerStars Hand #254306730733:  Hold'em No Limit ($0.50/$1.00 USD) - 2025/01/10 2:35:21 WET [2025/01/10 21:35:21 ET]
Table 'Velleda III' 6-max Seat #3 is the button
Seat 6: cym10761 ($73.29 in chips) is sitting out
Seat 2: Rysiff ($120.34 in chips) 
Seat 3: andutu34 ($148.02 in chips) 
Seat 4: bttr gold ($34.71 in chips) 
bttr gold: posts small blind $0.50
Rysiff: posts big blind $1
*** HOLE CARDS ***
andutu34: raises $1.49 to $2.49
equilibrium_tv joins the table at seat #1 
bttr gold: folds 
Rysiff: folds 
Uncalled bet ($1.49) returned to andutu34
andutu34 collected $2.50 from pot
andutu34: doesn't show hand 
*** SUMMARY ***
Total pot $2.50 | Rake $0 
Seat 6: cym10761
Seat 2: Rysiff (big blind) folded before Flop
Seat 3: andutu34 (button) collected ($2.50)
Seat 4: bttr gold (small blind) folded before Flop



PokerStars Hand #254306732310:  Hold'em No Limit ($0.50/$1.00 USD) - 2025/01/10 2:35:31 WET [2025/01/10 21:35:31 ET]
Table 'Velleda III' 6-max Seat #2 is the button
Seat 1: equilibrium_tv ($26.50 in chips) is sitting out
Seat 3: andutu34 ($149.52 in chips) is sitting out
Seat 6: cym10761 ($73.29 in chips) is sitting out
Seat 2: Rysiff ($119.34 in chips) 
Seat 4: bttr gold ($34.21 in chips) 
Rysiff: posts small blind $0.50
andutu34: is sitting out 
bttr gold: posts big blind $1
*** HOLE CARDS ***
andutu34 leaves the table
Rysiff: raises $2 to $3
bttr gold: folds 
Uncalled bet ($2) returned to Rysiff
Rysiff collected $2 from pot
cym10761 leaves the table
Rysiff: doesn't show hand 
*** SUMMARY ***
Total pot $2 | Rake $0 
Seat 1: equilibrium_tv
Seat 3: andutu34
Seat 6: cym10761
Seat 2: Rysiff (button) (small blind) collected ($2)
Seat 4: bttr gold (big blind) folded before Flop



PokerStars Hand #254306733921:  Hold'em No Limit ($0.50/$1.00 USD) - 2025/01/10 2:35:40 WET [2025/01/10 21:35:40 ET]
Table 'Velleda III' 6-max Seat #2 is the button
Seat 1: equilibrium_tv ($26.50 in chips) 
Seat 2: Rysiff ($120.34 in chips) 
Seat 4: bttr gold ($33.21 in chips) 
bttr gold: posts small blind $0.50
equilibrium_tv: posts big blind $1
*** HOLE CARDS ***
Rysiff: folds 
bttr gold: folds 
Uncalled bet ($0.50) returned to equilibrium_tv
equilibrium_tv collected $1 from pot
*** SUMMARY ***
Total pot $1 | Rake $0 
Seat 1: equilibrium_tv (big blind) collected ($1)
Seat 2: Rysiff (button) folded before Flop (didn't bet)
Seat 4: bttr gold (small blind) folded before Flop



PokerStars Hand #254306735601:  Hold'em No Limit ($0.50/$1.00 USD) - 2025/01/10 2:35:50 WET [2025/01/10 21:35:50 ET]
Table 'Velleda III' 6-max Seat #4 is the button
Seat 1: equilibrium_tv ($27 in chips) 
Seat 2: Rysiff ($120.34 in chips) 
Seat 4: bttr gold ($32.71 in chips) 
equilibrium_tv: posts small blind $0.50
Rysiff: posts big blind $1
*** HOLE CARDS ***
bttr gold: folds 
equilibrium_tv: raises $1.50 to $2.50
Rysiff: calls $1.50
*** FLOP *** [4s Qc 3h]
equilibrium_tv: bets $1.57
Rysiff: calls $1.57
*** TURN *** [4s Qc 3h] [Jh]
equilibrium_tv: bets $5.80
Rysiff: folds 
Uncalled bet ($5.80) returned to equilibrium_tv
equilibrium_tv collected $7.73 from pot
*** SUMMARY ***
Total pot $8.14 | Rake $0.41 
Board [4s Qc 3h Jh]
Seat 1: equilibrium_tv (small blind) collected ($7.73)
Seat 2: Rysiff (big blind) folded on the Turn
Seat 4: bttr gold (button) folded before Flop (didn't bet)



PokerStars Hand #254306744772:  Hold'em No Limit ($0.50/$1.00 USD) - 2025/01/10 2:36:43 WET [2025/01/10 21:36:43 ET]
Table 'Velleda III' 6-max Seat #1 is the button
Seat 1: equilibrium_tv ($30.66 in chips) 
Seat 2: Rysiff ($116.27 in chips) 
Seat 4: bttr gold ($32.71 in chips) 
Rysiff: posts small blind $0.50
bttr gold: posts big blind $1
*** HOLE CARDS ***
equilibrium_tv: folds 
Rysiff: folds 
Uncalled bet ($0.50) returned to bttr gold
bttr gold collected $1 from pot
bttr gold: doesn't show hand 
*** SUMMARY ***
Total pot $1 | Rake $0 
Seat 1: equilibrium_tv (button) folded before Flop (didn't bet)
Seat 2: Rysiff (small blind) folded before Flop
Seat 4: bttr gold (big blind) collected ($1)



PokerStars Hand #254306747014:  Hold'em No Limit ($0.50/$1.00 USD) - 2025/01/10 2:36:56 WET [2025/01/10 21:36:56 ET]
Table 'Velleda III' 6-max Seat #2 is the button
Seat 1: equilibrium_tv ($30.66 in chips) 
Seat 2: Rysiff ($115.77 in chips) 
Seat 4: bttr gold ($33.21 in chips) 
bttr gold: posts small blind $0.50
equilibrium_tv: posts big blind $1
*** HOLE CARDS ***
Rysiff: raises $1.50 to $2.50
bttr gold: raises $1.50 to $4
equilibrium_tv: raises $26.66 to $30.66 and is all-in
Rysiff: folds 
bttr gold: calls $26.66
*** FLOP *** [8d 2h 9s]
*** TURN *** [8d 2h 9s] [5h]
*** RIVER *** [8d 2h 9s 5h] [Ts]
*** SHOW DOWN ***
bttr gold: shows [8h 8c] (three of a kind, Eights)
equilibrium_tv: shows [As Qh] (high card Ace)
bttr gold collected $62.82 from pot
*** SUMMARY ***
Total pot $63.82 | Rake $1 
Board [8d 2h 9s 5h Ts]
Seat 1: equilibrium_tv (big blind) showed [As Qh] and lost with high card Ace
Seat 2: Rysiff (button) folded before Flop
Seat 4: bttr gold (small blind) showed [8h 8c] and won ($62.82) with three of a kind, Eights



PokerStars Hand #254306752746:  Hold'em No Limit ($0.50/$1.00 USD) - 2025/01/10 2:37:30 WET [2025/01/10 21:37:30 ET]
Table 'Velleda III' 6-max Seat #4 is the button
Seat 1: equilibrium_tv ($40 in chips) is sitting out
Seat 2: Rysiff ($113.27 in chips) 
Seat 4: bttr gold ($65.37 in chips) 
bttr gold: posts small blind $0.50
Rysiff: posts big blind $1
*** HOLE CARDS ***
bttr gold: folds 
Uncalled bet ($0.50) returned to Rysiff
bttr gold leaves the table
Rysiff collected $1 from pot
Rysiff: doesn't show hand 
*** SUMMARY ***
Total pot $1 | Rake $0 
Seat 1: equilibrium_tv
Seat 2: Rysiff (big blind) collected ($1)
Seat 4: bttr gold (button) (small blind) folded before Flop



