PokerStars Hand #254299390540:  Hold'em No Limit ($0.50/$1.00 USD) - 2025/01/10 19:15:53 WET [2025/01/10 14:15:53 ET]
Table 'Jiangxi II' 6-max Seat #6 is the button
Seat 1: ImaPeppaPig ($100 in chips) 
Seat 4: michasia ($100 in chips) 
Seat 6: EyzRED ($100 in chips) 
ImaPeppaPig: posts small blind $0.50
michasia: posts big blind $1
*** HOLE CARDS ***
EyzRED: raises $1.50 to $2.50
ImaPeppaPig: folds 
michasia: raises $9.50 to $12
EyzRED: folds 
Uncalled bet ($9.50) returned to michasia
michasia collected $5.50 from pot
michasia: doesn't show hand 
*** SUMMARY ***
Total pot $5.50 | Rake $0 
Seat 1: ImaPeppaPig (small blind) folded before Flop
Seat 4: michasia (big blind) collected ($5.50)
Seat 6: EyzRED (button) folded before Flop



PokerStars Hand #254299397238:  Hold'em No Limit ($0.50/$1.00 USD) - 2025/01/10 19:16:14 WET [2025/01/10 14:16:14 ET]
Table 'Jiangxi II' 6-max Seat #1 is the button
Seat 1: ImaPeppaPig ($100 in chips) 
Seat 4: michasia ($103 in chips) 
Seat 6: EyzRED ($100 in chips) 
michasia: posts small blind $0.50
EyzRED: posts big blind $1
*** HOLE CARDS ***
vycmachris joins the table at seat #3 
Evelexy1 joins the table at seat #2 
Manifestorr joins the table at seat #5 
ImaPeppaPig: raises $1.50 to $2.50
michasia: raises $9.50 to $12
EyzRED: folds 
ImaPeppaPig: raises $14 to $26
michasia: calls $14
*** FLOP *** [3s 4d 5s]
michasia: checks 
ImaPeppaPig: bets $26
michasia: raises $51 to $77 and is all-in
ImaPeppaPig: calls $48 and is all-in
Uncalled bet ($3) returned to michasia
*** FIRST TURN *** [3s 4d 5s] [7c]
*** FIRST RIVER *** [3s 4d 5s 7c] [Kh]
*** SECOND TURN *** [3s 4d 5s] [4h]
*** SECOND RIVER *** [3s 4d 5s 4h] [2s]
*** FIRST SHOW DOWN ***
michasia: shows [Js Qs] (high card King)
ImaPeppaPig: shows [Ks Ad] (a pair of Kings)
ImaPeppaPig collected $100 from pot
*** SECOND SHOW DOWN ***
michasia: shows [Js Qs] (a flush, Queen high)
ImaPeppaPig: shows [Ks Ad] (a straight, Ace to Five)
michasia collected $100 from pot
*** SUMMARY ***
Total pot $201 | Rake $1 
Hand was run twice
FIRST Board [3s 4d 5s 7c Kh]
SECOND Board [3s 4d 5s 4h 2s]
Seat 1: ImaPeppaPig (button) showed [Ks Ad] and won ($100) with a pair of Kings, and lost with a straight, Ace to Five
Seat 4: michasia (small blind) showed [Js Qs] and lost with high card King, and won ($100) with a flush, Queen high
Seat 6: EyzRED (big blind) folded before Flop



PokerStars Hand #254299414642:  Hold'em No Limit ($0.50/$1.00 USD) - 2025/01/10 19:17:11 WET [2025/01/10 14:17:11 ET]
Table 'Jiangxi II' 6-max Seat #4 is the button
Seat 2: Evelexy1 ($100 in chips) is sitting out
Seat 3: vycmachris ($100 in chips) is sitting out
Seat 5: Manifestorr ($100 in chips) is sitting out
Seat 1: ImaPeppaPig ($100 in chips) 
Seat 4: michasia ($103 in chips) 
Seat 6: EyzRED ($100 in chips) 
EyzRED: posts small blind $0.50
ImaPeppaPig: posts big blind $1
Evelexy1: sits out 
vycmachris: sits out 
*** HOLE CARDS ***
michasia: folds 
EyzRED: raises $2 to $3
ImaPeppaPig: calls $2
*** FLOP *** [2c 6d 3c]
EyzRED: checks 
ImaPeppaPig: bets $3
EyzRED: folds 
Uncalled bet ($3) returned to ImaPeppaPig
ImaPeppaPig collected $5.70 from pot
ImaPeppaPig: doesn't show hand 
*** SUMMARY ***
Total pot $6 | Rake $0.30 
Board [2c 6d 3c]
Seat 2: Evelexy1
Seat 3: vycmachris
Seat 5: Manifestorr
Seat 1: ImaPeppaPig (big blind) collected ($5.70)
Seat 4: michasia (button) folded before Flop (didn't bet)
Seat 6: EyzRED (small blind) folded on the Flop



PokerStars Hand #254299423085:  Hold'em No Limit ($0.50/$1.00 USD) - 2025/01/10 19:17:39 WET [2025/01/10 14:17:39 ET]
Table 'Jiangxi II' 6-max Seat #6 is the button
Seat 3: vycmachris ($100 in chips) is sitting out
Seat 5: Manifestorr ($100 in chips) is sitting out
Seat 1: ImaPeppaPig ($102.70 in chips) 
Seat 2: Evelexy1 ($100 in chips) 
Seat 4: michasia ($103 in chips) 
Seat 6: EyzRED ($100 in chips) 
ImaPeppaPig: posts small blind $0.50
Evelexy1: posts big blind $1
vycmachris: sits out 
Manifestorr: sits out 
*** HOLE CARDS ***
michasia: folds 
EyzRED: raises $1.50 to $2.50
ImaPeppaPig: folds 
Evelexy1: calls $1.50
*** FLOP *** [Td 6h 8s]
Evelexy1: checks 
EyzRED: checks 
*** TURN *** [Td 6h 8s] [7d]
Evelexy1: checks 
EyzRED: checks 
*** RIVER *** [Td 6h 8s 7d] [As]
Evelexy1: checks 
EyzRED: bets $3.71
Evelexy1: calls $3.71
*** SHOW DOWN ***
EyzRED: shows [7s 7c] (three of a kind, Sevens)
Evelexy1: mucks hand 
EyzRED collected $12.27 from pot
*** SUMMARY ***
Total pot $12.92 | Rake $0.65 
Board [Td 6h 8s 7d As]
Seat 3: vycmachris
Seat 5: Manifestorr
Seat 1: ImaPeppaPig (small blind) folded before Flop
Seat 2: Evelexy1 (big blind) mucked
Seat 4: michasia folded before Flop (didn't bet)
Seat 6: EyzRED (button) showed [7s 7c] and won ($12.27) with three of a kind, Sevens



PokerStars Hand #254299435520:  Hold'em No Limit ($0.50/$1.00 USD) - 2025/01/10 19:18:19 WET [2025/01/10 14:18:19 ET]
Table 'Jiangxi II' 6-max Seat #1 is the button
Seat 5: Manifestorr ($100 in chips) is sitting out
Seat 1: ImaPeppaPig ($102.20 in chips) 
Seat 2: Evelexy1 ($100 in chips) 
Seat 3: vycmachris ($100 in chips) 
Seat 4: michasia ($103 in chips) 
Seat 6: EyzRED ($106.06 in chips) 
Evelexy1: posts small blind $0.50
vycmachris: posts big blind $1
Manifestorr: sits out 
*** HOLE CARDS ***
michasia: folds 
EyzRED: folds 
ImaPeppaPig: raises $1.50 to $2.50
Evelexy1: folds 
vycmachris: calls $1.50
*** FLOP *** [3h 5h 6h]
vycmachris: checks 
ImaPeppaPig: bets $1.62
vycmachris: raises $5.38 to $7
ImaPeppaPig: calls $5.38
*** TURN *** [3h 5h 6h] [5s]
vycmachris: checks 
ImaPeppaPig: checks 
*** RIVER *** [3h 5h 6h 5s] [7h]
vycmachris: bets $1
ImaPeppaPig: calls $1
*** SHOW DOWN ***
vycmachris: shows [Th Js] (a flush, Ten high)
ImaPeppaPig: mucks hand 
Evelexy1 leaves the table
vycmachris collected $20.42 from pot
*** SUMMARY ***
Total pot $21.50 | Rake $1.08 
Board [3h 5h 6h 5s 7h]
Seat 5: Manifestorr
Seat 1: ImaPeppaPig (button) mucked
Seat 2: Evelexy1 (small blind) folded before Flop
Seat 3: vycmachris (big blind) showed [Th Js] and won ($20.42) with a flush, Ten high
Seat 4: michasia folded before Flop (didn't bet)
Seat 6: EyzRED folded before Flop (didn't bet)



PokerStars Hand #254299453720:  Hold'em No Limit ($0.50/$1.00 USD) - 2025/01/10 19:19:17 WET [2025/01/10 14:19:17 ET]
Table 'Jiangxi II' 6-max Seat #3 is the button
Seat 1: ImaPeppaPig ($100 in chips) 
Seat 3: vycmachris ($109.92 in chips) 
Seat 4: michasia ($103 in chips) 
Seat 5: Manifestorr ($100 in chips) 
Seat 6: EyzRED ($106.06 in chips) 
michasia: posts small blind $0.50
Manifestorr: posts big blind $1
*** HOLE CARDS ***
EyzRED: folds 
ImaPeppaPig: raises $1.50 to $2.50
fish my nuts joins the table at seat #2 
vycmachris: folds 
michasia: folds 
Manifestorr: calls $1.50
*** FLOP *** [Kc 7d 3c]
Manifestorr: checks 
ImaPeppaPig: bets $2
Manifestorr: folds 
Uncalled bet ($2) returned to ImaPeppaPig
ImaPeppaPig collected $5.22 from pot
ImaPeppaPig: doesn't show hand 
*** SUMMARY ***
Total pot $5.50 | Rake $0.28 
Board [Kc 7d 3c]
Seat 1: ImaPeppaPig collected ($5.22)
Seat 3: vycmachris (button) folded before Flop (didn't bet)
Seat 4: michasia (small blind) folded before Flop
Seat 5: Manifestorr (big blind) folded on the Flop
Seat 6: EyzRED folded before Flop (didn't bet)



PokerStars Hand #254299460832:  Hold'em No Limit ($0.50/$1.00 USD) - 2025/01/10 19:19:41 WET [2025/01/10 14:19:41 ET]
Table 'Jiangxi II' 6-max Seat #4 is the button
Seat 2: fish my nuts ($100 in chips) is sitting out
Seat 1: ImaPeppaPig ($102.72 in chips) 
Seat 3: vycmachris ($109.92 in chips) 
Seat 4: michasia ($102.50 in chips) 
Seat 5: Manifestorr ($100 in chips) 
Seat 6: EyzRED ($106.06 in chips) 
Manifestorr: posts small blind $0.50
EyzRED: posts big blind $1
fish my nuts: sits out 
*** HOLE CARDS ***
ImaPeppaPig: folds 
vycmachris: folds 
michasia: folds 
Manifestorr: raises $2 to $3
EyzRED: calls $2
*** FLOP *** [Kh 5c Td]
Manifestorr: checks 
EyzRED: checks 
*** TURN *** [Kh 5c Td] [9c]
Manifestorr: bets $1.88
EyzRED: calls $1.88
*** RIVER *** [Kh 5c Td 9c] [Jd]
Manifestorr: bets $6.95
EyzRED: calls $6.95
*** SHOW DOWN ***
Manifestorr: shows [Tc Qd] (a straight, Nine to King)
EyzRED: mucks hand 
Manifestorr collected $22.48 from pot
*** SUMMARY ***
Total pot $23.66 | Rake $1.18 
Board [Kh 5c Td 9c Jd]
Seat 2: fish my nuts
Seat 1: ImaPeppaPig folded before Flop (didn't bet)
Seat 3: vycmachris folded before Flop (didn't bet)
Seat 4: michasia (button) folded before Flop (didn't bet)
Seat 5: Manifestorr (small blind) showed [Tc Qd] and won ($22.48) with a straight, Nine to King
Seat 6: EyzRED (big blind) mucked



PokerStars Hand #254299475644:  Hold'em No Limit ($0.50/$1.00 USD) - 2025/01/10 19:20:28 WET [2025/01/10 14:20:28 ET]
Table 'Jiangxi II' 6-max Seat #5 is the button
Seat 2: fish my nuts ($100 in chips) is sitting out
Seat 1: ImaPeppaPig ($102.72 in chips) 
Seat 3: vycmachris ($109.92 in chips) 
Seat 4: michasia ($102.50 in chips) 
Seat 5: Manifestorr ($110.65 in chips) 
Seat 6: EyzRED ($100 in chips) 
EyzRED: posts small blind $0.50
ImaPeppaPig: posts big blind $1
fish my nuts: sits out 
*** HOLE CARDS ***
vycmachris: folds 
michasia: raises $1.80 to $2.80
Manifestorr: folds 
EyzRED: folds 
ImaPeppaPig: folds 
Uncalled bet ($1.80) returned to michasia
michasia collected $2.50 from pot
michasia: doesn't show hand 
*** SUMMARY ***
Total pot $2.50 | Rake $0 
Seat 2: fish my nuts
Seat 1: ImaPeppaPig (big blind) folded before Flop
Seat 3: vycmachris folded before Flop (didn't bet)
Seat 4: michasia collected ($2.50)
Seat 5: Manifestorr (button) folded before Flop (didn't bet)
Seat 6: EyzRED (small blind) folded before Flop



PokerStars Hand #254299482006:  Hold'em No Limit ($0.50/$1.00 USD) - 2025/01/10 19:20:49 WET [2025/01/10 14:20:49 ET]
Table 'Jiangxi II' 6-max Seat #6 is the button
Seat 1: ImaPeppaPig ($101.72 in chips) 
Seat 2: fish my nuts ($100 in chips) 
Seat 3: vycmachris ($109.92 in chips) 
Seat 4: michasia ($104 in chips) 
Seat 5: Manifestorr ($110.65 in chips) 
Seat 6: EyzRED ($100 in chips) 
ImaPeppaPig: posts small blind $0.50
fish my nuts: posts big blind $1
*** HOLE CARDS ***
vycmachris: folds 
michasia: folds 
Manifestorr: folds 
EyzRED: folds 
ImaPeppaPig: raises $2 to $3
fish my nuts: calls $2
*** FLOP *** [4c Jc 3d]
ImaPeppaPig: checks 
fish my nuts: bets $2
ImaPeppaPig: raises $7.37 to $9.37
fish my nuts: folds 
Uncalled bet ($7.37) returned to ImaPeppaPig
ImaPeppaPig collected $9.50 from pot
ImaPeppaPig: doesn't show hand 
*** SUMMARY ***
Total pot $10 | Rake $0.50 
Board [4c Jc 3d]
Seat 1: ImaPeppaPig (small blind) collected ($9.50)
Seat 2: fish my nuts (big blind) folded on the Flop
Seat 3: vycmachris folded before Flop (didn't bet)
Seat 4: michasia folded before Flop (didn't bet)
Seat 5: Manifestorr folded before Flop (didn't bet)
Seat 6: EyzRED (button) folded before Flop (didn't bet)



PokerStars Hand #254299490307:  Hold'em No Limit ($0.50/$1.00 USD) - 2025/01/10 19:21:16 WET [2025/01/10 14:21:16 ET]
Table 'Jiangxi II' 6-max Seat #1 is the button
Seat 1: ImaPeppaPig ($106.22 in chips) 
Seat 2: fish my nuts ($100 in chips) 
Seat 3: vycmachris ($109.92 in chips) 
Seat 4: michasia ($104 in chips) 
Seat 5: Manifestorr ($110.65 in chips) 
Seat 6: EyzRED ($100 in chips) 
fish my nuts: posts small blind $0.50
vycmachris: posts big blind $1
*** HOLE CARDS ***
michasia: raises $1.60 to $2.60
Manifestorr: raises $6.40 to $9
EyzRED: folds 
ImaPeppaPig: folds 
fish my nuts: folds 
vycmachris: folds 
michasia: folds 
Uncalled bet ($6.40) returned to Manifestorr
Manifestorr collected $6.70 from pot
*** SUMMARY ***
Total pot $6.70 | Rake $0 
Seat 1: ImaPeppaPig (button) folded before Flop (didn't bet)
Seat 2: fish my nuts (small blind) folded before Flop
Seat 3: vycmachris (big blind) folded before Flop
Seat 4: michasia folded before Flop
Seat 5: Manifestorr collected ($6.70)
Seat 6: EyzRED folded before Flop (didn't bet)



PokerStars Hand #254299496648:  Hold'em No Limit ($0.50/$1.00 USD) - 2025/01/10 19:21:37 WET [2025/01/10 14:21:37 ET]
Table 'Jiangxi II' 6-max Seat #2 is the button
Seat 4: michasia ($101.40 in chips) is sitting out
Seat 1: ImaPeppaPig ($106.22 in chips) 
Seat 2: fish my nuts ($100 in chips) 
Seat 3: vycmachris ($108.92 in chips) 
Seat 5: Manifestorr ($114.75 in chips) 
Seat 6: EyzRED ($100 in chips) 
vycmachris: posts small blind $0.50
michasia: is sitting out 
Manifestorr: posts big blind $1
*** HOLE CARDS ***
EyzRED: raises $1.20 to $2.20
michasia leaves the table
ImaPeppaPig: raises $4.80 to $7
fish my nuts: folds 
vycmachris: folds 
Manifestorr: folds 
raketkasix joins the table at seat #4 
EyzRED: folds 
Uncalled bet ($4.80) returned to ImaPeppaPig
ImaPeppaPig collected $5.90 from pot
ImaPeppaPig: doesn't show hand 
*** SUMMARY ***
Total pot $5.90 | Rake $0 
Seat 4: michasia
Seat 1: ImaPeppaPig collected ($5.90)
Seat 2: fish my nuts (button) folded before Flop (didn't bet)
Seat 3: vycmachris (small blind) folded before Flop
Seat 5: Manifestorr (big blind) folded before Flop
Seat 6: EyzRED folded before Flop



PokerStars Hand #254299500512:  Hold'em No Limit ($0.50/$1.00 USD) - 2025/01/10 19:21:49 WET [2025/01/10 14:21:49 ET]
Table 'Jiangxi II' 6-max Seat #3 is the button
Seat 4: raketkasix ($100 in chips) is sitting out
Seat 1: ImaPeppaPig ($109.92 in chips) 
Seat 2: fish my nuts ($100 in chips) 
Seat 3: vycmachris ($108.42 in chips) 
Seat 5: Manifestorr ($113.75 in chips) 
Seat 6: EyzRED ($100 in chips) 
Manifestorr: posts small blind $0.50
EyzRED: posts big blind $1
*** HOLE CARDS ***
ImaPeppaPig: folds 
fish my nuts: folds 
vycmachris: raises $1 to $2
Manifestorr: folds 
EyzRED: calls $1
*** FLOP *** [5h 4d Qs]
fish my nuts leaves the table
EyzRED: checks 
vycmachris: bets $6
EyzRED: calls $6
*** TURN *** [5h 4d Qs] [2s]
EyzRED: checks 
vycmachris: bets $13
EyzRED: calls $13
*** RIVER *** [5h 4d Qs 2s] [Kc]
EyzRED: checks 
vycmachris: checks 
*** SHOW DOWN ***
EyzRED: shows [4h As] (a pair of Fours)
vycmachris: shows [Ks Js] (a pair of Kings)
vycmachris collected $40.38 from pot
*** SUMMARY ***
Total pot $42.50 | Rake $2.12 
Board [5h 4d Qs 2s Kc]
Seat 4: raketkasix
Seat 1: ImaPeppaPig folded before Flop (didn't bet)
Seat 2: fish my nuts folded before Flop (didn't bet)
Seat 3: vycmachris (button) showed [Ks Js] and won ($40.38) with a pair of Kings
Seat 5: Manifestorr (small blind) folded before Flop
Seat 6: EyzRED (big blind) showed [4h As] and lost with a pair of Fours



PokerStars Hand #254299527184:  Hold'em No Limit ($0.50/$1.00 USD) - 2025/01/10 19:23:16 WET [2025/01/10 14:23:16 ET]
Table 'Jiangxi II' 6-max Seat #5 is the button
Seat 4: raketkasix ($100 in chips) is sitting out
Seat 1: ImaPeppaPig ($109.92 in chips) 
Seat 3: vycmachris ($127.80 in chips) 
Seat 5: Manifestorr ($113.25 in chips) 
Seat 6: EyzRED ($100 in chips) 
EyzRED: posts small blind $0.50
ImaPeppaPig: posts big blind $1
raketkasix: sits out 
*** HOLE CARDS ***
vycmachris: folds 
Manifestorr: raises $1.20 to $2.20
EyzRED: raises $7.80 to $10
ImaPeppaPig: folds 
Manifestorr: folds 
Uncalled bet ($7.80) returned to EyzRED
EyzRED collected $5.40 from pot
EyzRED: doesn't show hand 
*** SUMMARY ***
Total pot $5.40 | Rake $0 
Seat 4: raketkasix
Seat 1: ImaPeppaPig (big blind) folded before Flop
Seat 3: vycmachris folded before Flop (didn't bet)
Seat 5: Manifestorr (button) folded before Flop
Seat 6: EyzRED (small blind) collected ($5.40)



PokerStars Hand #254299533178:  Hold'em No Limit ($0.50/$1.00 USD) - 2025/01/10 19:23:36 WET [2025/01/10 14:23:36 ET]
Table 'Jiangxi II' 6-max Seat #6 is the button
Seat 4: raketkasix ($100 in chips) is sitting out
Seat 1: ImaPeppaPig ($108.92 in chips) 
Seat 3: vycmachris ($127.80 in chips) 
Seat 5: Manifestorr ($111.05 in chips) 
Seat 6: EyzRED ($103.20 in chips) 
ImaPeppaPig: posts small blind $0.50
vycmachris: posts big blind $1
raketkasix: sits out 
*** HOLE CARDS ***
Manifestorr: folds 
EyzRED: folds 
ImaPeppaPig: raises $2 to $3
vycmachris: folds 
Uncalled bet ($2) returned to ImaPeppaPig
ImaPeppaPig collected $2 from pot
ImaPeppaPig: doesn't show hand 
*** SUMMARY ***
Total pot $2 | Rake $0 
Seat 4: raketkasix
Seat 1: ImaPeppaPig (small blind) collected ($2)
Seat 3: vycmachris (big blind) folded before Flop
Seat 5: Manifestorr folded before Flop (didn't bet)
Seat 6: EyzRED (button) folded before Flop (didn't bet)



PokerStars Hand #254299536042:  Hold'em No Limit ($0.50/$1.00 USD) - 2025/01/10 19:23:45 WET [2025/01/10 14:23:45 ET]
Table 'Jiangxi II' 6-max Seat #1 is the button
Seat 1: ImaPeppaPig ($109.92 in chips) 
Seat 3: vycmachris ($126.80 in chips) 
Seat 4: raketkasix ($100 in chips) 
Seat 5: Manifestorr ($111.05 in chips) 
Seat 6: EyzRED ($103.20 in chips) 
vycmachris: posts small blind $0.50
raketkasix: posts big blind $1
*** HOLE CARDS ***
Manifestorr: raises $1.20 to $2.20
EyzRED: folds 
ImaPeppaPig: folds 
vycmachris: calls $1.70
raketkasix: calls $1.20
*** FLOP *** [Qs Ac 8h]
vycmachris: checks 
raketkasix: checks 
Manifestorr: bets $2.07
vycmachris: calls $2.07
raketkasix: calls $2.07
*** TURN *** [Qs Ac 8h] [Qc]
vycmachris: checks 
raketkasix: checks 
Manifestorr: checks 
*** RIVER *** [Qs Ac 8h Qc] [7h]
vycmachris: bets $11
raketkasix: folds 
Manifestorr: folds 
Uncalled bet ($11) returned to vycmachris
vycmachris collected $12.17 from pot
vycmachris: doesn't show hand 
*** SUMMARY ***
Total pot $12.81 | Rake $0.64 
Board [Qs Ac 8h Qc 7h]
Seat 1: ImaPeppaPig (button) folded before Flop (didn't bet)
Seat 3: vycmachris (small blind) collected ($12.17)
Seat 4: raketkasix (big blind) folded on the River
Seat 5: Manifestorr folded on the River
Seat 6: EyzRED folded before Flop (didn't bet)



PokerStars Hand #254299567044:  Hold'em No Limit ($0.50/$1.00 USD) - 2025/01/10 19:25:25 WET [2025/01/10 14:25:25 ET]
Table 'Jiangxi II' 6-max Seat #3 is the button
Seat 1: ImaPeppaPig ($109.92 in chips) 
Seat 3: vycmachris ($134.70 in chips) 
Seat 4: raketkasix ($100 in chips) 
Seat 5: Manifestorr ($106.78 in chips) 
Seat 6: EyzRED ($103.20 in chips) 
raketkasix: posts small blind $0.50
Manifestorr: posts big blind $1
*** HOLE CARDS ***
EyzRED: folds 
ImaPeppaPig: folds 
vycmachris: folds 
raketkasix: folds 
Uncalled bet ($0.50) returned to Manifestorr
Manifestorr collected $1 from pot
*** SUMMARY ***
Total pot $1 | Rake $0 
Seat 1: ImaPeppaPig folded before Flop (didn't bet)
Seat 3: vycmachris (button) folded before Flop (didn't bet)
Seat 4: raketkasix (small blind) folded before Flop
Seat 5: Manifestorr (big blind) collected ($1)
Seat 6: EyzRED folded before Flop (didn't bet)



PokerStars Hand #254299570870:  Hold'em No Limit ($0.50/$1.00 USD) - 2025/01/10 19:25:38 WET [2025/01/10 14:25:38 ET]
Table 'Jiangxi II' 6-max Seat #4 is the button
Seat 1: ImaPeppaPig ($109.92 in chips) 
Seat 3: vycmachris ($134.70 in chips) 
Seat 4: raketkasix ($100 in chips) 
Seat 5: Manifestorr ($107.28 in chips) 
Seat 6: EyzRED ($103.20 in chips) 
Manifestorr: posts small blind $0.50
EyzRED: posts big blind $1
*** HOLE CARDS ***
ImaPeppaPig: raises $1.50 to $2.50
vycmachris: folds 
raketkasix: folds 
Manifestorr: folds 
EyzRED: calls $1.50
*** FLOP *** [As 7h 6c]
EyzRED: checks 
ImaPeppaPig: checks 
*** TURN *** [As 7h 6c] [3h]
EyzRED: bets $3.71
ImaPeppaPig: calls $3.71
*** RIVER *** [As 7h 6c 3h] [Td]
EyzRED: bets $24.50
ImaPeppaPig: folds 
Uncalled bet ($24.50) returned to EyzRED
EyzRED collected $12.27 from pot
EyzRED: doesn't show hand 
*** SUMMARY ***
Total pot $12.92 | Rake $0.65 
Board [As 7h 6c 3h Td]
Seat 1: ImaPeppaPig folded on the River
Seat 3: vycmachris folded before Flop (didn't bet)
Seat 4: raketkasix (button) folded before Flop (didn't bet)
Seat 5: Manifestorr (small blind) folded before Flop
Seat 6: EyzRED (big blind) collected ($12.27)



PokerStars Hand #254299589238:  Hold'em No Limit ($0.50/$1.00 USD) - 2025/01/10 19:26:37 WET [2025/01/10 14:26:37 ET]
Table 'Jiangxi II' 6-max Seat #5 is the button
Seat 1: ImaPeppaPig ($103.71 in chips) 
Seat 3: vycmachris ($134.70 in chips) 
Seat 4: raketkasix ($100 in chips) 
Seat 5: Manifestorr ($106.78 in chips) 
Seat 6: EyzRED ($109.26 in chips) 
EyzRED: posts small blind $0.50
ImaPeppaPig: posts big blind $1
*** HOLE CARDS ***
vycmachris: folds 
raketkasix: folds 
Manifestorr: folds 
EyzRED: folds 
Uncalled bet ($0.50) returned to ImaPeppaPig
ImaPeppaPig collected $1 from pot
ImaPeppaPig: doesn't show hand 
*** SUMMARY ***
Total pot $1 | Rake $0 
Seat 1: ImaPeppaPig (big blind) collected ($1)
Seat 3: vycmachris folded before Flop (didn't bet)
Seat 4: raketkasix folded before Flop (didn't bet)
Seat 5: Manifestorr (button) folded before Flop (didn't bet)
Seat 6: EyzRED (small blind) folded before Flop



PokerStars Hand #254299593891:  Hold'em No Limit ($0.50/$1.00 USD) - 2025/01/10 19:26:52 WET [2025/01/10 14:26:52 ET]
Table 'Jiangxi II' 6-max Seat #6 is the button
Seat 1: ImaPeppaPig ($104.21 in chips) 
Seat 3: vycmachris ($134.70 in chips) 
Seat 4: raketkasix ($100 in chips) 
Seat 5: Manifestorr ($106.78 in chips) 
Seat 6: EyzRED ($108.76 in chips) 
ImaPeppaPig: posts small blind $0.50
vycmachris: posts big blind $1
*** HOLE CARDS ***
raketkasix: folds 
Manifestorr: folds 
EyzRED: folds 
ImaPeppaPig: raises $2 to $3
vycmachris: folds 
Uncalled bet ($2) returned to ImaPeppaPig
ImaPeppaPig collected $2 from pot
ImaPeppaPig: doesn't show hand 
*** SUMMARY ***
Total pot $2 | Rake $0 
Seat 1: ImaPeppaPig (small blind) collected ($2)
Seat 3: vycmachris (big blind) folded before Flop
Seat 4: raketkasix folded before Flop (didn't bet)
Seat 5: Manifestorr folded before Flop (didn't bet)
Seat 6: EyzRED (button) folded before Flop (didn't bet)



PokerStars Hand #254299602145:  Hold'em No Limit ($0.50/$1.00 USD) - 2025/01/10 19:27:18 WET [2025/01/10 14:27:18 ET]
Table 'Jiangxi II' 6-max Seat #1 is the button
Seat 4: raketkasix ($100 in chips) is sitting out
Seat 1: ImaPeppaPig ($105.21 in chips) 
Seat 3: vycmachris ($133.70 in chips) 
Seat 5: Manifestorr ($106.78 in chips) 
Seat 6: EyzRED ($108.76 in chips) 
vycmachris: posts small blind $0.50
raketkasix: is sitting out 
Manifestorr: posts big blind $1
*** HOLE CARDS ***
EyzRED: raises $1.20 to $2.20
ImaPeppaPig: folds 
raketkasix leaves the table
vycmachris: calls $1.70
Manifestorr: folds 
*** FLOP *** [9h Ah 8s]
vycmachris: checks 
EyzRED: checks 
*** TURN *** [9h Ah 8s] [7s]
vycmachris: checks 
EyzRED: checks 
*** RIVER *** [9h Ah 8s 7s] [Qh]
vycmachris: bets $1
EyzRED: calls $1
*** SHOW DOWN ***
vycmachris: shows [5h 5s] (a pair of Fives)
EyzRED: shows [Kh Kd] (a pair of Kings)
EyzRED collected $7.03 from pot
*** SUMMARY ***
Total pot $7.40 | Rake $0.37 
Board [9h Ah 8s 7s Qh]
Seat 4: raketkasix
Seat 1: ImaPeppaPig (button) folded before Flop (didn't bet)
Seat 3: vycmachris (small blind) showed [5h 5s] and lost with a pair of Fives
Seat 5: Manifestorr (big blind) folded before Flop
Seat 6: EyzRED showed [Kh Kd] and won ($7.03) with a pair of Kings



PokerStars Hand #254299617122:  Hold'em No Limit ($0.50/$1.00 USD) - 2025/01/10 19:28:07 WET [2025/01/10 14:28:07 ET]
Table 'Jiangxi II' 6-max Seat #3 is the button
Seat 1: ImaPeppaPig ($105.21 in chips) 
Seat 3: vycmachris ($130.50 in chips) 
Seat 5: Manifestorr ($105.78 in chips) 
Seat 6: EyzRED ($112.59 in chips) 
Manifestorr: posts small blind $0.50
EyzRED: posts big blind $1
*** HOLE CARDS ***
ImaPeppaPig: raises $1.50 to $2.50
vycmachris: folds 
Manifestorr: folds 
EyzRED: folds 
Uncalled bet ($1.50) returned to ImaPeppaPig
ImaPeppaPig collected $2.50 from pot
ImaPeppaPig: doesn't show hand 
*** SUMMARY ***
Total pot $2.50 | Rake $0 
Seat 1: ImaPeppaPig collected ($2.50)
Seat 3: vycmachris (button) folded before Flop (didn't bet)
Seat 5: Manifestorr (small blind) folded before Flop
Seat 6: EyzRED (big blind) folded before Flop



PokerStars Hand #254299621385:  Hold'em No Limit ($0.50/$1.00 USD) - 2025/01/10 19:28:21 WET [2025/01/10 14:28:21 ET]
Table 'Jiangxi II' 6-max Seat #5 is the button
Seat 1: ImaPeppaPig ($106.71 in chips) 
Seat 3: vycmachris ($130.50 in chips) 
Seat 5: Manifestorr ($105.28 in chips) 
Seat 6: EyzRED ($111.59 in chips) 
EyzRED: posts small blind $0.50
ImaPeppaPig: posts big blind $1
*** HOLE CARDS ***
PayTaxOrDie joins the table at seat #4 
vycmachris: raises $2 to $3
Manifestorr: folds 
EyzRED: folds 
ImaPeppaPig: folds 
Uncalled bet ($2) returned to vycmachris
vycmachris collected $2.50 from pot
vycmachris: doesn't show hand 
*** SUMMARY ***
Total pot $2.50 | Rake $0 
Seat 1: ImaPeppaPig (big blind) folded before Flop
Seat 3: vycmachris collected ($2.50)
Seat 5: Manifestorr (button) folded before Flop (didn't bet)
Seat 6: EyzRED (small blind) folded before Flop



PokerStars Hand #254299628185:  Hold'em No Limit ($0.50/$1.00 USD) - 2025/01/10 19:28:43 WET [2025/01/10 14:28:43 ET]
Table 'Jiangxi II' 6-max Seat #6 is the button
Seat 4: PayTaxOrDie ($100 in chips) is sitting out
Seat 1: ImaPeppaPig ($105.71 in chips) 
Seat 3: vycmachris ($132 in chips) 
Seat 5: Manifestorr ($105.28 in chips) 
Seat 6: EyzRED ($111.09 in chips) 
ImaPeppaPig: posts small blind $0.50
vycmachris: posts big blind $1
PayTaxOrDie: sits out 
*** HOLE CARDS ***
Manifestorr: folds 
EyzRED: raises $1.50 to $2.50
ImaPeppaPig: folds 
vycmachris: folds 
Uncalled bet ($1.50) returned to EyzRED
EyzRED collected $2.50 from pot
EyzRED: doesn't show hand 
*** SUMMARY ***
Total pot $2.50 | Rake $0 
Seat 4: PayTaxOrDie
Seat 1: ImaPeppaPig (small blind) folded before Flop
Seat 3: vycmachris (big blind) folded before Flop
Seat 5: Manifestorr folded before Flop (didn't bet)
Seat 6: EyzRED (button) collected ($2.50)



PokerStars Hand #254299631303:  Hold'em No Limit ($0.50/$1.00 USD) - 2025/01/10 19:28:53 WET [2025/01/10 14:28:53 ET]
Table 'Jiangxi II' 6-max Seat #1 is the button
Seat 1: ImaPeppaPig ($105.21 in chips) 
Seat 3: vycmachris ($131 in chips) 
Seat 4: PayTaxOrDie ($100 in chips) 
Seat 5: Manifestorr ($105.28 in chips) 
Seat 6: EyzRED ($112.59 in chips) 
vycmachris: posts small blind $0.50
PayTaxOrDie: posts big blind $1
*** HOLE CARDS ***
Manifestorr: folds 
EyzRED: raises $1.20 to $2.20
ImaPeppaPig: folds 
vycmachris: folds 
PayTaxOrDie: folds 
Uncalled bet ($1.20) returned to EyzRED
EyzRED collected $2.50 from pot
EyzRED: doesn't show hand 
*** SUMMARY ***
Total pot $2.50 | Rake $0 
Seat 1: ImaPeppaPig (button) folded before Flop (didn't bet)
Seat 3: vycmachris (small blind) folded before Flop
Seat 4: PayTaxOrDie (big blind) folded before Flop
Seat 5: Manifestorr folded before Flop (didn't bet)
Seat 6: EyzRED collected ($2.50)



PokerStars Hand #254299637677:  Hold'em No Limit ($0.50/$1.00 USD) - 2025/01/10 19:29:14 WET [2025/01/10 14:29:14 ET]
Table 'Jiangxi II' 6-max Seat #3 is the button
Seat 1: ImaPeppaPig ($105.21 in chips) 
Seat 3: vycmachris ($130.50 in chips) 
Seat 4: PayTaxOrDie ($100 in chips) 
Seat 5: Manifestorr ($105.28 in chips) 
Seat 6: EyzRED ($114.09 in chips) 
PayTaxOrDie: posts small blind $0.50
Manifestorr: posts big blind $1
*** HOLE CARDS ***
EyzRED: folds 
ImaPeppaPig: raises $1.50 to $2.50
vycmachris: folds 
PayTaxOrDie: folds 
Manifestorr: folds 
Uncalled bet ($1.50) returned to ImaPeppaPig
ImaPeppaPig collected $2.50 from pot
ImaPeppaPig: doesn't show hand 
*** SUMMARY ***
Total pot $2.50 | Rake $0 
Seat 1: ImaPeppaPig collected ($2.50)
Seat 3: vycmachris (button) folded before Flop (didn't bet)
Seat 4: PayTaxOrDie (small blind) folded before Flop
Seat 5: Manifestorr (big blind) folded before Flop
Seat 6: EyzRED folded before Flop (didn't bet)



PokerStars Hand #254299643252:  Hold'em No Limit ($0.50/$1.00 USD) - 2025/01/10 19:29:32 WET [2025/01/10 14:29:32 ET]
Table 'Jiangxi II' 6-max Seat #4 is the button
Seat 1: ImaPeppaPig ($106.71 in chips) 
Seat 3: vycmachris ($130.50 in chips) 
Seat 4: PayTaxOrDie ($100 in chips) 
Seat 5: Manifestorr ($104.28 in chips) 
Seat 6: EyzRED ($114.09 in chips) 
Manifestorr: posts small blind $0.50
EyzRED: posts big blind $1
*** HOLE CARDS ***
ImaPeppaPig: folds 
vycmachris: folds 
PayTaxOrDie: raises $1.50 to $2.50
Manifestorr: folds 
EyzRED: folds 
Uncalled bet ($1.50) returned to PayTaxOrDie
PayTaxOrDie collected $2.50 from pot
PayTaxOrDie: doesn't show hand 
*** SUMMARY ***
Total pot $2.50 | Rake $0 
Seat 1: ImaPeppaPig folded before Flop (didn't bet)
Seat 3: vycmachris folded before Flop (didn't bet)
Seat 4: PayTaxOrDie (button) collected ($2.50)
Seat 5: Manifestorr (small blind) folded before Flop
Seat 6: EyzRED (big blind) folded before Flop



PokerStars Hand #254299648099:  Hold'em No Limit ($0.50/$1.00 USD) - 2025/01/10 19:29:47 WET [2025/01/10 14:29:47 ET]
Table 'Jiangxi II' 6-max Seat #5 is the button
Seat 1: ImaPeppaPig ($106.71 in chips) 
Seat 3: vycmachris ($130.50 in chips) 
Seat 4: PayTaxOrDie ($101.50 in chips) 
Seat 5: Manifestorr ($103.78 in chips) 
Seat 6: EyzRED ($113.09 in chips) 
EyzRED: posts small blind $0.50
ImaPeppaPig: posts big blind $1
*** HOLE CARDS ***
vycmachris: folds 
PayTaxOrDie: folds 
Manifestorr: folds 
EyzRED: folds 
Uncalled bet ($0.50) returned to ImaPeppaPig
ImaPeppaPig collected $1 from pot
ImaPeppaPig: doesn't show hand 
*** SUMMARY ***
Total pot $1 | Rake $0 
Seat 1: ImaPeppaPig (big blind) collected ($1)
Seat 3: vycmachris folded before Flop (didn't bet)
Seat 4: PayTaxOrDie folded before Flop (didn't bet)
Seat 5: Manifestorr (button) folded before Flop (didn't bet)
Seat 6: EyzRED (small blind) folded before Flop



PokerStars Hand #254299652363:  Hold'em No Limit ($0.50/$1.00 USD) - 2025/01/10 19:30:01 WET [2025/01/10 14:30:01 ET]
Table 'Jiangxi II' 6-max Seat #6 is the button
Seat 1: ImaPeppaPig ($107.21 in chips) 
Seat 3: vycmachris ($130.50 in chips) 
Seat 4: PayTaxOrDie ($101.50 in chips) 
Seat 5: Manifestorr ($103.78 in chips) 
Seat 6: EyzRED ($112.59 in chips) 
ImaPeppaPig: posts small blind $0.50
vycmachris: posts big blind $1
*** HOLE CARDS ***
PayTaxOrDie: folds 
Manifestorr: raises $1.20 to $2.20
EyzRED: folds 
ImaPeppaPig: folds 
vycmachris: folds 
Uncalled bet ($1.20) returned to Manifestorr
Manifestorr collected $2.50 from pot
*** SUMMARY ***
Total pot $2.50 | Rake $0 
Seat 1: ImaPeppaPig (small blind) folded before Flop
Seat 3: vycmachris (big blind) folded before Flop
Seat 4: PayTaxOrDie folded before Flop (didn't bet)
Seat 5: Manifestorr collected ($2.50)
Seat 6: EyzRED (button) folded before Flop (didn't bet)



PokerStars Hand #254299655913:  Hold'em No Limit ($0.50/$1.00 USD) - 2025/01/10 19:30:12 WET [2025/01/10 14:30:12 ET]
Table 'Jiangxi II' 6-max Seat #1 is the button
Seat 4: PayTaxOrDie ($101.50 in chips) is sitting out
Seat 1: ImaPeppaPig ($106.71 in chips) 
Seat 3: vycmachris ($129.50 in chips) 
Seat 5: Manifestorr ($105.28 in chips) 
Seat 6: EyzRED ($112.59 in chips) 
vycmachris: posts small blind $0.50
PayTaxOrDie: is sitting out 
Manifestorr: posts big blind $1
*** HOLE CARDS ***
EyzRED: folds 
ImaPeppaPig: raises $1.50 to $2.50
vycmachris: folds 
Manifestorr: calls $1.50
*** FLOP *** [9c 9d Ks]
Manifestorr: checks 
ImaPeppaPig: bets $1.62
Manifestorr: folds 
Uncalled bet ($1.62) returned to ImaPeppaPig
ImaPeppaPig collected $5.22 from pot
PayTaxOrDie leaves the table
ImaPeppaPig: doesn't show hand 
*** SUMMARY ***
Total pot $5.50 | Rake $0.28 
Board [9c 9d Ks]
Seat 4: PayTaxOrDie
Seat 1: ImaPeppaPig (button) collected ($5.22)
Seat 3: vycmachris (small blind) folded before Flop
Seat 5: Manifestorr (big blind) folded on the Flop
Seat 6: EyzRED folded before Flop (didn't bet)



PokerStars Hand #254299660847:  Hold'em No Limit ($0.50/$1.00 USD) - 2025/01/10 19:30:28 WET [2025/01/10 14:30:28 ET]
Table 'Jiangxi II' 6-max Seat #3 is the button
Seat 1: ImaPeppaPig ($109.43 in chips) 
Seat 3: vycmachris ($129 in chips) 
Seat 5: Manifestorr ($102.78 in chips) 
Seat 6: EyzRED ($112.59 in chips) 
Manifestorr: posts small blind $0.50
EyzRED: posts big blind $1
*** HOLE CARDS ***
ImaPeppaPig: raises $1.50 to $2.50
vycmachris: calls $2.50
Manifestorr: folds 
EyzRED: folds 
*** FLOP *** [3c 4h 5h]
ImaPeppaPig: checks 
vycmachris: checks 
*** TURN *** [3c 4h 5h] [5s]
ImaPeppaPig: bets $5
Mr_Dick666 joins the table at seat #2 
adriel12347 joins the table at seat #4 
adriel12347 is disconnected 
vycmachris: calls $5
*** RIVER *** [3c 4h 5h 5s] [Td]
ImaPeppaPig: bets $20.07
vycmachris: raises $20.07 to $40.14
ImaPeppaPig: raises $61.79 to $101.93 and is all-in
vycmachris: calls $61.79
*** SHOW DOWN ***
ImaPeppaPig: shows [Tc Th] (a full house, Tens full of Fives)
vycmachris: shows [6d 7s] (a straight, Three to Seven)
ImaPeppaPig collected $219.36 from pot
*** SUMMARY ***
Total pot $220.36 | Rake $1 
Board [3c 4h 5h 5s Td]
Seat 1: ImaPeppaPig showed [Tc Th] and won ($219.36) with a full house, Tens full of Fives
Seat 3: vycmachris (button) showed [6d 7s] and lost with a straight, Three to Seven
Seat 5: Manifestorr (small blind) folded before Flop
Seat 6: EyzRED (big blind) folded before Flop



PokerStars Hand #254299681127:  Hold'em No Limit ($0.50/$1.00 USD) - 2025/01/10 19:31:33 WET [2025/01/10 14:31:33 ET]
Table 'Jiangxi II' 6-max Seat #5 is the button
Seat 2: Mr_Dick666 ($100 in chips) is sitting out
Seat 1: ImaPeppaPig ($219.36 in chips) 
Seat 3: vycmachris ($19.57 in chips) 
Seat 4: adriel12347 ($40 in chips) 
Seat 5: Manifestorr ($102.28 in chips) 
Seat 6: EyzRED ($111.59 in chips) 
EyzRED: posts small blind $0.50
ImaPeppaPig: posts big blind $1
Mr_Dick666: sits out 
adriel12347: posts big blind $1
*** HOLE CARDS ***
vycmachris: folds 
adriel12347: checks 
Manifestorr: raises $3 to $4
vycmachris leaves the table
EyzRED: folds 
ImaPeppaPig: folds 
adriel12347: calls $3
*** FLOP *** [Qh Ks 7c]
adriel12347: checks 
Evelexy1 joins the table at seat #3 
Manifestorr: bets $4.51
adriel12347: folds 
Uncalled bet ($4.51) returned to Manifestorr
Manifestorr collected $9.02 from pot
*** SUMMARY ***
Total pot $9.50 | Rake $0.48 
Board [Qh Ks 7c]
Seat 2: Mr_Dick666
Seat 1: ImaPeppaPig (big blind) folded before Flop
Seat 3: vycmachris folded before Flop (didn't bet)
Seat 4: adriel12347 folded on the Flop
Seat 5: Manifestorr (button) collected ($9.02)
Seat 6: EyzRED (small blind) folded before Flop



PokerStars Hand #254299699181:  Hold'em No Limit ($0.50/$1.00 USD) - 2025/01/10 19:32:31 WET [2025/01/10 14:32:31 ET]
Table 'Jiangxi II' 6-max Seat #6 is the button
Seat 3: Evelexy1 ($100 in chips) is sitting out
Seat 1: ImaPeppaPig ($218.36 in chips) 
Seat 2: Mr_Dick666 ($100 in chips) 
Seat 4: adriel12347 ($36 in chips) 
Seat 5: Manifestorr ($107.30 in chips) 
Seat 6: EyzRED ($111.09 in chips) 
ImaPeppaPig: posts small blind $0.50
Mr_Dick666: posts big blind $1
Evelexy1: sits out 
*** HOLE CARDS ***
adriel12347: calls $1
Manifestorr: folds 
EyzRED: raises $2.50 to $3.50
ImaPeppaPig: folds 
Mr_Dick666: folds 
adriel12347: calls $2.50
*** FLOP *** [Ac Kd Qc]
adriel12347: checks 
EyzRED: bets $2.34
adriel12347: folds 
Uncalled bet ($2.34) returned to EyzRED
EyzRED collected $8.08 from pot
EyzRED: doesn't show hand 
*** SUMMARY ***
Total pot $8.50 | Rake $0.42 
Board [Ac Kd Qc]
Seat 3: Evelexy1
Seat 1: ImaPeppaPig (small blind) folded before Flop
Seat 2: Mr_Dick666 (big blind) folded before Flop
Seat 4: adriel12347 folded on the Flop
Seat 5: Manifestorr folded before Flop (didn't bet)
Seat 6: EyzRED (button) collected ($8.08)



PokerStars Hand #254299708123:  Hold'em No Limit ($0.50/$1.00 USD) - 2025/01/10 19:33:00 WET [2025/01/10 14:33:00 ET]
Table 'Jiangxi II' 6-max Seat #1 is the button
Seat 1: ImaPeppaPig ($217.86 in chips) 
Seat 2: Mr_Dick666 ($100 in chips) 
Seat 3: Evelexy1 ($100 in chips) 
Seat 4: adriel12347 ($32.50 in chips) 
Seat 5: Manifestorr ($107.30 in chips) 
Seat 6: EyzRED ($115.67 in chips) 
Mr_Dick666: posts small blind $0.50
Evelexy1: posts big blind $1
*** HOLE CARDS ***
adriel12347: folds 
Manifestorr: raises $1.20 to $2.20
EyzRED: folds 
ImaPeppaPig: folds 
Mr_Dick666: folds 
Evelexy1: calls $1.20
*** FLOP *** [2c Td 5d]
Evelexy1: checks 
Manifestorr: bets $2.33
Evelexy1: calls $2.33
*** TURN *** [2c Td 5d] [2d]
Evelexy1: checks 
Manifestorr: bets $6.81
Evelexy1: calls $6.81
*** RIVER *** [2c Td 5d 2d] [9h]
Evelexy1: checks 
Manifestorr: bets $16.52
Evelexy1: calls $16.52
*** SHOW DOWN ***
Manifestorr: shows [9d Jd] (a flush, Jack high)
Evelexy1: shows [Kd 7d] (a flush, King high)
Evelexy1 collected $53.72 from pot
*** SUMMARY ***
Total pot $56.22 | Rake $2.50 
Board [2c Td 5d 2d 9h]
Seat 1: ImaPeppaPig (button) folded before Flop (didn't bet)
Seat 2: Mr_Dick666 (small blind) folded before Flop
Seat 3: Evelexy1 (big blind) showed [Kd 7d] and won ($53.72) with a flush, King high
Seat 4: adriel12347 folded before Flop (didn't bet)
Seat 5: Manifestorr showed [9d Jd] and lost with a flush, Jack high
Seat 6: EyzRED folded before Flop (didn't bet)



PokerStars Hand #254299723231:  Hold'em No Limit ($0.50/$1.00 USD) - 2025/01/10 19:33:49 WET [2025/01/10 14:33:49 ET]
Table 'Jiangxi II' 6-max Seat #2 is the button
Seat 1: ImaPeppaPig ($217.86 in chips) 
Seat 2: Mr_Dick666 ($100 in chips) 
Seat 3: Evelexy1 ($125.86 in chips) 
Seat 4: adriel12347 ($32.50 in chips) 
Seat 5: Manifestorr ($100 in chips) 
Seat 6: EyzRED ($115.67 in chips) 
Evelexy1: posts small blind $0.50
adriel12347: posts big blind $1
*** HOLE CARDS ***
Manifestorr: folds 
EyzRED: raises $1.20 to $2.20
ImaPeppaPig: folds 
Mr_Dick666: folds 
Evelexy1: folds 
adriel12347: calls $1.20
*** FLOP *** [Tc 3h 8h]
adriel12347: checks 
EyzRED: checks 
*** TURN *** [Tc 3h 8h] [8d]
adriel12347: checks 
EyzRED: bets $1.35
adriel12347: calls $1.35
*** RIVER *** [Tc 3h 8h 8d] [Kh]
adriel12347: checks 
EyzRED: bets $5.13
adriel12347: folds 
Uncalled bet ($5.13) returned to EyzRED
EyzRED collected $7.22 from pot
EyzRED: doesn't show hand 
*** SUMMARY ***
Total pot $7.60 | Rake $0.38 
Board [Tc 3h 8h 8d Kh]
Seat 1: ImaPeppaPig folded before Flop (didn't bet)
Seat 2: Mr_Dick666 (button) folded before Flop (didn't bet)
Seat 3: Evelexy1 (small blind) folded before Flop
Seat 4: adriel12347 (big blind) folded on the River
Seat 5: Manifestorr folded before Flop (didn't bet)
Seat 6: EyzRED collected ($7.22)



PokerStars Hand #254299740149:  Hold'em No Limit ($0.50/$1.00 USD) - 2025/01/10 19:34:43 WET [2025/01/10 14:34:43 ET]
Table 'Jiangxi II' 6-max Seat #3 is the button
Seat 1: ImaPeppaPig ($217.86 in chips) 
Seat 2: Mr_Dick666 ($100 in chips) 
Seat 3: Evelexy1 ($125.36 in chips) 
Seat 4: adriel12347 ($28.95 in chips) 
Seat 5: Manifestorr ($100 in chips) 
Seat 6: EyzRED ($119.34 in chips) 
adriel12347: posts small blind $0.50
Manifestorr: posts big blind $1
*** HOLE CARDS ***
EyzRED: folds 
ImaPeppaPig: folds 
Mr_Dick666: folds 
Evelexy1: raises $1.50 to $2.50
adriel12347: folds 
Manifestorr: folds 
Uncalled bet ($1.50) returned to Evelexy1
Evelexy1 collected $2.50 from pot
Evelexy1: doesn't show hand 
*** SUMMARY ***
Total pot $2.50 | Rake $0 
Seat 1: ImaPeppaPig folded before Flop (didn't bet)
Seat 2: Mr_Dick666 folded before Flop (didn't bet)
Seat 3: Evelexy1 (button) collected ($2.50)
Seat 4: adriel12347 (small blind) folded before Flop
Seat 5: Manifestorr (big blind) folded before Flop
Seat 6: EyzRED folded before Flop (didn't bet)



PokerStars Hand #254299743515:  Hold'em No Limit ($0.50/$1.00 USD) - 2025/01/10 19:34:54 WET [2025/01/10 14:34:54 ET]
Table 'Jiangxi II' 6-max Seat #4 is the button
Seat 1: ImaPeppaPig ($217.86 in chips) 
Seat 2: Mr_Dick666 ($100 in chips) 
Seat 3: Evelexy1 ($126.86 in chips) 
Seat 4: adriel12347 ($28.45 in chips) 
Seat 5: Manifestorr ($100 in chips) 
Seat 6: EyzRED ($119.34 in chips) 
Manifestorr: posts small blind $0.50
EyzRED: posts big blind $1
*** HOLE CARDS ***
ImaPeppaPig: raises $1 to $2
Mr_Dick666: folds 
Evelexy1: folds 
Evelexy1 leaves the table
adriel12347: calls $2
Manifestorr: folds 
EyzRED: folds 
*** FLOP *** [Td Qc 8s]
ImaPeppaPig: checks 
adriel12347: checks 
*** TURN *** [Td Qc 8s] [9c]
ImaPeppaPig: bets $3.97
adriel12347: calls $3.97
*** RIVER *** [Td Qc 8s 9c] [Ac]
ImaPeppaPig: bets $211.89 and is all-in
adriel12347: calls $22.48 and is all-in
Uncalled bet ($189.41) returned to ImaPeppaPig
*** SHOW DOWN ***
ImaPeppaPig: shows [Kd Js] (a straight, Ten to Ace)
adriel12347: shows [Ts 8d] (two pair, Tens and Eights)
ImaPeppaPig collected $55.90 from pot
michasia joins the table at seat #3 
*** SUMMARY ***
Total pot $58.40 | Rake $2.50 
Board [Td Qc 8s 9c Ac]
Seat 1: ImaPeppaPig showed [Kd Js] and won ($55.90) with a straight, Ten to Ace
Seat 2: Mr_Dick666 folded before Flop (didn't bet)
Seat 3: Evelexy1 folded before Flop (didn't bet)
Seat 4: adriel12347 (button) showed [Ts 8d] and lost with two pair, Tens and Eights
Seat 5: Manifestorr (small blind) folded before Flop
Seat 6: EyzRED (big blind) folded before Flop



PokerStars Hand #254299752626:  Hold'em No Limit ($0.50/$1.00 USD) - 2025/01/10 19:35:23 WET [2025/01/10 14:35:23 ET]
Table 'Jiangxi II' 6-max Seat #5 is the button
Seat 3: michasia ($101.40 in chips) is sitting out
Seat 4: adriel12347 ($0 in chips) is sitting out
Seat 1: ImaPeppaPig ($245.31 in chips) 
Seat 2: Mr_Dick666 ($100 in chips) 
Seat 5: Manifestorr ($100 in chips) 
Seat 6: EyzRED ($118.34 in chips) 
EyzRED: posts small blind $0.50
ImaPeppaPig: posts big blind $1
michasia: sits out 
*** HOLE CARDS ***
Mr_Dick666: raises $1.50 to $2.50
adriel12347 is disconnected 
Manifestorr: folds 
EyzRED: folds 
ImaPeppaPig: calls $1.50
*** FLOP *** [6s 7d 3c]
ImaPeppaPig: checks 
Mr_Dick666: checks 
*** TURN *** [6s 7d 3c] [Js]
ImaPeppaPig: checks 
Mr_Dick666: bets $2.09
ImaPeppaPig: folds 
Uncalled bet ($2.09) returned to Mr_Dick666
Mr_Dick666 collected $5.22 from pot
Mr_Dick666: doesn't show hand 
*** SUMMARY ***
Total pot $5.50 | Rake $0.28 
Board [6s 7d 3c Js]
Seat 3: michasia
Seat 4: adriel12347
Seat 1: ImaPeppaPig (big blind) folded on the Turn
Seat 2: Mr_Dick666 collected ($5.22)
Seat 5: Manifestorr (button) folded before Flop (didn't bet)
Seat 6: EyzRED (small blind) folded before Flop



PokerStars Hand #254299765299:  Hold'em No Limit ($0.50/$1.00 USD) - 2025/01/10 19:36:03 WET [2025/01/10 14:36:03 ET]
Table 'Jiangxi II' 6-max Seat #6 is the button
Seat 2: Mr_Dick666 ($102.72 in chips) is sitting out
Seat 4: adriel12347 ($0 in chips) is sitting out
Seat 1: ImaPeppaPig ($242.81 in chips) 
Seat 3: michasia ($101.40 in chips) 
Seat 5: Manifestorr ($100 in chips) 
Seat 6: EyzRED ($117.84 in chips) 
ImaPeppaPig: posts small blind $0.50
Mr_Dick666: is sitting out 
michasia: posts big blind $1
*** HOLE CARDS ***
Manifestorr: folds 
EyzRED: folds 
Mr_Dick666 leaves the table
ImaPeppaPig: raises $2 to $3
michasia: raises $6 to $9
ImaPeppaPig: folds 
Uncalled bet ($6) returned to michasia
michasia collected $6 from pot
michasia: doesn't show hand 
*** SUMMARY ***
Total pot $6 | Rake $0 
Seat 2: Mr_Dick666
Seat 4: adriel12347
Seat 1: ImaPeppaPig (small blind) folded before Flop
Seat 3: michasia (big blind) collected ($6)
Seat 5: Manifestorr folded before Flop (didn't bet)
Seat 6: EyzRED (button) folded before Flop (didn't bet)



PokerStars Hand #254299771455:  Hold'em No Limit ($0.50/$1.00 USD) - 2025/01/10 19:36:23 WET [2025/01/10 14:36:23 ET]
Table 'Jiangxi II' 6-max Seat #3 is the button
Seat 4: adriel12347 ($0 in chips) is sitting out
Seat 5: Manifestorr ($100 in chips) is sitting out
Seat 6: EyzRED ($117.84 in chips) is sitting out
Seat 1: ImaPeppaPig ($239.81 in chips) 
Seat 3: michasia ($104.40 in chips) 
michasia: posts small blind $0.50
Manifestorr: is sitting out 
EyzRED: is sitting out 
ImaPeppaPig: posts big blind $1
*** HOLE CARDS ***
Manifestorr leaves the table
michasia: raises $1.80 to $2.80
ImaPeppaPig: folds 
Uncalled bet ($1.80) returned to michasia
michasia collected $2 from pot
michasia: doesn't show hand 
*** SUMMARY ***
Total pot $2 | Rake $0 
Seat 4: adriel12347
Seat 5: Manifestorr
Seat 6: EyzRED
Seat 1: ImaPeppaPig (big blind) folded before Flop
Seat 3: michasia (button) (small blind) collected ($2)



PokerStars Hand #254299774722:  Hold'em No Limit ($0.50/$1.00 USD) - 2025/01/10 19:36:33 WET [2025/01/10 14:36:33 ET]
Table 'Jiangxi II' 6-max Seat #1 is the button
Seat 4: adriel12347 ($0 in chips) is sitting out
Seat 6: EyzRED ($117.84 in chips) is sitting out
Seat 1: ImaPeppaPig ($238.81 in chips) 
Seat 3: michasia ($105.40 in chips) 
ImaPeppaPig: posts small blind $0.50
michasia: posts big blind $1
*** HOLE CARDS ***
EyzRED leaves the table
ImaPeppaPig: folds 
Uncalled bet ($0.50) returned to michasia
michasia collected $1 from pot
michasia: doesn't show hand 
*** SUMMARY ***
Total pot $1 | Rake $0 
Seat 4: adriel12347
Seat 6: EyzRED
Seat 1: ImaPeppaPig (button) (small blind) folded before Flop
Seat 3: michasia (big blind) collected ($1)



PokerStars Hand #254299776907:  Hold'em No Limit ($0.50/$1.00 USD) - 2025/01/10 19:36:39 WET [2025/01/10 14:36:39 ET]
Table 'Jiangxi II' 6-max Seat #3 is the button
Seat 4: adriel12347 ($0 in chips) is sitting out
Seat 1: ImaPeppaPig ($238.31 in chips) 
Seat 3: michasia ($105.90 in chips) 
michasia: posts small blind $0.50
ImaPeppaPig: posts big blind $1
*** HOLE CARDS ***
michasia: raises $1.80 to $2.80
ImaPeppaPig: folds 
Uncalled bet ($1.80) returned to michasia
michasia collected $2 from pot
michasia: doesn't show hand 
*** SUMMARY ***
Total pot $2 | Rake $0 
Seat 4: adriel12347
Seat 1: ImaPeppaPig (big blind) folded before Flop
Seat 3: michasia (button) (small blind) collected ($2)



PokerStars Hand #254300001692:  Hold'em No Limit ($0.50/$1.00 USD) - 2025/01/10 19:48:41 WET [2025/01/10 14:48:41 ET]
Table 'Jiangxi II' 6-max Seat #5 is the button
Seat 4: KarP93 ($100 in chips) is sitting out
Seat 1: tukeiron ($100 in chips) 
Seat 2: Zvst ($100 in chips) 
Seat 3: dreimis190 ($100 in chips) 
Seat 5: GuigaMan ($100 in chips) 
Seat 6: Gfoer ($100 in chips) 
Gfoer: posts small blind $0.50
tukeiron: posts big blind $1
*** HOLE CARDS ***
KarP93 leaves the table
Zvst: folds 
dreimis190: folds 
GuigaMan: folds 
Gfoer: folds 
Uncalled bet ($0.50) returned to tukeiron
tukeiron collected $1 from pot
*** SUMMARY ***
Total pot $1 | Rake $0 
Seat 4: KarP93
Seat 1: tukeiron (big blind) collected ($1)
Seat 2: Zvst folded before Flop (didn't bet)
Seat 3: dreimis190 folded before Flop (didn't bet)
Seat 5: GuigaMan (button) folded before Flop (didn't bet)
Seat 6: Gfoer (small blind) folded before Flop



PokerStars Hand #254300004844:  Hold'em No Limit ($0.50/$1.00 USD) - 2025/01/10 19:48:51 WET [2025/01/10 14:48:51 ET]
Table 'Jiangxi II' 6-max Seat #6 is the button
Seat 1: tukeiron ($100.50 in chips) 
Seat 2: Zvst ($100 in chips) 
Seat 3: dreimis190 ($100 in chips) 
Seat 5: GuigaMan ($100 in chips) 
Seat 6: Gfoer ($100 in chips) 
tukeiron: posts small blind $0.50
Zvst: posts big blind $1
*** HOLE CARDS ***
Tato0802 joins the table at seat #4 
Tato0802 is disconnected 
dreimis190: folds 
GuigaMan: folds 
Gfoer: folds 
tukeiron: raises $2 to $3
Zvst: folds 
Uncalled bet ($2) returned to tukeiron
tukeiron collected $2 from pot
*** SUMMARY ***
Total pot $2 | Rake $0 
Seat 1: tukeiron (small blind) collected ($2)
Seat 2: Zvst (big blind) folded before Flop
Seat 3: dreimis190 folded before Flop (didn't bet)
Seat 5: GuigaMan folded before Flop (didn't bet)
Seat 6: Gfoer (button) folded before Flop (didn't bet)



PokerStars Hand #254300010726:  Hold'em No Limit ($0.50/$1.00 USD) - 2025/01/10 19:49:10 WET [2025/01/10 14:49:10 ET]
Table 'Jiangxi II' 6-max Seat #1 is the button
Seat 1: tukeiron ($101.50 in chips) 
Seat 2: Zvst ($100 in chips) 
Seat 3: dreimis190 ($100 in chips) 
Seat 4: Tato0802 ($48.20 in chips) 
Seat 5: GuigaMan ($100 in chips) 
Seat 6: Gfoer ($100 in chips) 
Zvst: posts small blind $0.50
dreimis190: posts big blind $1
Tato0802: posts big blind $1
*** HOLE CARDS ***
Tato0802: raises $2 to $3
GuigaMan: folds 
Gfoer: folds 
tukeiron: raises $6 to $9
Zvst: folds 
dreimis190: raises $13.50 to $22.50
Tato0802: folds 
tukeiron: folds 
Uncalled bet ($13.50) returned to dreimis190
dreimis190 collected $21.50 from pot
dreimis190: doesn't show hand 
*** SUMMARY ***
Total pot $21.50 | Rake $0 
Seat 1: tukeiron (button) folded before Flop
Seat 2: Zvst (small blind) folded before Flop
Seat 3: dreimis190 (big blind) collected ($21.50)
Seat 4: Tato0802 folded before Flop
Seat 5: GuigaMan folded before Flop (didn't bet)
Seat 6: Gfoer folded before Flop (didn't bet)



PokerStars Hand #254300029639:  Hold'em No Limit ($0.50/$1.00 USD) - 2025/01/10 19:50:12 WET [2025/01/10 14:50:12 ET]
Table 'Jiangxi II' 6-max Seat #2 is the button
Seat 1: tukeiron ($100 in chips) 
Seat 2: Zvst ($100 in chips) 
Seat 3: dreimis190 ($112.50 in chips) 
Seat 4: Tato0802 ($45.20 in chips) 
Seat 5: GuigaMan ($100 in chips) 
Seat 6: Gfoer ($100 in chips) 
dreimis190: posts small blind $0.50
Tato0802: posts big blind $1
*** HOLE CARDS ***
GuigaMan: folds 
Gfoer: folds 
tukeiron: folds 
Zvst: folds 
dreimis190: raises $2 to $3
Tato0802: raises $6 to $9
dreimis190: raises $72 to $81
Tato0802: calls $36.20 and is all-in
Uncalled bet ($35.80) returned to dreimis190
*** FLOP *** [8d 2h 4c]
*** TURN *** [8d 2h 4c] [4d]
*** RIVER *** [8d 2h 4c 4d] [Th]
*** SHOW DOWN ***
dreimis190: shows [9c 9d] (two pair, Nines and Fours)
Tato0802: shows [Jc Kd] (a pair of Fours)
dreimis190 collected $87.90 from pot
*** SUMMARY ***
Total pot $90.40 | Rake $2.50 
Board [8d 2h 4c 4d Th]
Seat 1: tukeiron folded before Flop (didn't bet)
Seat 2: Zvst (button) folded before Flop (didn't bet)
Seat 3: dreimis190 (small blind) showed [9c 9d] and won ($87.90) with two pair, Nines and Fours
Seat 4: Tato0802 (big blind) showed [Jc Kd] and lost with a pair of Fours
Seat 5: GuigaMan folded before Flop (didn't bet)
Seat 6: Gfoer folded before Flop (didn't bet)



PokerStars Hand #254300038344:  Hold'em No Limit ($0.50/$1.00 USD) - 2025/01/10 19:50:40 WET [2025/01/10 14:50:40 ET]
Table 'Jiangxi II' 6-max Seat #3 is the button
Seat 4: Tato0802 ($0 in chips) is sitting out
Seat 1: tukeiron ($100 in chips) 
Seat 2: Zvst ($100 in chips) 
Seat 3: dreimis190 ($155.20 in chips) 
Seat 5: GuigaMan ($100 in chips) 
Seat 6: Gfoer ($100 in chips) 
GuigaMan: posts small blind $0.50
Gfoer: posts big blind $1
*** HOLE CARDS ***
tukeiron: folds 
Zvst: folds 
dreimis190: raises $1.50 to $2.50
GuigaMan: folds 
Gfoer: calls $1.50
*** FLOP *** [9h Jh 7d]
Gfoer: checks 
dreimis190: bets $1.22
Gfoer: calls $1.22
*** TURN *** [9h Jh 7d] [2d]
Gfoer: checks 
dreimis190: checks 
*** RIVER *** [9h Jh 7d 2d] [Th]
Gfoer: bets $11.06
dreimis190: folds 
Uncalled bet ($11.06) returned to Gfoer
Gfoer collected $7.54 from pot
Gfoer: doesn't show hand 
*** SUMMARY ***
Total pot $7.94 | Rake $0.40 
Board [9h Jh 7d 2d Th]
Seat 4: Tato0802
Seat 1: tukeiron folded before Flop (didn't bet)
Seat 2: Zvst folded before Flop (didn't bet)
Seat 3: dreimis190 (button) folded on the River
Seat 5: GuigaMan (small blind) folded before Flop
Seat 6: Gfoer (big blind) collected ($7.54)



PokerStars Hand #254300057652:  Hold'em No Limit ($0.50/$1.00 USD) - 2025/01/10 19:51:42 WET [2025/01/10 14:51:42 ET]
Table 'Jiangxi II' 6-max Seat #5 is the button
Seat 1: tukeiron ($100 in chips) 
Seat 2: Zvst ($100 in chips) 
Seat 3: dreimis190 ($151.48 in chips) 
Seat 4: Tato0802 ($85.13 in chips) 
Seat 5: GuigaMan ($100 in chips) 
Seat 6: Gfoer ($103.82 in chips) 
Gfoer: posts small blind $0.50
tukeiron: posts big blind $1
Tato0802: posts small blind $0.50
*** HOLE CARDS ***
Zvst: folds 
dreimis190: raises $1 to $2
Tato0802: folds 
GuigaMan: folds 
Gfoer: folds 
tukeiron: calls $1
*** FLOP *** [As 3s Ad]
tukeiron: checks 
dreimis190: bets $1.07
tukeiron: calls $1.07
*** TURN *** [As 3s Ad] [6c]
tukeiron: checks 
dreimis190: checks 
*** RIVER *** [As 3s Ad 6c] [7c]
tukeiron: checks 
dreimis190: checks 
*** SHOW DOWN ***
tukeiron: shows [Ks Qd] (a pair of Aces)
dreimis190: mucks hand 
tukeiron collected $6.78 from pot
*** SUMMARY ***
Total pot $7.14 | Rake $0.36 
Board [As 3s Ad 6c 7c]
Seat 1: tukeiron (big blind) showed [Ks Qd] and won ($6.78) with a pair of Aces
Seat 2: Zvst folded before Flop (didn't bet)
Seat 3: dreimis190 mucked
Seat 4: Tato0802 folded before Flop (didn't bet)
Seat 5: GuigaMan (button) folded before Flop (didn't bet)
Seat 6: Gfoer (small blind) folded before Flop



PokerStars Hand #254300072014:  Hold'em No Limit ($0.50/$1.00 USD) - 2025/01/10 19:52:28 WET [2025/01/10 14:52:28 ET]
Table 'Jiangxi II' 6-max Seat #6 is the button
Seat 1: tukeiron ($103.71 in chips) 
Seat 2: Zvst ($100 in chips) 
Seat 3: dreimis190 ($148.41 in chips) 
Seat 4: Tato0802 ($84.63 in chips) 
Seat 5: GuigaMan ($100 in chips) 
Seat 6: Gfoer ($103.32 in chips) 
tukeiron: posts small blind $0.50
Zvst: posts big blind $1
*** HOLE CARDS ***
dreimis190: folds 
Tato0802: raises $2 to $3
GuigaMan: folds 
Gfoer: folds 
tukeiron: raises $7 to $10
Zvst: folds 
Tato0802: calls $7
*** FLOP *** [Qs 2s 6s]
tukeiron: bets $6.58
Tato0802: calls $6.58
*** TURN *** [Qs 2s 6s] [Jc]
tukeiron: bets $16.23
Tato0802: raises $16.23 to $32.46
tukeiron: calls $16.23
*** RIVER *** [Qs 2s 6s Jc] [6d]
tukeiron: checks 
Tato0802: bets $35.59 and is all-in
tukeiron: calls $35.59
*** SHOW DOWN ***
Tato0802: shows [Kh Th] (a pair of Sixes)
tukeiron: shows [Js Ts] (a flush, Queen high)
tukeiron collected $167.76 from pot
*** SUMMARY ***
Total pot $170.26 | Rake $2.50 
Board [Qs 2s 6s Jc 6d]
Seat 1: tukeiron (small blind) showed [Js Ts] and won ($167.76) with a flush, Queen high
Seat 2: Zvst (big blind) folded before Flop
Seat 3: dreimis190 folded before Flop (didn't bet)
Seat 4: Tato0802 showed [Kh Th] and lost with a pair of Sixes
Seat 5: GuigaMan folded before Flop (didn't bet)
Seat 6: Gfoer (button) folded before Flop (didn't bet)



PokerStars Hand #254300092163:  Hold'em No Limit ($0.50/$1.00 USD) - 2025/01/10 19:53:33 WET [2025/01/10 14:53:33 ET]
Table 'Jiangxi II' 6-max Seat #1 is the button
Seat 4: Tato0802 ($0 in chips) is sitting out
Seat 1: tukeiron ($186.84 in chips) 
Seat 2: Zvst ($100 in chips) 
Seat 3: dreimis190 ($148.41 in chips) 
Seat 5: GuigaMan ($100 in chips) 
Seat 6: Gfoer ($103.32 in chips) 
Zvst: posts small blind $0.50
dreimis190: posts big blind $1
*** HOLE CARDS ***
Tato0802 is disconnected 
GuigaMan: folds 
Gfoer: folds 
tukeiron: raises $1.50 to $2.50
Zvst: folds 
dreimis190: calls $1.50
*** FLOP *** [5h Jc Ah]
dreimis190: checks 
tukeiron: checks 
*** TURN *** [5h Jc Ah] [4h]
dreimis190: bets $1.22
tukeiron: calls $1.22
*** RIVER *** [5h Jc Ah 4h] [5c]
dreimis190: checks 
tukeiron: bets $11.31
dreimis190: folds 
Uncalled bet ($11.31) returned to tukeiron
tukeiron collected $7.54 from pot
*** SUMMARY ***
Total pot $7.94 | Rake $0.40 
Board [5h Jc Ah 4h 5c]
Seat 4: Tato0802
Seat 1: tukeiron (button) collected ($7.54)
Seat 2: Zvst (small blind) folded before Flop
Seat 3: dreimis190 (big blind) folded on the River
Seat 5: GuigaMan folded before Flop (didn't bet)
Seat 6: Gfoer folded before Flop (didn't bet)



PokerStars Hand #254300116000:  Hold'em No Limit ($0.50/$1.00 USD) - 2025/01/10 19:54:50 WET [2025/01/10 14:54:50 ET]
Table 'Jiangxi II' 6-max Seat #2 is the button
Seat 4: Tato0802 ($0 in chips) is sitting out
Seat 1: tukeiron ($190.66 in chips) 
Seat 2: Zvst ($100 in chips) 
Seat 3: dreimis190 ($144.69 in chips) 
Seat 5: GuigaMan ($100 in chips) 
Seat 6: Gfoer ($103.32 in chips) 
dreimis190: posts small blind $0.50
GuigaMan: posts big blind $1
*** HOLE CARDS ***
Gfoer: folds 
tukeiron: folds 
Zvst: folds 
dreimis190: folds 
Uncalled bet ($0.50) returned to GuigaMan
GuigaMan collected $1 from pot
GuigaMan: doesn't show hand 
*** SUMMARY ***
Total pot $1 | Rake $0 
Seat 4: Tato0802
Seat 1: tukeiron folded before Flop (didn't bet)
Seat 2: Zvst (button) folded before Flop (didn't bet)
Seat 3: dreimis190 (small blind) folded before Flop
Seat 5: GuigaMan (big blind) collected ($1)
Seat 6: Gfoer folded before Flop (didn't bet)



PokerStars Hand #254300122375:  Hold'em No Limit ($0.50/$1.00 USD) - 2025/01/10 19:55:13 WET [2025/01/10 14:55:13 ET]
Table 'Jiangxi II' 6-max Seat #3 is the button
Seat 4: Tato0802 ($0 in chips) is sitting out
Seat 6: Gfoer ($103.32 in chips) is sitting out
Seat 1: tukeiron ($190.66 in chips) 
Seat 2: Zvst ($100 in chips) 
Seat 3: dreimis190 ($144.19 in chips) 
Seat 5: GuigaMan ($100.50 in chips) 
GuigaMan: posts small blind $0.50
Gfoer: is sitting out 
tukeiron: posts big blind $1
*** HOLE CARDS ***
Gfoer leaves the table
Zvst: folds 
dreimis190: folds 
GuigaMan: raises $2 to $3
tukeiron: folds 
Uncalled bet ($2) returned to GuigaMan
GuigaMan collected $2 from pot
GuigaMan: doesn't show hand 
*** SUMMARY ***
Total pot $2 | Rake $0 
Seat 4: Tato0802
Seat 6: Gfoer
Seat 1: tukeiron (big blind) folded before Flop
Seat 2: Zvst folded before Flop (didn't bet)
Seat 3: dreimis190 (button) folded before Flop (didn't bet)
Seat 5: GuigaMan (small blind) collected ($2)



PokerStars Hand #254300126095:  Hold'em No Limit ($0.50/$1.00 USD) - 2025/01/10 19:55:30 WET [2025/01/10 14:55:30 ET]
Table 'Jiangxi II' 6-max Seat #5 is the button
Seat 4: Tato0802 ($0 in chips) is sitting out
Seat 1: tukeiron ($189.66 in chips) 
Seat 2: Zvst ($100 in chips) 
Seat 3: dreimis190 ($144.19 in chips) 
Seat 5: GuigaMan ($101.50 in chips) 
tukeiron: posts small blind $0.50
Zvst: posts big blind $1
*** HOLE CARDS ***
dreimis190: raises $1.50 to $2.50
kars0n joins the table at seat #6 
GuigaMan: folds 
tukeiron: folds 
Zvst: calls $1.50
*** FLOP *** [Th 3c Kh]
Zvst: checks 
dreimis190: checks 
*** TURN *** [Th 3c Kh] [Ks]
Zvst: checks 
dreimis190: checks 
*** RIVER *** [Th 3c Kh Ks] [8d]
Zvst: checks 
dreimis190: bets $3.92
Zvst: calls $3.92
*** SHOW DOWN ***
dreimis190: shows [8c Tc] (two pair, Kings and Tens)
Zvst: mucks hand 
dreimis190 collected $12.67 from pot
*** SUMMARY ***
Total pot $13.34 | Rake $0.67 
Board [Th 3c Kh Ks 8d]
Seat 4: Tato0802
Seat 1: tukeiron (small blind) folded before Flop
Seat 2: Zvst (big blind) mucked
Seat 3: dreimis190 showed [8c Tc] and won ($12.67) with two pair, Kings and Tens
Seat 5: GuigaMan (button) folded before Flop (didn't bet)



PokerStars Hand #254300145284:  Hold'em No Limit ($0.50/$1.00 USD) - 2025/01/10 19:56:57 WET [2025/01/10 14:56:57 ET]
Table 'Jiangxi II' 6-max Seat #1 is the button
Seat 3: dreimis190 ($150.44 in chips) is sitting out
Seat 4: Tato0802 ($0 in chips) is sitting out
Seat 6: kars0n ($100 in chips) is sitting out
Seat 1: tukeiron ($189.16 in chips) 
Seat 2: Zvst ($100 in chips) 
Seat 5: GuigaMan ($101.50 in chips) 
Zvst: posts small blind $0.50
dreimis190: is sitting out 
GuigaMan: posts big blind $1
kars0n: sits out 
*** HOLE CARDS ***
dreimis190 leaves the table
tukeiron: folds 
Zvst: raises $2 to $3
GuigaMan: folds 
Uncalled bet ($2) returned to Zvst
Zvst collected $2 from pot
Zvst: doesn't show hand 
*** SUMMARY ***
Total pot $2 | Rake $0 
Seat 3: dreimis190
Seat 4: Tato0802
Seat 6: kars0n
Seat 1: tukeiron (button) folded before Flop (didn't bet)
Seat 2: Zvst (small blind) collected ($2)
Seat 5: GuigaMan (big blind) folded before Flop



PokerStars Hand #254300149369:  Hold'em No Limit ($0.50/$1.00 USD) - 2025/01/10 19:57:15 WET [2025/01/10 14:57:15 ET]
Table 'Jiangxi II' 6-max Seat #2 is the button
Seat 4: Tato0802 ($0 in chips) is sitting out
Seat 1: tukeiron ($189.16 in chips) 
Seat 2: Zvst ($101 in chips) 
Seat 5: GuigaMan ($100.50 in chips) 
Seat 6: kars0n ($100 in chips) 
GuigaMan: posts small blind $0.50
kars0n: posts big blind $1
*** HOLE CARDS ***
tukeiron: raises $1.50 to $2.50
Zvst: folds 
BGS013 joins the table at seat #3 
GuigaMan: folds 
kars0n: calls $1.50
*** FLOP *** [3h Ad 9s]
kars0n: checks 
tukeiron: bets $1.31
kars0n: folds 
Uncalled bet ($1.31) returned to tukeiron
tukeiron collected $5.22 from pot
*** SUMMARY ***
Total pot $5.50 | Rake $0.28 
Board [3h Ad 9s]
Seat 4: Tato0802
Seat 1: tukeiron collected ($5.22)
Seat 2: Zvst (button) folded before Flop (didn't bet)
Seat 5: GuigaMan (small blind) folded before Flop
Seat 6: kars0n (big blind) folded on the Flop



PokerStars Hand #254300159018:  Hold'em No Limit ($0.50/$1.00 USD) - 2025/01/10 19:57:59 WET [2025/01/10 14:57:59 ET]
Table 'Jiangxi II' 6-max Seat #5 is the button
Seat 3: BGS013 ($100 in chips) is sitting out
Seat 4: Tato0802 ($0 in chips) is sitting out
Seat 1: tukeiron ($191.88 in chips) 
Seat 2: Zvst ($101 in chips) 
Seat 5: GuigaMan ($100 in chips) 
Seat 6: kars0n ($100 in chips) 
kars0n: posts small blind $0.50
tukeiron: posts big blind $1
BGS013: sits out 
*** HOLE CARDS ***
Zvst: raises $1.50 to $2.50
GuigaMan: folds 
kars0n: folds 
tukeiron: folds 
Uncalled bet ($1.50) returned to Zvst
Zvst collected $2.50 from pot
Zvst: doesn't show hand 
*** SUMMARY ***
Total pot $2.50 | Rake $0 
Seat 3: BGS013
Seat 4: Tato0802
Seat 1: tukeiron (big blind) folded before Flop
Seat 2: Zvst collected ($2.50)
Seat 5: GuigaMan (button) folded before Flop (didn't bet)
Seat 6: kars0n (small blind) folded before Flop



PokerStars Hand #254300162228:  Hold'em No Limit ($0.50/$1.00 USD) - 2025/01/10 19:58:14 WET [2025/01/10 14:58:14 ET]
Table 'Jiangxi II' 6-max Seat #6 is the button
Seat 2: Zvst ($102.50 in chips) is sitting out
Seat 4: Tato0802 ($0 in chips) is sitting out
Seat 1: tukeiron ($190.88 in chips) 
Seat 3: BGS013 ($100 in chips) 
Seat 5: GuigaMan ($100 in chips) 
Seat 6: kars0n ($100 in chips) 
tukeiron: posts small blind $0.50
Zvst: is sitting out 
BGS013: posts big blind $1
*** HOLE CARDS ***
GuigaMan: folds 
kars0n: folds 
tukeiron: folds 
Uncalled bet ($0.50) returned to BGS013
BGS013 collected $1 from pot
BGS013: doesn't show hand 
Zvst leaves the table
*** SUMMARY ***
Total pot $1 | Rake $0 
Seat 2: Zvst
Seat 4: Tato0802
Seat 1: tukeiron (small blind) folded before Flop
Seat 3: BGS013 (big blind) collected ($1)
Seat 5: GuigaMan folded before Flop (didn't bet)
Seat 6: kars0n (button) folded before Flop (didn't bet)



PokerStars Hand #254300165009:  Hold'em No Limit ($0.50/$1.00 USD) - 2025/01/10 19:58:26 WET [2025/01/10 14:58:26 ET]
Table 'Jiangxi II' 6-max Seat #1 is the button
Seat 4: Tato0802 ($0 in chips) is sitting out
Seat 1: tukeiron ($190.38 in chips) 
Seat 3: BGS013 ($100.50 in chips) 
Seat 5: GuigaMan ($100 in chips) 
Seat 6: kars0n ($100 in chips) 
BGS013: posts small blind $0.50
GuigaMan: posts big blind $1
*** HOLE CARDS ***
kars0n: folds 
tukeiron: folds 
BGS013: raises $2 to $3
GuigaMan: folds 
Uncalled bet ($2) returned to BGS013
tukeiron leaves the table
BGS013 collected $2 from pot
BGS013: doesn't show hand 
*** SUMMARY ***
Total pot $2 | Rake $0 
Seat 4: Tato0802
Seat 1: tukeiron (button) folded before Flop (didn't bet)
Seat 3: BGS013 (small blind) collected ($2)
Seat 5: GuigaMan (big blind) folded before Flop
Seat 6: kars0n folded before Flop (didn't bet)



PokerStars Hand #254300168490:  Hold'em No Limit ($0.50/$1.00 USD) - 2025/01/10 19:58:42 WET [2025/01/10 14:58:42 ET]
Table 'Jiangxi II' 6-max Seat #3 is the button
Seat 4: Tato0802 ($0 in chips) is sitting out
Seat 3: BGS013 ($101.50 in chips) 
Seat 5: GuigaMan ($100 in chips) 
Seat 6: kars0n ($100 in chips) 
GuigaMan: posts small blind $0.50
kars0n: posts big blind $1
*** HOLE CARDS ***
BGS013: folds 
GuigaMan: raises $2 to $3
whlzor joins the table at seat #1 
kars0n: calls $2
*** FLOP *** [4s 8d 3s]
whlzor leaves the table
GuigaMan: checks 
kars0n: checks 
*** TURN *** [4s 8d 3s] [Kd]
GuigaMan: checks 
kars0n: checks 
*** RIVER *** [4s 8d 3s Kd] [7d]
GuigaMan: checks 
kars0n: checks 
*** SHOW DOWN ***
GuigaMan: shows [6c 9c] (high card King)
kars0n: shows [9h 4h] (a pair of Fours)
kars0n collected $5.70 from pot
*** SUMMARY ***
Total pot $6 | Rake $0.30 
Board [4s 8d 3s Kd 7d]
Seat 4: Tato0802
Seat 3: BGS013 (button) folded before Flop (didn't bet)
Seat 5: GuigaMan (small blind) showed [6c 9c] and lost with high card King
Seat 6: kars0n (big blind) showed [9h 4h] and won ($5.70) with a pair of Fours



PokerStars Hand #254300176642:  Hold'em No Limit ($0.50/$1.00 USD) - 2025/01/10 19:59:18 WET [2025/01/10 14:59:18 ET]
Table 'Jiangxi II' 6-max Seat #5 is the button
Seat 4: Tato0802 ($0 in chips) is sitting out
Seat 3: BGS013 ($101.50 in chips) 
Seat 5: GuigaMan ($100 in chips) 
Seat 6: kars0n ($102.70 in chips) 
kars0n: posts small blind $0.50
BGS013: posts big blind $1
*** HOLE CARDS ***
GuigaMan: raises $1.10 to $2.10
kars0n: folds 
BGS013: folds 
Uncalled bet ($1.10) returned to GuigaMan
GuigaMan collected $2.50 from pot
GuigaMan: doesn't show hand 
*** SUMMARY ***
Total pot $2.50 | Rake $0 
Seat 4: Tato0802
Seat 3: BGS013 (big blind) folded before Flop
Seat 5: GuigaMan (button) collected ($2.50)
Seat 6: kars0n (small blind) folded before Flop



PokerStars Hand #254300179257:  Hold'em No Limit ($0.50/$1.00 USD) - 2025/01/10 19:59:29 WET [2025/01/10 14:59:29 ET]
Table 'Jiangxi II' 6-max Seat #6 is the button
Seat 4: Tato0802 ($0 in chips) is sitting out
Seat 3: BGS013 ($100.50 in chips) 
Seat 5: GuigaMan ($101.50 in chips) 
Seat 6: kars0n ($102.20 in chips) 
BGS013: posts small blind $0.50
GuigaMan: posts big blind $1
*** HOLE CARDS ***
kars0n: folds 
BGS013: raises $2 to $3
GuigaMan: folds 
Uncalled bet ($2) returned to BGS013
BGS013 collected $2 from pot
Tato0802 leaves the table
BGS013: doesn't show hand 
*** SUMMARY ***
Total pot $2 | Rake $0 
Seat 4: Tato0802
Seat 3: BGS013 (small blind) collected ($2)
Seat 5: GuigaMan (big blind) folded before Flop
Seat 6: kars0n (button) folded before Flop (didn't bet)



PokerStars Hand #254300182050:  Hold'em No Limit ($0.50/$1.00 USD) - 2025/01/10 19:59:41 WET [2025/01/10 14:59:41 ET]
Table 'Jiangxi II' 6-max Seat #3 is the button
Seat 3: BGS013 ($101.50 in chips) 
Seat 5: GuigaMan ($100.50 in chips) 
Seat 6: kars0n ($102.20 in chips) 
GuigaMan: posts small blind $0.50
kars0n: posts big blind $1
*** HOLE CARDS ***
BGS013: raises $1.50 to $2.50
GuigaMan: folds 
kars0n: folds 
Uncalled bet ($1.50) returned to BGS013
BGS013 collected $2.50 from pot
BGS013: doesn't show hand 
*** SUMMARY ***
Total pot $2.50 | Rake $0 
Seat 3: BGS013 (button) collected ($2.50)
Seat 5: GuigaMan (small blind) folded before Flop
Seat 6: kars0n (big blind) folded before Flop



PokerStars Hand #254300217522:  Hold'em No Limit ($0.50/$1.00 USD) - 2025/01/10 20:01:57 WET [2025/01/10 15:01:57 ET]
Table 'Jiangxi II' 6-max Seat #4 is the button
Seat 2: blackclan7 ($100 in chips) 
Seat 3: CichiChanMarian ($100 in chips) 
Seat 4: nastja336 ($100 in chips) 
Seat 5: Zvst ($102.50 in chips) 
Seat 6: kars0n ($101.20 in chips) 
Zvst: posts small blind $0.50
kars0n: posts big blind $1
*** HOLE CARDS ***
blackclan7: raises $1 to $2
CichiChanMarian: folds 
nastja336: folds 
fetiionut344 joins the table at seat #1 
fetiionut344 is disconnected 
Zvst: folds 
kars0n: folds 
Uncalled bet ($1) returned to blackclan7
blackclan7 collected $2.50 from pot
blackclan7: doesn't show hand 
*** SUMMARY ***
Total pot $2.50 | Rake $0 
Seat 2: blackclan7 collected ($2.50)
Seat 3: CichiChanMarian folded before Flop (didn't bet)
Seat 4: nastja336 (button) folded before Flop (didn't bet)
Seat 5: Zvst (small blind) folded before Flop
Seat 6: kars0n (big blind) folded before Flop



PokerStars Hand #254300223042:  Hold'em No Limit ($0.50/$1.00 USD) - 2025/01/10 20:02:16 WET [2025/01/10 15:02:16 ET]
Table 'Jiangxi II' 6-max Seat #5 is the button
Seat 1: fetiionut344 ($80.40 in chips) 
Seat 2: blackclan7 ($101.50 in chips) 
Seat 3: CichiChanMarian ($100 in chips) 
Seat 4: nastja336 ($100 in chips) 
Seat 5: Zvst ($102 in chips) 
Seat 6: kars0n ($100.20 in chips) 
kars0n: posts small blind $0.50
fetiionut344: posts big blind $1
*** HOLE CARDS ***
blackclan7: folds 
CichiChanMarian: folds 
nastja336: folds 
Zvst: raises $2 to $3
kars0n: folds 
fetiionut344: folds 
Uncalled bet ($2) returned to Zvst
Zvst collected $2.50 from pot
Zvst: doesn't show hand 
*** SUMMARY ***
Total pot $2.50 | Rake $0 
Seat 1: fetiionut344 (big blind) folded before Flop
Seat 2: blackclan7 folded before Flop (didn't bet)
Seat 3: CichiChanMarian folded before Flop (didn't bet)
Seat 4: nastja336 folded before Flop (didn't bet)
Seat 5: Zvst (button) collected ($2.50)
Seat 6: kars0n (small blind) folded before Flop



PokerStars Hand #254300231640:  Hold'em No Limit ($0.50/$1.00 USD) - 2025/01/10 20:02:43 WET [2025/01/10 15:02:43 ET]
Table 'Jiangxi II' 6-max Seat #6 is the button
Seat 1: fetiionut344 ($79.40 in chips) 
Seat 2: blackclan7 ($101.50 in chips) 
Seat 3: CichiChanMarian ($100 in chips) 
Seat 4: nastja336 ($100 in chips) 
Seat 5: Zvst ($103.50 in chips) 
Seat 6: kars0n ($100 in chips) 
fetiionut344: posts small blind $0.50
blackclan7: posts big blind $1
*** HOLE CARDS ***
CichiChanMarian: folds 
nastja336: raises $1.50 to $2.50
Zvst: folds 
kars0n: calls $2.50
fetiionut344: calls $2
blackclan7: folds 
*** FLOP *** [5d Ac Qd]
fetiionut344: checks 
nastja336: bets $2.67
kars0n: calls $2.67
fetiionut344: folds 
*** TURN *** [5d Ac Qd] [2h]
nastja336: bets $8.68
kars0n: calls $8.68
*** RIVER *** [5d Ac Qd 2h] [Ah]
nastja336: checks 
kars0n: bets $22.23
nastja336: folds 
Uncalled bet ($22.23) returned to kars0n
kars0n collected $29.64 from pot
kars0n: doesn't show hand 
*** SUMMARY ***
Total pot $31.20 | Rake $1.56 
Board [5d Ac Qd 2h Ah]
Seat 1: fetiionut344 (small blind) folded on the Flop
Seat 2: blackclan7 (big blind) folded before Flop
Seat 3: CichiChanMarian folded before Flop (didn't bet)
Seat 4: nastja336 folded on the River
Seat 5: Zvst folded before Flop (didn't bet)
Seat 6: kars0n (button) collected ($29.64)



PokerStars Hand #254300255459:  Hold'em No Limit ($0.50/$1.00 USD) - 2025/01/10 20:03:58 WET [2025/01/10 15:03:58 ET]
Table 'Jiangxi II' 6-max Seat #1 is the button
Seat 1: fetiionut344 ($76.90 in chips) 
Seat 2: blackclan7 ($100.50 in chips) 
Seat 3: CichiChanMarian ($100 in chips) 
Seat 4: nastja336 ($100 in chips) 
Seat 5: Zvst ($103.50 in chips) 
Seat 6: kars0n ($115.79 in chips) 
blackclan7: posts small blind $0.50
CichiChanMarian: posts big blind $1
*** HOLE CARDS ***
nastja336: folds 
Zvst: folds 
kars0n: folds 
fetiionut344: folds 
blackclan7: folds 
Uncalled bet ($0.50) returned to CichiChanMarian
CichiChanMarian collected $1 from pot
CichiChanMarian: doesn't show hand 
*** SUMMARY ***
Total pot $1 | Rake $0 
Seat 1: fetiionut344 (button) folded before Flop (didn't bet)
Seat 2: blackclan7 (small blind) folded before Flop
Seat 3: CichiChanMarian (big blind) collected ($1)
Seat 4: nastja336 folded before Flop (didn't bet)
Seat 5: Zvst folded before Flop (didn't bet)
Seat 6: kars0n folded before Flop (didn't bet)



PokerStars Hand #254300260077:  Hold'em No Limit ($0.50/$1.00 USD) - 2025/01/10 20:04:12 WET [2025/01/10 15:04:12 ET]
Table 'Jiangxi II' 6-max Seat #2 is the button
Seat 1: fetiionut344 ($76.90 in chips) 
Seat 2: blackclan7 ($100 in chips) 
Seat 3: CichiChanMarian ($100.50 in chips) 
Seat 4: nastja336 ($100 in chips) 
Seat 5: Zvst ($103.50 in chips) 
Seat 6: kars0n ($115.79 in chips) 
CichiChanMarian: posts small blind $0.50
nastja336: posts big blind $1
*** HOLE CARDS ***
Zvst: raises $1.50 to $2.50
kars0n: folds 
fetiionut344: calls $2.50
blackclan7: calls $2.50
CichiChanMarian: folds 
nastja336: folds 
*** FLOP *** [Kc 6c Js]
Zvst: bets $5.70
fetiionut344: calls $5.70
blackclan7: folds 
*** TURN *** [Kc 6c Js] [4c]
Zvst: checks 
fetiionut344: bets $9.69
Zvst: calls $9.69
*** RIVER *** [Kc 6c Js 4c] [2c]
Zvst: checks 
fetiionut344: checks 
*** SHOW DOWN ***
Zvst: shows [As Ah] (a pair of Aces)
fetiionut344: shows [5c 7c] (a flush, King high)
fetiionut344 collected $37.79 from pot
*** SUMMARY ***
Total pot $39.78 | Rake $1.99 
Board [Kc 6c Js 4c 2c]
Seat 1: fetiionut344 showed [5c 7c] and won ($37.79) with a flush, King high
Seat 2: blackclan7 (button) folded on the Flop
Seat 3: CichiChanMarian (small blind) folded before Flop
Seat 4: nastja336 (big blind) folded before Flop
Seat 5: Zvst showed [As Ah] and lost with a pair of Aces
Seat 6: kars0n folded before Flop (didn't bet)



PokerStars Hand #254300283524:  Hold'em No Limit ($0.50/$1.00 USD) - 2025/01/10 20:05:23 WET [2025/01/10 15:05:23 ET]
Table 'Jiangxi II' 6-max Seat #3 is the button
Seat 1: fetiionut344 ($96.80 in chips) 
Seat 2: blackclan7 ($100 in chips) 
Seat 3: CichiChanMarian ($100 in chips) 
Seat 4: nastja336 ($100 in chips) 
Seat 5: Zvst ($100 in chips) 
Seat 6: kars0n ($115.79 in chips) 
nastja336: posts small blind $0.50
Zvst: posts big blind $1
*** HOLE CARDS ***
kars0n: folds 
fetiionut344: folds 
blackclan7: folds 
CichiChanMarian: raises $1.50 to $2.50
nastja336: folds 
Zvst: folds 
Uncalled bet ($1.50) returned to CichiChanMarian
CichiChanMarian collected $2.50 from pot
CichiChanMarian: doesn't show hand 
*** SUMMARY ***
Total pot $2.50 | Rake $0 
Seat 1: fetiionut344 folded before Flop (didn't bet)
Seat 2: blackclan7 folded before Flop (didn't bet)
Seat 3: CichiChanMarian (button) collected ($2.50)
Seat 4: nastja336 (small blind) folded before Flop
Seat 5: Zvst (big blind) folded before Flop
Seat 6: kars0n folded before Flop (didn't bet)



PokerStars Hand #254300295945:  Hold'em No Limit ($0.50/$1.00 USD) - 2025/01/10 20:06:01 WET [2025/01/10 15:06:01 ET]
Table 'Jiangxi II' 6-max Seat #4 is the button
Seat 1: fetiionut344 ($96.80 in chips) 
Seat 2: blackclan7 ($100 in chips) 
Seat 3: CichiChanMarian ($101.50 in chips) 
Seat 4: nastja336 ($100 in chips) 
Seat 5: Zvst ($100 in chips) 
Seat 6: kars0n ($115.79 in chips) 
Zvst: posts small blind $0.50
kars0n: posts big blind $1
*** HOLE CARDS ***
fetiionut344: folds 
blackclan7: folds 
CichiChanMarian: folds 
nastja336: folds 
Zvst: raises $2 to $3
kars0n: raises $6 to $9
Zvst: folds 
Uncalled bet ($6) returned to kars0n
kars0n collected $6 from pot
kars0n: doesn't show hand 
*** SUMMARY ***
Total pot $6 | Rake $0 
Seat 1: fetiionut344 folded before Flop (didn't bet)
Seat 2: blackclan7 folded before Flop (didn't bet)
Seat 3: CichiChanMarian folded before Flop (didn't bet)
Seat 4: nastja336 (button) folded before Flop (didn't bet)
Seat 5: Zvst (small blind) folded before Flop
Seat 6: kars0n (big blind) collected ($6)



PokerStars Hand #254300311544:  Hold'em No Limit ($0.50/$1.00 USD) - 2025/01/10 20:06:47 WET [2025/01/10 15:06:47 ET]
Table 'Jiangxi II' 6-max Seat #5 is the button
Seat 1: fetiionut344 ($96.80 in chips) 
Seat 2: blackclan7 ($100 in chips) 
Seat 3: CichiChanMarian ($101.50 in chips) 
Seat 4: nastja336 ($100 in chips) 
Seat 5: Zvst ($100 in chips) 
Seat 6: kars0n ($118.79 in chips) 
kars0n: posts small blind $0.50
fetiionut344: posts big blind $1
*** HOLE CARDS ***
blackclan7: folds 
CichiChanMarian: folds 
nastja336: folds 
Zvst: raises $2 to $3
kars0n: raises $9 to $12
fetiionut344: folds 
Zvst: folds 
Uncalled bet ($9) returned to kars0n
kars0n collected $7 from pot
kars0n: doesn't show hand 
*** SUMMARY ***
Total pot $7 | Rake $0 
Seat 1: fetiionut344 (big blind) folded before Flop
Seat 2: blackclan7 folded before Flop (didn't bet)
Seat 3: CichiChanMarian folded before Flop (didn't bet)
Seat 4: nastja336 folded before Flop (didn't bet)
Seat 5: Zvst (button) folded before Flop
Seat 6: kars0n (small blind) collected ($7)



PokerStars Hand #254300324427:  Hold'em No Limit ($0.50/$1.00 USD) - 2025/01/10 20:07:25 WET [2025/01/10 15:07:25 ET]
Table 'Jiangxi II' 6-max Seat #6 is the button
Seat 1: fetiionut344 ($95.80 in chips) 
Seat 2: blackclan7 ($100 in chips) 
Seat 3: CichiChanMarian ($101.50 in chips) 
Seat 4: nastja336 ($100 in chips) 
Seat 5: Zvst ($100 in chips) 
Seat 6: kars0n ($122.79 in chips) 
fetiionut344: posts small blind $0.50
blackclan7: posts big blind $1
*** HOLE CARDS ***
CichiChanMarian: raises $1.50 to $2.50
nastja336: folds 
Zvst: folds 
kars0n: folds 
fetiionut344: calls $2
blackclan7: folds 
*** FLOP *** [7d Qc As]
fetiionut344: checks 
CichiChanMarian: bets $1.88
fetiionut344: calls $1.88
*** TURN *** [7d Qc As] [Ks]
fetiionut344: checks 
CichiChanMarian: bets $6.95
fetiionut344: calls $6.95
*** RIVER *** [7d Qc As Ks] [4c]
fetiionut344: checks 
CichiChanMarian: bets $22.48
fetiionut344: folds 
Uncalled bet ($22.48) returned to CichiChanMarian
CichiChanMarian collected $22.48 from pot
CichiChanMarian: doesn't show hand 
*** SUMMARY ***
Total pot $23.66 | Rake $1.18 
Board [7d Qc As Ks 4c]
Seat 1: fetiionut344 (small blind) folded on the River
Seat 2: blackclan7 (big blind) folded before Flop
Seat 3: CichiChanMarian collected ($22.48)
Seat 4: nastja336 folded before Flop (didn't bet)
Seat 5: Zvst folded before Flop (didn't bet)
Seat 6: kars0n (button) folded before Flop (didn't bet)



PokerStars Hand #254300351209:  Hold'em No Limit ($0.50/$1.00 USD) - 2025/01/10 20:08:44 WET [2025/01/10 15:08:44 ET]
Table 'Jiangxi II' 6-max Seat #1 is the button
Seat 1: fetiionut344 ($84.47 in chips) 
Seat 2: blackclan7 ($100 in chips) 
Seat 3: CichiChanMarian ($112.65 in chips) 
Seat 4: nastja336 ($100 in chips) 
Seat 5: Zvst ($100 in chips) 
Seat 6: kars0n ($122.79 in chips) 
blackclan7: posts small blind $0.50
CichiChanMarian: posts big blind $1
*** HOLE CARDS ***
nastja336: folds 
Zvst: folds 
kars0n: folds 
fetiionut344: folds 
blackclan7: raises $2 to $3
CichiChanMarian: folds 
Uncalled bet ($2) returned to blackclan7
blackclan7 collected $2 from pot
blackclan7: doesn't show hand 
*** SUMMARY ***
Total pot $2 | Rake $0 
Seat 1: fetiionut344 (button) folded before Flop (didn't bet)
Seat 2: blackclan7 (small blind) collected ($2)
Seat 3: CichiChanMarian (big blind) folded before Flop
Seat 4: nastja336 folded before Flop (didn't bet)
Seat 5: Zvst folded before Flop (didn't bet)
Seat 6: kars0n folded before Flop (didn't bet)



PokerStars Hand #254300362256:  Hold'em No Limit ($0.50/$1.00 USD) - 2025/01/10 20:09:16 WET [2025/01/10 15:09:16 ET]
Table 'Jiangxi II' 6-max Seat #2 is the button
Seat 1: fetiionut344 ($84.47 in chips) 
Seat 2: blackclan7 ($101 in chips) 
Seat 3: CichiChanMarian ($111.65 in chips) 
Seat 4: nastja336 ($100 in chips) 
Seat 5: Zvst ($100 in chips) 
Seat 6: kars0n ($122.79 in chips) 
CichiChanMarian: posts small blind $0.50
nastja336: posts big blind $1
*** HOLE CARDS ***
Zvst: raises $1.50 to $2.50
kars0n: folds 
fetiionut344: folds 
blackclan7: folds 
CichiChanMarian: folds 
nastja336: folds 
Uncalled bet ($1.50) returned to Zvst
Zvst collected $2.50 from pot
Zvst: doesn't show hand 
*** SUMMARY ***
Total pot $2.50 | Rake $0 
Seat 1: fetiionut344 folded before Flop (didn't bet)
Seat 2: blackclan7 (button) folded before Flop (didn't bet)
Seat 3: CichiChanMarian (small blind) folded before Flop
Seat 4: nastja336 (big blind) folded before Flop
Seat 5: Zvst collected ($2.50)
Seat 6: kars0n folded before Flop (didn't bet)



PokerStars Hand #254300371329:  Hold'em No Limit ($0.50/$1.00 USD) - 2025/01/10 20:09:43 WET [2025/01/10 15:09:43 ET]
Table 'Jiangxi II' 6-max Seat #3 is the button
Seat 5: Zvst ($101.50 in chips) is sitting out
Seat 1: fetiionut344 ($84.47 in chips) 
Seat 2: blackclan7 ($101 in chips) 
Seat 3: CichiChanMarian ($111.15 in chips) 
Seat 4: nastja336 ($100 in chips) 
Seat 6: kars0n ($122.79 in chips) 
nastja336: posts small blind $0.50
Zvst: is sitting out 
kars0n: posts big blind $1
*** HOLE CARDS ***
Zvst leaves the table
fetiionut344: raises $1 to $2
blackclan7: folds 
CichiChanMarian: folds 
nastja336: folds 
kars0n: calls $1
*** FLOP *** [Jc 2d Js]
kars0n: checks 
fetiionut344: bets $2.14
kars0n: folds 
Uncalled bet ($2.14) returned to fetiionut344
fetiionut344 collected $4.28 from pot
*** SUMMARY ***
Total pot $4.50 | Rake $0.22 
Board [Jc 2d Js]
Seat 5: Zvst
Seat 1: fetiionut344 collected ($4.28)
Seat 2: blackclan7 folded before Flop (didn't bet)
Seat 3: CichiChanMarian (button) folded before Flop (didn't bet)
Seat 4: nastja336 (small blind) folded before Flop
Seat 6: kars0n (big blind) folded on the Flop



PokerStars Hand #254300384600:  Hold'em No Limit ($0.50/$1.00 USD) - 2025/01/10 20:10:22 WET [2025/01/10 15:10:22 ET]
Table 'Jiangxi II' 6-max Seat #4 is the button
Seat 1: fetiionut344 ($86.75 in chips) 
Seat 2: blackclan7 ($101 in chips) 
Seat 3: CichiChanMarian ($111.15 in chips) 
Seat 4: nastja336 ($100 in chips) 
Seat 6: kars0n ($120.79 in chips) 
kars0n: posts small blind $0.50
fetiionut344: posts big blind $1
*** HOLE CARDS ***
blackclan7: raises $1 to $2
CichiChanMarian: folds 
nastja336: folds 
kars0n: folds 
fetiionut344: raises $4.50 to $6.50
tintin641 joins the table at seat #5 
blackclan7: calls $4.50
*** FLOP *** [9d 2s 2h]
fetiionut344: bets $6.41
blackclan7: calls $6.41
*** TURN *** [9d 2s 2h] [9c]
fetiionut344: bets $12.50
blackclan7: calls $12.50
*** RIVER *** [9d 2s 2h 9c] [2d]
fetiionut344: bets $24.41
blackclan7: calls $24.41
*** SHOW DOWN ***
fetiionut344: shows [Ac Tc] (a full house, Deuces full of Nines)
blackclan7: shows [Jc Js] (a full house, Deuces full of Jacks)
blackclan7 collected $97.64 from pot
*** SUMMARY ***
Total pot $100.14 | Rake $2.50 
Board [9d 2s 2h 9c 2d]
Seat 1: fetiionut344 (big blind) showed [Ac Tc] and lost with a full house, Deuces full of Nines
Seat 2: blackclan7 showed [Jc Js] and won ($97.64) with a full house, Deuces full of Jacks
Seat 3: CichiChanMarian folded before Flop (didn't bet)
Seat 4: nastja336 (button) folded before Flop (didn't bet)
Seat 6: kars0n (small blind) folded before Flop



PokerStars Hand #254300424848:  Hold'em No Limit ($0.50/$1.00 USD) - 2025/01/10 20:12:21 WET [2025/01/10 15:12:21 ET]
Table 'Jiangxi II' 6-max Seat #6 is the button
Seat 2: blackclan7 ($148.82 in chips) is sitting out
Seat 5: tintin641 ($100 in chips) is sitting out
Seat 1: fetiionut344 ($36.93 in chips) 
Seat 3: CichiChanMarian ($111.15 in chips) 
Seat 4: nastja336 ($100 in chips) 
Seat 6: kars0n ($120.29 in chips) 
fetiionut344: posts small blind $0.50
blackclan7: is sitting out 
CichiChanMarian: posts big blind $1
tintin641: sits out 
*** HOLE CARDS ***
nastja336: folds 
kars0n: raises $1.50 to $2.50
blackclan7 leaves the table
fetiionut344: folds 
fish my nuts joins the table at seat #2 
CichiChanMarian: calls $1.50
*** FLOP *** [2s Ah 9c]
CichiChanMarian: checks 
kars0n: bets $1.72
CichiChanMarian: folds 
Uncalled bet ($1.72) returned to kars0n
kars0n collected $5.22 from pot
kars0n: doesn't show hand 
*** SUMMARY ***
Total pot $5.50 | Rake $0.28 
Board [2s Ah 9c]
Seat 2: blackclan7
Seat 5: tintin641
Seat 1: fetiionut344 (small blind) folded before Flop
Seat 3: CichiChanMarian (big blind) folded on the Flop
Seat 4: nastja336 folded before Flop (didn't bet)
Seat 6: kars0n (button) collected ($5.22)



PokerStars Hand #254300434655:  Hold'em No Limit ($0.50/$1.00 USD) - 2025/01/10 20:12:50 WET [2025/01/10 15:12:50 ET]
Table 'Jiangxi II' 6-max Seat #1 is the button
Seat 2: fish my nuts ($100 in chips) is sitting out
Seat 5: tintin641 ($100 in chips) is sitting out
Seat 1: fetiionut344 ($36.43 in chips) 
Seat 3: CichiChanMarian ($108.65 in chips) 
Seat 4: nastja336 ($100 in chips) 
Seat 6: kars0n ($123.01 in chips) 
CichiChanMarian: posts small blind $0.50
nastja336: posts big blind $1
tintin641: sits out 
*** HOLE CARDS ***
kars0n: folds 
fetiionut344: folds 
CichiChanMarian: raises $2 to $3
nastja336: calls $2
*** FLOP *** [5s Kc 4h]
CichiChanMarian: checks 
nastja336: checks 
*** TURN *** [5s Kc 4h] [5h]
CichiChanMarian: bets $4.28
nastja336: folds 
Uncalled bet ($4.28) returned to CichiChanMarian
CichiChanMarian collected $5.70 from pot
CichiChanMarian: doesn't show hand 
*** SUMMARY ***
Total pot $6 | Rake $0.30 
Board [5s Kc 4h 5h]
Seat 2: fish my nuts
Seat 5: tintin641
Seat 1: fetiionut344 (button) folded before Flop (didn't bet)
Seat 3: CichiChanMarian (small blind) collected ($5.70)
Seat 4: nastja336 (big blind) folded on the Turn
Seat 6: kars0n folded before Flop (didn't bet)



PokerStars Hand #254300454169:  Hold'em No Limit ($0.50/$1.00 USD) - 2025/01/10 20:13:46 WET [2025/01/10 15:13:46 ET]
Table 'Jiangxi II' 6-max Seat #3 is the button
Seat 2: fish my nuts ($100 in chips) is sitting out
Seat 1: fetiionut344 ($36.43 in chips) 
Seat 3: CichiChanMarian ($111.35 in chips) 
Seat 4: nastja336 ($100 in chips) 
Seat 5: tintin641 ($100 in chips) 
Seat 6: kars0n ($123.01 in chips) 
nastja336: posts small blind $0.50
tintin641: posts big blind $1
fish my nuts: sits out 
*** HOLE CARDS ***
kars0n: folds 
fetiionut344: folds 
CichiChanMarian: folds 
nastja336: folds 
Uncalled bet ($0.50) returned to tintin641
tintin641 collected $1 from pot
tintin641: doesn't show hand 
*** SUMMARY ***
Total pot $1 | Rake $0 
Seat 2: fish my nuts
Seat 1: fetiionut344 folded before Flop (didn't bet)
Seat 3: CichiChanMarian (button) folded before Flop (didn't bet)
Seat 4: nastja336 (small blind) folded before Flop
Seat 5: tintin641 (big blind) collected ($1)
Seat 6: kars0n folded before Flop (didn't bet)



PokerStars Hand #254300458084:  Hold'em No Limit ($0.50/$1.00 USD) - 2025/01/10 20:13:58 WET [2025/01/10 15:13:58 ET]
Table 'Jiangxi II' 6-max Seat #4 is the button
Seat 2: fish my nuts ($100 in chips) is sitting out
Seat 1: fetiionut344 ($36.43 in chips) 
Seat 3: CichiChanMarian ($111.35 in chips) 
Seat 4: nastja336 ($100 in chips) 
Seat 5: tintin641 ($100.50 in chips) 
Seat 6: kars0n ($123.01 in chips) 
tintin641: posts small blind $0.50
kars0n: posts big blind $1
fish my nuts: sits out 
*** HOLE CARDS ***
fetiionut344: folds 
CichiChanMarian: folds 
nastja336: folds 
tintin641: raises $2 to $3
kars0n: calls $2
*** FLOP *** [Qd Jd Ac]
tintin641: bets $1.88
kars0n: calls $1.88
*** TURN *** [Qd Jd Ac] [Jc]
tintin641: checks 
kars0n: checks 
*** RIVER *** [Qd Jd Ac Jc] [7c]
tintin641: bets $3.06
kars0n: folds 
Uncalled bet ($3.06) returned to tintin641
tintin641 collected $9.27 from pot
tintin641: doesn't show hand 
*** SUMMARY ***
Total pot $9.76 | Rake $0.49 
Board [Qd Jd Ac Jc 7c]
Seat 2: fish my nuts
Seat 1: fetiionut344 folded before Flop (didn't bet)
Seat 3: CichiChanMarian folded before Flop (didn't bet)
Seat 4: nastja336 (button) folded before Flop (didn't bet)
Seat 5: tintin641 (small blind) collected ($9.27)
Seat 6: kars0n (big blind) folded on the River



PokerStars Hand #254300482480:  Hold'em No Limit ($0.50/$1.00 USD) - 2025/01/10 20:15:08 WET [2025/01/10 15:15:08 ET]
Table 'Jiangxi II' 6-max Seat #5 is the button
Seat 2: fish my nuts ($100 in chips) is sitting out
Seat 1: fetiionut344 ($36.43 in chips) 
Seat 3: CichiChanMarian ($111.35 in chips) 
Seat 4: nastja336 ($100 in chips) 
Seat 5: tintin641 ($104.89 in chips) 
Seat 6: kars0n ($118.13 in chips) 
kars0n: posts small blind $0.50
fetiionut344: posts big blind $1
fish my nuts: sits out 
*** HOLE CARDS ***
CichiChanMarian: folds 
nastja336: folds 
tintin641: folds 
kars0n: folds 
Uncalled bet ($0.50) returned to fetiionut344
fetiionut344 collected $1 from pot
*** SUMMARY ***
Total pot $1 | Rake $0 
Seat 2: fish my nuts
Seat 1: fetiionut344 (big blind) collected ($1)
Seat 3: CichiChanMarian folded before Flop (didn't bet)
Seat 4: nastja336 folded before Flop (didn't bet)
Seat 5: tintin641 (button) folded before Flop (didn't bet)
Seat 6: kars0n (small blind) folded before Flop



PokerStars Hand #254300489388:  Hold'em No Limit ($0.50/$1.00 USD) - 2025/01/10 20:15:29 WET [2025/01/10 15:15:29 ET]
Table 'Jiangxi II' 6-max Seat #6 is the button
Seat 1: fetiionut344 ($36.93 in chips) 
Seat 2: fish my nuts ($100 in chips) 
Seat 3: CichiChanMarian ($111.35 in chips) 
Seat 4: nastja336 ($100 in chips) 
Seat 5: tintin641 ($104.89 in chips) 
Seat 6: kars0n ($117.63 in chips) 
fetiionut344: posts small blind $0.50
fish my nuts: posts big blind $1
*** HOLE CARDS ***
CichiChanMarian: folds 
nastja336: folds 
tintin641: folds 
kars0n: raises $1.50 to $2.50
fetiionut344: calls $2
fish my nuts: folds 
*** FLOP *** [4h 7c Tc]
fetiionut344: bets $5.70
kars0n: folds 
Uncalled bet ($5.70) returned to fetiionut344
fetiionut344 collected $5.70 from pot
*** SUMMARY ***
Total pot $6 | Rake $0.30 
Board [4h 7c Tc]
Seat 1: fetiionut344 (small blind) collected ($5.70)
Seat 2: fish my nuts (big blind) folded before Flop
Seat 3: CichiChanMarian folded before Flop (didn't bet)
Seat 4: nastja336 folded before Flop (didn't bet)
Seat 5: tintin641 folded before Flop (didn't bet)
Seat 6: kars0n (button) folded on the Flop



PokerStars Hand #254300500427:  Hold'em No Limit ($0.50/$1.00 USD) - 2025/01/10 20:16:02 WET [2025/01/10 15:16:02 ET]
Table 'Jiangxi II' 6-max Seat #1 is the button
Seat 1: fetiionut344 ($40.13 in chips) 
Seat 2: fish my nuts ($100 in chips) 
Seat 3: CichiChanMarian ($111.35 in chips) 
Seat 4: nastja336 ($100 in chips) 
Seat 5: tintin641 ($104.89 in chips) 
Seat 6: kars0n ($115.13 in chips) 
fish my nuts: posts small blind $0.50
CichiChanMarian: posts big blind $1
*** HOLE CARDS ***
nastja336: folds 
tintin641: folds 
kars0n: folds 
fetiionut344: folds 
fish my nuts: folds 
Uncalled bet ($0.50) returned to CichiChanMarian
CichiChanMarian collected $1 from pot
CichiChanMarian: doesn't show hand 
*** SUMMARY ***
Total pot $1 | Rake $0 
Seat 1: fetiionut344 (button) folded before Flop (didn't bet)
Seat 2: fish my nuts (small blind) folded before Flop
Seat 3: CichiChanMarian (big blind) collected ($1)
Seat 4: nastja336 folded before Flop (didn't bet)
Seat 5: tintin641 folded before Flop (didn't bet)
Seat 6: kars0n folded before Flop (didn't bet)



PokerStars Hand #254300504442:  Hold'em No Limit ($0.50/$1.00 USD) - 2025/01/10 20:16:14 WET [2025/01/10 15:16:14 ET]
Table 'Jiangxi II' 6-max Seat #2 is the button
Seat 1: fetiionut344 ($40.13 in chips) 
Seat 2: fish my nuts ($100 in chips) 
Seat 3: CichiChanMarian ($111.85 in chips) 
Seat 4: nastja336 ($100 in chips) 
Seat 5: tintin641 ($104.89 in chips) 
Seat 6: kars0n ($115.13 in chips) 
CichiChanMarian: posts small blind $0.50
nastja336: posts big blind $1
*** HOLE CARDS ***
tintin641: raises $1.50 to $2.50
kars0n: folds 
fetiionut344: calls $2.50
fish my nuts: folds 
CichiChanMarian: folds 
nastja336: folds 
*** FLOP *** [6h 7c 6c]
tintin641: checks 
fetiionut344: checks 
*** TURN *** [6h 7c 6c] [7h]
tintin641: checks 
fetiionut344: checks 
*** RIVER *** [6h 7c 6c 7h] [Td]
tintin641: checks 
fetiionut344: checks 
*** SHOW DOWN ***
tintin641: shows [6d Ad] (a full house, Sixes full of Sevens)
fetiionut344: mucks hand 
tintin641 collected $6.18 from pot
*** SUMMARY ***
Total pot $6.50 | Rake $0.32 
Board [6h 7c 6c 7h Td]
Seat 1: fetiionut344 mucked
Seat 2: fish my nuts (button) folded before Flop (didn't bet)
Seat 3: CichiChanMarian (small blind) folded before Flop
Seat 4: nastja336 (big blind) folded before Flop
Seat 5: tintin641 showed [6d Ad] and won ($6.18) with a full house, Sixes full of Sevens
Seat 6: kars0n folded before Flop (didn't bet)



PokerStars Hand #254300531155:  Hold'em No Limit ($0.50/$1.00 USD) - 2025/01/10 20:17:32 WET [2025/01/10 15:17:32 ET]
Table 'Jiangxi II' 6-max Seat #3 is the button
Seat 1: fetiionut344 ($37.63 in chips) 
Seat 2: fish my nuts ($100 in chips) 
Seat 3: CichiChanMarian ($111.35 in chips) 
Seat 4: nastja336 ($100 in chips) 
Seat 5: tintin641 ($108.57 in chips) 
Seat 6: kars0n ($115.13 in chips) 
nastja336: posts small blind $0.50
tintin641: posts big blind $1
*** HOLE CARDS ***
kars0n: folds 
fetiionut344: folds 
fish my nuts: raises $1.30 to $2.30
CichiChanMarian: folds 
nastja336: folds 
tintin641: calls $1.30
*** FLOP *** [2s Kh 9h]
tintin641: checks 
fish my nuts: bets $2.66
tintin641: folds 
Uncalled bet ($2.66) returned to fish my nuts
fish my nuts collected $4.84 from pot
fish my nuts: doesn't show hand 
*** SUMMARY ***
Total pot $5.10 | Rake $0.26 
Board [2s Kh 9h]
Seat 1: fetiionut344 folded before Flop (didn't bet)
Seat 2: fish my nuts collected ($4.84)
Seat 3: CichiChanMarian (button) folded before Flop (didn't bet)
Seat 4: nastja336 (small blind) folded before Flop
Seat 5: tintin641 (big blind) folded on the Flop
Seat 6: kars0n folded before Flop (didn't bet)



PokerStars Hand #254300545401:  Hold'em No Limit ($0.50/$1.00 USD) - 2025/01/10 20:18:13 WET [2025/01/10 15:18:13 ET]
Table 'Jiangxi II' 6-max Seat #4 is the button
Seat 1: fetiionut344 ($37.63 in chips) 
Seat 2: fish my nuts ($102.54 in chips) 
Seat 3: CichiChanMarian ($111.35 in chips) 
Seat 4: nastja336 ($100 in chips) 
Seat 5: tintin641 ($106.27 in chips) 
Seat 6: kars0n ($115.13 in chips) 
tintin641: posts small blind $0.50
kars0n: posts big blind $1
*** HOLE CARDS ***
fetiionut344: calls $1
fish my nuts: folds 
CichiChanMarian: folds 
nastja336: folds 
tintin641: raises $4 to $5
kars0n: folds 
fetiionut344: calls $4
*** FLOP *** [8h 7d 9d]
tintin641: checks 
fetiionut344: checks 
*** TURN *** [8h 7d 9d] [Jd]
tintin641: checks 
fetiionut344: bets $10.45
tintin641: folds 
Uncalled bet ($10.45) returned to fetiionut344
fetiionut344 collected $10.45 from pot
*** SUMMARY ***
Total pot $11 | Rake $0.55 
Board [8h 7d 9d Jd]
Seat 1: fetiionut344 collected ($10.45)
Seat 2: fish my nuts folded before Flop (didn't bet)
Seat 3: CichiChanMarian folded before Flop (didn't bet)
Seat 4: nastja336 (button) folded before Flop (didn't bet)
Seat 5: tintin641 (small blind) folded on the Turn
Seat 6: kars0n (big blind) folded before Flop



PokerStars Hand #254300569167:  Hold'em No Limit ($0.50/$1.00 USD) - 2025/01/10 20:19:22 WET [2025/01/10 15:19:22 ET]
Table 'Jiangxi II' 6-max Seat #5 is the button
Seat 1: fetiionut344 ($43.08 in chips) 
Seat 2: fish my nuts ($102.54 in chips) 
Seat 3: CichiChanMarian ($111.35 in chips) 
Seat 4: nastja336 ($100 in chips) 
Seat 5: tintin641 ($101.27 in chips) 
Seat 6: kars0n ($114.13 in chips) 
kars0n: posts small blind $0.50
fetiionut344: posts big blind $1
*** HOLE CARDS ***
fish my nuts: folds 
CichiChanMarian: folds 
nastja336: folds 
tintin641: folds 
kars0n: folds 
Uncalled bet ($0.50) returned to fetiionut344
fetiionut344 collected $1 from pot
*** SUMMARY ***
Total pot $1 | Rake $0 
Seat 1: fetiionut344 (big blind) collected ($1)
Seat 2: fish my nuts folded before Flop (didn't bet)
Seat 3: CichiChanMarian folded before Flop (didn't bet)
Seat 4: nastja336 folded before Flop (didn't bet)
Seat 5: tintin641 (button) folded before Flop (didn't bet)
Seat 6: kars0n (small blind) folded before Flop



PokerStars Hand #254300578792:  Hold'em No Limit ($0.50/$1.00 USD) - 2025/01/10 20:19:51 WET [2025/01/10 15:19:51 ET]
Table 'Jiangxi II' 6-max Seat #6 is the button
Seat 1: fetiionut344 ($43.58 in chips) 
Seat 2: fish my nuts ($102.54 in chips) 
Seat 3: CichiChanMarian ($111.35 in chips) 
Seat 4: nastja336 ($100 in chips) 
Seat 5: tintin641 ($101.27 in chips) 
Seat 6: kars0n ($113.63 in chips) 
fetiionut344: posts small blind $0.50
fish my nuts: posts big blind $1
*** HOLE CARDS ***
CichiChanMarian: raises $1.50 to $2.50
nastja336: folds 
tintin641: folds 
kars0n: folds 
fetiionut344: calls $2
fish my nuts: folds 
*** FLOP *** [Qh 3h Qd]
fetiionut344: checks 
CichiChanMarian: bets $1.88
fetiionut344: folds 
Uncalled bet ($1.88) returned to CichiChanMarian
CichiChanMarian collected $5.70 from pot
CichiChanMarian: doesn't show hand 
*** SUMMARY ***
Total pot $6 | Rake $0.30 
Board [Qh 3h Qd]
Seat 1: fetiionut344 (small blind) folded on the Flop
Seat 2: fish my nuts (big blind) folded before Flop
Seat 3: CichiChanMarian collected ($5.70)
Seat 4: nastja336 folded before Flop (didn't bet)
Seat 5: tintin641 folded before Flop (didn't bet)
Seat 6: kars0n (button) folded before Flop (didn't bet)



PokerStars Hand #254300595070:  Hold'em No Limit ($0.50/$1.00 USD) - 2025/01/10 20:20:39 WET [2025/01/10 15:20:39 ET]
Table 'Jiangxi II' 6-max Seat #1 is the button
Seat 1: fetiionut344 ($41.08 in chips) 
Seat 2: fish my nuts ($101.54 in chips) 
Seat 3: CichiChanMarian ($114.55 in chips) 
Seat 4: nastja336 ($100 in chips) 
Seat 5: tintin641 ($101.27 in chips) 
Seat 6: kars0n ($113.63 in chips) 
fish my nuts: posts small blind $0.50
CichiChanMarian: posts big blind $1
*** HOLE CARDS ***
nastja336: raises $1.50 to $2.50
tintin641: folds 
kars0n: folds 
fetiionut344: calls $2.50
fish my nuts: folds 
CichiChanMarian: folds 
*** FLOP *** [4d 2d 7h]
nastja336: checks 
fetiionut344: checks 
*** TURN *** [4d 2d 7h] [9c]
nastja336: checks 
fetiionut344: bets $6.18
nastja336: folds 
Uncalled bet ($6.18) returned to fetiionut344
fetiionut344 collected $6.18 from pot
*** SUMMARY ***
Total pot $6.50 | Rake $0.32 
Board [4d 2d 7h 9c]
Seat 1: fetiionut344 (button) collected ($6.18)
Seat 2: fish my nuts (small blind) folded before Flop
Seat 3: CichiChanMarian (big blind) folded before Flop
Seat 4: nastja336 folded on the Turn
Seat 5: tintin641 folded before Flop (didn't bet)
Seat 6: kars0n folded before Flop (didn't bet)



PokerStars Hand #254300613891:  Hold'em No Limit ($0.50/$1.00 USD) - 2025/01/10 20:21:33 WET [2025/01/10 15:21:33 ET]
Table 'Jiangxi II' 6-max Seat #2 is the button
Seat 1: fetiionut344 ($44.76 in chips) 
Seat 2: fish my nuts ($101.04 in chips) 
Seat 3: CichiChanMarian ($113.55 in chips) 
Seat 4: nastja336 ($100 in chips) 
Seat 5: tintin641 ($101.27 in chips) 
Seat 6: kars0n ($113.63 in chips) 
CichiChanMarian: posts small blind $0.50
nastja336: posts big blind $1
*** HOLE CARDS ***
tintin641: folds 
kars0n: folds 
fetiionut344: calls $1
fish my nuts: raises $3.50 to $4.50
CichiChanMarian: folds 
nastja336: folds 
fetiionut344: calls $3.50
*** FLOP *** [2d 7d 8c]
fetiionut344: bets $4.99
fish my nuts: raises $6.99 to $11.98
fetiionut344: calls $6.99
*** TURN *** [2d 7d 8c] [5s]
fetiionut344: bets $28.28 and is all-in
fish my nuts: calls $28.28
*** RIVER *** [2d 7d 8c 5s] [Kh]
*** SHOW DOWN ***
fetiionut344: shows [9h Jc] (high card King)
fish my nuts: shows [8h 7h] (two pair, Eights and Sevens)
fish my nuts collected $88.52 from pot
*** SUMMARY ***
Total pot $91.02 | Rake $2.50 
Board [2d 7d 8c 5s Kh]
Seat 1: fetiionut344 showed [9h Jc] and lost with high card King
Seat 2: fish my nuts (button) showed [8h 7h] and won ($88.52) with two pair, Eights and Sevens
Seat 3: CichiChanMarian (small blind) folded before Flop
Seat 4: nastja336 (big blind) folded before Flop
Seat 5: tintin641 folded before Flop (didn't bet)
Seat 6: kars0n folded before Flop (didn't bet)



PokerStars Hand #254300634785:  Hold'em No Limit ($0.50/$1.00 USD) - 2025/01/10 20:22:34 WET [2025/01/10 15:22:34 ET]
Table 'Jiangxi II' 6-max Seat #3 is the button
Seat 1: fetiionut344 ($0 in chips) is sitting out
Seat 2: fish my nuts ($144.80 in chips) 
Seat 3: CichiChanMarian ($113.05 in chips) 
Seat 4: nastja336 ($100 in chips) 
Seat 5: tintin641 ($101.27 in chips) 
Seat 6: kars0n ($113.63 in chips) 
nastja336: posts small blind $0.50
tintin641: posts big blind $1
*** HOLE CARDS ***
kars0n: folds 
fish my nuts: folds 
CichiChanMarian: raises $1.50 to $2.50
nastja336: folds 
fetiionut344 leaves the table
tintin641: calls $1.50
*** FLOP *** [8c 4s 8s]
tintin641: checks 
CichiChanMarian: checks 
*** TURN *** [8c 4s 8s] [Jd]
tintin641: checks 
CichiChanMarian: bets $3.92
tintin641: calls $3.92
*** RIVER *** [8c 4s 8s Jd] [Jc]
tintin641: checks 
CichiChanMarian: checks 
*** SHOW DOWN ***
tintin641: shows [7h Jh] (a full house, Jacks full of Eights)
CichiChanMarian: mucks hand 
tintin641 collected $12.67 from pot
*** SUMMARY ***
Total pot $13.34 | Rake $0.67 
Board [8c 4s 8s Jd Jc]
Seat 1: fetiionut344
Seat 2: fish my nuts folded before Flop (didn't bet)
Seat 3: CichiChanMarian (button) mucked
Seat 4: nastja336 (small blind) folded before Flop
Seat 5: tintin641 (big blind) showed [7h Jh] and won ($12.67) with a full house, Jacks full of Eights
Seat 6: kars0n folded before Flop (didn't bet)



PokerStars Hand #254300657164:  Hold'em No Limit ($0.50/$1.00 USD) - 2025/01/10 20:23:40 WET [2025/01/10 15:23:40 ET]
Table 'Jiangxi II' 6-max Seat #4 is the button
Seat 2: fish my nuts ($144.80 in chips) 
Seat 3: CichiChanMarian ($106.63 in chips) 
Seat 4: nastja336 ($100 in chips) 
Seat 5: tintin641 ($107.52 in chips) 
Seat 6: kars0n ($113.63 in chips) 
tintin641: posts small blind $0.50
kars0n: posts big blind $1
*** HOLE CARDS ***
fish my nuts: folds 
CichiChanMarian: folds 
nastja336: raises $1.50 to $2.50
tintin641: folds 
kars0n: folds 
Uncalled bet ($1.50) returned to nastja336
nastja336 collected $2.50 from pot
nastja336: doesn't show hand 
*** SUMMARY ***
Total pot $2.50 | Rake $0 
Seat 2: fish my nuts folded before Flop (didn't bet)
Seat 3: CichiChanMarian folded before Flop (didn't bet)
Seat 4: nastja336 (button) collected ($2.50)
Seat 5: tintin641 (small blind) folded before Flop
Seat 6: kars0n (big blind) folded before Flop



PokerStars Hand #254300662714:  Hold'em No Limit ($0.50/$1.00 USD) - 2025/01/10 20:23:56 WET [2025/01/10 15:23:56 ET]
Table 'Jiangxi II' 6-max Seat #5 is the button
Seat 2: fish my nuts ($144.80 in chips) 
Seat 3: CichiChanMarian ($106.63 in chips) 
Seat 4: nastja336 ($101.50 in chips) 
Seat 5: tintin641 ($107.02 in chips) 
Seat 6: kars0n ($112.63 in chips) 
kars0n: posts small blind $0.50
fish my nuts: posts big blind $1
*** HOLE CARDS ***
CichiChanMarian: folds 
nastja336: folds 
tintin641: folds 
nastja336 leaves the table
kars0n: raises $2 to $3
fish my nuts: folds 
Uncalled bet ($2) returned to kars0n
kars0n collected $2 from pot
kars0n: doesn't show hand 
*** SUMMARY ***
Total pot $2 | Rake $0 
Seat 2: fish my nuts (big blind) folded before Flop
Seat 3: CichiChanMarian folded before Flop (didn't bet)
Seat 4: nastja336 folded before Flop (didn't bet)
Seat 5: tintin641 (button) folded before Flop (didn't bet)
Seat 6: kars0n (small blind) collected ($2)



PokerStars Hand #254300670623:  Hold'em No Limit ($0.50/$1.00 USD) - 2025/01/10 20:24:19 WET [2025/01/10 15:24:19 ET]
Table 'Jiangxi II' 6-max Seat #2 is the button
Seat 3: CichiChanMarian ($106.63 in chips) is sitting out
Seat 5: tintin641 ($107.02 in chips) is sitting out
Seat 2: fish my nuts ($143.80 in chips) 
Seat 6: kars0n ($113.63 in chips) 
fish my nuts: posts small blind $0.50
CichiChanMarian: is sitting out 
tintin641: is sitting out 
kars0n: posts big blind $1
*** HOLE CARDS ***
tintin641 leaves the table
fish my nuts: folds 
Uncalled bet ($0.50) returned to kars0n
kars0n collected $1 from pot
kars0n: doesn't show hand 
*** SUMMARY ***
Total pot $1 | Rake $0 
Seat 3: CichiChanMarian
Seat 5: tintin641
Seat 2: fish my nuts (button) (small blind) folded before Flop
Seat 6: kars0n (big blind) collected ($1)



PokerStars Hand #254300674097:  Hold'em No Limit ($0.50/$1.00 USD) - 2025/01/10 20:24:29 WET [2025/01/10 15:24:29 ET]
Table 'Jiangxi II' 6-max Seat #6 is the button
Seat 3: CichiChanMarian ($106.63 in chips) is sitting out
Seat 2: fish my nuts ($143.30 in chips) 
Seat 6: kars0n ($114.13 in chips) 
kars0n: posts small blind $0.50
fish my nuts: posts big blind $1
*** HOLE CARDS ***
CichiChanMarian leaves the table
kars0n: raises $1.50 to $2.50
fish my nuts: folds 
Uncalled bet ($1.50) returned to kars0n
kars0n collected $2 from pot
kars0n: doesn't show hand 
*** SUMMARY ***
Total pot $2 | Rake $0 
Seat 3: CichiChanMarian
Seat 2: fish my nuts (big blind) folded before Flop
Seat 6: kars0n (button) (small blind) collected ($2)



PokerStars Hand #254300678180:  Hold'em No Limit ($0.50/$1.00 USD) - 2025/01/10 20:24:41 WET [2025/01/10 15:24:41 ET]
Table 'Jiangxi II' 6-max Seat #2 is the button
Seat 2: fish my nuts ($142.30 in chips) 
Seat 6: kars0n ($115.13 in chips) 
fish my nuts: posts small blind $0.50
kars0n: posts big blind $1
*** HOLE CARDS ***
fish my nuts: folds 
Uncalled bet ($0.50) returned to kars0n
kars0n collected $1 from pot
kars0n: doesn't show hand 
*** SUMMARY ***
Total pot $1 | Rake $0 
Seat 2: fish my nuts (button) (small blind) folded before Flop
Seat 6: kars0n (big blind) collected ($1)



