PokerStars Hand #254299470193:  Hold'em No Limit ($0.50/$1.00 USD) - 2025/01/10 19:20:11 WET [2025/01/10 14:20:11 ET]
Table 'Euboea II' 6-max Seat #2 is the button
Seat 1: ImaPeppaPig ($100 in chips) 
Seat 2: ricadiiiino ($86.74 in chips) 
Seat 3: Gfoer ($103.50 in chips) 
Seat 4: YeeesMan ($111.96 in chips) 
Seat 5: worker0k ($100 in chips) 
Seat 6: whlzor ($100 in chips) 
Gfoer: posts small blind $0.50
YeeesMan: posts big blind $1
*** HOLE CARDS ***
worker0k: folds 
whlzor: folds 
ImaPeppaPig: folds 
ricadiiiino: calls $1
Gfoer: folds 
YeeesMan: checks 
*** FLOP *** [Th As 6s]
YeeesMan: checks 
ricadiiiino: bets $2.38
YeeesMan: folds 
Uncalled bet ($2.38) returned to ricadiiiino
ricadiiiino collected $2.38 from pot
*** SUMMARY ***
Total pot $2.50 | Rake $0.12 
Board [Th As 6s]
Seat 1: ImaPeppaPig folded before Flop (didn't bet)
Seat 2: ricadiiiino (button) collected ($2.38)
Seat 3: Gfoer (small blind) folded before Flop
Seat 4: YeeesMan (big blind) folded on the Flop
Seat 5: worker0k folded before Flop (didn't bet)
Seat 6: whlzor folded before Flop (didn't bet)



PokerStars Hand #254299489981:  Hold'em No Limit ($0.50/$1.00 USD) - 2025/01/10 19:21:15 WET [2025/01/10 14:21:15 ET]
Table 'Euboea II' 6-max Seat #3 is the button
Seat 1: ImaPeppaPig ($100 in chips) 
Seat 2: ricadiiiino ($88.12 in chips) 
Seat 3: Gfoer ($103 in chips) 
Seat 4: YeeesMan ($110.96 in chips) 
Seat 5: worker0k ($100 in chips) 
Seat 6: whlzor ($100 in chips) 
YeeesMan: posts small blind $0.50
worker0k: posts big blind $1
*** HOLE CARDS ***
whlzor: raises $1.50 to $2.50
ImaPeppaPig: folds 
ricadiiiino: folds 
Gfoer: folds 
YeeesMan: folds 
worker0k: folds 
Uncalled bet ($1.50) returned to whlzor
whlzor collected $2.50 from pot
whlzor: doesn't show hand 
*** SUMMARY ***
Total pot $2.50 | Rake $0 
Seat 1: ImaPeppaPig folded before Flop (didn't bet)
Seat 2: ricadiiiino folded before Flop (didn't bet)
Seat 3: Gfoer (button) folded before Flop (didn't bet)
Seat 4: YeeesMan (small blind) folded before Flop
Seat 5: worker0k (big blind) folded before Flop
Seat 6: whlzor collected ($2.50)



PokerStars Hand #254299493460:  Hold'em No Limit ($0.50/$1.00 USD) - 2025/01/10 19:21:26 WET [2025/01/10 14:21:26 ET]
Table 'Euboea II' 6-max Seat #4 is the button
Seat 1: ImaPeppaPig ($100 in chips) 
Seat 2: ricadiiiino ($88.12 in chips) 
Seat 3: Gfoer ($103 in chips) 
Seat 4: YeeesMan ($110.46 in chips) 
Seat 5: worker0k ($100 in chips) 
Seat 6: whlzor ($101.50 in chips) 
worker0k: posts small blind $0.50
whlzor: posts big blind $1
*** HOLE CARDS ***
ImaPeppaPig: raises $1.50 to $2.50
ricadiiiino: folds 
Gfoer: folds 
YeeesMan: folds 
worker0k: folds 
whlzor: folds 
Uncalled bet ($1.50) returned to ImaPeppaPig
ImaPeppaPig collected $2.50 from pot
ImaPeppaPig: doesn't show hand 
*** SUMMARY ***
Total pot $2.50 | Rake $0 
Seat 1: ImaPeppaPig collected ($2.50)
Seat 2: ricadiiiino folded before Flop (didn't bet)
Seat 3: Gfoer folded before Flop (didn't bet)
Seat 4: YeeesMan (button) folded before Flop (didn't bet)
Seat 5: worker0k (small blind) folded before Flop
Seat 6: whlzor (big blind) folded before Flop



PokerStars Hand #254299499405:  Hold'em No Limit ($0.50/$1.00 USD) - 2025/01/10 19:21:46 WET [2025/01/10 14:21:46 ET]
Table 'Euboea II' 6-max Seat #6 is the button
Seat 5: worker0k ($100 in chips) is sitting out
Seat 1: ImaPeppaPig ($101.50 in chips) 
Seat 2: ricadiiiino ($88.12 in chips) 
Seat 3: Gfoer ($103 in chips) 
Seat 4: YeeesMan ($110.46 in chips) 
Seat 6: whlzor ($100.50 in chips) 
ImaPeppaPig: posts small blind $0.50
ricadiiiino: posts big blind $1
*** HOLE CARDS ***
worker0k leaves the table
Gfoer: raises $1.20 to $2.20
YeeesMan: folds 
peak joker33 joins the table at seat #5 
whlzor: raises $6.30 to $8.50
ImaPeppaPig: folds 
ricadiiiino: folds 
Gfoer: folds 
Uncalled bet ($6.30) returned to whlzor
whlzor collected $5.90 from pot
whlzor: doesn't show hand 
*** SUMMARY ***
Total pot $5.90 | Rake $0 
Seat 5: worker0k
Seat 1: ImaPeppaPig (small blind) folded before Flop
Seat 2: ricadiiiino (big blind) folded before Flop
Seat 3: Gfoer folded before Flop
Seat 4: YeeesMan folded before Flop (didn't bet)
Seat 6: whlzor (button) collected ($5.90)



PokerStars Hand #254299503533:  Hold'em No Limit ($0.50/$1.00 USD) - 2025/01/10 19:21:59 WET [2025/01/10 14:21:59 ET]
Table 'Euboea II' 6-max Seat #1 is the button
Seat 3: Gfoer ($100.80 in chips) is sitting out
Seat 4: YeeesMan ($110.46 in chips) is sitting out
Seat 1: ImaPeppaPig ($101 in chips) 
Seat 2: ricadiiiino ($87.12 in chips) 
Seat 5: peak joker33 ($100 in chips) 
Seat 6: whlzor ($104.20 in chips) 
ricadiiiino: posts small blind $0.50
Gfoer: is sitting out 
YeeesMan: is sitting out 
peak joker33: posts big blind $1
*** HOLE CARDS ***
whlzor: folds 
Gfoer leaves the table
ImaPeppaPig: folds 
ricadiiiino: folds 
Uncalled bet ($0.50) returned to peak joker33
peak joker33 collected $1 from pot
peak joker33: doesn't show hand 
*** SUMMARY ***
Total pot $1 | Rake $0 
Seat 3: Gfoer
Seat 4: YeeesMan
Seat 1: ImaPeppaPig (button) folded before Flop (didn't bet)
Seat 2: ricadiiiino (small blind) folded before Flop
Seat 5: peak joker33 (big blind) collected ($1)
Seat 6: whlzor folded before Flop (didn't bet)



PokerStars Hand #254299505920:  Hold'em No Limit ($0.50/$1.00 USD) - 2025/01/10 19:22:07 WET [2025/01/10 14:22:07 ET]
Table 'Euboea II' 6-max Seat #2 is the button
Seat 4: YeeesMan ($110.46 in chips) is sitting out
Seat 1: ImaPeppaPig ($101 in chips) 
Seat 2: ricadiiiino ($86.62 in chips) 
Seat 5: peak joker33 ($100.50 in chips) 
Seat 6: whlzor ($104.20 in chips) 
peak joker33: posts small blind $0.50
whlzor: posts big blind $1
*** HOLE CARDS ***
fish my nuts joins the table at seat #3 
ImaPeppaPig: folds 
ricadiiiino: folds 
peak joker33: folds 
Uncalled bet ($0.50) returned to whlzor
YeeesMan leaves the table
whlzor collected $1 from pot
whlzor: doesn't show hand 
michasia joins the table at seat #4 
*** SUMMARY ***
Total pot $1 | Rake $0 
Seat 4: YeeesMan
Seat 1: ImaPeppaPig folded before Flop (didn't bet)
Seat 2: ricadiiiino (button) folded before Flop (didn't bet)
Seat 5: peak joker33 (small blind) folded before Flop
Seat 6: whlzor (big blind) collected ($1)



PokerStars Hand #254299360108:  Hold'em No Limit ($0.50/$1.00 USD) - 2025/01/10 19:14:14 WET [2025/01/10 14:14:14 ET]
Table 'Euboea III' 6-max Seat #4 is the button
Seat 1: przemasek ($81.32 in chips) 
Seat 2: easy_sarcasm ($100 in chips) 
Seat 3: Mr_Dick666 ($114.36 in chips) 
Seat 4: CichiChanMarian ($100 in chips) 
Seat 5: Evelexy1 ($133.12 in chips) 
Seat 6: PayTaxOrDie ($111.57 in chips) 
Evelexy1: posts small blind $0.50
PayTaxOrDie: posts big blind $1
*** HOLE CARDS ***
przemasek: folds 
easy_sarcasm: folds 
Mr_Dick666: folds 
CichiChanMarian: raises $1.50 to $2.50
Evelexy1: folds 
PayTaxOrDie: folds 
Uncalled bet ($1.50) returned to CichiChanMarian
CichiChanMarian collected $2.50 from pot
CichiChanMarian: doesn't show hand 
*** SUMMARY ***
Total pot $2.50 | Rake $0 
Seat 1: przemasek folded before Flop (didn't bet)
Seat 2: easy_sarcasm folded before Flop (didn't bet)
Seat 3: Mr_Dick666 folded before Flop (didn't bet)
Seat 4: CichiChanMarian (button) collected ($2.50)
Seat 5: Evelexy1 (small blind) folded before Flop
Seat 6: PayTaxOrDie (big blind) folded before Flop



PokerStars Hand #254299363140:  Hold'em No Limit ($0.50/$1.00 USD) - 2025/01/10 19:14:24 WET [2025/01/10 14:14:24 ET]
Table 'Euboea III' 6-max Seat #5 is the button
Seat 1: przemasek ($81.32 in chips) 
Seat 2: easy_sarcasm ($100 in chips) 
Seat 3: Mr_Dick666 ($114.36 in chips) 
Seat 4: CichiChanMarian ($101.50 in chips) 
Seat 5: Evelexy1 ($132.62 in chips) 
Seat 6: PayTaxOrDie ($110.57 in chips) 
PayTaxOrDie: posts small blind $0.50
przemasek: posts big blind $1
*** HOLE CARDS ***
easy_sarcasm: folds 
Mr_Dick666: folds 
CichiChanMarian: folds 
Evelexy1: folds 
PayTaxOrDie: folds 
Uncalled bet ($0.50) returned to przemasek
przemasek collected $1 from pot
przemasek: doesn't show hand 
*** SUMMARY ***
Total pot $1 | Rake $0 
Seat 1: przemasek (big blind) collected ($1)
Seat 2: easy_sarcasm folded before Flop (didn't bet)
Seat 3: Mr_Dick666 folded before Flop (didn't bet)
Seat 4: CichiChanMarian folded before Flop (didn't bet)
Seat 5: Evelexy1 (button) folded before Flop (didn't bet)
Seat 6: PayTaxOrDie (small blind) folded before Flop



PokerStars Hand #254299367530:  Hold'em No Limit ($0.50/$1.00 USD) - 2025/01/10 19:14:38 WET [2025/01/10 14:14:38 ET]
Table 'Euboea III' 6-max Seat #6 is the button
Seat 1: przemasek ($81.82 in chips) 
Seat 2: easy_sarcasm ($100 in chips) 
Seat 3: Mr_Dick666 ($114.36 in chips) 
Seat 4: CichiChanMarian ($101.50 in chips) 
Seat 5: Evelexy1 ($132.62 in chips) 
Seat 6: PayTaxOrDie ($110.07 in chips) 
przemasek: posts small blind $0.50
easy_sarcasm: posts big blind $1
*** HOLE CARDS ***
Mr_Dick666: folds 
CichiChanMarian: raises $1.50 to $2.50
Evelexy1: folds 
PayTaxOrDie: folds 
przemasek: folds 
easy_sarcasm: folds 
Uncalled bet ($1.50) returned to CichiChanMarian
CichiChanMarian collected $2.50 from pot
CichiChanMarian: doesn't show hand 
*** SUMMARY ***
Total pot $2.50 | Rake $0 
Seat 1: przemasek (small blind) folded before Flop
Seat 2: easy_sarcasm (big blind) folded before Flop
Seat 3: Mr_Dick666 folded before Flop (didn't bet)
Seat 4: CichiChanMarian collected ($2.50)
Seat 5: Evelexy1 folded before Flop (didn't bet)
Seat 6: PayTaxOrDie (button) folded before Flop (didn't bet)



PokerStars Hand #254299370920:  Hold'em No Limit ($0.50/$1.00 USD) - 2025/01/10 19:14:49 WET [2025/01/10 14:14:49 ET]
Table 'Euboea III' 6-max Seat #1 is the button
Seat 1: przemasek ($81.32 in chips) 
Seat 2: easy_sarcasm ($100 in chips) 
Seat 3: Mr_Dick666 ($114.36 in chips) 
Seat 4: CichiChanMarian ($103 in chips) 
Seat 5: Evelexy1 ($132.62 in chips) 
Seat 6: PayTaxOrDie ($110.07 in chips) 
easy_sarcasm: posts small blind $0.50
Mr_Dick666: posts big blind $1
*** HOLE CARDS ***
CichiChanMarian: raises $1.50 to $2.50
Evelexy1: folds 
PayTaxOrDie: folds 
przemasek: folds 
easy_sarcasm: folds 
Mr_Dick666: folds 
Uncalled bet ($1.50) returned to CichiChanMarian
CichiChanMarian collected $2.50 from pot
CichiChanMarian: doesn't show hand 
*** SUMMARY ***
Total pot $2.50 | Rake $0 
Seat 1: przemasek (button) folded before Flop (didn't bet)
Seat 2: easy_sarcasm (small blind) folded before Flop
Seat 3: Mr_Dick666 (big blind) folded before Flop
Seat 4: CichiChanMarian collected ($2.50)
Seat 5: Evelexy1 folded before Flop (didn't bet)
Seat 6: PayTaxOrDie folded before Flop (didn't bet)



PokerStars Hand #254299376542:  Hold'em No Limit ($0.50/$1.00 USD) - 2025/01/10 19:15:07 WET [2025/01/10 14:15:07 ET]
Table 'Euboea III' 6-max Seat #2 is the button
Seat 1: przemasek ($81.32 in chips) 
Seat 2: easy_sarcasm ($100 in chips) 
Seat 3: Mr_Dick666 ($113.36 in chips) 
Seat 4: CichiChanMarian ($104.50 in chips) 
Seat 5: Evelexy1 ($132.62 in chips) 
Seat 6: PayTaxOrDie ($110.07 in chips) 
Mr_Dick666: posts small blind $0.50
CichiChanMarian: posts big blind $1
*** HOLE CARDS ***
Evelexy1: folds 
PayTaxOrDie: folds 
przemasek: calls $1
easy_sarcasm: raises $3.50 to $4.50
Mr_Dick666: raises $8.50 to $13
CichiChanMarian: folds 
przemasek: folds 
easy_sarcasm: calls $8.50
*** FLOP *** [6h Kh Tc]
Mr_Dick666: bets $8.78
easy_sarcasm: calls $8.78
*** TURN *** [6h Kh Tc] [2s]
Mr_Dick666: bets $21.64
easy_sarcasm: folds 
Uncalled bet ($21.64) returned to Mr_Dick666
Mr_Dick666 collected $43.28 from pot
Mr_Dick666: doesn't show hand 
*** SUMMARY ***
Total pot $45.56 | Rake $2.28 
Board [6h Kh Tc 2s]
Seat 1: przemasek folded before Flop
Seat 2: easy_sarcasm (button) folded on the Turn
Seat 3: Mr_Dick666 (small blind) collected ($43.28)
Seat 4: CichiChanMarian (big blind) folded before Flop
Seat 5: Evelexy1 folded before Flop (didn't bet)
Seat 6: PayTaxOrDie folded before Flop (didn't bet)



PokerStars Hand #254299393899:  Hold'em No Limit ($0.50/$1.00 USD) - 2025/01/10 19:16:04 WET [2025/01/10 14:16:04 ET]
Table 'Euboea III' 6-max Seat #3 is the button
Seat 1: przemasek ($80.32 in chips) 
Seat 2: easy_sarcasm ($100 in chips) 
Seat 3: Mr_Dick666 ($134.86 in chips) 
Seat 4: CichiChanMarian ($103.50 in chips) 
Seat 5: Evelexy1 ($132.62 in chips) 
Seat 6: PayTaxOrDie ($110.07 in chips) 
CichiChanMarian: posts small blind $0.50
Evelexy1: posts big blind $1
*** HOLE CARDS ***
PayTaxOrDie: folds 
przemasek: calls $1
easy_sarcasm: folds 
Mr_Dick666: raises $3 to $4
CichiChanMarian: folds 
Evelexy1: folds 
przemasek: calls $3
*** FLOP *** [4c As Ah]
przemasek: checks 
Mr_Dick666: bets $2.98
przemasek: folds 
Uncalled bet ($2.98) returned to Mr_Dick666
Mr_Dick666 collected $9.02 from pot
Mr_Dick666: doesn't show hand 
*** SUMMARY ***
Total pot $9.50 | Rake $0.48 
Board [4c As Ah]
Seat 1: przemasek folded on the Flop
Seat 2: easy_sarcasm folded before Flop (didn't bet)
Seat 3: Mr_Dick666 (button) collected ($9.02)
Seat 4: CichiChanMarian (small blind) folded before Flop
Seat 5: Evelexy1 (big blind) folded before Flop
Seat 6: PayTaxOrDie folded before Flop (didn't bet)



PokerStars Hand #254299406671:  Hold'em No Limit ($0.50/$1.00 USD) - 2025/01/10 19:16:45 WET [2025/01/10 14:16:45 ET]
Table 'Euboea III' 6-max Seat #4 is the button
Seat 1: przemasek ($76.32 in chips) 
Seat 2: easy_sarcasm ($100 in chips) 
Seat 3: Mr_Dick666 ($139.88 in chips) 
Seat 4: CichiChanMarian ($103 in chips) 
Seat 5: Evelexy1 ($131.62 in chips) 
Seat 6: PayTaxOrDie ($110.07 in chips) 
Evelexy1: posts small blind $0.50
PayTaxOrDie: posts big blind $1
*** HOLE CARDS ***
przemasek: calls $1
easy_sarcasm: folds 
Mr_Dick666: folds 
CichiChanMarian: raises $3 to $4
Evelexy1: folds 
PayTaxOrDie: folds 
przemasek: calls $3
*** FLOP *** [Ad Jd Qd]
przemasek: checks 
CichiChanMarian: bets $1.89
przemasek: calls $1.89
*** TURN *** [Ad Jd Qd] [5c]
przemasek: checks 
CichiChanMarian: checks 
*** RIVER *** [Ad Jd Qd 5c] [Kd]
przemasek: checks 
CichiChanMarian: bets $10
przemasek: folds 
Uncalled bet ($10) returned to CichiChanMarian
CichiChanMarian collected $12.62 from pot
CichiChanMarian: doesn't show hand 
*** SUMMARY ***
Total pot $13.28 | Rake $0.66 
Board [Ad Jd Qd 5c Kd]
Seat 1: przemasek folded on the River
Seat 2: easy_sarcasm folded before Flop (didn't bet)
Seat 3: Mr_Dick666 folded before Flop (didn't bet)
Seat 4: CichiChanMarian (button) collected ($12.62)
Seat 5: Evelexy1 (small blind) folded before Flop
Seat 6: PayTaxOrDie (big blind) folded before Flop



PokerStars Hand #254299417989:  Hold'em No Limit ($0.50/$1.00 USD) - 2025/01/10 19:17:22 WET [2025/01/10 14:17:22 ET]
Table 'Euboea III' 6-max Seat #5 is the button
Seat 1: przemasek ($70.43 in chips) 
Seat 2: easy_sarcasm ($100 in chips) 
Seat 3: Mr_Dick666 ($139.88 in chips) 
Seat 4: CichiChanMarian ($109.73 in chips) 
Seat 5: Evelexy1 ($131.12 in chips) 
Seat 6: PayTaxOrDie ($109.07 in chips) 
PayTaxOrDie: posts small blind $0.50
przemasek: posts big blind $1
*** HOLE CARDS ***
easy_sarcasm: folds 
Mr_Dick666: folds 
CichiChanMarian: folds 
Evelexy1: folds 
PayTaxOrDie: raises $2 to $3
przemasek: calls $2
*** FLOP *** [5d 7c 8s]
PayTaxOrDie: checks 
przemasek: checks 
*** TURN *** [5d 7c 8s] [7h]
PayTaxOrDie: bets $2.28
przemasek: calls $2.28
*** RIVER *** [5d 7c 8s 7h] [2c]
PayTaxOrDie: bets $6.62
przemasek: folds 
Uncalled bet ($6.62) returned to PayTaxOrDie
PayTaxOrDie collected $10.03 from pot
PayTaxOrDie: doesn't show hand 
*** SUMMARY ***
Total pot $10.56 | Rake $0.53 
Board [5d 7c 8s 7h 2c]
Seat 1: przemasek (big blind) folded on the River
Seat 2: easy_sarcasm folded before Flop (didn't bet)
Seat 3: Mr_Dick666 folded before Flop (didn't bet)
Seat 4: CichiChanMarian folded before Flop (didn't bet)
Seat 5: Evelexy1 (button) folded before Flop (didn't bet)
Seat 6: PayTaxOrDie (small blind) collected ($10.03)



PokerStars Hand #254299434711:  Hold'em No Limit ($0.50/$1.00 USD) - 2025/01/10 19:18:16 WET [2025/01/10 14:18:16 ET]
Table 'Euboea III' 6-max Seat #6 is the button
Seat 1: przemasek ($65.15 in chips) 
Seat 2: easy_sarcasm ($100 in chips) 
Seat 3: Mr_Dick666 ($139.88 in chips) 
Seat 4: CichiChanMarian ($109.73 in chips) 
Seat 5: Evelexy1 ($131.12 in chips) 
Seat 6: PayTaxOrDie ($113.82 in chips) 
przemasek: posts small blind $0.50
easy_sarcasm: posts big blind $1
*** HOLE CARDS ***
Mr_Dick666: folds 
CichiChanMarian: folds 
Evelexy1: folds 
PayTaxOrDie: folds 
przemasek: raises $1 to $2
easy_sarcasm: raises $7 to $9
przemasek: calls $7
*** FLOP *** [8d 4s Ac]
przemasek: checks 
easy_sarcasm: bets $6.50
przemasek: calls $6.50
*** TURN *** [8d 4s Ac] [Ts]
przemasek: checks 
easy_sarcasm: checks 
*** RIVER *** [8d 4s Ac Ts] [3d]
przemasek: checks 
easy_sarcasm: checks 
*** SHOW DOWN ***
przemasek: shows [7h 8c] (a pair of Eights)
easy_sarcasm: shows [Th Qh] (a pair of Tens)
easy_sarcasm collected $29.45 from pot
*** SUMMARY ***
Total pot $31 | Rake $1.55 
Board [8d 4s Ac Ts 3d]
Seat 1: przemasek (small blind) showed [7h 8c] and lost with a pair of Eights
Seat 2: easy_sarcasm (big blind) showed [Th Qh] and won ($29.45) with a pair of Tens
Seat 3: Mr_Dick666 folded before Flop (didn't bet)
Seat 4: CichiChanMarian folded before Flop (didn't bet)
Seat 5: Evelexy1 folded before Flop (didn't bet)
Seat 6: PayTaxOrDie (button) folded before Flop (didn't bet)



PokerStars Hand #254299447820:  Hold'em No Limit ($0.50/$1.00 USD) - 2025/01/10 19:18:58 WET [2025/01/10 14:18:58 ET]
Table 'Euboea III' 6-max Seat #1 is the button
Seat 1: przemasek ($49.65 in chips) 
Seat 2: easy_sarcasm ($113.95 in chips) 
Seat 3: Mr_Dick666 ($139.88 in chips) 
Seat 4: CichiChanMarian ($109.73 in chips) 
Seat 5: Evelexy1 ($131.12 in chips) 
Seat 6: PayTaxOrDie ($113.82 in chips) 
easy_sarcasm: posts small blind $0.50
Mr_Dick666: posts big blind $1
*** HOLE CARDS ***
CichiChanMarian: folds 
Evelexy1: folds 
PayTaxOrDie: folds 
przemasek: raises $1 to $2
easy_sarcasm: folds 
Mr_Dick666: folds 
Uncalled bet ($1) returned to przemasek
przemasek collected $2.50 from pot
przemasek: doesn't show hand 
*** SUMMARY ***
Total pot $2.50 | Rake $0 
Seat 1: przemasek (button) collected ($2.50)
Seat 2: easy_sarcasm (small blind) folded before Flop
Seat 3: Mr_Dick666 (big blind) folded before Flop
Seat 4: CichiChanMarian folded before Flop (didn't bet)
Seat 5: Evelexy1 folded before Flop (didn't bet)
Seat 6: PayTaxOrDie folded before Flop (didn't bet)



PokerStars Hand #254299452350:  Hold'em No Limit ($0.50/$1.00 USD) - 2025/01/10 19:19:13 WET [2025/01/10 14:19:13 ET]
Table 'Euboea III' 6-max Seat #2 is the button
Seat 1: przemasek ($51.15 in chips) 
Seat 2: easy_sarcasm ($113.45 in chips) 
Seat 3: Mr_Dick666 ($138.88 in chips) 
Seat 4: CichiChanMarian ($109.73 in chips) 
Seat 5: Evelexy1 ($131.12 in chips) 
Seat 6: PayTaxOrDie ($113.82 in chips) 
Mr_Dick666: posts small blind $0.50
CichiChanMarian: posts big blind $1
*** HOLE CARDS ***
Evelexy1: folds 
PayTaxOrDie: folds 
przemasek: raises $1 to $2
easy_sarcasm: folds 
Mr_Dick666: folds 
CichiChanMarian: folds 
Uncalled bet ($1) returned to przemasek
przemasek collected $2.50 from pot
przemasek: doesn't show hand 
*** SUMMARY ***
Total pot $2.50 | Rake $0 
Seat 1: przemasek collected ($2.50)
Seat 2: easy_sarcasm (button) folded before Flop (didn't bet)
Seat 3: Mr_Dick666 (small blind) folded before Flop
Seat 4: CichiChanMarian (big blind) folded before Flop
Seat 5: Evelexy1 folded before Flop (didn't bet)
Seat 6: PayTaxOrDie folded before Flop (didn't bet)



PokerStars Hand #254299458548:  Hold'em No Limit ($0.50/$1.00 USD) - 2025/01/10 19:19:33 WET [2025/01/10 14:19:33 ET]
Table 'Euboea III' 6-max Seat #3 is the button
Seat 1: przemasek ($52.65 in chips) 
Seat 2: easy_sarcasm ($113.45 in chips) 
Seat 3: Mr_Dick666 ($138.38 in chips) 
Seat 4: CichiChanMarian ($108.73 in chips) 
Seat 5: Evelexy1 ($131.12 in chips) 
Seat 6: PayTaxOrDie ($113.82 in chips) 
CichiChanMarian: posts small blind $0.50
Evelexy1: posts big blind $1
*** HOLE CARDS ***
PayTaxOrDie: folds 
przemasek: folds 
easy_sarcasm: folds 
Mr_Dick666: raises $1.50 to $2.50
CichiChanMarian: folds 
Evelexy1: folds 
Uncalled bet ($1.50) returned to Mr_Dick666
Mr_Dick666 collected $2.50 from pot
Mr_Dick666: doesn't show hand 
*** SUMMARY ***
Total pot $2.50 | Rake $0 
Seat 1: przemasek folded before Flop (didn't bet)
Seat 2: easy_sarcasm folded before Flop (didn't bet)
Seat 3: Mr_Dick666 (button) collected ($2.50)
Seat 4: CichiChanMarian (small blind) folded before Flop
Seat 5: Evelexy1 (big blind) folded before Flop
Seat 6: PayTaxOrDie folded before Flop (didn't bet)



PokerStars Hand #254299464709:  Hold'em No Limit ($0.50/$1.00 USD) - 2025/01/10 19:19:53 WET [2025/01/10 14:19:53 ET]
Table 'Euboea III' 6-max Seat #4 is the button
Seat 1: przemasek ($52.65 in chips) 
Seat 2: easy_sarcasm ($113.45 in chips) 
Seat 3: Mr_Dick666 ($139.88 in chips) 
Seat 4: CichiChanMarian ($108.23 in chips) 
Seat 5: Evelexy1 ($130.12 in chips) 
Seat 6: PayTaxOrDie ($113.82 in chips) 
Evelexy1: posts small blind $0.50
PayTaxOrDie: posts big blind $1
*** HOLE CARDS ***
przemasek: raises $1 to $2
easy_sarcasm: folds 
Mr_Dick666: folds 
CichiChanMarian: folds 
Evelexy1: folds 
PayTaxOrDie: calls $1
*** FLOP *** [Ks 2d 6h]
PayTaxOrDie: checks 
przemasek: bets $2.72
PayTaxOrDie: folds 
Uncalled bet ($2.72) returned to przemasek
przemasek collected $4.28 from pot
przemasek: doesn't show hand 
*** SUMMARY ***
Total pot $4.50 | Rake $0.22 
Board [Ks 2d 6h]
Seat 1: przemasek collected ($4.28)
Seat 2: easy_sarcasm folded before Flop (didn't bet)
Seat 3: Mr_Dick666 folded before Flop (didn't bet)
Seat 4: CichiChanMarian (button) folded before Flop (didn't bet)
Seat 5: Evelexy1 (small blind) folded before Flop
Seat 6: PayTaxOrDie (big blind) folded on the Flop



PokerStars Hand #254299476856:  Hold'em No Limit ($0.50/$1.00 USD) - 2025/01/10 19:20:32 WET [2025/01/10 14:20:32 ET]
Table 'Euboea III' 6-max Seat #5 is the button
Seat 1: przemasek ($54.93 in chips) 
Seat 2: easy_sarcasm ($113.45 in chips) 
Seat 3: Mr_Dick666 ($139.88 in chips) 
Seat 4: CichiChanMarian ($108.23 in chips) 
Seat 5: Evelexy1 ($129.62 in chips) 
Seat 6: PayTaxOrDie ($111.82 in chips) 
PayTaxOrDie: posts small blind $0.50
przemasek: posts big blind $1
*** HOLE CARDS ***
easy_sarcasm: raises $2 to $3
Mr_Dick666: folds 
CichiChanMarian: folds 
Evelexy1: calls $3
PayTaxOrDie: folds 
przemasek: calls $2
*** FLOP *** [Tc 9c Td]
przemasek: checks 
easy_sarcasm: checks 
Evelexy1: checks 
*** TURN *** [Tc 9c Td] [9s]
przemasek: checks 
easy_sarcasm: checks 
Evelexy1: checks 
*** RIVER *** [Tc 9c Td 9s] [9h]
przemasek: checks 
easy_sarcasm: checks 
Evelexy1: bets $5.95
przemasek: calls $5.95
easy_sarcasm: calls $5.95
*** SHOW DOWN ***
Evelexy1: shows [Js Ks] (a full house, Nines full of Tens)
przemasek: shows [6h Jc] (a full house, Nines full of Tens)
easy_sarcasm: shows [Qh As] (a full house, Nines full of Tens)
przemasek collected $8.66 from pot
easy_sarcasm collected $8.66 from pot
Evelexy1 collected $8.66 from pot
*** SUMMARY ***
Total pot $27.35 | Rake $1.37 
Board [Tc 9c Td 9s 9h]
Seat 1: przemasek (big blind) showed [6h Jc] and won ($8.66) with a full house, Nines full of Tens
Seat 2: easy_sarcasm showed [Qh As] and won ($8.66) with a full house, Nines full of Tens
Seat 3: Mr_Dick666 folded before Flop (didn't bet)
Seat 4: CichiChanMarian folded before Flop (didn't bet)
Seat 5: Evelexy1 (button) showed [Js Ks] and won ($8.66) with a full house, Nines full of Tens
Seat 6: PayTaxOrDie (small blind) folded before Flop



PokerStars Hand #254299493146:  Hold'em No Limit ($0.50/$1.00 USD) - 2025/01/10 19:21:25 WET [2025/01/10 14:21:25 ET]
Table 'Euboea III' 6-max Seat #6 is the button
Seat 1: przemasek ($54.64 in chips) 
Seat 2: easy_sarcasm ($113.16 in chips) 
Seat 3: Mr_Dick666 ($139.88 in chips) 
Seat 4: CichiChanMarian ($108.23 in chips) 
Seat 5: Evelexy1 ($129.33 in chips) 
Seat 6: PayTaxOrDie ($111.32 in chips) 
przemasek: posts small blind $0.50
easy_sarcasm: posts big blind $1
*** HOLE CARDS ***
Mr_Dick666: folds 
CichiChanMarian: raises $1.50 to $2.50
Evelexy1: folds 
PayTaxOrDie: folds 
przemasek: folds 
easy_sarcasm: folds 
Uncalled bet ($1.50) returned to CichiChanMarian
CichiChanMarian collected $2.50 from pot
CichiChanMarian: doesn't show hand 
*** SUMMARY ***
Total pot $2.50 | Rake $0 
Seat 1: przemasek (small blind) folded before Flop
Seat 2: easy_sarcasm (big blind) folded before Flop
Seat 3: Mr_Dick666 folded before Flop (didn't bet)
Seat 4: CichiChanMarian collected ($2.50)
Seat 5: Evelexy1 folded before Flop (didn't bet)
Seat 6: PayTaxOrDie (button) folded before Flop (didn't bet)



PokerStars Hand #254299499337:  Hold'em No Limit ($0.50/$1.00 USD) - 2025/01/10 19:21:45 WET [2025/01/10 14:21:45 ET]
Table 'Euboea III' 6-max Seat #1 is the button
Seat 1: przemasek ($54.14 in chips) 
Seat 2: easy_sarcasm ($112.16 in chips) 
Seat 3: Mr_Dick666 ($139.88 in chips) 
Seat 4: CichiChanMarian ($109.73 in chips) 
Seat 5: Evelexy1 ($129.33 in chips) 
Seat 6: PayTaxOrDie ($111.32 in chips) 
easy_sarcasm: posts small blind $0.50
Mr_Dick666: posts big blind $1
*** HOLE CARDS ***
CichiChanMarian: folds 
Evelexy1: folds 
PayTaxOrDie: folds 
przemasek: raises $1 to $2
easy_sarcasm: folds 
Mr_Dick666: folds 
Uncalled bet ($1) returned to przemasek
przemasek collected $2.50 from pot
przemasek: doesn't show hand 
*** SUMMARY ***
Total pot $2.50 | Rake $0 
Seat 1: przemasek (button) collected ($2.50)
Seat 2: easy_sarcasm (small blind) folded before Flop
Seat 3: Mr_Dick666 (big blind) folded before Flop
Seat 4: CichiChanMarian folded before Flop (didn't bet)
Seat 5: Evelexy1 folded before Flop (didn't bet)
Seat 6: PayTaxOrDie folded before Flop (didn't bet)



PokerStars Hand #254299504836:  Hold'em No Limit ($0.50/$1.00 USD) - 2025/01/10 19:22:04 WET [2025/01/10 14:22:04 ET]
Table 'Euboea III' 6-max Seat #2 is the button
Seat 1: przemasek ($55.64 in chips) 
Seat 2: easy_sarcasm ($111.66 in chips) 
Seat 3: Mr_Dick666 ($138.88 in chips) 
Seat 4: CichiChanMarian ($109.73 in chips) 
Seat 5: Evelexy1 ($129.33 in chips) 
Seat 6: PayTaxOrDie ($111.32 in chips) 
Mr_Dick666: posts small blind $0.50
CichiChanMarian: posts big blind $1
*** HOLE CARDS ***
Evelexy1: folds 
PayTaxOrDie: folds 
przemasek: raises $1 to $2
easy_sarcasm: folds 
Mr_Dick666: folds 
CichiChanMarian: calls $1
*** FLOP *** [3h 5s Jh]
CichiChanMarian: checks 
przemasek: checks 
*** TURN *** [3h 5s Jh] [Tc]
CichiChanMarian: bets $3.21
przemasek: calls $3.21
*** RIVER *** [3h 5s Jh Tc] [2d]
CichiChanMarian: bets $10.37
przemasek: folds 
Uncalled bet ($10.37) returned to CichiChanMarian
CichiChanMarian collected $10.37 from pot
CichiChanMarian: doesn't show hand 
*** SUMMARY ***
Total pot $10.92 | Rake $0.55 
Board [3h 5s Jh Tc 2d]
Seat 1: przemasek folded on the River
Seat 2: easy_sarcasm (button) folded before Flop (didn't bet)
Seat 3: Mr_Dick666 (small blind) folded before Flop
Seat 4: CichiChanMarian (big blind) collected ($10.37)
Seat 5: Evelexy1 folded before Flop (didn't bet)
Seat 6: PayTaxOrDie folded before Flop (didn't bet)



PokerStars Hand #254299508674:  Hold'em No Limit ($0.50/$1.00 USD) - 2025/01/10 19:22:16 WET [2025/01/10 14:22:16 ET]
Table 'Euboea II' 6-max Seat #5 is the button
Seat 3: fish my nuts ($100 in chips) is sitting out
Seat 4: michasia ($100 in chips) is sitting out
Seat 1: ImaPeppaPig ($101 in chips) 
Seat 2: ricadiiiino ($86.62 in chips) 
Seat 5: peak joker33 ($100 in chips) 
Seat 6: whlzor ($104.70 in chips) 
whlzor: posts small blind $0.50
ImaPeppaPig: posts big blind $1
fish my nuts: sits out 
michasia: sits out 
*** HOLE CARDS ***
ricadiiiino: raises $1 to $2
peak joker33: folds 
whlzor: folds 
ImaPeppaPig: calls $1
*** FLOP *** [As 4c Th]
ImaPeppaPig: checks 
ricadiiiino: bets $2.14
ImaPeppaPig: calls $2.14
*** TURN *** [As 4c Th] [5h]
ImaPeppaPig: checks 
ricadiiiino: bets $4.17
ImaPeppaPig: calls $4.17
*** RIVER *** [As 4c Th 5h] [4d]
ImaPeppaPig: checks 
ricadiiiino: bets $8.13
ImaPeppaPig: folds 
Uncalled bet ($8.13) returned to ricadiiiino
ricadiiiino collected $16.26 from pot
*** SUMMARY ***
Total pot $17.12 | Rake $0.86 
Board [As 4c Th 5h 4d]
Seat 3: fish my nuts
Seat 4: michasia
Seat 1: ImaPeppaPig (big blind) folded on the River
Seat 2: ricadiiiino collected ($16.26)
Seat 5: peak joker33 (button) folded before Flop (didn't bet)
Seat 6: whlzor (small blind) folded before Flop



PokerStars Hand #254299524640:  Hold'em No Limit ($0.50/$1.00 USD) - 2025/01/10 19:23:08 WET [2025/01/10 14:23:08 ET]
Table 'Euboea II' 6-max Seat #6 is the button
Seat 3: fish my nuts ($100 in chips) is sitting out
Seat 4: michasia ($100 in chips) is sitting out
Seat 1: ImaPeppaPig ($100 in chips) 
Seat 2: ricadiiiino ($94.57 in chips) 
Seat 5: peak joker33 ($100 in chips) 
Seat 6: whlzor ($104.20 in chips) 
ImaPeppaPig: posts small blind $0.50
ricadiiiino: posts big blind $1
fish my nuts: sits out 
michasia: sits out 
*** HOLE CARDS ***
peak joker33: folds 
whlzor: folds 
ImaPeppaPig: raises $2 to $3
ricadiiiino: calls $2
*** FLOP *** [Ad 5d 7c]
ImaPeppaPig: checks 
ricadiiiino: checks 
*** TURN *** [Ad 5d 7c] [5s]
ImaPeppaPig: checks 
ricadiiiino: bets $2.85
ImaPeppaPig: folds 
Uncalled bet ($2.85) returned to ricadiiiino
ricadiiiino collected $5.70 from pot
*** SUMMARY ***
Total pot $6 | Rake $0.30 
Board [Ad 5d 7c 5s]
Seat 3: fish my nuts
Seat 4: michasia
Seat 1: ImaPeppaPig (small blind) folded on the Turn
Seat 2: ricadiiiino (big blind) collected ($5.70)
Seat 5: peak joker33 folded before Flop (didn't bet)
Seat 6: whlzor (button) folded before Flop (didn't bet)



PokerStars Hand #254299532009:  Hold'em No Limit ($0.50/$1.00 USD) - 2025/01/10 19:23:32 WET [2025/01/10 14:23:32 ET]
Table 'Euboea II' 6-max Seat #1 is the button
Seat 4: michasia ($100 in chips) is sitting out
Seat 1: ImaPeppaPig ($100 in chips) 
Seat 2: ricadiiiino ($97.27 in chips) 
Seat 3: fish my nuts ($100 in chips) 
Seat 5: peak joker33 ($100 in chips) 
Seat 6: whlzor ($104.20 in chips) 
ricadiiiino: posts small blind $0.50
fish my nuts: posts big blind $1
michasia: sits out 
*** HOLE CARDS ***
peak joker33: raises $1.50 to $2.50
whlzor: folds 
ImaPeppaPig: folds 
ricadiiiino: folds 
fish my nuts: folds 
Uncalled bet ($1.50) returned to peak joker33
peak joker33 collected $2.50 from pot
peak joker33: doesn't show hand 
*** SUMMARY ***
Total pot $2.50 | Rake $0 
Seat 4: michasia
Seat 1: ImaPeppaPig (button) folded before Flop (didn't bet)
Seat 2: ricadiiiino (small blind) folded before Flop
Seat 3: fish my nuts (big blind) folded before Flop
Seat 5: peak joker33 collected ($2.50)
Seat 6: whlzor folded before Flop (didn't bet)



PokerStars Hand #254299535844:  Hold'em No Limit ($0.50/$1.00 USD) - 2025/01/10 19:23:44 WET [2025/01/10 14:23:44 ET]
Table 'Euboea II' 6-max Seat #2 is the button
Seat 1: ImaPeppaPig ($100 in chips) 
Seat 2: ricadiiiino ($96.77 in chips) 
Seat 3: fish my nuts ($100 in chips) 
Seat 4: michasia ($100 in chips) 
Seat 5: peak joker33 ($101.50 in chips) 
Seat 6: whlzor ($104.20 in chips) 
fish my nuts: posts small blind $0.50
michasia: posts big blind $1
*** HOLE CARDS ***
peak joker33: folds 
whlzor: raises $1.50 to $2.50
ImaPeppaPig: folds 
ricadiiiino: calls $2.50
fish my nuts: folds 
michasia: calls $1.50
*** FLOP *** [6h 8c 8h]
michasia: checks 
whlzor: checks 
ricadiiiino: bets $3.80
michasia: folds 
whlzor: calls $3.80
*** TURN *** [6h 8c 8h] [3h]
whlzor: checks 
ricadiiiino: bets $14.82
whlzor: folds 
Uncalled bet ($14.82) returned to ricadiiiino
ricadiiiino collected $14.82 from pot
*** SUMMARY ***
Total pot $15.60 | Rake $0.78 
Board [6h 8c 8h 3h]
Seat 1: ImaPeppaPig folded before Flop (didn't bet)
Seat 2: ricadiiiino (button) collected ($14.82)
Seat 3: fish my nuts (small blind) folded before Flop
Seat 4: michasia (big blind) folded on the Flop
Seat 5: peak joker33 folded before Flop (didn't bet)
Seat 6: whlzor folded on the Turn



PokerStars Hand #254299548630:  Hold'em No Limit ($0.50/$1.00 USD) - 2025/01/10 19:24:26 WET [2025/01/10 14:24:26 ET]
Table 'Euboea II' 6-max Seat #3 is the button
Seat 1: ImaPeppaPig ($100 in chips) 
Seat 2: ricadiiiino ($105.29 in chips) 
Seat 3: fish my nuts ($100 in chips) 
Seat 4: michasia ($100 in chips) 
Seat 5: peak joker33 ($101.50 in chips) 
Seat 6: whlzor ($100 in chips) 
michasia: posts small blind $0.50
peak joker33: posts big blind $1
*** HOLE CARDS ***
whlzor: folds 
ImaPeppaPig: raises $1.50 to $2.50
ricadiiiino: folds 
fish my nuts: folds 
michasia: raises $9.50 to $12
peak joker33: folds 
ImaPeppaPig: folds 
Uncalled bet ($9.50) returned to michasia
michasia collected $6 from pot
michasia: doesn't show hand 
*** SUMMARY ***
Total pot $6 | Rake $0 
Seat 1: ImaPeppaPig folded before Flop
Seat 2: ricadiiiino folded before Flop (didn't bet)
Seat 3: fish my nuts (button) folded before Flop (didn't bet)
Seat 4: michasia (small blind) collected ($6)
Seat 5: peak joker33 (big blind) folded before Flop
Seat 6: whlzor folded before Flop (didn't bet)



PokerStars Hand #254299554481:  Hold'em No Limit ($0.50/$1.00 USD) - 2025/01/10 19:24:44 WET [2025/01/10 14:24:44 ET]
Table 'Euboea II' 6-max Seat #4 is the button
Seat 1: ImaPeppaPig ($100 in chips) 
Seat 2: ricadiiiino ($105.29 in chips) 
Seat 3: fish my nuts ($100 in chips) 
Seat 4: michasia ($103.50 in chips) 
Seat 5: peak joker33 ($100.50 in chips) 
Seat 6: whlzor ($100 in chips) 
peak joker33: posts small blind $0.50
whlzor: posts big blind $1
*** HOLE CARDS ***
ImaPeppaPig: folds 
ricadiiiino: folds 
fish my nuts: folds 
michasia: raises $1.80 to $2.80
peak joker33: folds 
whlzor: calls $1.80
*** FLOP *** [8d 4d Jh]
whlzor: checks 
michasia: bets $1.91
whlzor: calls $1.91
*** TURN *** [8d 4d Jh] [7d]
whlzor: checks 
michasia: checks 
*** RIVER *** [8d 4d Jh 7d] [3d]
whlzor: checks 
michasia: checks 
*** SHOW DOWN ***
whlzor: shows [5s 8s] (a pair of Eights)
michasia: shows [Td Th] (a flush, Ten high)
michasia collected $9.42 from pot
*** SUMMARY ***
Total pot $9.92 | Rake $0.50 
Board [8d 4d Jh 7d 3d]
Seat 1: ImaPeppaPig folded before Flop (didn't bet)
Seat 2: ricadiiiino folded before Flop (didn't bet)
Seat 3: fish my nuts folded before Flop (didn't bet)
Seat 4: michasia (button) showed [Td Th] and won ($9.42) with a flush, Ten high
Seat 5: peak joker33 (small blind) folded before Flop
Seat 6: whlzor (big blind) showed [5s 8s] and lost with a pair of Eights



PokerStars Hand #254299569096:  Hold'em No Limit ($0.50/$1.00 USD) - 2025/01/10 19:25:32 WET [2025/01/10 14:25:32 ET]
Table 'Euboea II' 6-max Seat #5 is the button
Seat 1: ImaPeppaPig ($100 in chips) 
Seat 2: ricadiiiino ($105.29 in chips) 
Seat 3: fish my nuts ($100 in chips) 
Seat 4: michasia ($108.21 in chips) 
Seat 5: peak joker33 ($100 in chips) 
Seat 6: whlzor ($100 in chips) 
whlzor: posts small blind $0.50
ImaPeppaPig: posts big blind $1
*** HOLE CARDS ***
ricadiiiino: folds 
fish my nuts: folds 
michasia: folds 
peak joker33: folds 
whlzor: raises $2 to $3
ImaPeppaPig: raises $6 to $9
whlzor: raises $15 to $24
ImaPeppaPig: raises $76 to $100 and is all-in
whlzor: calls $76 and is all-in
*** FLOP *** [2h 6h 8d]
*** TURN *** [2h 6h 8d] [Th]
*** RIVER *** [2h 6h 8d Th] [9h]
*** SHOW DOWN ***
whlzor: shows [Qh Qd] (a flush, Queen high)
ImaPeppaPig: shows [Ah Kh] (a flush, Ace high)
ImaPeppaPig collected $197.50 from pot
*** SUMMARY ***
Total pot $200 | Rake $2.50 
Board [2h 6h 8d Th 9h]
Seat 1: ImaPeppaPig (big blind) showed [Ah Kh] and won ($197.50) with a flush, Ace high
Seat 2: ricadiiiino folded before Flop (didn't bet)
Seat 3: fish my nuts folded before Flop (didn't bet)
Seat 4: michasia folded before Flop (didn't bet)
Seat 5: peak joker33 (button) folded before Flop (didn't bet)
Seat 6: whlzor (small blind) showed [Qh Qd] and lost with a flush, Queen high



PokerStars Hand #254299582336:  Hold'em No Limit ($0.50/$1.00 USD) - 2025/01/10 19:26:14 WET [2025/01/10 14:26:14 ET]
Table 'Euboea II' 6-max Seat #6 is the button
Seat 1: ImaPeppaPig ($197.50 in chips) 
Seat 2: ricadiiiino ($105.29 in chips) 
Seat 3: fish my nuts ($100 in chips) 
Seat 4: michasia ($108.21 in chips) 
Seat 5: peak joker33 ($100 in chips) 
Seat 6: whlzor ($100 in chips) 
ImaPeppaPig: posts small blind $0.50
ricadiiiino: posts big blind $1
*** HOLE CARDS ***
fish my nuts: folds 
michasia: folds 
peak joker33: folds 
whlzor: folds 
ImaPeppaPig: folds 
Uncalled bet ($0.50) returned to ricadiiiino
ricadiiiino collected $1 from pot
*** SUMMARY ***
Total pot $1 | Rake $0 
Seat 1: ImaPeppaPig (small blind) folded before Flop
Seat 2: ricadiiiino (big blind) collected ($1)
Seat 3: fish my nuts folded before Flop (didn't bet)
Seat 4: michasia folded before Flop (didn't bet)
Seat 5: peak joker33 folded before Flop (didn't bet)
Seat 6: whlzor (button) folded before Flop (didn't bet)



PokerStars Hand #254299587460:  Hold'em No Limit ($0.50/$1.00 USD) - 2025/01/10 19:26:31 WET [2025/01/10 14:26:31 ET]
Table 'Euboea II' 6-max Seat #1 is the button
Seat 1: ImaPeppaPig ($197 in chips) 
Seat 2: ricadiiiino ($105.79 in chips) 
Seat 3: fish my nuts ($100 in chips) 
Seat 4: michasia ($108.21 in chips) 
Seat 5: peak joker33 ($100 in chips) 
Seat 6: whlzor ($100 in chips) 
ricadiiiino: posts small blind $0.50
fish my nuts: posts big blind $1
*** HOLE CARDS ***
michasia: raises $1.60 to $2.60
peak joker33: folds 
whlzor: folds 
ImaPeppaPig: folds 
ricadiiiino: folds 
fish my nuts: calls $1.60
*** FLOP *** [5s Th 4h]
fish my nuts: checks 
michasia: checks 
*** TURN *** [5s Th 4h] [Ks]
fish my nuts: checks 
michasia: checks 
*** RIVER *** [5s Th 4h Ks] [Td]
fish my nuts: bets $3.85
michasia: folds 
Uncalled bet ($3.85) returned to fish my nuts
fish my nuts collected $5.42 from pot
fish my nuts: doesn't show hand 
*** SUMMARY ***
Total pot $5.70 | Rake $0.28 
Board [5s Th 4h Ks Td]
Seat 1: ImaPeppaPig (button) folded before Flop (didn't bet)
Seat 2: ricadiiiino (small blind) folded before Flop
Seat 3: fish my nuts (big blind) collected ($5.42)
Seat 4: michasia folded on the River
Seat 5: peak joker33 folded before Flop (didn't bet)
Seat 6: whlzor folded before Flop (didn't bet)



PokerStars Hand #254299602235:  Hold'em No Limit ($0.50/$1.00 USD) - 2025/01/10 19:27:19 WET [2025/01/10 14:27:19 ET]
Table 'Euboea II' 6-max Seat #2 is the button
Seat 1: ImaPeppaPig ($197 in chips) 
Seat 2: ricadiiiino ($105.29 in chips) 
Seat 3: fish my nuts ($102.82 in chips) 
Seat 4: michasia ($105.61 in chips) 
Seat 5: peak joker33 ($100 in chips) 
Seat 6: whlzor ($100 in chips) 
fish my nuts: posts small blind $0.50
michasia: posts big blind $1
*** HOLE CARDS ***
peak joker33: folds 
whlzor: folds 
ImaPeppaPig: raises $1.50 to $2.50
ricadiiiino: folds 
fish my nuts: folds 
michasia: folds 
Uncalled bet ($1.50) returned to ImaPeppaPig
ImaPeppaPig collected $2.50 from pot
ImaPeppaPig: doesn't show hand 
*** SUMMARY ***
Total pot $2.50 | Rake $0 
Seat 1: ImaPeppaPig collected ($2.50)
Seat 2: ricadiiiino (button) folded before Flop (didn't bet)
Seat 3: fish my nuts (small blind) folded before Flop
Seat 4: michasia (big blind) folded before Flop
Seat 5: peak joker33 folded before Flop (didn't bet)
Seat 6: whlzor folded before Flop (didn't bet)



PokerStars Hand #254299606854:  Hold'em No Limit ($0.50/$1.00 USD) - 2025/01/10 19:27:33 WET [2025/01/10 14:27:33 ET]
Table 'Euboea II' 6-max Seat #3 is the button
Seat 1: ImaPeppaPig ($198.50 in chips) 
Seat 2: ricadiiiino ($105.29 in chips) 
Seat 3: fish my nuts ($102.32 in chips) 
Seat 4: michasia ($104.61 in chips) 
Seat 5: peak joker33 ($100 in chips) 
Seat 6: whlzor ($100 in chips) 
michasia: posts small blind $0.50
peak joker33: posts big blind $1
*** HOLE CARDS ***
whlzor: folds 
ImaPeppaPig: folds 
ricadiiiino: raises $1 to $2
fish my nuts: folds 
michasia: raises $6 to $8
peak joker33: folds 
ricadiiiino: calls $6
*** FLOP *** [7h 8s 6h]
michasia: bets $5.33
ricadiiiino: calls $5.33
*** TURN *** [7h 8s 6h] [8h]
michasia: bets $17.52
ricadiiiino: folds 
Uncalled bet ($17.52) returned to michasia
michasia collected $26.28 from pot
michasia: doesn't show hand 
*** SUMMARY ***
Total pot $27.66 | Rake $1.38 
Board [7h 8s 6h 8h]
Seat 1: ImaPeppaPig folded before Flop (didn't bet)
Seat 2: ricadiiiino folded on the Turn
Seat 3: fish my nuts (button) folded before Flop (didn't bet)
Seat 4: michasia (small blind) collected ($26.28)
Seat 5: peak joker33 (big blind) folded before Flop
Seat 6: whlzor folded before Flop (didn't bet)



PokerStars Hand #254299616980:  Hold'em No Limit ($0.50/$1.00 USD) - 2025/01/10 19:28:06 WET [2025/01/10 14:28:06 ET]
Table 'Euboea II' 6-max Seat #4 is the button
Seat 1: ImaPeppaPig ($198.50 in chips) 
Seat 2: ricadiiiino ($91.96 in chips) 
Seat 3: fish my nuts ($102.32 in chips) 
Seat 4: michasia ($117.56 in chips) 
Seat 5: peak joker33 ($100 in chips) 
Seat 6: whlzor ($100 in chips) 
peak joker33: posts small blind $0.50
whlzor: posts big blind $1
*** HOLE CARDS ***
ImaPeppaPig: folds 
ricadiiiino: folds 
fish my nuts: raises $1.30 to $2.30
michasia: folds 
peak joker33: folds 
whlzor: folds 
Uncalled bet ($1.30) returned to fish my nuts
fish my nuts collected $2.50 from pot
fish my nuts: doesn't show hand 
*** SUMMARY ***
Total pot $2.50 | Rake $0 
Seat 1: ImaPeppaPig folded before Flop (didn't bet)
Seat 2: ricadiiiino folded before Flop (didn't bet)
Seat 3: fish my nuts collected ($2.50)
Seat 4: michasia (button) folded before Flop (didn't bet)
Seat 5: peak joker33 (small blind) folded before Flop
Seat 6: whlzor (big blind) folded before Flop



PokerStars Hand #254299620766:  Hold'em No Limit ($0.50/$1.00 USD) - 2025/01/10 19:28:19 WET [2025/01/10 14:28:19 ET]
Table 'Euboea II' 6-max Seat #5 is the button
Seat 1: ImaPeppaPig ($198.50 in chips) 
Seat 2: ricadiiiino ($91.96 in chips) 
Seat 3: fish my nuts ($103.82 in chips) 
Seat 4: michasia ($117.56 in chips) 
Seat 5: peak joker33 ($100 in chips) 
Seat 6: whlzor ($100 in chips) 
whlzor: posts small blind $0.50
ImaPeppaPig: posts big blind $1
*** HOLE CARDS ***
ricadiiiino: folds 
fish my nuts: folds 
michasia: raises $1.80 to $2.80
peak joker33: folds 
whlzor: folds 
ImaPeppaPig: folds 
Uncalled bet ($1.80) returned to michasia
michasia collected $2.50 from pot
michasia: doesn't show hand 
*** SUMMARY ***
Total pot $2.50 | Rake $0 
Seat 1: ImaPeppaPig (big blind) folded before Flop
Seat 2: ricadiiiino folded before Flop (didn't bet)
Seat 3: fish my nuts folded before Flop (didn't bet)
Seat 4: michasia collected ($2.50)
Seat 5: peak joker33 (button) folded before Flop (didn't bet)
Seat 6: whlzor (small blind) folded before Flop



PokerStars Hand #254299624795:  Hold'em No Limit ($0.50/$1.00 USD) - 2025/01/10 19:28:32 WET [2025/01/10 14:28:32 ET]
Table 'Euboea II' 6-max Seat #6 is the button
Seat 1: ImaPeppaPig ($197.50 in chips) 
Seat 2: ricadiiiino ($91.96 in chips) 
Seat 3: fish my nuts ($103.82 in chips) 
Seat 4: michasia ($119.06 in chips) 
Seat 5: peak joker33 ($100 in chips) 
Seat 6: whlzor ($100 in chips) 
ImaPeppaPig: posts small blind $0.50
ricadiiiino: posts big blind $1
*** HOLE CARDS ***
fish my nuts: folds 
michasia: folds 
peak joker33: folds 
whlzor: raises $2 to $3
ImaPeppaPig: folds 
ricadiiiino: calls $2
*** FLOP *** [7d 8h Qs]
ricadiiiino: checks 
whlzor: bets $2.04
ricadiiiino: calls $2.04
*** TURN *** [7d 8h Qs] [8d]
ricadiiiino: checks 
whlzor: checks 
*** RIVER *** [7d 8h Qs 8d] [7s]
ricadiiiino: bets $10.05
whlzor: folds 
Uncalled bet ($10.05) returned to ricadiiiino
ricadiiiino collected $10.05 from pot
*** SUMMARY ***
Total pot $10.58 | Rake $0.53 
Board [7d 8h Qs 8d 7s]
Seat 1: ImaPeppaPig (small blind) folded before Flop
Seat 2: ricadiiiino (big blind) collected ($10.05)
Seat 3: fish my nuts folded before Flop (didn't bet)
Seat 4: michasia folded before Flop (didn't bet)
Seat 5: peak joker33 folded before Flop (didn't bet)
Seat 6: whlzor (button) folded on the River



PokerStars Hand #254299637092:  Hold'em No Limit ($0.50/$1.00 USD) - 2025/01/10 19:29:12 WET [2025/01/10 14:29:12 ET]
Table 'Euboea II' 6-max Seat #1 is the button
Seat 1: ImaPeppaPig ($197 in chips) 
Seat 2: ricadiiiino ($96.97 in chips) 
Seat 3: fish my nuts ($103.82 in chips) 
Seat 4: michasia ($119.06 in chips) 
Seat 5: peak joker33 ($100 in chips) 
Seat 6: whlzor ($100 in chips) 
ricadiiiino: posts small blind $0.50
fish my nuts: posts big blind $1
*** HOLE CARDS ***
michasia: raises $1.60 to $2.60
peak joker33: folds 
whlzor: folds 
ImaPeppaPig: folds 
ricadiiiino: calls $2.10
fish my nuts: folds 
*** FLOP *** [Tc 6s 8h]
ricadiiiino: checks 
michasia: bets $1.94
ricadiiiino: calls $1.94
*** TURN *** [Tc 6s 8h] [6c]
ricadiiiino: checks 
michasia: checks 
*** RIVER *** [Tc 6s 8h 6c] [3d]
ricadiiiino: checks 
michasia: bets $6.39
ricadiiiino: folds 
Uncalled bet ($6.39) returned to michasia
michasia collected $9.58 from pot
michasia: doesn't show hand 
*** SUMMARY ***
Total pot $10.08 | Rake $0.50 
Board [Tc 6s 8h 6c 3d]
Seat 1: ImaPeppaPig (button) folded before Flop (didn't bet)
Seat 2: ricadiiiino (small blind) folded on the River
Seat 3: fish my nuts (big blind) folded before Flop
Seat 4: michasia collected ($9.58)
Seat 5: peak joker33 folded before Flop (didn't bet)
Seat 6: whlzor folded before Flop (didn't bet)



PokerStars Hand #254299646226:  Hold'em No Limit ($0.50/$1.00 USD) - 2025/01/10 19:29:41 WET [2025/01/10 14:29:41 ET]
Table 'Euboea II' 6-max Seat #2 is the button
Seat 1: ImaPeppaPig ($197 in chips) 
Seat 2: ricadiiiino ($92.43 in chips) 
Seat 3: fish my nuts ($102.82 in chips) 
Seat 4: michasia ($124.10 in chips) 
Seat 5: peak joker33 ($100 in chips) 
Seat 6: whlzor ($100 in chips) 
fish my nuts: posts small blind $0.50
michasia: posts big blind $1
*** HOLE CARDS ***
peak joker33: folds 
whlzor: raises $1.50 to $2.50
ImaPeppaPig: folds 
ricadiiiino: folds 
fish my nuts: folds 
michasia: calls $1.50
*** FLOP *** [Kd 8d 8h]
michasia: checks 
whlzor: bets $1.72
michasia: calls $1.72
*** TURN *** [Kd 8d 8h] [4s]
michasia: checks 
whlzor: checks 
*** RIVER *** [Kd 8d 8h 4s] [Qh]
michasia: checks 
whlzor: bets $5.60
michasia: folds 
Uncalled bet ($5.60) returned to whlzor
whlzor collected $8.49 from pot
whlzor: doesn't show hand 
*** SUMMARY ***
Total pot $8.94 | Rake $0.45 
Board [Kd 8d 8h 4s Qh]
Seat 1: ImaPeppaPig folded before Flop (didn't bet)
Seat 2: ricadiiiino (button) folded before Flop (didn't bet)
Seat 3: fish my nuts (small blind) folded before Flop
Seat 4: michasia (big blind) folded on the River
Seat 5: peak joker33 folded before Flop (didn't bet)
Seat 6: whlzor collected ($8.49)



PokerStars Hand #254299661460:  Hold'em No Limit ($0.50/$1.00 USD) - 2025/01/10 19:30:30 WET [2025/01/10 14:30:30 ET]
Table 'Euboea II' 6-max Seat #3 is the button
Seat 1: ImaPeppaPig ($197 in chips) 
Seat 2: ricadiiiino ($92.43 in chips) 
Seat 3: fish my nuts ($102.32 in chips) 
Seat 4: michasia ($119.88 in chips) 
Seat 5: peak joker33 ($100 in chips) 
Seat 6: whlzor ($104.27 in chips) 
michasia: posts small blind $0.50
peak joker33: posts big blind $1
*** HOLE CARDS ***
whlzor: raises $1.50 to $2.50
ImaPeppaPig: folds 
ricadiiiino: raises $1.50 to $4
fish my nuts: folds 
michasia: folds 
peak joker33: folds 
whlzor: calls $1.50
*** FLOP *** [9c 8d 4s]
whlzor: checks 
ricadiiiino: bets $4.51
whlzor: calls $4.51
*** TURN *** [9c 8d 4s] [6s]
whlzor: checks 
ricadiiiino: bets $17.59
whlzor: folds 
Uncalled bet ($17.59) returned to ricadiiiino
ricadiiiino collected $17.59 from pot
*** SUMMARY ***
Total pot $18.52 | Rake $0.93 
Board [9c 8d 4s 6s]
Seat 1: ImaPeppaPig folded before Flop (didn't bet)
Seat 2: ricadiiiino collected ($17.59)
Seat 3: fish my nuts (button) folded before Flop (didn't bet)
Seat 4: michasia (small blind) folded before Flop
Seat 5: peak joker33 (big blind) folded before Flop
Seat 6: whlzor folded on the Turn



PokerStars Hand #254299672166:  Hold'em No Limit ($0.50/$1.00 USD) - 2025/01/10 19:31:05 WET [2025/01/10 14:31:05 ET]
Table 'Euboea II' 6-max Seat #4 is the button
Seat 1: ImaPeppaPig ($197 in chips) 
Seat 2: ricadiiiino ($101.51 in chips) 
Seat 3: fish my nuts ($102.32 in chips) 
Seat 4: michasia ($119.38 in chips) 
Seat 5: peak joker33 ($100 in chips) 
Seat 6: whlzor ($100 in chips) 
peak joker33: posts small blind $0.50
whlzor: posts big blind $1
*** HOLE CARDS ***
ImaPeppaPig: raises $1.50 to $2.50
ricadiiiino: folds 
fish my nuts: folds 
michasia: folds 
peak joker33: folds 
whlzor: folds 
Uncalled bet ($1.50) returned to ImaPeppaPig
ImaPeppaPig collected $2.50 from pot
ImaPeppaPig: doesn't show hand 
*** SUMMARY ***
Total pot $2.50 | Rake $0 
Seat 1: ImaPeppaPig collected ($2.50)
Seat 2: ricadiiiino folded before Flop (didn't bet)
Seat 3: fish my nuts folded before Flop (didn't bet)
Seat 4: michasia (button) folded before Flop (didn't bet)
Seat 5: peak joker33 (small blind) folded before Flop
Seat 6: whlzor (big blind) folded before Flop



PokerStars Hand #254299675450:  Hold'em No Limit ($0.50/$1.00 USD) - 2025/01/10 19:31:15 WET [2025/01/10 14:31:15 ET]
Table 'Euboea II' 6-max Seat #5 is the button
Seat 1: ImaPeppaPig ($198.50 in chips) 
Seat 2: ricadiiiino ($101.51 in chips) 
Seat 3: fish my nuts ($102.32 in chips) 
Seat 4: michasia ($119.38 in chips) 
Seat 5: peak joker33 ($100 in chips) 
Seat 6: whlzor ($100 in chips) 
whlzor: posts small blind $0.50
ImaPeppaPig: posts big blind $1
*** HOLE CARDS ***
ricadiiiino: folds 
fish my nuts: folds 
michasia: folds 
peak joker33: folds 
whlzor: raises $2 to $3
ImaPeppaPig: folds 
Uncalled bet ($2) returned to whlzor
whlzor collected $2 from pot
whlzor: doesn't show hand 
*** SUMMARY ***
Total pot $2 | Rake $0 
Seat 1: ImaPeppaPig (big blind) folded before Flop
Seat 2: ricadiiiino folded before Flop (didn't bet)
Seat 3: fish my nuts folded before Flop (didn't bet)
Seat 4: michasia folded before Flop (didn't bet)
Seat 5: peak joker33 (button) folded before Flop (didn't bet)
Seat 6: whlzor (small blind) collected ($2)



PokerStars Hand #254299679899:  Hold'em No Limit ($0.50/$1.00 USD) - 2025/01/10 19:31:30 WET [2025/01/10 14:31:30 ET]
Table 'Euboea II' 6-max Seat #6 is the button
Seat 1: ImaPeppaPig ($197.50 in chips) 
Seat 2: ricadiiiino ($101.51 in chips) 
Seat 3: fish my nuts ($102.32 in chips) 
Seat 4: michasia ($119.38 in chips) 
Seat 5: peak joker33 ($100 in chips) 
Seat 6: whlzor ($101 in chips) 
ImaPeppaPig: posts small blind $0.50
ricadiiiino: posts big blind $1
*** HOLE CARDS ***
fish my nuts: raises $1.30 to $2.30
michasia: folds 
peak joker33: folds 
whlzor: folds 
ImaPeppaPig: folds 
ricadiiiino: folds 
Uncalled bet ($1.30) returned to fish my nuts
fish my nuts collected $2.50 from pot
fish my nuts: doesn't show hand 
*** SUMMARY ***
Total pot $2.50 | Rake $0 
Seat 1: ImaPeppaPig (small blind) folded before Flop
Seat 2: ricadiiiino (big blind) folded before Flop
Seat 3: fish my nuts collected ($2.50)
Seat 4: michasia folded before Flop (didn't bet)
Seat 5: peak joker33 folded before Flop (didn't bet)
Seat 6: whlzor (button) folded before Flop (didn't bet)



PokerStars Hand #254299684593:  Hold'em No Limit ($0.50/$1.00 USD) - 2025/01/10 19:31:44 WET [2025/01/10 14:31:44 ET]
Table 'Euboea II' 6-max Seat #1 is the button
Seat 1: ImaPeppaPig ($197 in chips) 
Seat 2: ricadiiiino ($100.51 in chips) 
Seat 3: fish my nuts ($103.82 in chips) 
Seat 4: michasia ($119.38 in chips) 
Seat 5: peak joker33 ($100 in chips) 
Seat 6: whlzor ($101 in chips) 
ricadiiiino: posts small blind $0.50
fish my nuts: posts big blind $1
*** HOLE CARDS ***
michasia: raises $1.60 to $2.60
peak joker33: folds 
whlzor: raises $5.90 to $8.50
ImaPeppaPig: folds 
ricadiiiino: folds 
fish my nuts: folds 
michasia: calls $5.90
*** FLOP *** [7d Qc Qs]
michasia: checks 
whlzor: bets $5.80
michasia: folds 
Uncalled bet ($5.80) returned to whlzor
whlzor collected $17.58 from pot
whlzor: doesn't show hand 
*** SUMMARY ***
Total pot $18.50 | Rake $0.92 
Board [7d Qc Qs]
Seat 1: ImaPeppaPig (button) folded before Flop (didn't bet)
Seat 2: ricadiiiino (small blind) folded before Flop
Seat 3: fish my nuts (big blind) folded before Flop
Seat 4: michasia folded on the Flop
Seat 5: peak joker33 folded before Flop (didn't bet)
Seat 6: whlzor collected ($17.58)



PokerStars Hand #254299695629:  Hold'em No Limit ($0.50/$1.00 USD) - 2025/01/10 19:32:20 WET [2025/01/10 14:32:20 ET]
Table 'Euboea II' 6-max Seat #2 is the button
Seat 1: ImaPeppaPig ($197 in chips) 
Seat 2: ricadiiiino ($100.01 in chips) 
Seat 3: fish my nuts ($102.82 in chips) 
Seat 4: michasia ($110.88 in chips) 
Seat 5: peak joker33 ($100 in chips) 
Seat 6: whlzor ($110.08 in chips) 
fish my nuts: posts small blind $0.50
michasia: posts big blind $1
*** HOLE CARDS ***
peak joker33: folds 
whlzor: folds 
ImaPeppaPig: folds 
ricadiiiino: folds 
fish my nuts: folds 
Uncalled bet ($0.50) returned to michasia
michasia collected $1 from pot
michasia: doesn't show hand 
*** SUMMARY ***
Total pot $1 | Rake $0 
Seat 1: ImaPeppaPig folded before Flop (didn't bet)
Seat 2: ricadiiiino (button) folded before Flop (didn't bet)
Seat 3: fish my nuts (small blind) folded before Flop
Seat 4: michasia (big blind) collected ($1)
Seat 5: peak joker33 folded before Flop (didn't bet)
Seat 6: whlzor folded before Flop (didn't bet)



PokerStars Hand #254299698532:  Hold'em No Limit ($0.50/$1.00 USD) - 2025/01/10 19:32:29 WET [2025/01/10 14:32:29 ET]
Table 'Euboea II' 6-max Seat #3 is the button
Seat 1: ImaPeppaPig ($197 in chips) 
Seat 2: ricadiiiino ($100.01 in chips) 
Seat 3: fish my nuts ($102.32 in chips) 
Seat 4: michasia ($111.38 in chips) 
Seat 5: peak joker33 ($100 in chips) 
Seat 6: whlzor ($110.08 in chips) 
michasia: posts small blind $0.50
peak joker33: posts big blind $1
*** HOLE CARDS ***
whlzor: folds 
ImaPeppaPig: raises $1.50 to $2.50
ricadiiiino: calls $2.50
fish my nuts: folds 
michasia: folds 
peak joker33: folds 
*** FLOP *** [8s 8d 6c]
ImaPeppaPig: checks 
ricadiiiino: checks 
*** TURN *** [8s 8d 6c] [Js]
ImaPeppaPig: checks 
ricadiiiino: bets $3.09
ImaPeppaPig: folds 
Uncalled bet ($3.09) returned to ricadiiiino
ricadiiiino collected $6.18 from pot
*** SUMMARY ***
Total pot $6.50 | Rake $0.32 
Board [8s 8d 6c Js]
Seat 1: ImaPeppaPig folded on the Turn
Seat 2: ricadiiiino collected ($6.18)
Seat 3: fish my nuts (button) folded before Flop (didn't bet)
Seat 4: michasia (small blind) folded before Flop
Seat 5: peak joker33 (big blind) folded before Flop
Seat 6: whlzor folded before Flop (didn't bet)



PokerStars Hand #254299709700:  Hold'em No Limit ($0.50/$1.00 USD) - 2025/01/10 19:33:05 WET [2025/01/10 14:33:05 ET]
Table 'Euboea II' 6-max Seat #4 is the button
Seat 1: ImaPeppaPig ($194.50 in chips) 
Seat 2: ricadiiiino ($103.69 in chips) 
Seat 3: fish my nuts ($102.32 in chips) 
Seat 4: michasia ($110.88 in chips) 
Seat 5: peak joker33 ($100 in chips) 
Seat 6: whlzor ($110.08 in chips) 
peak joker33: posts small blind $0.50
whlzor: posts big blind $1
*** HOLE CARDS ***
ImaPeppaPig: folds 
ricadiiiino: folds 
fish my nuts: folds 
michasia: folds 
peak joker33: raises $2 to $3
whlzor: calls $2
*** FLOP *** [4d 9c Kd]
peak joker33: checks 
whlzor: checks 
*** TURN *** [4d 9c Kd] [Js]
peak joker33: bets $2.85
whlzor: raises $6.35 to $9.20
peak joker33: folds 
Uncalled bet ($6.35) returned to whlzor
whlzor collected $11.12 from pot
whlzor: doesn't show hand 
*** SUMMARY ***
Total pot $11.70 | Rake $0.58 
Board [4d 9c Kd Js]
Seat 1: ImaPeppaPig folded before Flop (didn't bet)
Seat 2: ricadiiiino folded before Flop (didn't bet)
Seat 3: fish my nuts folded before Flop (didn't bet)
Seat 4: michasia (button) folded before Flop (didn't bet)
Seat 5: peak joker33 (small blind) folded on the Turn
Seat 6: whlzor (big blind) collected ($11.12)



PokerStars Hand #254299730900:  Hold'em No Limit ($0.50/$1.00 USD) - 2025/01/10 19:34:13 WET [2025/01/10 14:34:13 ET]
Table 'Euboea II' 6-max Seat #5 is the button
Seat 1: ImaPeppaPig ($194.50 in chips) 
Seat 2: ricadiiiino ($103.69 in chips) 
Seat 3: fish my nuts ($102.32 in chips) 
Seat 4: michasia ($110.88 in chips) 
Seat 5: peak joker33 ($100 in chips) 
Seat 6: whlzor ($115.35 in chips) 
whlzor: posts small blind $0.50
ImaPeppaPig: posts big blind $1
*** HOLE CARDS ***
ricadiiiino: calls $1
fish my nuts: folds 
michasia: folds 
peak joker33: raises $3 to $4
whlzor: folds 
ImaPeppaPig: folds 
ricadiiiino: calls $3
*** FLOP *** [5d Ts Qs]
ricadiiiino: checks 
peak joker33: bets $6.77
ricadiiiino: folds 
Uncalled bet ($6.77) returned to peak joker33
peak joker33 collected $9.02 from pot
peak joker33: doesn't show hand 
*** SUMMARY ***
Total pot $9.50 | Rake $0.48 
Board [5d Ts Qs]
Seat 1: ImaPeppaPig (big blind) folded before Flop
Seat 2: ricadiiiino folded on the Flop
Seat 3: fish my nuts folded before Flop (didn't bet)
Seat 4: michasia folded before Flop (didn't bet)
Seat 5: peak joker33 (button) collected ($9.02)
Seat 6: whlzor (small blind) folded before Flop



PokerStars Hand #254299740108:  Hold'em No Limit ($0.50/$1.00 USD) - 2025/01/10 19:34:43 WET [2025/01/10 14:34:43 ET]
Table 'Euboea II' 6-max Seat #6 is the button
Seat 1: ImaPeppaPig ($193.50 in chips) 
Seat 2: ricadiiiino ($99.69 in chips) 
Seat 3: fish my nuts ($102.32 in chips) 
Seat 4: michasia ($110.88 in chips) 
Seat 5: peak joker33 ($105.02 in chips) 
Seat 6: whlzor ($114.85 in chips) 
ImaPeppaPig: posts small blind $0.50
ricadiiiino: posts big blind $1
*** HOLE CARDS ***
fish my nuts: folds 
michasia: folds 
peak joker33: folds 
whlzor: folds 
ImaPeppaPig: folds 
Uncalled bet ($0.50) returned to ricadiiiino
ricadiiiino collected $1 from pot
*** SUMMARY ***
Total pot $1 | Rake $0 
Seat 1: ImaPeppaPig (small blind) folded before Flop
Seat 2: ricadiiiino (big blind) collected ($1)
Seat 3: fish my nuts folded before Flop (didn't bet)
Seat 4: michasia folded before Flop (didn't bet)
Seat 5: peak joker33 folded before Flop (didn't bet)
Seat 6: whlzor (button) folded before Flop (didn't bet)



PokerStars Hand #254299744066:  Hold'em No Limit ($0.50/$1.00 USD) - 2025/01/10 19:34:56 WET [2025/01/10 14:34:56 ET]
Table 'Euboea II' 6-max Seat #1 is the button
Seat 1: ImaPeppaPig ($193 in chips) 
Seat 2: ricadiiiino ($100.19 in chips) 
Seat 3: fish my nuts ($102.32 in chips) 
Seat 4: michasia ($110.88 in chips) 
Seat 5: peak joker33 ($105.02 in chips) 
Seat 6: whlzor ($114.85 in chips) 
ricadiiiino: posts small blind $0.50
fish my nuts: posts big blind $1
*** HOLE CARDS ***
michasia: folds 
peak joker33: folds 
whlzor: folds 
ImaPeppaPig: raises $1.50 to $2.50
ricadiiiino: calls $2
fish my nuts: folds 
*** FLOP *** [6h 5h Ac]
ricadiiiino: checks 
ImaPeppaPig: checks 
*** TURN *** [6h 5h Ac] [3s]
ricadiiiino: checks 
ImaPeppaPig: checks 
*** RIVER *** [6h 5h Ac 3s] [6d]
ricadiiiino: checks 
ImaPeppaPig: checks 
*** SHOW DOWN ***
ricadiiiino: shows [Kc 8d] (a pair of Sixes)
ImaPeppaPig: mucks hand 
ricadiiiino collected $5.70 from pot
*** SUMMARY ***
Total pot $6 | Rake $0.30 
Board [6h 5h Ac 3s 6d]
Seat 1: ImaPeppaPig (button) mucked
Seat 2: ricadiiiino (small blind) showed [Kc 8d] and won ($5.70) with a pair of Sixes
Seat 3: fish my nuts (big blind) folded before Flop
Seat 4: michasia folded before Flop (didn't bet)
Seat 5: peak joker33 folded before Flop (didn't bet)
Seat 6: whlzor folded before Flop (didn't bet)



PokerStars Hand #254299754889:  Hold'em No Limit ($0.50/$1.00 USD) - 2025/01/10 19:35:30 WET [2025/01/10 14:35:30 ET]
Table 'Euboea II' 6-max Seat #2 is the button
Seat 1: ImaPeppaPig ($190.50 in chips) 
Seat 2: ricadiiiino ($103.39 in chips) 
Seat 3: fish my nuts ($101.32 in chips) 
Seat 4: michasia ($110.88 in chips) 
Seat 5: peak joker33 ($105.02 in chips) 
Seat 6: whlzor ($114.85 in chips) 
fish my nuts: posts small blind $0.50
michasia: posts big blind $1
*** HOLE CARDS ***
peak joker33: folds 
whlzor: folds 
ImaPeppaPig: raises $1.50 to $2.50
ricadiiiino: folds 
fish my nuts: folds 
michasia: calls $1.50
*** FLOP *** [9h Qh 5c]
michasia: checks 
ImaPeppaPig: checks 
*** TURN *** [9h Qh 5c] [4h]
michasia: checks 
ImaPeppaPig: checks 
*** RIVER *** [9h Qh 5c 4h] [6c]
michasia: bets $3.48
ImaPeppaPig: folds 
Uncalled bet ($3.48) returned to michasia
michasia collected $5.22 from pot
michasia: doesn't show hand 
*** SUMMARY ***
Total pot $5.50 | Rake $0.28 
Board [9h Qh 5c 4h 6c]
Seat 1: ImaPeppaPig folded on the River
Seat 2: ricadiiiino (button) folded before Flop (didn't bet)
Seat 3: fish my nuts (small blind) folded before Flop
Seat 4: michasia (big blind) collected ($5.22)
Seat 5: peak joker33 folded before Flop (didn't bet)
Seat 6: whlzor folded before Flop (didn't bet)



PokerStars Hand #254299764474:  Hold'em No Limit ($0.50/$1.00 USD) - 2025/01/10 19:36:00 WET [2025/01/10 14:36:00 ET]
Table 'Euboea II' 6-max Seat #3 is the button
Seat 1: ImaPeppaPig ($188 in chips) 
Seat 2: ricadiiiino ($103.39 in chips) 
Seat 3: fish my nuts ($100.82 in chips) 
Seat 4: michasia ($113.60 in chips) 
Seat 5: peak joker33 ($105.02 in chips) 
Seat 6: whlzor ($114.85 in chips) 
michasia: posts small blind $0.50
peak joker33: posts big blind $1
*** HOLE CARDS ***
whlzor: folds 
ImaPeppaPig: raises $1.50 to $2.50
ricadiiiino: folds 
fish my nuts: folds 
michasia: folds 
peak joker33: folds 
Uncalled bet ($1.50) returned to ImaPeppaPig
ImaPeppaPig collected $2.50 from pot
ImaPeppaPig: doesn't show hand 
*** SUMMARY ***
Total pot $2.50 | Rake $0 
Seat 1: ImaPeppaPig collected ($2.50)
Seat 2: ricadiiiino folded before Flop (didn't bet)
Seat 3: fish my nuts (button) folded before Flop (didn't bet)
Seat 4: michasia (small blind) folded before Flop
Seat 5: peak joker33 (big blind) folded before Flop
Seat 6: whlzor folded before Flop (didn't bet)



PokerStars Hand #254299770447:  Hold'em No Limit ($0.50/$1.00 USD) - 2025/01/10 19:36:19 WET [2025/01/10 14:36:19 ET]
Table 'Euboea II' 6-max Seat #4 is the button
Seat 6: whlzor ($114.85 in chips) is sitting out
Seat 1: ImaPeppaPig ($189.50 in chips) 
Seat 2: ricadiiiino ($103.39 in chips) 
Seat 3: fish my nuts ($100.82 in chips) 
Seat 4: michasia ($113.10 in chips) 
Seat 5: peak joker33 ($104.02 in chips) 
peak joker33: posts small blind $0.50
whlzor: is sitting out 
ImaPeppaPig: posts big blind $1
*** HOLE CARDS ***
whlzor leaves the table
ricadiiiino: folds 
fish my nuts: folds 
michasia: folds 
peak joker33: folds 
Uncalled bet ($0.50) returned to ImaPeppaPig
ImaPeppaPig collected $1 from pot
ImaPeppaPig: doesn't show hand 
chinokevin13 joins the table at seat #6 
*** SUMMARY ***
Total pot $1 | Rake $0 
Seat 6: whlzor
Seat 1: ImaPeppaPig (big blind) collected ($1)
Seat 2: ricadiiiino folded before Flop (didn't bet)
Seat 3: fish my nuts folded before Flop (didn't bet)
Seat 4: michasia (button) folded before Flop (didn't bet)
Seat 5: peak joker33 (small blind) folded before Flop



PokerStars Hand #254299774014:  Hold'em No Limit ($0.50/$1.00 USD) - 2025/01/10 19:36:31 WET [2025/01/10 14:36:31 ET]
Table 'Euboea II' 6-max Seat #5 is the button
Seat 6: chinokevin13 ($100 in chips) is sitting out
Seat 1: ImaPeppaPig ($190 in chips) 
Seat 2: ricadiiiino ($103.39 in chips) 
Seat 3: fish my nuts ($100.82 in chips) 
Seat 4: michasia ($113.10 in chips) 
Seat 5: peak joker33 ($103.52 in chips) 
ImaPeppaPig: posts small blind $0.50
ricadiiiino: posts big blind $1
*** HOLE CARDS ***
fish my nuts: folds 
michasia: folds 
peak joker33: folds 
ImaPeppaPig: folds 
Uncalled bet ($0.50) returned to ricadiiiino
ricadiiiino collected $1 from pot
*** SUMMARY ***
Total pot $1 | Rake $0 
Seat 6: chinokevin13
Seat 1: ImaPeppaPig (small blind) folded before Flop
Seat 2: ricadiiiino (big blind) collected ($1)
Seat 3: fish my nuts folded before Flop (didn't bet)
Seat 4: michasia folded before Flop (didn't bet)
Seat 5: peak joker33 (button) folded before Flop (didn't bet)



PokerStars Hand #254299778334:  Hold'em No Limit ($0.50/$1.00 USD) - 2025/01/10 19:36:44 WET [2025/01/10 14:36:44 ET]
Table 'Euboea II' 6-max Seat #1 is the button
Seat 6: chinokevin13 ($100 in chips) is sitting out
Seat 1: ImaPeppaPig ($189.50 in chips) 
Seat 2: ricadiiiino ($103.89 in chips) 
Seat 3: fish my nuts ($100.82 in chips) 
Seat 4: michasia ($113.10 in chips) 
Seat 5: peak joker33 ($103.52 in chips) 
ricadiiiino: posts small blind $0.50
fish my nuts: posts big blind $1
chinokevin13: sits out 
*** HOLE CARDS ***
michasia: raises $1.60 to $2.60
peak joker33: folds 
ImaPeppaPig: folds 
ricadiiiino: calls $2.10
fish my nuts: folds 
*** FLOP *** [4c Ks 8s]
ricadiiiino: checks 
michasia: bets $1.94
ricadiiiino: calls $1.94
*** TURN *** [4c Ks 8s] [9h]
ricadiiiino: checks 
michasia: checks 
*** RIVER *** [4c Ks 8s 9h] [3c]
ricadiiiino: checks 
michasia: checks 
*** SHOW DOWN ***
ricadiiiino: shows [5s 5c] (a pair of Fives)
michasia: shows [8c Jc] (a pair of Eights)
michasia collected $9.58 from pot
*** SUMMARY ***
Total pot $10.08 | Rake $0.50 
Board [4c Ks 8s 9h 3c]
Seat 6: chinokevin13
Seat 1: ImaPeppaPig (button) folded before Flop (didn't bet)
Seat 2: ricadiiiino (small blind) showed [5s 5c] and lost with a pair of Fives
Seat 3: fish my nuts (big blind) folded before Flop
Seat 4: michasia showed [8c Jc] and won ($9.58) with a pair of Eights
Seat 5: peak joker33 folded before Flop (didn't bet)



PokerStars Hand #254299787872:  Hold'em No Limit ($0.50/$1.00 USD) - 2025/01/10 19:37:14 WET [2025/01/10 14:37:14 ET]
Table 'Euboea II' 6-max Seat #2 is the button
Seat 6: chinokevin13 ($100 in chips) is sitting out
Seat 1: ImaPeppaPig ($189.50 in chips) 
Seat 2: ricadiiiino ($99.35 in chips) 
Seat 3: fish my nuts ($100 in chips) 
Seat 4: michasia ($118.14 in chips) 
Seat 5: peak joker33 ($103.52 in chips) 
fish my nuts: posts small blind $0.50
michasia: posts big blind $1
chinokevin13: sits out 
*** HOLE CARDS ***
peak joker33: folds 
ImaPeppaPig: folds 
ricadiiiino: raises $1 to $2
fish my nuts: folds 
michasia: folds 
Uncalled bet ($1) returned to ricadiiiino
ricadiiiino collected $2.50 from pot
*** SUMMARY ***
Total pot $2.50 | Rake $0 
Seat 6: chinokevin13
Seat 1: ImaPeppaPig folded before Flop (didn't bet)
Seat 2: ricadiiiino (button) collected ($2.50)
Seat 3: fish my nuts (small blind) folded before Flop
Seat 4: michasia (big blind) folded before Flop
Seat 5: peak joker33 folded before Flop (didn't bet)



PokerStars Hand #254299792488:  Hold'em No Limit ($0.50/$1.00 USD) - 2025/01/10 19:37:29 WET [2025/01/10 14:37:29 ET]
Table 'Euboea II' 6-max Seat #3 is the button
Seat 6: chinokevin13 ($100 in chips) is sitting out
Seat 1: ImaPeppaPig ($189.50 in chips) 
Seat 2: ricadiiiino ($100.85 in chips) 
Seat 3: fish my nuts ($100 in chips) 
Seat 4: michasia ($117.14 in chips) 
Seat 5: peak joker33 ($103.52 in chips) 
michasia: posts small blind $0.50
peak joker33: posts big blind $1
chinokevin13: sits out 
*** HOLE CARDS ***
ImaPeppaPig: folds 
ricadiiiino: raises $1 to $2
fish my nuts: folds 
michasia: folds 
peak joker33: folds 
Uncalled bet ($1) returned to ricadiiiino
ricadiiiino collected $2.50 from pot
*** SUMMARY ***
Total pot $2.50 | Rake $0 
Seat 6: chinokevin13
Seat 1: ImaPeppaPig folded before Flop (didn't bet)
Seat 2: ricadiiiino collected ($2.50)
Seat 3: fish my nuts (button) folded before Flop (didn't bet)
Seat 4: michasia (small blind) folded before Flop
Seat 5: peak joker33 (big blind) folded before Flop



PokerStars Hand #254299798950:  Hold'em No Limit ($0.50/$1.00 USD) - 2025/01/10 19:37:49 WET [2025/01/10 14:37:49 ET]
Table 'Euboea II' 6-max Seat #4 is the button
Seat 1: ImaPeppaPig ($189.50 in chips) 
Seat 2: ricadiiiino ($102.35 in chips) 
Seat 3: fish my nuts ($100 in chips) 
Seat 4: michasia ($116.64 in chips) 
Seat 5: peak joker33 ($102.52 in chips) 
Seat 6: chinokevin13 ($100 in chips) 
peak joker33: posts small blind $0.50
chinokevin13: posts big blind $1
*** HOLE CARDS ***
ImaPeppaPig: folds 
ricadiiiino: folds 
fish my nuts: folds 
michasia: folds 
peak joker33: folds 
Uncalled bet ($0.50) returned to chinokevin13
chinokevin13 collected $1 from pot
chinokevin13: doesn't show hand 
*** SUMMARY ***
Total pot $1 | Rake $0 
Seat 1: ImaPeppaPig folded before Flop (didn't bet)
Seat 2: ricadiiiino folded before Flop (didn't bet)
Seat 3: fish my nuts folded before Flop (didn't bet)
Seat 4: michasia (button) folded before Flop (didn't bet)
Seat 5: peak joker33 (small blind) folded before Flop
Seat 6: chinokevin13 (big blind) collected ($1)



PokerStars Hand #254299803707:  Hold'em No Limit ($0.50/$1.00 USD) - 2025/01/10 19:38:05 WET [2025/01/10 14:38:05 ET]
Table 'Euboea II' 6-max Seat #5 is the button
Seat 1: ImaPeppaPig ($189.50 in chips) 
Seat 2: ricadiiiino ($102.35 in chips) 
Seat 3: fish my nuts ($100 in chips) 
Seat 4: michasia ($116.64 in chips) 
Seat 5: peak joker33 ($102.02 in chips) 
Seat 6: chinokevin13 ($100.50 in chips) 
chinokevin13: posts small blind $0.50
ImaPeppaPig: posts big blind $1
*** HOLE CARDS ***
ricadiiiino: folds 
fish my nuts: folds 
michasia: folds 
peak joker33: folds 
chinokevin13: raises $2 to $3
ImaPeppaPig: calls $2
*** FLOP *** [4s 4d 5s]
chinokevin13: bets $1.88
ImaPeppaPig: folds 
Uncalled bet ($1.88) returned to chinokevin13
chinokevin13 collected $5.70 from pot
chinokevin13: doesn't show hand 
*** SUMMARY ***
Total pot $6 | Rake $0.30 
Board [4s 4d 5s]
Seat 1: ImaPeppaPig (big blind) folded on the Flop
Seat 2: ricadiiiino folded before Flop (didn't bet)
Seat 3: fish my nuts folded before Flop (didn't bet)
Seat 4: michasia folded before Flop (didn't bet)
Seat 5: peak joker33 (button) folded before Flop (didn't bet)
Seat 6: chinokevin13 (small blind) collected ($5.70)



PokerStars Hand #254299817357:  Hold'em No Limit ($0.50/$1.00 USD) - 2025/01/10 19:38:47 WET [2025/01/10 14:38:47 ET]
Table 'Euboea II' 6-max Seat #6 is the button
Seat 1: ImaPeppaPig ($186.50 in chips) 
Seat 2: ricadiiiino ($102.35 in chips) 
Seat 3: fish my nuts ($100 in chips) 
Seat 4: michasia ($116.64 in chips) 
Seat 5: peak joker33 ($102.02 in chips) 
Seat 6: chinokevin13 ($103.20 in chips) 
ImaPeppaPig: posts small blind $0.50
ricadiiiino: posts big blind $1
*** HOLE CARDS ***
fish my nuts: folds 
michasia: folds 
peak joker33: folds 
chinokevin13: raises $1.50 to $2.50
ImaPeppaPig: folds 
ricadiiiino: folds 
Uncalled bet ($1.50) returned to chinokevin13
chinokevin13 collected $2.50 from pot
chinokevin13: doesn't show hand 
*** SUMMARY ***
Total pot $2.50 | Rake $0 
Seat 1: ImaPeppaPig (small blind) folded before Flop
Seat 2: ricadiiiino (big blind) folded before Flop
Seat 3: fish my nuts folded before Flop (didn't bet)
Seat 4: michasia folded before Flop (didn't bet)
Seat 5: peak joker33 folded before Flop (didn't bet)
Seat 6: chinokevin13 (button) collected ($2.50)



PokerStars Hand #254299822242:  Hold'em No Limit ($0.50/$1.00 USD) - 2025/01/10 19:39:03 WET [2025/01/10 14:39:03 ET]
Table 'Euboea II' 6-max Seat #1 is the button
Seat 1: ImaPeppaPig ($186 in chips) 
Seat 2: ricadiiiino ($101.35 in chips) 
Seat 3: fish my nuts ($100 in chips) 
Seat 4: michasia ($116.64 in chips) 
Seat 5: peak joker33 ($102.02 in chips) 
Seat 6: chinokevin13 ($104.70 in chips) 
ricadiiiino: posts small blind $0.50
fish my nuts: posts big blind $1
*** HOLE CARDS ***
michasia: folds 
peak joker33: folds 
chinokevin13: raises $1.50 to $2.50
ImaPeppaPig: folds 
ricadiiiino: calls $2
fish my nuts: folds 
*** FLOP *** [3h Kc 7s]
ricadiiiino: checks 
chinokevin13: bets $1.88
ricadiiiino: folds 
Uncalled bet ($1.88) returned to chinokevin13
chinokevin13 collected $5.70 from pot
chinokevin13: doesn't show hand 
*** SUMMARY ***
Total pot $6 | Rake $0.30 
Board [3h Kc 7s]
Seat 1: ImaPeppaPig (button) folded before Flop (didn't bet)
Seat 2: ricadiiiino (small blind) folded on the Flop
Seat 3: fish my nuts (big blind) folded before Flop
Seat 4: michasia folded before Flop (didn't bet)
Seat 5: peak joker33 folded before Flop (didn't bet)
Seat 6: chinokevin13 collected ($5.70)



PokerStars Hand #254299834766:  Hold'em No Limit ($0.50/$1.00 USD) - 2025/01/10 19:39:43 WET [2025/01/10 14:39:43 ET]
Table 'Euboea II' 6-max Seat #2 is the button
Seat 1: ImaPeppaPig ($186 in chips) 
Seat 2: ricadiiiino ($98.85 in chips) 
Seat 3: fish my nuts ($100 in chips) 
Seat 4: michasia ($116.64 in chips) 
Seat 5: peak joker33 ($102.02 in chips) 
Seat 6: chinokevin13 ($107.90 in chips) 
fish my nuts: posts small blind $0.50
michasia: posts big blind $1
*** HOLE CARDS ***
peak joker33: raises $1.50 to $2.50
chinokevin13: raises $4.50 to $7
ImaPeppaPig: folds 
ricadiiiino: folds 
fish my nuts: folds 
michasia: folds 
peak joker33: folds 
Uncalled bet ($4.50) returned to chinokevin13
chinokevin13 collected $6.50 from pot
chinokevin13: doesn't show hand 
*** SUMMARY ***
Total pot $6.50 | Rake $0 
Seat 1: ImaPeppaPig folded before Flop (didn't bet)
Seat 2: ricadiiiino (button) folded before Flop (didn't bet)
Seat 3: fish my nuts (small blind) folded before Flop
Seat 4: michasia (big blind) folded before Flop
Seat 5: peak joker33 folded before Flop
Seat 6: chinokevin13 collected ($6.50)



PokerStars Hand #254299840042:  Hold'em No Limit ($0.50/$1.00 USD) - 2025/01/10 19:40:01 WET [2025/01/10 14:40:01 ET]
Table 'Euboea II' 6-max Seat #3 is the button
Seat 1: ImaPeppaPig ($186 in chips) 
Seat 2: ricadiiiino ($98.85 in chips) 
Seat 3: fish my nuts ($100 in chips) 
Seat 4: michasia ($115.64 in chips) 
Seat 5: peak joker33 ($100 in chips) 
Seat 6: chinokevin13 ($111.90 in chips) 
michasia: posts small blind $0.50
peak joker33: posts big blind $1
*** HOLE CARDS ***
chinokevin13: folds 
ImaPeppaPig: folds 
ricadiiiino: folds 
fish my nuts: folds 
michasia: raises $2 to $3
peak joker33: folds 
Uncalled bet ($2) returned to michasia
michasia collected $2 from pot
michasia: doesn't show hand 
*** SUMMARY ***
Total pot $2 | Rake $0 
Seat 1: ImaPeppaPig folded before Flop (didn't bet)
Seat 2: ricadiiiino folded before Flop (didn't bet)
Seat 3: fish my nuts (button) folded before Flop (didn't bet)
Seat 4: michasia (small blind) collected ($2)
Seat 5: peak joker33 (big blind) folded before Flop
Seat 6: chinokevin13 folded before Flop (didn't bet)



PokerStars Hand #254299843875:  Hold'em No Limit ($0.50/$1.00 USD) - 2025/01/10 19:40:13 WET [2025/01/10 14:40:13 ET]
Table 'Euboea II' 6-max Seat #4 is the button
Seat 1: ImaPeppaPig ($186 in chips) 
Seat 2: ricadiiiino ($98.85 in chips) 
Seat 3: fish my nuts ($100 in chips) 
Seat 4: michasia ($116.64 in chips) 
Seat 5: peak joker33 ($100 in chips) 
Seat 6: chinokevin13 ($111.90 in chips) 
peak joker33: posts small blind $0.50
chinokevin13: posts big blind $1
*** HOLE CARDS ***
ImaPeppaPig: folds 
ricadiiiino: folds 
fish my nuts: folds 
michasia: folds 
peak joker33: raises $2 to $3
chinokevin13: raises $6 to $9
peak joker33: raises $14 to $23
chinokevin13: folds 
Uncalled bet ($14) returned to peak joker33
peak joker33 collected $18 from pot
peak joker33: doesn't show hand 
*** SUMMARY ***
Total pot $18 | Rake $0 
Seat 1: ImaPeppaPig folded before Flop (didn't bet)
Seat 2: ricadiiiino folded before Flop (didn't bet)
Seat 3: fish my nuts folded before Flop (didn't bet)
Seat 4: michasia (button) folded before Flop (didn't bet)
Seat 5: peak joker33 (small blind) collected ($18)
Seat 6: chinokevin13 (big blind) folded before Flop



PokerStars Hand #254299859409:  Hold'em No Limit ($0.50/$1.00 USD) - 2025/01/10 19:41:03 WET [2025/01/10 14:41:03 ET]
Table 'Euboea II' 6-max Seat #5 is the button
Seat 4: michasia ($116.64 in chips) is sitting out
Seat 1: ImaPeppaPig ($186 in chips) 
Seat 2: ricadiiiino ($98.85 in chips) 
Seat 3: fish my nuts ($100 in chips) 
Seat 5: peak joker33 ($109 in chips) 
Seat 6: chinokevin13 ($102.90 in chips) 
chinokevin13: posts small blind $0.50
ImaPeppaPig: posts big blind $1
*** HOLE CARDS ***
ricadiiiino: raises $1 to $2
fish my nuts: folds 
peak joker33: raises $5.50 to $7.50
chinokevin13: folds 
ImaPeppaPig: folds 
ricadiiiino: calls $5.50
*** FLOP *** [3d Kh 5c]
ricadiiiino: checks 
peak joker33: bets $5.17
ricadiiiino: calls $5.17
*** TURN *** [3d Kh 5c] [Qd]
ricadiiiino: checks 
peak joker33: bets $15.30
ricadiiiino: folds 
Uncalled bet ($15.30) returned to peak joker33
peak joker33 collected $25.50 from pot
peak joker33: doesn't show hand 
*** SUMMARY ***
Total pot $26.84 | Rake $1.34 
Board [3d Kh 5c Qd]
Seat 4: michasia
Seat 1: ImaPeppaPig (big blind) folded before Flop
Seat 2: ricadiiiino folded on the Turn
Seat 3: fish my nuts folded before Flop (didn't bet)
Seat 5: peak joker33 (button) collected ($25.50)
Seat 6: chinokevin13 (small blind) folded before Flop



PokerStars Hand #254299872273:  Hold'em No Limit ($0.50/$1.00 USD) - 2025/01/10 19:41:44 WET [2025/01/10 14:41:44 ET]
Table 'Euboea II' 6-max Seat #6 is the button
Seat 4: michasia ($116.64 in chips) is sitting out
Seat 1: ImaPeppaPig ($185 in chips) 
Seat 2: ricadiiiino ($86.18 in chips) 
Seat 3: fish my nuts ($100 in chips) 
Seat 5: peak joker33 ($121.83 in chips) 
Seat 6: chinokevin13 ($102.40 in chips) 
ImaPeppaPig: posts small blind $0.50
ricadiiiino: posts big blind $1
*** HOLE CARDS ***
fish my nuts: folds 
peak joker33: folds 
chinokevin13: raises $1.50 to $2.50
ImaPeppaPig: folds 
ricadiiiino: calls $1.50
*** FLOP *** [4h Qc 2s]
ricadiiiino: checks 
chinokevin13: bets $1.72
ricadiiiino: calls $1.72
*** TURN *** [4h Qc 2s] [Ad]
ricadiiiino: checks 
chinokevin13: checks 
*** RIVER *** [4h Qc 2s Ad] [5s]
ricadiiiino: checks 
chinokevin13: bets $6.37
ricadiiiino: folds 
Uncalled bet ($6.37) returned to chinokevin13
chinokevin13 collected $8.49 from pot
chinokevin13: doesn't show hand 
*** SUMMARY ***
Total pot $8.94 | Rake $0.45 
Board [4h Qc 2s Ad 5s]
Seat 4: michasia
Seat 1: ImaPeppaPig (small blind) folded before Flop
Seat 2: ricadiiiino (big blind) folded on the River
Seat 3: fish my nuts folded before Flop (didn't bet)
Seat 5: peak joker33 folded before Flop (didn't bet)
Seat 6: chinokevin13 (button) collected ($8.49)



PokerStars Hand #254299892575:  Hold'em No Limit ($0.50/$1.00 USD) - 2025/01/10 19:42:50 WET [2025/01/10 14:42:50 ET]
Table 'Euboea II' 6-max Seat #1 is the button
Seat 4: michasia ($116.64 in chips) is sitting out
Seat 1: ImaPeppaPig ($184.50 in chips) 
Seat 2: ricadiiiino ($81.96 in chips) 
Seat 3: fish my nuts ($100 in chips) 
Seat 5: peak joker33 ($121.83 in chips) 
Seat 6: chinokevin13 ($106.67 in chips) 
ricadiiiino: posts small blind $0.50
fish my nuts: posts big blind $1
*** HOLE CARDS ***
peak joker33: folds 
chinokevin13: folds 
ImaPeppaPig: raises $1.50 to $2.50
ricadiiiino: calls $2
fish my nuts: folds 
*** FLOP *** [6h 6d Js]
ricadiiiino: checks 
ImaPeppaPig: bets $2
ricadiiiino: calls $2
*** TURN *** [6h 6d Js] [Ad]
ricadiiiino: checks 
ImaPeppaPig: checks 
*** RIVER *** [6h 6d Js Ad] [Ac]
ricadiiiino: bets $1
ImaPeppaPig: folds 
Uncalled bet ($1) returned to ricadiiiino
ricadiiiino collected $9.50 from pot
*** SUMMARY ***
Total pot $10 | Rake $0.50 
Board [6h 6d Js Ad Ac]
Seat 4: michasia
Seat 1: ImaPeppaPig (button) folded on the River
Seat 2: ricadiiiino (small blind) collected ($9.50)
Seat 3: fish my nuts (big blind) folded before Flop
Seat 5: peak joker33 folded before Flop (didn't bet)
Seat 6: chinokevin13 folded before Flop (didn't bet)



PokerStars Hand #254299902021:  Hold'em No Limit ($0.50/$1.00 USD) - 2025/01/10 19:43:20 WET [2025/01/10 14:43:20 ET]
Table 'Euboea II' 6-max Seat #2 is the button
Seat 4: michasia ($116.64 in chips) is sitting out
Seat 1: ImaPeppaPig ($180 in chips) 
Seat 2: ricadiiiino ($86.96 in chips) 
Seat 3: fish my nuts ($100 in chips) 
Seat 5: peak joker33 ($121.83 in chips) 
Seat 6: chinokevin13 ($106.67 in chips) 
fish my nuts: posts small blind $0.50
peak joker33: posts big blind $1
*** HOLE CARDS ***
chinokevin13: folds 
ImaPeppaPig: raises $1.50 to $2.50
ricadiiiino: folds 
fish my nuts: folds 
peak joker33: folds 
Uncalled bet ($1.50) returned to ImaPeppaPig
ImaPeppaPig collected $2.50 from pot
ImaPeppaPig: doesn't show hand 
*** SUMMARY ***
Total pot $2.50 | Rake $0 
Seat 4: michasia
Seat 1: ImaPeppaPig collected ($2.50)
Seat 2: ricadiiiino (button) folded before Flop (didn't bet)
Seat 3: fish my nuts (small blind) folded before Flop
Seat 5: peak joker33 (big blind) folded before Flop
Seat 6: chinokevin13 folded before Flop (didn't bet)



PokerStars Hand #254299907196:  Hold'em No Limit ($0.50/$1.00 USD) - 2025/01/10 19:43:37 WET [2025/01/10 14:43:37 ET]
Table 'Euboea II' 6-max Seat #3 is the button
Seat 4: michasia ($116.64 in chips) is sitting out
Seat 1: ImaPeppaPig ($181.50 in chips) 
Seat 2: ricadiiiino ($86.96 in chips) 
Seat 3: fish my nuts ($100 in chips) 
Seat 5: peak joker33 ($120.83 in chips) 
Seat 6: chinokevin13 ($106.67 in chips) 
peak joker33: posts small blind $0.50
chinokevin13: posts big blind $1
*** HOLE CARDS ***
ImaPeppaPig: raises $1.50 to $2.50
ricadiiiino: folds 
fish my nuts: folds 
peak joker33: folds 
chinokevin13: folds 
Uncalled bet ($1.50) returned to ImaPeppaPig
ImaPeppaPig collected $2.50 from pot
ImaPeppaPig: doesn't show hand 
*** SUMMARY ***
Total pot $2.50 | Rake $0 
Seat 4: michasia
Seat 1: ImaPeppaPig collected ($2.50)
Seat 2: ricadiiiino folded before Flop (didn't bet)
Seat 3: fish my nuts (button) folded before Flop (didn't bet)
Seat 5: peak joker33 (small blind) folded before Flop
Seat 6: chinokevin13 (big blind) folded before Flop



PokerStars Hand #254299517708:  Hold'em No Limit ($0.50/$1.00 USD) - 2025/01/10 19:22:46 WET [2025/01/10 14:22:46 ET]
Table 'Euboea III' 6-max Seat #3 is the button
Seat 1: przemasek ($50.43 in chips) 
Seat 2: easy_sarcasm ($111.66 in chips) 
Seat 3: Mr_Dick666 ($138.38 in chips) 
Seat 4: CichiChanMarian ($114.89 in chips) 
Seat 5: Evelexy1 ($129.33 in chips) 
Seat 6: PayTaxOrDie ($111.32 in chips) 
CichiChanMarian: posts small blind $0.50
Evelexy1: posts big blind $1
*** HOLE CARDS ***
PayTaxOrDie: folds 
przemasek: raises $1 to $2
easy_sarcasm: raises $6 to $8
Mr_Dick666: folds 
CichiChanMarian: folds 
Evelexy1: folds 
przemasek: calls $6
*** FLOP *** [5h 6h Js]
przemasek: checks 
easy_sarcasm: checks 
*** TURN *** [5h 6h Js] [Ac]
przemasek: checks 
easy_sarcasm: checks 
*** RIVER *** [5h 6h Js Ac] [Kd]
przemasek: checks 
easy_sarcasm: checks 
*** SHOW DOWN ***
przemasek: shows [6c 8h] (a pair of Sixes)
easy_sarcasm: shows [Tc Ts] (a pair of Tens)
easy_sarcasm collected $16.62 from pot
*** SUMMARY ***
Total pot $17.50 | Rake $0.88 
Board [5h 6h Js Ac Kd]
Seat 1: przemasek showed [6c 8h] and lost with a pair of Sixes
Seat 2: easy_sarcasm showed [Tc Ts] and won ($16.62) with a pair of Tens
Seat 3: Mr_Dick666 (button) folded before Flop (didn't bet)
Seat 4: CichiChanMarian (small blind) folded before Flop
Seat 5: Evelexy1 (big blind) folded before Flop
Seat 6: PayTaxOrDie folded before Flop (didn't bet)



PokerStars Hand #254299525676:  Hold'em No Limit ($0.50/$1.00 USD) - 2025/01/10 19:23:11 WET [2025/01/10 14:23:11 ET]
Table 'Euboea III' 6-max Seat #4 is the button
Seat 1: przemasek ($42.43 in chips) 
Seat 2: easy_sarcasm ($120.28 in chips) 
Seat 3: Mr_Dick666 ($138.38 in chips) 
Seat 4: CichiChanMarian ($114.39 in chips) 
Seat 5: Evelexy1 ($128.33 in chips) 
Seat 6: PayTaxOrDie ($111.32 in chips) 
Evelexy1: posts small blind $0.50
PayTaxOrDie: posts big blind $1
*** HOLE CARDS ***
przemasek: folds 
easy_sarcasm: folds 
Mr_Dick666: raises $1.50 to $2.50
CichiChanMarian: folds 
Evelexy1: folds 
PayTaxOrDie: folds 
Uncalled bet ($1.50) returned to Mr_Dick666
Mr_Dick666 collected $2.50 from pot
Mr_Dick666: doesn't show hand 
*** SUMMARY ***
Total pot $2.50 | Rake $0 
Seat 1: przemasek folded before Flop (didn't bet)
Seat 2: easy_sarcasm folded before Flop (didn't bet)
Seat 3: Mr_Dick666 collected ($2.50)
Seat 4: CichiChanMarian (button) folded before Flop (didn't bet)
Seat 5: Evelexy1 (small blind) folded before Flop
Seat 6: PayTaxOrDie (big blind) folded before Flop



PokerStars Hand #254299531729:  Hold'em No Limit ($0.50/$1.00 USD) - 2025/01/10 19:23:31 WET [2025/01/10 14:23:31 ET]
Table 'Euboea III' 6-max Seat #5 is the button
Seat 1: przemasek ($42.43 in chips) 
Seat 2: easy_sarcasm ($120.28 in chips) 
Seat 3: Mr_Dick666 ($139.88 in chips) 
Seat 4: CichiChanMarian ($114.39 in chips) 
Seat 5: Evelexy1 ($127.83 in chips) 
Seat 6: PayTaxOrDie ($110.32 in chips) 
PayTaxOrDie: posts small blind $0.50
przemasek: posts big blind $1
*** HOLE CARDS ***
easy_sarcasm: folds 
Mr_Dick666: folds 
CichiChanMarian: folds 
Evelexy1: raises $1.50 to $2.50
PayTaxOrDie: raises $9.50 to $12
przemasek: calls $11
Evelexy1: calls $9.50
*** FLOP *** [9s 7s 5c]
PayTaxOrDie: checks 
przemasek: checks 
Evelexy1: bets $11.40
PayTaxOrDie: folds 
przemasek: folds 
Uncalled bet ($11.40) returned to Evelexy1
Evelexy1 collected $34.20 from pot
Evelexy1: doesn't show hand 
*** SUMMARY ***
Total pot $36 | Rake $1.80 
Board [9s 7s 5c]
Seat 1: przemasek (big blind) folded on the Flop
Seat 2: easy_sarcasm folded before Flop (didn't bet)
Seat 3: Mr_Dick666 folded before Flop (didn't bet)
Seat 4: CichiChanMarian folded before Flop (didn't bet)
Seat 5: Evelexy1 (button) collected ($34.20)
Seat 6: PayTaxOrDie (small blind) folded on the Flop



PokerStars Hand #254299543161:  Hold'em No Limit ($0.50/$1.00 USD) - 2025/01/10 19:24:08 WET [2025/01/10 14:24:08 ET]
Table 'Euboea III' 6-max Seat #6 is the button
Seat 1: przemasek ($30.43 in chips) 
Seat 2: easy_sarcasm ($120.28 in chips) 
Seat 3: Mr_Dick666 ($139.88 in chips) 
Seat 4: CichiChanMarian ($114.39 in chips) 
Seat 5: Evelexy1 ($150.03 in chips) 
Seat 6: PayTaxOrDie ($100 in chips) 
przemasek: posts small blind $0.50
easy_sarcasm: posts big blind $1
*** HOLE CARDS ***
Mr_Dick666: raises $1 to $2
CichiChanMarian: folds 
Evelexy1: folds 
PayTaxOrDie: folds 
przemasek: folds 
easy_sarcasm: folds 
Uncalled bet ($1) returned to Mr_Dick666
Mr_Dick666 collected $2.50 from pot
Mr_Dick666: doesn't show hand 
*** SUMMARY ***
Total pot $2.50 | Rake $0 
Seat 1: przemasek (small blind) folded before Flop
Seat 2: easy_sarcasm (big blind) folded before Flop
Seat 3: Mr_Dick666 collected ($2.50)
Seat 4: CichiChanMarian folded before Flop (didn't bet)
Seat 5: Evelexy1 folded before Flop (didn't bet)
Seat 6: PayTaxOrDie (button) folded before Flop (didn't bet)



PokerStars Hand #254299548191:  Hold'em No Limit ($0.50/$1.00 USD) - 2025/01/10 19:24:24 WET [2025/01/10 14:24:24 ET]
Table 'Euboea III' 6-max Seat #1 is the button
Seat 1: przemasek ($29.93 in chips) 
Seat 2: easy_sarcasm ($119.28 in chips) 
Seat 3: Mr_Dick666 ($141.38 in chips) 
Seat 4: CichiChanMarian ($114.39 in chips) 
Seat 5: Evelexy1 ($150.03 in chips) 
Seat 6: PayTaxOrDie ($100 in chips) 
easy_sarcasm: posts small blind $0.50
Mr_Dick666: posts big blind $1
*** HOLE CARDS ***
CichiChanMarian: raises $1.50 to $2.50
Evelexy1: folds 
PayTaxOrDie: folds 
przemasek: calls $2.50
easy_sarcasm: folds 
Mr_Dick666: folds 
*** FLOP *** [7s 4h 5d]
CichiChanMarian: checks 
przemasek: checks 
*** TURN *** [7s 4h 5d] [8h]
CichiChanMarian: bets $4.63
przemasek: calls $4.63
*** RIVER *** [7s 4h 5d 8h] [Qh]
CichiChanMarian: checks 
przemasek: bets $14.69
CichiChanMarian: folds 
Uncalled bet ($14.69) returned to przemasek
przemasek collected $14.97 from pot
przemasek: doesn't show hand 
*** SUMMARY ***
Total pot $15.76 | Rake $0.79 
Board [7s 4h 5d 8h Qh]
Seat 1: przemasek (button) collected ($14.97)
Seat 2: easy_sarcasm (small blind) folded before Flop
Seat 3: Mr_Dick666 (big blind) folded before Flop
Seat 4: CichiChanMarian folded on the River
Seat 5: Evelexy1 folded before Flop (didn't bet)
Seat 6: PayTaxOrDie folded before Flop (didn't bet)



PokerStars Hand #254299564410:  Hold'em No Limit ($0.50/$1.00 USD) - 2025/01/10 19:25:17 WET [2025/01/10 14:25:17 ET]
Table 'Euboea III' 6-max Seat #2 is the button
Seat 1: przemasek ($37.77 in chips) 
Seat 2: easy_sarcasm ($118.78 in chips) 
Seat 3: Mr_Dick666 ($140.38 in chips) 
Seat 4: CichiChanMarian ($107.26 in chips) 
Seat 5: Evelexy1 ($150.03 in chips) 
Seat 6: PayTaxOrDie ($100 in chips) 
Mr_Dick666: posts small blind $0.50
CichiChanMarian: posts big blind $1
*** HOLE CARDS ***
Evelexy1: folds 
PayTaxOrDie: raises $1 to $2
przemasek: calls $2
easy_sarcasm: raises $7 to $9
Mr_Dick666: folds 
CichiChanMarian: folds 
PayTaxOrDie: folds 
przemasek: calls $7
*** FLOP *** [Th Js 7d]
przemasek: checks 
easy_sarcasm: bets $10.21
przemasek: calls $10.21
*** TURN *** [Th Js 7d] [9s]
przemasek: checks 
easy_sarcasm: bets $20.31
przemasek: calls $18.56 and is all-in
Uncalled bet ($1.75) returned to easy_sarcasm
*** RIVER *** [Th Js 7d 9s] [4s]
*** SHOW DOWN ***
przemasek: shows [7h 6h] (a pair of Sevens)
easy_sarcasm: shows [7s 7c] (three of a kind, Sevens)
easy_sarcasm collected $76.54 from pot
*** SUMMARY ***
Total pot $79.04 | Rake $2.50 
Board [Th Js 7d 9s 4s]
Seat 1: przemasek showed [7h 6h] and lost with a pair of Sevens
Seat 2: easy_sarcasm (button) showed [7s 7c] and won ($76.54) with three of a kind, Sevens
Seat 3: Mr_Dick666 (small blind) folded before Flop
Seat 4: CichiChanMarian (big blind) folded before Flop
Seat 5: Evelexy1 folded before Flop (didn't bet)
Seat 6: PayTaxOrDie folded before Flop



PokerStars Hand #254299577827:  Hold'em No Limit ($0.50/$1.00 USD) - 2025/01/10 19:26:00 WET [2025/01/10 14:26:00 ET]
Table 'Euboea III' 6-max Seat #3 is the button
Seat 1: przemasek ($0 in chips) is sitting out
Seat 2: easy_sarcasm ($157.55 in chips) 
Seat 3: Mr_Dick666 ($139.88 in chips) 
Seat 4: CichiChanMarian ($106.26 in chips) 
Seat 5: Evelexy1 ($150.03 in chips) 
Seat 6: PayTaxOrDie ($100 in chips) 
CichiChanMarian: posts small blind $0.50
Evelexy1: posts big blind $1
*** HOLE CARDS ***
PayTaxOrDie: folds 
easy_sarcasm: folds 
przemasek leaves the table
Mr_Dick666: folds 
CichiChanMarian: folds 
Uncalled bet ($0.50) returned to Evelexy1
Evelexy1 collected $1 from pot
Evelexy1: doesn't show hand 
*** SUMMARY ***
Total pot $1 | Rake $0 
Seat 1: przemasek
Seat 2: easy_sarcasm folded before Flop (didn't bet)
Seat 3: Mr_Dick666 (button) folded before Flop (didn't bet)
Seat 4: CichiChanMarian (small blind) folded before Flop
Seat 5: Evelexy1 (big blind) collected ($1)
Seat 6: PayTaxOrDie folded before Flop (didn't bet)



PokerStars Hand #254299587466:  Hold'em No Limit ($0.50/$1.00 USD) - 2025/01/10 19:26:31 WET [2025/01/10 14:26:31 ET]
Table 'Euboea III' 6-max Seat #6 is the button
Seat 3: michasia ($100 in chips) 
Seat 6: PayTaxOrDie ($100 in chips) 
PayTaxOrDie: posts small blind $0.50
michasia: posts big blind $1
*** HOLE CARDS ***
PayTaxOrDie: raises $1.50 to $2.50
michasia: calls $1.50
*** FLOP *** [Js Ad 2d]
michasia: checks 
CichiChanMarian joins the table at seat #5 
PayTaxOrDie: bets $1.19
michasia: calls $1.19
*** TURN *** [Js Ad 2d] [3c]
michasia: checks 
PayTaxOrDie: checks 
*** RIVER *** [Js Ad 2d 3c] [7c]
michasia: checks 
PayTaxOrDie: checks 
*** SHOW DOWN ***
michasia: shows [6h 6d] (a pair of Sixes)
PayTaxOrDie: shows [7s Kh] (a pair of Sevens)
PayTaxOrDie collected $7.01 from pot
*** SUMMARY ***
Total pot $7.38 | Rake $0.37 
Board [Js Ad 2d 3c 7c]
Seat 3: michasia (big blind) showed [6h 6d] and lost with a pair of Sixes
Seat 6: PayTaxOrDie (button) (small blind) showed [7s Kh] and won ($7.01) with a pair of Sevens



PokerStars Hand #254299603530:  Hold'em No Limit ($0.50/$1.00 USD) - 2025/01/10 19:27:23 WET [2025/01/10 14:27:23 ET]
Table 'Euboea III' 6-max Seat #6 is the button
Seat 3: michasia ($100 in chips) 
Seat 5: CichiChanMarian ($105.76 in chips) 
Seat 6: PayTaxOrDie ($103.32 in chips) 
michasia: posts small blind $0.50
CichiChanMarian: posts big blind $1
*** HOLE CARDS ***
PayTaxOrDie: raises $1.50 to $2.50
michasia: folds 
CichiChanMarian: calls $1.50
*** FLOP *** [5s 2d 6d]
CichiChanMarian: checks 
PayTaxOrDie: bets $3.45
CichiChanMarian: folds 
Uncalled bet ($3.45) returned to PayTaxOrDie
PayTaxOrDie collected $5.22 from pot
PayTaxOrDie: doesn't show hand 
*** SUMMARY ***
Total pot $5.50 | Rake $0.28 
Board [5s 2d 6d]
Seat 3: michasia (small blind) folded before Flop
Seat 5: CichiChanMarian (big blind) folded on the Flop
Seat 6: PayTaxOrDie (button) collected ($5.22)



PokerStars Hand #254299612111:  Hold'em No Limit ($0.50/$1.00 USD) - 2025/01/10 19:27:50 WET [2025/01/10 14:27:50 ET]
Table 'Euboea III' 6-max Seat #3 is the button
Seat 3: michasia ($100 in chips) 
Seat 5: CichiChanMarian ($103.26 in chips) 
Seat 6: PayTaxOrDie ($106.04 in chips) 
CichiChanMarian: posts small blind $0.50
PayTaxOrDie: posts big blind $1
*** HOLE CARDS ***
michasia: raises $1.80 to $2.80
CichiChanMarian: folds 
PayTaxOrDie: folds 
Uncalled bet ($1.80) returned to michasia
michasia collected $2.50 from pot
michasia: doesn't show hand 
*** SUMMARY ***
Total pot $2.50 | Rake $0 
Seat 3: michasia (button) collected ($2.50)
Seat 5: CichiChanMarian (small blind) folded before Flop
Seat 6: PayTaxOrDie (big blind) folded before Flop



PokerStars Hand #254299616666:  Hold'em No Limit ($0.50/$1.00 USD) - 2025/01/10 19:28:05 WET [2025/01/10 14:28:05 ET]
Table 'Euboea III' 6-max Seat #6 is the button
Seat 3: michasia ($101.50 in chips) is sitting out
Seat 5: CichiChanMarian ($102.76 in chips) 
Seat 6: PayTaxOrDie ($105.04 in chips) 
PayTaxOrDie: posts small blind $0.50
michasia: is sitting out 
CichiChanMarian: posts big blind $1
*** HOLE CARDS ***
michasia leaves the table
PayTaxOrDie: raises $1.50 to $2.50
CichiChanMarian: folds 
Uncalled bet ($1.50) returned to PayTaxOrDie
PayTaxOrDie collected $2 from pot
PayTaxOrDie: doesn't show hand 
*** SUMMARY ***
Total pot $2 | Rake $0 
Seat 3: michasia
Seat 5: CichiChanMarian (big blind) folded before Flop
Seat 6: PayTaxOrDie (button) (small blind) collected ($2)



PokerStars Hand #254299915181:  Hold'em No Limit ($0.50/$1.00 USD) - 2025/01/10 19:44:03 WET [2025/01/10 14:44:03 ET]
Table 'Euboea II' 6-max Seat #5 is the button
Seat 4: michasia ($116.64 in chips) is sitting out
Seat 1: ImaPeppaPig ($183 in chips) 
Seat 2: ricadiiiino ($86.96 in chips) 
Seat 3: fish my nuts ($100 in chips) 
Seat 5: peak joker33 ($120.33 in chips) 
Seat 6: chinokevin13 ($105.67 in chips) 
chinokevin13: posts small blind $0.50
ImaPeppaPig: posts big blind $1
michasia: sits out 
*** HOLE CARDS ***
ricadiiiino: folds 
fish my nuts: folds 
peak joker33: raises $1.50 to $2.50
chinokevin13: folds 
ImaPeppaPig: calls $1.50
*** FLOP *** [9h As 5s]
ImaPeppaPig: checks 
peak joker33: checks 
*** TURN *** [9h As 5s] [7c]
ImaPeppaPig: bets $6.68
peak joker33: folds 
Uncalled bet ($6.68) returned to ImaPeppaPig
ImaPeppaPig collected $5.22 from pot
ImaPeppaPig: doesn't show hand 
*** SUMMARY ***
Total pot $5.50 | Rake $0.28 
Board [9h As 5s 7c]
Seat 4: michasia
Seat 1: ImaPeppaPig (big blind) collected ($5.22)
Seat 2: ricadiiiino folded before Flop (didn't bet)
Seat 3: fish my nuts folded before Flop (didn't bet)
Seat 5: peak joker33 (button) folded on the Turn
Seat 6: chinokevin13 (small blind) folded before Flop



PokerStars Hand #254299926465:  Hold'em No Limit ($0.50/$1.00 USD) - 2025/01/10 19:44:39 WET [2025/01/10 14:44:39 ET]
Table 'Euboea II' 6-max Seat #6 is the button
Seat 4: michasia ($116.64 in chips) is sitting out
Seat 1: ImaPeppaPig ($185.72 in chips) 
Seat 2: ricadiiiino ($86.96 in chips) 
Seat 3: fish my nuts ($100 in chips) 
Seat 5: peak joker33 ($117.83 in chips) 
Seat 6: chinokevin13 ($105.17 in chips) 
ImaPeppaPig: posts small blind $0.50
ricadiiiino: posts big blind $1
michasia: sits out 
*** HOLE CARDS ***
fish my nuts: folds 
peak joker33: folds 
chinokevin13: raises $1.50 to $2.50
ImaPeppaPig: folds 
ricadiiiino: folds 
Uncalled bet ($1.50) returned to chinokevin13
chinokevin13 collected $2.50 from pot
chinokevin13: doesn't show hand 
*** SUMMARY ***
Total pot $2.50 | Rake $0 
Seat 4: michasia
Seat 1: ImaPeppaPig (small blind) folded before Flop
Seat 2: ricadiiiino (big blind) folded before Flop
Seat 3: fish my nuts folded before Flop (didn't bet)
Seat 5: peak joker33 folded before Flop (didn't bet)
Seat 6: chinokevin13 (button) collected ($2.50)



PokerStars Hand #254299933279:  Hold'em No Limit ($0.50/$1.00 USD) - 2025/01/10 19:45:01 WET [2025/01/10 14:45:01 ET]
Table 'Euboea II' 6-max Seat #1 is the button
Seat 4: michasia ($116.64 in chips) is sitting out
Seat 1: ImaPeppaPig ($185.22 in chips) 
Seat 2: ricadiiiino ($85.96 in chips) 
Seat 3: fish my nuts ($100 in chips) 
Seat 5: peak joker33 ($117.83 in chips) 
Seat 6: chinokevin13 ($106.67 in chips) 
ricadiiiino: posts small blind $0.50
fish my nuts: posts big blind $1
michasia: sits out 
*** HOLE CARDS ***
peak joker33: folds 
chinokevin13: raises $1.50 to $2.50
ImaPeppaPig: folds 
ricadiiiino: folds 
fish my nuts: folds 
Uncalled bet ($1.50) returned to chinokevin13
chinokevin13 collected $2.50 from pot
chinokevin13: doesn't show hand 
*** SUMMARY ***
Total pot $2.50 | Rake $0 
Seat 4: michasia
Seat 1: ImaPeppaPig (button) folded before Flop (didn't bet)
Seat 2: ricadiiiino (small blind) folded before Flop
Seat 3: fish my nuts (big blind) folded before Flop
Seat 5: peak joker33 folded before Flop (didn't bet)
Seat 6: chinokevin13 collected ($2.50)



PokerStars Hand #254299939786:  Hold'em No Limit ($0.50/$1.00 USD) - 2025/01/10 19:45:22 WET [2025/01/10 14:45:22 ET]
Table 'Euboea II' 6-max Seat #2 is the button
Seat 1: ImaPeppaPig ($185.22 in chips) 
Seat 2: ricadiiiino ($85.46 in chips) 
Seat 3: fish my nuts ($100 in chips) 
Seat 4: michasia ($116.64 in chips) 
Seat 5: peak joker33 ($117.83 in chips) 
Seat 6: chinokevin13 ($108.17 in chips) 
fish my nuts: posts small blind $0.50
michasia: posts big blind $1
*** HOLE CARDS ***
peak joker33: folds 
chinokevin13: folds 
ImaPeppaPig: folds 
ricadiiiino: raises $1 to $2
fish my nuts: folds 
michasia: folds 
Uncalled bet ($1) returned to ricadiiiino
ricadiiiino collected $2.50 from pot
*** SUMMARY ***
Total pot $2.50 | Rake $0 
Seat 1: ImaPeppaPig folded before Flop (didn't bet)
Seat 2: ricadiiiino (button) collected ($2.50)
Seat 3: fish my nuts (small blind) folded before Flop
Seat 4: michasia (big blind) folded before Flop
Seat 5: peak joker33 folded before Flop (didn't bet)
Seat 6: chinokevin13 folded before Flop (didn't bet)



PokerStars Hand #254299947790:  Hold'em No Limit ($0.50/$1.00 USD) - 2025/01/10 19:45:48 WET [2025/01/10 14:45:48 ET]
Table 'Euboea II' 6-max Seat #3 is the button
Seat 1: ImaPeppaPig ($185.22 in chips) 
Seat 2: ricadiiiino ($86.96 in chips) 
Seat 3: fish my nuts ($100 in chips) 
Seat 4: michasia ($115.64 in chips) 
Seat 5: peak joker33 ($117.83 in chips) 
Seat 6: chinokevin13 ($108.17 in chips) 
michasia: posts small blind $0.50
peak joker33: posts big blind $1
*** HOLE CARDS ***
chinokevin13: folds 
ImaPeppaPig: folds 
ricadiiiino: raises $1 to $2
fish my nuts: raises $3.60 to $5.60
michasia: folds 
peak joker33: folds 
ricadiiiino: calls $3.60
*** FLOP *** [5d Ks 4h]
ricadiiiino: checks 
fish my nuts: bets $4.22
ricadiiiino: calls $4.22
*** TURN *** [5d Ks 4h] [Ah]
ricadiiiino: checks 
fish my nuts: checks 
*** RIVER *** [5d Ks 4h Ah] [Jc]
ricadiiiino: bets $10.04
fish my nuts: folds 
Uncalled bet ($10.04) returned to ricadiiiino
ricadiiiino collected $20.08 from pot
*** SUMMARY ***
Total pot $21.14 | Rake $1.06 
Board [5d Ks 4h Ah Jc]
Seat 1: ImaPeppaPig folded before Flop (didn't bet)
Seat 2: ricadiiiino collected ($20.08)
Seat 3: fish my nuts (button) folded on the River
Seat 4: michasia (small blind) folded before Flop
Seat 5: peak joker33 (big blind) folded before Flop
Seat 6: chinokevin13 folded before Flop (didn't bet)



PokerStars Hand #254299962765:  Hold'em No Limit ($0.50/$1.00 USD) - 2025/01/10 19:46:35 WET [2025/01/10 14:46:35 ET]
Table 'Euboea II' 6-max Seat #4 is the button
Seat 1: ImaPeppaPig ($185.22 in chips) 
Seat 2: ricadiiiino ($97.22 in chips) 
Seat 3: fish my nuts ($100 in chips) 
Seat 4: michasia ($115.14 in chips) 
Seat 5: peak joker33 ($116.83 in chips) 
Seat 6: chinokevin13 ($108.17 in chips) 
peak joker33: posts small blind $0.50
chinokevin13: posts big blind $1
*** HOLE CARDS ***
ImaPeppaPig: raises $1 to $2
ricadiiiino: calls $2
fish my nuts: folds 
michasia: folds 
peak joker33: folds 
chinokevin13: folds 
*** FLOP *** [7c 5c 3h]
fish my nuts leaves the table
kars0n joins the table at seat #3 
ImaPeppaPig is connected 
ImaPeppaPig: checks 
ricadiiiino: checks 
*** TURN *** [7c 5c 3h] [4s]
ImaPeppaPig: checks 
ricadiiiino: bets $5.22
ImaPeppaPig: folds 
Uncalled bet ($5.22) returned to ricadiiiino
ricadiiiino collected $5.22 from pot
*** SUMMARY ***
Total pot $5.50 | Rake $0.28 
Board [7c 5c 3h 4s]
Seat 1: ImaPeppaPig folded on the Turn
Seat 2: ricadiiiino collected ($5.22)
Seat 3: fish my nuts folded before Flop (didn't bet)
Seat 4: michasia (button) folded before Flop (didn't bet)
Seat 5: peak joker33 (small blind) folded before Flop
Seat 6: chinokevin13 (big blind) folded before Flop



PokerStars Hand #254299987454:  Hold'em No Limit ($0.50/$1.00 USD) - 2025/01/10 19:47:55 WET [2025/01/10 14:47:55 ET]
Table 'Euboea II' 6-max Seat #5 is the button
Seat 3: kars0n ($100 in chips) is sitting out
Seat 1: ImaPeppaPig ($183.22 in chips) 
Seat 2: ricadiiiino ($100.44 in chips) 
Seat 4: michasia ($115.14 in chips) 
Seat 5: peak joker33 ($116.33 in chips) 
Seat 6: chinokevin13 ($107.17 in chips) 
chinokevin13: posts small blind $0.50
ImaPeppaPig: posts big blind $1
kars0n: sits out 
*** HOLE CARDS ***
ricadiiiino: folds 
michasia: folds 
peak joker33: folds 
chinokevin13: raises $2 to $3
ImaPeppaPig: folds 
Uncalled bet ($2) returned to chinokevin13
chinokevin13 collected $2 from pot
chinokevin13: doesn't show hand 
*** SUMMARY ***
Total pot $2 | Rake $0 
Seat 3: kars0n
Seat 1: ImaPeppaPig (big blind) folded before Flop
Seat 2: ricadiiiino folded before Flop (didn't bet)
Seat 4: michasia folded before Flop (didn't bet)
Seat 5: peak joker33 (button) folded before Flop (didn't bet)
Seat 6: chinokevin13 (small blind) collected ($2)



PokerStars Hand #254299993310:  Hold'em No Limit ($0.50/$1.00 USD) - 2025/01/10 19:48:14 WET [2025/01/10 14:48:14 ET]
Table 'Euboea II' 6-max Seat #6 is the button
Seat 3: kars0n ($100 in chips) is sitting out
Seat 1: ImaPeppaPig ($182.22 in chips) 
Seat 2: ricadiiiino ($100.44 in chips) 
Seat 4: michasia ($115.14 in chips) 
Seat 5: peak joker33 ($116.33 in chips) 
Seat 6: chinokevin13 ($108.17 in chips) 
ImaPeppaPig: posts small blind $0.50
ricadiiiino: posts big blind $1
kars0n: sits out 
*** HOLE CARDS ***
michasia: folds 
peak joker33: folds 
chinokevin13: raises $1.50 to $2.50
ImaPeppaPig: folds 
ricadiiiino: folds 
Uncalled bet ($1.50) returned to chinokevin13
chinokevin13 collected $2.50 from pot
chinokevin13: doesn't show hand 
*** SUMMARY ***
Total pot $2.50 | Rake $0 
Seat 3: kars0n
Seat 1: ImaPeppaPig (small blind) folded before Flop
Seat 2: ricadiiiino (big blind) folded before Flop
Seat 4: michasia folded before Flop (didn't bet)
Seat 5: peak joker33 folded before Flop (didn't bet)
Seat 6: chinokevin13 (button) collected ($2.50)



PokerStars Hand #254299998045:  Hold'em No Limit ($0.50/$1.00 USD) - 2025/01/10 19:48:29 WET [2025/01/10 14:48:29 ET]
Table 'Euboea II' 6-max Seat #1 is the button
Seat 1: ImaPeppaPig ($181.72 in chips) 
Seat 2: ricadiiiino ($99.44 in chips) 
Seat 3: kars0n ($100 in chips) 
Seat 4: michasia ($115.14 in chips) 
Seat 5: peak joker33 ($116.33 in chips) 
Seat 6: chinokevin13 ($109.67 in chips) 
ricadiiiino: posts small blind $0.50
kars0n: posts big blind $1
*** HOLE CARDS ***
michasia: folds 
peak joker33: folds 
chinokevin13: folds 
ImaPeppaPig: folds 
ricadiiiino: folds 
Uncalled bet ($0.50) returned to kars0n
kars0n collected $1 from pot
kars0n: doesn't show hand 
*** SUMMARY ***
Total pot $1 | Rake $0 
Seat 1: ImaPeppaPig (button) folded before Flop (didn't bet)
Seat 2: ricadiiiino (small blind) folded before Flop
Seat 3: kars0n (big blind) collected ($1)
Seat 4: michasia folded before Flop (didn't bet)
Seat 5: peak joker33 folded before Flop (didn't bet)
Seat 6: chinokevin13 folded before Flop (didn't bet)



PokerStars Hand #254300002023:  Hold'em No Limit ($0.50/$1.00 USD) - 2025/01/10 19:48:42 WET [2025/01/10 14:48:42 ET]
Table 'Euboea II' 6-max Seat #2 is the button
Seat 1: ImaPeppaPig ($181.72 in chips) 
Seat 2: ricadiiiino ($98.94 in chips) 
Seat 3: kars0n ($100.50 in chips) 
Seat 4: michasia ($115.14 in chips) 
Seat 5: peak joker33 ($116.33 in chips) 
Seat 6: chinokevin13 ($109.67 in chips) 
kars0n: posts small blind $0.50
michasia: posts big blind $1
*** HOLE CARDS ***
peak joker33: raises $1.50 to $2.50
chinokevin13: folds 
ImaPeppaPig: folds 
ricadiiiino: folds 
kars0n: folds 
michasia: folds 
Uncalled bet ($1.50) returned to peak joker33
peak joker33 collected $2.50 from pot
peak joker33: doesn't show hand 
*** SUMMARY ***
Total pot $2.50 | Rake $0 
Seat 1: ImaPeppaPig folded before Flop (didn't bet)
Seat 2: ricadiiiino (button) folded before Flop (didn't bet)
Seat 3: kars0n (small blind) folded before Flop
Seat 4: michasia (big blind) folded before Flop
Seat 5: peak joker33 collected ($2.50)
Seat 6: chinokevin13 folded before Flop (didn't bet)



PokerStars Hand #254300006778:  Hold'em No Limit ($0.50/$1.00 USD) - 2025/01/10 19:48:57 WET [2025/01/10 14:48:57 ET]
Table 'Euboea II' 6-max Seat #3 is the button
Seat 1: ImaPeppaPig ($181.72 in chips) 
Seat 2: ricadiiiino ($98.94 in chips) 
Seat 3: kars0n ($100 in chips) 
Seat 4: michasia ($114.14 in chips) 
Seat 5: peak joker33 ($117.83 in chips) 
Seat 6: chinokevin13 ($109.67 in chips) 
michasia: posts small blind $0.50
peak joker33: posts big blind $1
*** HOLE CARDS ***
chinokevin13: raises $1.20 to $2.20
ImaPeppaPig: folds 
ricadiiiino: calls $2.20
kars0n: folds 
michasia: raises $10.80 to $13
peak joker33: folds 
chinokevin13: folds 
ricadiiiino: folds 
Uncalled bet ($10.80) returned to michasia
michasia collected $7.60 from pot
michasia: doesn't show hand 
*** SUMMARY ***
Total pot $7.60 | Rake $0 
Seat 1: ImaPeppaPig folded before Flop (didn't bet)
Seat 2: ricadiiiino folded before Flop
Seat 3: kars0n (button) folded before Flop (didn't bet)
Seat 4: michasia (small blind) collected ($7.60)
Seat 5: peak joker33 (big blind) folded before Flop
Seat 6: chinokevin13 folded before Flop



PokerStars Hand #254300012797:  Hold'em No Limit ($0.50/$1.00 USD) - 2025/01/10 19:49:17 WET [2025/01/10 14:49:17 ET]
Table 'Euboea II' 6-max Seat #4 is the button
Seat 1: ImaPeppaPig ($181.72 in chips) 
Seat 2: ricadiiiino ($96.74 in chips) 
Seat 3: kars0n ($100 in chips) 
Seat 4: michasia ($119.54 in chips) 
Seat 5: peak joker33 ($116.83 in chips) 
Seat 6: chinokevin13 ($107.47 in chips) 
peak joker33: posts small blind $0.50
chinokevin13: posts big blind $1
*** HOLE CARDS ***
ImaPeppaPig: folds 
ricadiiiino: folds 
kars0n: folds 
michasia: raises $1.80 to $2.80
peak joker33: folds 
chinokevin13: folds 
Uncalled bet ($1.80) returned to michasia
michasia collected $2.50 from pot
michasia: doesn't show hand 
*** SUMMARY ***
Total pot $2.50 | Rake $0 
Seat 1: ImaPeppaPig folded before Flop (didn't bet)
Seat 2: ricadiiiino folded before Flop (didn't bet)
Seat 3: kars0n folded before Flop (didn't bet)
Seat 4: michasia (button) collected ($2.50)
Seat 5: peak joker33 (small blind) folded before Flop
Seat 6: chinokevin13 (big blind) folded before Flop



PokerStars Hand #254300016849:  Hold'em No Limit ($0.50/$1.00 USD) - 2025/01/10 19:49:30 WET [2025/01/10 14:49:30 ET]
Table 'Euboea II' 6-max Seat #5 is the button
Seat 1: ImaPeppaPig ($181.72 in chips) 
Seat 2: ricadiiiino ($96.74 in chips) 
Seat 3: kars0n ($100 in chips) 
Seat 4: michasia ($121.04 in chips) 
Seat 5: peak joker33 ($116.33 in chips) 
Seat 6: chinokevin13 ($106.47 in chips) 
chinokevin13: posts small blind $0.50
ImaPeppaPig: posts big blind $1
*** HOLE CARDS ***
ricadiiiino: raises $1 to $2
kars0n: folds 
michasia: folds 
peak joker33: folds 
chinokevin13: calls $1.50
ImaPeppaPig: folds 
*** FLOP *** [Qh 3d 9c]
chinokevin13: checks 
ricadiiiino: checks 
*** TURN *** [Qh 3d 9c] [Kh]
chinokevin13: checks 
ricadiiiino: checks 
*** RIVER *** [Qh 3d 9c Kh] [Jh]
chinokevin13: bets $3.56
ricadiiiino: calls $3.56
*** SHOW DOWN ***
chinokevin13: shows [6c 6h] (a pair of Sixes)
ricadiiiino: shows [Td Tc] (a straight, Nine to King)
ricadiiiino collected $11.51 from pot
*** SUMMARY ***
Total pot $12.12 | Rake $0.61 
Board [Qh 3d 9c Kh Jh]
Seat 1: ImaPeppaPig (big blind) folded before Flop
Seat 2: ricadiiiino showed [Td Tc] and won ($11.51) with a straight, Nine to King
Seat 3: kars0n folded before Flop (didn't bet)
Seat 4: michasia folded before Flop (didn't bet)
Seat 5: peak joker33 (button) folded before Flop (didn't bet)
Seat 6: chinokevin13 (small blind) showed [6c 6h] and lost with a pair of Sixes



PokerStars Hand #254300035455:  Hold'em No Limit ($0.50/$1.00 USD) - 2025/01/10 19:50:30 WET [2025/01/10 14:50:30 ET]
Table 'Euboea II' 6-max Seat #6 is the button
Seat 1: ImaPeppaPig ($180.72 in chips) 
Seat 2: ricadiiiino ($102.69 in chips) 
Seat 3: kars0n ($100 in chips) 
Seat 4: michasia ($121.04 in chips) 
Seat 5: peak joker33 ($116.33 in chips) 
Seat 6: chinokevin13 ($100.91 in chips) 
ImaPeppaPig: posts small blind $0.50
ricadiiiino: posts big blind $1
*** HOLE CARDS ***
ImaPeppaPig is disconnected 
kars0n: folds 
michasia: folds 
peak joker33: folds 
chinokevin13: folds 
ImaPeppaPig has timed out while disconnected
ImaPeppaPig: folds 
Uncalled bet ($0.50) returned to ricadiiiino
ricadiiiino collected $1 from pot
*** SUMMARY ***
Total pot $1 | Rake $0 
Seat 1: ImaPeppaPig (small blind) folded before Flop
Seat 2: ricadiiiino (big blind) collected ($1)
Seat 3: kars0n folded before Flop (didn't bet)
Seat 4: michasia folded before Flop (didn't bet)
Seat 5: peak joker33 folded before Flop (didn't bet)
Seat 6: chinokevin13 (button) folded before Flop (didn't bet)



PokerStars Hand #254300042984:  Hold'em No Limit ($0.50/$1.00 USD) - 2025/01/10 19:50:55 WET [2025/01/10 14:50:55 ET]
Table 'Euboea II' 6-max Seat #2 is the button
Seat 1: ImaPeppaPig ($180.22 in chips) is sitting out
Seat 2: ricadiiiino ($103.19 in chips) 
Seat 3: kars0n ($100 in chips) 
Seat 4: michasia ($121.04 in chips) 
Seat 5: peak joker33 ($116.33 in chips) 
Seat 6: chinokevin13 ($100.91 in chips) 
kars0n: posts small blind $0.50
michasia: posts big blind $1
*** HOLE CARDS ***
peak joker33: folds 
chinokevin13: raises $1.50 to $2.50
ricadiiiino: calls $2.50
kars0n: folds 
michasia: calls $1.50
*** FLOP *** [4h Kh 2c]
michasia: checks 
ImaPeppaPig leaves the table
chinokevin13: checks 
ricadiiiino: bets $1
michasia: folds 
chinokevin13: raises $3 to $4
BoyLoc0 joins the table at seat #1 
ricadiiiino: calls $3
*** TURN *** [4h Kh 2c] [8c]
chinokevin13: checks 
ricadiiiino: bets $7.60
chinokevin13: calls $7.60
*** RIVER *** [4h Kh 2c 8c] [Qc]
chinokevin13: checks 
ricadiiiino: checks 
*** SHOW DOWN ***
chinokevin13: shows [Kd 9d] (a pair of Kings)
ricadiiiino: shows [Ks Td] (a pair of Kings - Queen+Ten kicker)
ricadiiiino collected $29.64 from pot
*** SUMMARY ***
Total pot $31.20 | Rake $1.56 
Board [4h Kh 2c 8c Qc]
Seat 1: ImaPeppaPig
Seat 2: ricadiiiino (button) showed [Ks Td] and won ($29.64) with a pair of Kings
Seat 3: kars0n (small blind) folded before Flop
Seat 4: michasia (big blind) folded on the Flop
Seat 5: peak joker33 folded before Flop (didn't bet)
Seat 6: chinokevin13 showed [Kd 9d] and lost with a pair of Kings



PokerStars Hand #254300062145:  Hold'em No Limit ($0.50/$1.00 USD) - 2025/01/10 19:51:57 WET [2025/01/10 14:51:57 ET]
Table 'Euboea II' 6-max Seat #3 is the button
Seat 1: BoyLoc0 ($100 in chips) is sitting out
Seat 2: ricadiiiino ($118.73 in chips) 
Seat 3: kars0n ($100 in chips) 
Seat 4: michasia ($118.54 in chips) 
Seat 5: peak joker33 ($116.33 in chips) 
Seat 6: chinokevin13 ($100 in chips) 
michasia: posts small blind $0.50
peak joker33: posts big blind $1
BoyLoc0: sits out 
*** HOLE CARDS ***
chinokevin13: raises $1.20 to $2.20
ricadiiiino: calls $2.20
kars0n: raises $10.80 to $13
michasia: folds 
peak joker33: folds 
chinokevin13: folds 
ricadiiiino: folds 
Uncalled bet ($10.80) returned to kars0n
kars0n collected $8.10 from pot
kars0n: doesn't show hand 
*** SUMMARY ***
Total pot $8.10 | Rake $0 
Seat 1: BoyLoc0
Seat 2: ricadiiiino folded before Flop
Seat 3: kars0n (button) collected ($8.10)
Seat 4: michasia (small blind) folded before Flop
Seat 5: peak joker33 (big blind) folded before Flop
Seat 6: chinokevin13 folded before Flop



PokerStars Hand #254300068893:  Hold'em No Limit ($0.50/$1.00 USD) - 2025/01/10 19:52:18 WET [2025/01/10 14:52:18 ET]
Table 'Euboea II' 6-max Seat #4 is the button
Seat 1: BoyLoc0 ($100 in chips) is sitting out
Seat 2: ricadiiiino ($116.53 in chips) 
Seat 3: kars0n ($105.90 in chips) 
Seat 4: michasia ($118.04 in chips) 
Seat 5: peak joker33 ($115.33 in chips) 
Seat 6: chinokevin13 ($100 in chips) 
peak joker33: posts small blind $0.50
chinokevin13: posts big blind $1
BoyLoc0: sits out 
*** HOLE CARDS ***
ricadiiiino: calls $1
kars0n: folds 
michasia: raises $2.50 to $3.50
peak joker33: folds 
chinokevin13: raises $10 to $13.50
ricadiiiino: folds 
michasia: folds 
Uncalled bet ($10) returned to chinokevin13
chinokevin13 collected $8.50 from pot
chinokevin13: doesn't show hand 
*** SUMMARY ***
Total pot $8.50 | Rake $0 
Seat 1: BoyLoc0
Seat 2: ricadiiiino folded before Flop
Seat 3: kars0n folded before Flop (didn't bet)
Seat 4: michasia (button) folded before Flop
Seat 5: peak joker33 (small blind) folded before Flop
Seat 6: chinokevin13 (big blind) collected ($8.50)



PokerStars Hand #254300078792:  Hold'em No Limit ($0.50/$1.00 USD) - 2025/01/10 19:52:50 WET [2025/01/10 14:52:50 ET]
Table 'Euboea II' 6-max Seat #5 is the button
Seat 1: BoyLoc0 ($100 in chips) 
Seat 2: ricadiiiino ($115.53 in chips) 
Seat 3: kars0n ($105.90 in chips) 
Seat 4: michasia ($114.54 in chips) 
Seat 5: peak joker33 ($114.83 in chips) 
Seat 6: chinokevin13 ($105 in chips) 
chinokevin13: posts small blind $0.50
BoyLoc0: posts big blind $1
*** HOLE CARDS ***
ricadiiiino: folds 
kars0n: folds 
michasia: raises $1.80 to $2.80
peak joker33: folds 
chinokevin13: raises $8.20 to $11
BoyLoc0: folds 
michasia: calls $8.20
*** FLOP *** [Ad 9h Tc]
chinokevin13: bets $7.21
michasia: calls $7.21
*** TURN *** [Ad 9h Tc] [Qc]
chinokevin13: bets $29
michasia: calls $29
*** RIVER *** [Ad 9h Tc Qc] [Jc]
chinokevin13: bets $57.79 and is all-in
michasia: folds 
Uncalled bet ($57.79) returned to chinokevin13
chinokevin13 collected $92.92 from pot
chinokevin13: doesn't show hand 
*** SUMMARY ***
Total pot $95.42 | Rake $2.50 
Board [Ad 9h Tc Qc Jc]
Seat 1: BoyLoc0 (big blind) folded before Flop
Seat 2: ricadiiiino folded before Flop (didn't bet)
Seat 3: kars0n folded before Flop (didn't bet)
Seat 4: michasia folded on the River
Seat 5: peak joker33 (button) folded before Flop (didn't bet)
Seat 6: chinokevin13 (small blind) collected ($92.92)



PokerStars Hand #254300109233:  Hold'em No Limit ($0.50/$1.00 USD) - 2025/01/10 19:54:28 WET [2025/01/10 14:54:28 ET]
Table 'Euboea II' 6-max Seat #6 is the button
Seat 1: BoyLoc0 ($100 in chips) 
Seat 2: ricadiiiino ($115.53 in chips) 
Seat 3: kars0n ($105.90 in chips) 
Seat 4: michasia ($100 in chips) 
Seat 5: peak joker33 ($114.83 in chips) 
Seat 6: chinokevin13 ($150.71 in chips) 
BoyLoc0: posts small blind $0.50
ricadiiiino: posts big blind $1
*** HOLE CARDS ***
kars0n: folds 
michasia: folds 
peak joker33: raises $1.50 to $2.50
chinokevin13: folds 
BoyLoc0: folds 
ricadiiiino: folds 
Uncalled bet ($1.50) returned to peak joker33
peak joker33 collected $2.50 from pot
peak joker33: doesn't show hand 
*** SUMMARY ***
Total pot $2.50 | Rake $0 
Seat 1: BoyLoc0 (small blind) folded before Flop
Seat 2: ricadiiiino (big blind) folded before Flop
Seat 3: kars0n folded before Flop (didn't bet)
Seat 4: michasia folded before Flop (didn't bet)
Seat 5: peak joker33 collected ($2.50)
Seat 6: chinokevin13 (button) folded before Flop (didn't bet)



PokerStars Hand #254300113473:  Hold'em No Limit ($0.50/$1.00 USD) - 2025/01/10 19:54:41 WET [2025/01/10 14:54:41 ET]
Table 'Euboea II' 6-max Seat #1 is the button
Seat 1: BoyLoc0 ($100 in chips) 
Seat 2: ricadiiiino ($114.53 in chips) 
Seat 3: kars0n ($105.90 in chips) 
Seat 4: michasia ($100 in chips) 
Seat 5: peak joker33 ($116.33 in chips) 
Seat 6: chinokevin13 ($150.71 in chips) 
ricadiiiino: posts small blind $0.50
kars0n: posts big blind $1
*** HOLE CARDS ***
michasia: folds 
peak joker33: raises $1.50 to $2.50
chinokevin13: folds 
BoyLoc0: raises $5 to $7.50
ricadiiiino: folds 
kars0n: folds 
peak joker33: raises $13.50 to $21
BoyLoc0: calls $13.50
*** FLOP *** [Qc Js As]
peak joker33: checks 
BoyLoc0: checks 
*** TURN *** [Qc Js As] [4c]
peak joker33: bets $13.64
BoyLoc0: folds 
Uncalled bet ($13.64) returned to peak joker33
peak joker33 collected $41.32 from pot
peak joker33: doesn't show hand 
*** SUMMARY ***
Total pot $43.50 | Rake $2.18 
Board [Qc Js As 4c]
Seat 1: BoyLoc0 (button) folded on the Turn
Seat 2: ricadiiiino (small blind) folded before Flop
Seat 3: kars0n (big blind) folded before Flop
Seat 4: michasia folded before Flop (didn't bet)
Seat 5: peak joker33 collected ($41.32)
Seat 6: chinokevin13 folded before Flop (didn't bet)



PokerStars Hand #254300131304:  Hold'em No Limit ($0.50/$1.00 USD) - 2025/01/10 19:55:54 WET [2025/01/10 14:55:54 ET]
Table 'Euboea II' 6-max Seat #2 is the button
Seat 1: BoyLoc0 ($100 in chips) 
Seat 2: ricadiiiino ($114.03 in chips) 
Seat 3: kars0n ($104.90 in chips) 
Seat 4: michasia ($100 in chips) 
Seat 5: peak joker33 ($136.65 in chips) 
Seat 6: chinokevin13 ($150.71 in chips) 
kars0n: posts small blind $0.50
michasia: posts big blind $1
*** HOLE CARDS ***
peak joker33: folds 
chinokevin13: folds 
BoyLoc0: folds 
ricadiiiino: raises $1 to $2
kars0n: folds 
michasia: folds 
Uncalled bet ($1) returned to ricadiiiino
ricadiiiino collected $2.50 from pot
*** SUMMARY ***
Total pot $2.50 | Rake $0 
Seat 1: BoyLoc0 folded before Flop (didn't bet)
Seat 2: ricadiiiino (button) collected ($2.50)
Seat 3: kars0n (small blind) folded before Flop
Seat 4: michasia (big blind) folded before Flop
Seat 5: peak joker33 folded before Flop (didn't bet)
Seat 6: chinokevin13 folded before Flop (didn't bet)



PokerStars Hand #254300137232:  Hold'em No Limit ($0.50/$1.00 USD) - 2025/01/10 19:56:21 WET [2025/01/10 14:56:21 ET]
Table 'Euboea II' 6-max Seat #3 is the button
Seat 1: BoyLoc0 ($100 in chips) 
Seat 2: ricadiiiino ($115.53 in chips) 
Seat 3: kars0n ($104.40 in chips) 
Seat 4: michasia ($100 in chips) 
Seat 5: peak joker33 ($136.65 in chips) 
Seat 6: chinokevin13 ($150.71 in chips) 
michasia: posts small blind $0.50
peak joker33: posts big blind $1
*** HOLE CARDS ***
chinokevin13: folds 
BoyLoc0: folds 
ricadiiiino: raises $2.50 to $3.50
kars0n: folds 
michasia: folds 
peak joker33: folds 
Uncalled bet ($2.50) returned to ricadiiiino
ricadiiiino collected $2.50 from pot
*** SUMMARY ***
Total pot $2.50 | Rake $0 
Seat 1: BoyLoc0 folded before Flop (didn't bet)
Seat 2: ricadiiiino collected ($2.50)
Seat 3: kars0n (button) folded before Flop (didn't bet)
Seat 4: michasia (small blind) folded before Flop
Seat 5: peak joker33 (big blind) folded before Flop
Seat 6: chinokevin13 folded before Flop (didn't bet)



PokerStars Hand #254300141188:  Hold'em No Limit ($0.50/$1.00 USD) - 2025/01/10 19:56:38 WET [2025/01/10 14:56:38 ET]
Table 'Euboea II' 6-max Seat #4 is the button
Seat 1: BoyLoc0 ($100 in chips) 
Seat 2: ricadiiiino ($117.03 in chips) 
Seat 3: kars0n ($104.40 in chips) 
Seat 4: michasia ($100 in chips) 
Seat 5: peak joker33 ($135.65 in chips) 
Seat 6: chinokevin13 ($150.71 in chips) 
peak joker33: posts small blind $0.50
chinokevin13: posts big blind $1
*** HOLE CARDS ***
BoyLoc0: folds 
ricadiiiino: folds 
kars0n: folds 
michasia: raises $1.80 to $2.80
peak joker33: folds 
chinokevin13: raises $9.20 to $12
michasia: folds 
Uncalled bet ($9.20) returned to chinokevin13
chinokevin13 collected $6.10 from pot
chinokevin13: doesn't show hand 
*** SUMMARY ***
Total pot $6.10 | Rake $0 
Seat 1: BoyLoc0 folded before Flop (didn't bet)
Seat 2: ricadiiiino folded before Flop (didn't bet)
Seat 3: kars0n folded before Flop (didn't bet)
Seat 4: michasia (button) folded before Flop
Seat 5: peak joker33 (small blind) folded before Flop
Seat 6: chinokevin13 (big blind) collected ($6.10)



PokerStars Hand #254300148900:  Hold'em No Limit ($0.50/$1.00 USD) - 2025/01/10 19:57:13 WET [2025/01/10 14:57:13 ET]
Table 'Euboea II' 6-max Seat #5 is the button
Seat 1: BoyLoc0 ($100 in chips) 
Seat 2: ricadiiiino ($117.03 in chips) 
Seat 3: kars0n ($104.40 in chips) 
Seat 4: michasia ($100 in chips) 
Seat 5: peak joker33 ($135.15 in chips) 
Seat 6: chinokevin13 ($154.01 in chips) 
chinokevin13: posts small blind $0.50
BoyLoc0: posts big blind $1
*** HOLE CARDS ***
ricadiiiino: folds 
kars0n: folds 
michasia: folds 
peak joker33: folds 
chinokevin13: folds 
Uncalled bet ($0.50) returned to BoyLoc0
BoyLoc0 collected $1 from pot
BoyLoc0: doesn't show hand 
*** SUMMARY ***
Total pot $1 | Rake $0 
Seat 1: BoyLoc0 (big blind) collected ($1)
Seat 2: ricadiiiino folded before Flop (didn't bet)
Seat 3: kars0n folded before Flop (didn't bet)
Seat 4: michasia folded before Flop (didn't bet)
Seat 5: peak joker33 (button) folded before Flop (didn't bet)
Seat 6: chinokevin13 (small blind) folded before Flop



PokerStars Hand #254300153197:  Hold'em No Limit ($0.50/$1.00 USD) - 2025/01/10 19:57:33 WET [2025/01/10 14:57:33 ET]
Table 'Euboea II' 6-max Seat #6 is the button
Seat 1: BoyLoc0 ($100.50 in chips) 
Seat 2: ricadiiiino ($117.03 in chips) 
Seat 3: kars0n ($104.40 in chips) 
Seat 4: michasia ($100 in chips) 
Seat 5: peak joker33 ($135.15 in chips) 
Seat 6: chinokevin13 ($153.51 in chips) 
BoyLoc0: posts small blind $0.50
ricadiiiino: posts big blind $1
*** HOLE CARDS ***
kars0n: folds 
michasia: folds 
peak joker33: folds 
chinokevin13: raises $1.50 to $2.50
BoyLoc0: folds 
ricadiiiino: folds 
Uncalled bet ($1.50) returned to chinokevin13
chinokevin13 collected $2.50 from pot
chinokevin13: doesn't show hand 
*** SUMMARY ***
Total pot $2.50 | Rake $0 
Seat 1: BoyLoc0 (small blind) folded before Flop
Seat 2: ricadiiiino (big blind) folded before Flop
Seat 3: kars0n folded before Flop (didn't bet)
Seat 4: michasia folded before Flop (didn't bet)
Seat 5: peak joker33 folded before Flop (didn't bet)
Seat 6: chinokevin13 (button) collected ($2.50)



PokerStars Hand #254300157186:  Hold'em No Limit ($0.50/$1.00 USD) - 2025/01/10 19:57:50 WET [2025/01/10 14:57:50 ET]
Table 'Euboea II' 6-max Seat #1 is the button
Seat 1: BoyLoc0 ($100 in chips) 
Seat 2: ricadiiiino ($116.03 in chips) 
Seat 3: kars0n ($104.40 in chips) 
Seat 4: michasia ($100 in chips) 
Seat 5: peak joker33 ($135.15 in chips) 
Seat 6: chinokevin13 ($155.01 in chips) 
ricadiiiino: posts small blind $0.50
kars0n: posts big blind $1
*** HOLE CARDS ***
michasia: folds 
peak joker33: folds 
chinokevin13: raises $1.50 to $2.50
BoyLoc0: raises $5 to $7.50
ricadiiiino: folds 
kars0n: folds 
chinokevin13: calls $5
*** FLOP *** [9h 6h 9s]
chinokevin13: checks 
BoyLoc0: checks 
*** TURN *** [9h 6h 9s] [5s]
chinokevin13: bets $11.76
BoyLoc0: calls $11.76
*** RIVER *** [9h 6h 9s 5s] [Qs]
chinokevin13: bets $32.50
BoyLoc0: folds 
Uncalled bet ($32.50) returned to chinokevin13
chinokevin13 collected $38.02 from pot
chinokevin13: doesn't show hand 
*** SUMMARY ***
Total pot $40.02 | Rake $2 
Board [9h 6h 9s 5s Qs]
Seat 1: BoyLoc0 (button) folded on the River
Seat 2: ricadiiiino (small blind) folded before Flop
Seat 3: kars0n (big blind) folded before Flop
Seat 4: michasia folded before Flop (didn't bet)
Seat 5: peak joker33 folded before Flop (didn't bet)
Seat 6: chinokevin13 collected ($38.02)



PokerStars Hand #254300180160:  Hold'em No Limit ($0.50/$1.00 USD) - 2025/01/10 19:59:34 WET [2025/01/10 14:59:34 ET]
Table 'Euboea II' 6-max Seat #2 is the button
Seat 1: BoyLoc0 ($100 in chips) 
Seat 2: ricadiiiino ($115.53 in chips) 
Seat 3: kars0n ($103.40 in chips) 
Seat 4: michasia ($100 in chips) 
Seat 5: peak joker33 ($135.15 in chips) 
Seat 6: chinokevin13 ($173.77 in chips) 
kars0n: posts small blind $0.50
michasia: posts big blind $1
*** HOLE CARDS ***
peak joker33: folds 
chinokevin13: folds 
BoyLoc0: folds 
ricadiiiino: folds 
kars0n: folds 
Uncalled bet ($0.50) returned to michasia
michasia collected $1 from pot
michasia: doesn't show hand 
*** SUMMARY ***
Total pot $1 | Rake $0 
Seat 1: BoyLoc0 folded before Flop (didn't bet)
Seat 2: ricadiiiino (button) folded before Flop (didn't bet)
Seat 3: kars0n (small blind) folded before Flop
Seat 4: michasia (big blind) collected ($1)
Seat 5: peak joker33 folded before Flop (didn't bet)
Seat 6: chinokevin13 folded before Flop (didn't bet)



PokerStars Hand #254300183508:  Hold'em No Limit ($0.50/$1.00 USD) - 2025/01/10 19:59:47 WET [2025/01/10 14:59:47 ET]
Table 'Euboea II' 6-max Seat #3 is the button
Seat 1: BoyLoc0 ($100 in chips) 
Seat 2: ricadiiiino ($115.53 in chips) 
Seat 3: kars0n ($102.90 in chips) 
Seat 4: michasia ($100.50 in chips) 
Seat 5: peak joker33 ($135.15 in chips) 
Seat 6: chinokevin13 ($173.77 in chips) 
michasia: posts small blind $0.50
peak joker33: posts big blind $1
*** HOLE CARDS ***
chinokevin13: folds 
BoyLoc0: folds 
ricadiiiino: folds 
kars0n: folds 
michasia: folds 
Uncalled bet ($0.50) returned to peak joker33
peak joker33 collected $1 from pot
peak joker33: doesn't show hand 
*** SUMMARY ***
Total pot $1 | Rake $0 
Seat 1: BoyLoc0 folded before Flop (didn't bet)
Seat 2: ricadiiiino folded before Flop (didn't bet)
Seat 3: kars0n (button) folded before Flop (didn't bet)
Seat 4: michasia (small blind) folded before Flop
Seat 5: peak joker33 (big blind) collected ($1)
Seat 6: chinokevin13 folded before Flop (didn't bet)



PokerStars Hand #254300187420:  Hold'em No Limit ($0.50/$1.00 USD) - 2025/01/10 20:00:04 WET [2025/01/10 15:00:04 ET]
Table 'Euboea II' 6-max Seat #4 is the button
Seat 1: BoyLoc0 ($100 in chips) 
Seat 2: ricadiiiino ($115.53 in chips) 
Seat 3: kars0n ($102.90 in chips) 
Seat 4: michasia ($100 in chips) 
Seat 5: peak joker33 ($135.65 in chips) 
Seat 6: chinokevin13 ($173.77 in chips) 
peak joker33: posts small blind $0.50
chinokevin13: posts big blind $1
*** HOLE CARDS ***
BoyLoc0: folds 
BoyLoc0 leaves the table
ricadiiiino: folds 
socito joins the table at seat #1 
kars0n: folds 
michasia: folds 
peak joker33: folds 
Uncalled bet ($0.50) returned to chinokevin13
chinokevin13 collected $1 from pot
chinokevin13: doesn't show hand 
*** SUMMARY ***
Total pot $1 | Rake $0 
Seat 1: BoyLoc0 folded before Flop (didn't bet)
Seat 2: ricadiiiino folded before Flop (didn't bet)
Seat 3: kars0n folded before Flop (didn't bet)
Seat 4: michasia (button) folded before Flop (didn't bet)
Seat 5: peak joker33 (small blind) folded before Flop
Seat 6: chinokevin13 (big blind) collected ($1)



PokerStars Hand #254300194055:  Hold'em No Limit ($0.50/$1.00 USD) - 2025/01/10 20:00:33 WET [2025/01/10 15:00:33 ET]
Table 'Euboea II' 6-max Seat #5 is the button
Seat 1: socito ($100 in chips) 
Seat 2: ricadiiiino ($115.53 in chips) 
Seat 3: kars0n ($102.90 in chips) 
Seat 4: michasia ($100 in chips) 
Seat 5: peak joker33 ($135.15 in chips) 
Seat 6: chinokevin13 ($174.27 in chips) 
chinokevin13: posts small blind $0.50
socito: posts big blind $1
*** HOLE CARDS ***
ricadiiiino: folds 
kars0n: folds 
michasia: folds 
peak joker33: folds 
chinokevin13: raises $2 to $3
socito: raises $6 to $9
chinokevin13: folds 
Uncalled bet ($6) returned to socito
socito collected $6 from pot
socito: doesn't show hand 
*** SUMMARY ***
Total pot $6 | Rake $0 
Seat 1: socito (big blind) collected ($6)
Seat 2: ricadiiiino folded before Flop (didn't bet)
Seat 3: kars0n folded before Flop (didn't bet)
Seat 4: michasia folded before Flop (didn't bet)
Seat 5: peak joker33 (button) folded before Flop (didn't bet)
Seat 6: chinokevin13 (small blind) folded before Flop



PokerStars Hand #254300206235:  Hold'em No Limit ($0.50/$1.00 USD) - 2025/01/10 20:01:18 WET [2025/01/10 15:01:18 ET]
Table 'Euboea II' 6-max Seat #6 is the button
Seat 1: socito ($103 in chips) 
Seat 2: ricadiiiino ($115.53 in chips) 
Seat 3: kars0n ($102.90 in chips) 
Seat 4: michasia ($100 in chips) 
Seat 5: peak joker33 ($135.15 in chips) 
Seat 6: chinokevin13 ($171.27 in chips) 
socito: posts small blind $0.50
ricadiiiino: posts big blind $1
*** HOLE CARDS ***
kars0n: folds 
michasia: folds 
peak joker33: folds 
chinokevin13: raises $1.50 to $2.50
socito: folds 
ricadiiiino: calls $1.50
*** FLOP *** [Ac 5s 6s]
ricadiiiino: checks 
chinokevin13: bets $2.61
ricadiiiino: folds 
Uncalled bet ($2.61) returned to chinokevin13
chinokevin13 collected $5.22 from pot
chinokevin13: doesn't show hand 
*** SUMMARY ***
Total pot $5.50 | Rake $0.28 
Board [Ac 5s 6s]
Seat 1: socito (small blind) folded before Flop
Seat 2: ricadiiiino (big blind) folded on the Flop
Seat 3: kars0n folded before Flop (didn't bet)
Seat 4: michasia folded before Flop (didn't bet)
Seat 5: peak joker33 folded before Flop (didn't bet)
Seat 6: chinokevin13 (button) collected ($5.22)



PokerStars Hand #254300218162:  Hold'em No Limit ($0.50/$1.00 USD) - 2025/01/10 20:01:59 WET [2025/01/10 15:01:59 ET]
Table 'Euboea II' 6-max Seat #1 is the button
Seat 1: socito ($102.50 in chips) 
Seat 2: ricadiiiino ($113.03 in chips) 
Seat 3: kars0n ($102.90 in chips) 
Seat 4: michasia ($100 in chips) 
Seat 5: peak joker33 ($135.15 in chips) 
Seat 6: chinokevin13 ($173.99 in chips) 
ricadiiiino: posts small blind $0.50
kars0n: posts big blind $1
*** HOLE CARDS ***
michasia: raises $1.60 to $2.60
peak joker33: folds 
chinokevin13: folds 
socito: folds 
ricadiiiino: folds 
kars0n: calls $1.60
*** FLOP *** [3s 4c 4s]
kars0n: checks 
michasia: bets $1.79
kars0n: calls $1.79
*** TURN *** [3s 4c 4s] [6c]
kars0n: checks 
michasia: checks 
*** RIVER *** [3s 4c 4s 6c] [Qd]
kars0n: checks 
michasia: checks 
*** SHOW DOWN ***
kars0n: shows [7c Ac] (a pair of Fours)
michasia: shows [Tc Ts] (two pair, Tens and Fours)
michasia collected $8.82 from pot
*** SUMMARY ***
Total pot $9.28 | Rake $0.46 
Board [3s 4c 4s 6c Qd]
Seat 1: socito (button) folded before Flop (didn't bet)
Seat 2: ricadiiiino (small blind) folded before Flop
Seat 3: kars0n (big blind) showed [7c Ac] and lost with a pair of Fours
Seat 4: michasia showed [Tc Ts] and won ($8.82) with two pair, Tens and Fours
Seat 5: peak joker33 folded before Flop (didn't bet)
Seat 6: chinokevin13 folded before Flop (didn't bet)



PokerStars Hand #254300231152:  Hold'em No Limit ($0.50/$1.00 USD) - 2025/01/10 20:02:42 WET [2025/01/10 15:02:42 ET]
Table 'Euboea II' 6-max Seat #2 is the button
Seat 1: socito ($102.50 in chips) 
Seat 2: ricadiiiino ($112.53 in chips) 
Seat 3: kars0n ($100 in chips) 
Seat 4: michasia ($104.43 in chips) 
Seat 5: peak joker33 ($135.15 in chips) 
Seat 6: chinokevin13 ($173.99 in chips) 
kars0n: posts small blind $0.50
michasia: posts big blind $1
*** HOLE CARDS ***
peak joker33: raises $1.50 to $2.50
chinokevin13: folds 
socito: folds 
ricadiiiino: folds 
kars0n: folds 
michasia: calls $1.50
*** FLOP *** [Jc 8c 8d]
michasia: checks 
peak joker33: bets $1.72
michasia: raises $3.44 to $5.16
peak joker33: calls $3.44
*** TURN *** [Jc 8c 8d] [Js]
michasia: checks 
peak joker33: checks 
*** RIVER *** [Jc 8c 8d Js] [Kc]
michasia: checks 
peak joker33: checks 
*** SHOW DOWN ***
michasia: shows [8h 7h] (a full house, Eights full of Jacks)
peak joker33: mucks hand 
michasia collected $15.03 from pot
*** SUMMARY ***
Total pot $15.82 | Rake $0.79 
Board [Jc 8c 8d Js Kc]
Seat 1: socito folded before Flop (didn't bet)
Seat 2: ricadiiiino (button) folded before Flop (didn't bet)
Seat 3: kars0n (small blind) folded before Flop
Seat 4: michasia (big blind) showed [8h 7h] and won ($15.03) with a full house, Eights full of Jacks
Seat 5: peak joker33 mucked
Seat 6: chinokevin13 folded before Flop (didn't bet)



PokerStars Hand #254300248007:  Hold'em No Limit ($0.50/$1.00 USD) - 2025/01/10 20:03:35 WET [2025/01/10 15:03:35 ET]
Table 'Euboea II' 6-max Seat #3 is the button
Seat 1: socito ($102.50 in chips) 
Seat 2: ricadiiiino ($112.53 in chips) 
Seat 3: kars0n ($100 in chips) 
Seat 4: michasia ($111.80 in chips) 
Seat 5: peak joker33 ($127.49 in chips) 
Seat 6: chinokevin13 ($173.99 in chips) 
michasia: posts small blind $0.50
peak joker33: posts big blind $1
*** HOLE CARDS ***
chinokevin13: raises $1.20 to $2.20
socito: folds 
ricadiiiino: folds 
kars0n: folds 
michasia: folds 
peak joker33: folds 
Uncalled bet ($1.20) returned to chinokevin13
chinokevin13 collected $2.50 from pot
chinokevin13: doesn't show hand 
*** SUMMARY ***
Total pot $2.50 | Rake $0 
Seat 1: socito folded before Flop (didn't bet)
Seat 2: ricadiiiino folded before Flop (didn't bet)
Seat 3: kars0n (button) folded before Flop (didn't bet)
Seat 4: michasia (small blind) folded before Flop
Seat 5: peak joker33 (big blind) folded before Flop
Seat 6: chinokevin13 collected ($2.50)



PokerStars Hand #254300253934:  Hold'em No Limit ($0.50/$1.00 USD) - 2025/01/10 20:03:53 WET [2025/01/10 15:03:53 ET]
Table 'Euboea II' 6-max Seat #4 is the button
Seat 1: socito ($102.50 in chips) 
Seat 2: ricadiiiino ($112.53 in chips) 
Seat 3: kars0n ($100 in chips) 
Seat 4: michasia ($111.30 in chips) 
Seat 5: peak joker33 ($126.49 in chips) 
Seat 6: chinokevin13 ($175.49 in chips) 
peak joker33: posts small blind $0.50
chinokevin13: posts big blind $1
*** HOLE CARDS ***
socito: folds 
ricadiiiino: folds 
kars0n: raises $1.50 to $2.50
michasia: folds 
peak joker33: folds 
chinokevin13: calls $1.50
*** FLOP *** [4d 7d Jh]
chinokevin13: checks 
kars0n: checks 
*** TURN *** [4d 7d Jh] [Kd]
chinokevin13: checks 
kars0n: checks 
*** RIVER *** [4d 7d Jh Kd] [6d]
chinokevin13: checks 
kars0n: bets $1.72
chinokevin13: calls $1.72
*** SHOW DOWN ***
kars0n: shows [Td Ts] (a flush, King high)
chinokevin13: mucks hand 
kars0n collected $8.49 from pot
*** SUMMARY ***
Total pot $8.94 | Rake $0.45 
Board [4d 7d Jh Kd 6d]
Seat 1: socito folded before Flop (didn't bet)
Seat 2: ricadiiiino folded before Flop (didn't bet)
Seat 3: kars0n showed [Td Ts] and won ($8.49) with a flush, King high
Seat 4: michasia (button) folded before Flop (didn't bet)
Seat 5: peak joker33 (small blind) folded before Flop
Seat 6: chinokevin13 (big blind) mucked



PokerStars Hand #254300270571:  Hold'em No Limit ($0.50/$1.00 USD) - 2025/01/10 20:04:45 WET [2025/01/10 15:04:45 ET]
Table 'Euboea II' 6-max Seat #5 is the button
Seat 1: socito ($102.50 in chips) 
Seat 2: ricadiiiino ($112.53 in chips) 
Seat 3: kars0n ($104.27 in chips) 
Seat 4: michasia ($111.30 in chips) 
Seat 5: peak joker33 ($125.99 in chips) 
Seat 6: chinokevin13 ($171.27 in chips) 
chinokevin13: posts small blind $0.50
socito: posts big blind $1
*** HOLE CARDS ***
ricadiiiino: folds 
kars0n: folds 
michasia: raises $1.80 to $2.80
peak joker33: folds 
chinokevin13: folds 
socito: folds 
Uncalled bet ($1.80) returned to michasia
michasia collected $2.50 from pot
michasia: doesn't show hand 
*** SUMMARY ***
Total pot $2.50 | Rake $0 
Seat 1: socito (big blind) folded before Flop
Seat 2: ricadiiiino folded before Flop (didn't bet)
Seat 3: kars0n folded before Flop (didn't bet)
Seat 4: michasia collected ($2.50)
Seat 5: peak joker33 (button) folded before Flop (didn't bet)
Seat 6: chinokevin13 (small blind) folded before Flop



PokerStars Hand #254300280456:  Hold'em No Limit ($0.50/$1.00 USD) - 2025/01/10 20:05:14 WET [2025/01/10 15:05:14 ET]
Table 'Euboea II' 6-max Seat #6 is the button
Seat 1: socito ($101.50 in chips) 
Seat 2: ricadiiiino ($112.53 in chips) 
Seat 3: kars0n ($104.27 in chips) 
Seat 4: michasia ($112.80 in chips) 
Seat 5: peak joker33 ($125.99 in chips) 
Seat 6: chinokevin13 ($170.77 in chips) 
socito: posts small blind $0.50
ricadiiiino: posts big blind $1
*** HOLE CARDS ***
kars0n: folds 
michasia: raises $1.60 to $2.60
peak joker33: folds 
chinokevin13: folds 
socito: calls $2.10
ricadiiiino: folds 
*** FLOP *** [3c 6s 4c]
socito: checks 
michasia: checks 
*** TURN *** [3c 6s 4c] [9s]
socito: bets $3.89
michasia: calls $3.89
*** RIVER *** [3c 6s 4c 9s] [Kc]
ricadiiiino leaves the table
socito: bets $19.92
stepon81 joins the table at seat #2 
stepon81 is disconnected 
michasia: raises $86.39 to $106.31 and is all-in
socito: folds 
Uncalled bet ($86.39) returned to michasia
michasia collected $51.32 from pot
michasia: doesn't show hand 
*** SUMMARY ***
Total pot $53.82 | Rake $2.50 
Board [3c 6s 4c 9s Kc]
Seat 1: socito (small blind) folded on the River
Seat 2: ricadiiiino (big blind) folded before Flop
Seat 3: kars0n folded before Flop (didn't bet)
Seat 4: michasia collected ($51.32)
Seat 5: peak joker33 folded before Flop (didn't bet)
Seat 6: chinokevin13 (button) folded before Flop (didn't bet)



PokerStars Hand #254300312951:  Hold'em No Limit ($0.50/$1.00 USD) - 2025/01/10 20:06:51 WET [2025/01/10 15:06:51 ET]
Table 'Euboea II' 6-max Seat #1 is the button
Seat 2: stepon81 ($75.92 in chips) is sitting out
Seat 1: socito ($100 in chips) 
Seat 3: kars0n ($104.27 in chips) 
Seat 4: michasia ($137.71 in chips) 
Seat 5: peak joker33 ($125.99 in chips) 
Seat 6: chinokevin13 ($170.77 in chips) 
kars0n: posts small blind $0.50
michasia: posts big blind $1
*** HOLE CARDS ***
peak joker33: folds 
chinokevin13: folds 
socito: raises $1.50 to $2.50
kars0n: folds 
michasia: folds 
Uncalled bet ($1.50) returned to socito
socito collected $2.50 from pot
socito: doesn't show hand 
*** SUMMARY ***
Total pot $2.50 | Rake $0 
Seat 2: stepon81
Seat 1: socito (button) collected ($2.50)
Seat 3: kars0n (small blind) folded before Flop
Seat 4: michasia (big blind) folded before Flop
Seat 5: peak joker33 folded before Flop (didn't bet)
Seat 6: chinokevin13 folded before Flop (didn't bet)



PokerStars Hand #254300318374:  Hold'em No Limit ($0.50/$1.00 USD) - 2025/01/10 20:07:07 WET [2025/01/10 15:07:07 ET]
Table 'Euboea II' 6-max Seat #3 is the button
Seat 1: socito ($101.50 in chips) 
Seat 2: stepon81 ($75.92 in chips) 
Seat 3: kars0n ($103.77 in chips) 
Seat 4: michasia ($136.71 in chips) 
Seat 5: peak joker33 ($125.99 in chips) 
Seat 6: chinokevin13 ($170.77 in chips) 
michasia: posts small blind $0.50
peak joker33: posts big blind $1
stepon81: posts big blind $1
*** HOLE CARDS ***
chinokevin13: folds 
socito: folds 
stepon81: raises $1 to $2
kars0n: folds 
michasia: raises $6 to $8
peak joker33: raises $14 to $22
stepon81: raises $53.92 to $75.92 and is all-in
michasia: raises $60.79 to $136.71 and is all-in
peak joker33: folds 
Uncalled bet ($60.79) returned to michasia
*** FLOP *** [3c Jd 9h]
*** TURN *** [3c Jd 9h] [5h]
*** RIVER *** [3c Jd 9h 5h] [3s]
*** SHOW DOWN ***
michasia: shows [Ks Ad] (a pair of Threes)
stepon81: shows [Ts Td] (two pair, Tens and Threes)
stepon81 collected $171.34 from pot
*** SUMMARY ***
Total pot $173.84 | Rake $2.50 
Board [3c Jd 9h 5h 3s]
Seat 1: socito folded before Flop (didn't bet)
Seat 2: stepon81 showed [Ts Td] and won ($171.34) with two pair, Tens and Threes
Seat 3: kars0n (button) folded before Flop (didn't bet)
Seat 4: michasia (small blind) showed [Ks Ad] and lost with a pair of Threes
Seat 5: peak joker33 (big blind) folded before Flop
Seat 6: chinokevin13 folded before Flop (didn't bet)



PokerStars Hand #254300336081:  Hold'em No Limit ($0.50/$1.00 USD) - 2025/01/10 20:07:59 WET [2025/01/10 15:07:59 ET]
Table 'Euboea II' 6-max Seat #4 is the button
Seat 1: socito ($101.50 in chips) 
Seat 2: stepon81 ($171.34 in chips) 
Seat 3: kars0n ($103.77 in chips) 
Seat 4: michasia ($100 in chips) 
Seat 5: peak joker33 ($103.99 in chips) 
Seat 6: chinokevin13 ($170.77 in chips) 
peak joker33: posts small blind $0.50
chinokevin13: posts big blind $1
*** HOLE CARDS ***
socito: folds 
stepon81: folds 
kars0n: folds 
michasia: raises $1.80 to $2.80
peak joker33: folds 
chinokevin13: folds 
Uncalled bet ($1.80) returned to michasia
michasia collected $2.50 from pot
michasia: doesn't show hand 
*** SUMMARY ***
Total pot $2.50 | Rake $0 
Seat 1: socito folded before Flop (didn't bet)
Seat 2: stepon81 folded before Flop (didn't bet)
Seat 3: kars0n folded before Flop (didn't bet)
Seat 4: michasia (button) collected ($2.50)
Seat 5: peak joker33 (small blind) folded before Flop
Seat 6: chinokevin13 (big blind) folded before Flop



PokerStars Hand #254300341101:  Hold'em No Limit ($0.50/$1.00 USD) - 2025/01/10 20:08:14 WET [2025/01/10 15:08:14 ET]
Table 'Euboea II' 6-max Seat #5 is the button
Seat 1: socito ($101.50 in chips) 
Seat 2: stepon81 ($171.34 in chips) 
Seat 3: kars0n ($103.77 in chips) 
Seat 4: michasia ($101.50 in chips) 
Seat 5: peak joker33 ($103.49 in chips) 
Seat 6: chinokevin13 ($169.77 in chips) 
chinokevin13: posts small blind $0.50
socito: posts big blind $1
*** HOLE CARDS ***
stepon81: raises $3 to $4
kars0n: folds 
michasia: raises $8 to $12
peak joker33: folds 
chinokevin13: folds 
socito: folds 
stepon81: calls $8
*** FLOP *** [Qh Ad 7c]
stepon81: checks 
michasia: bets $7.99
stepon81: folds 
Uncalled bet ($7.99) returned to michasia
michasia collected $24.22 from pot
michasia: doesn't show hand 
*** SUMMARY ***
Total pot $25.50 | Rake $1.28 
Board [Qh Ad 7c]
Seat 1: socito (big blind) folded before Flop
Seat 2: stepon81 folded on the Flop
Seat 3: kars0n folded before Flop (didn't bet)
Seat 4: michasia collected ($24.22)
Seat 5: peak joker33 (button) folded before Flop (didn't bet)
Seat 6: chinokevin13 (small blind) folded before Flop



PokerStars Hand #254300354698:  Hold'em No Limit ($0.50/$1.00 USD) - 2025/01/10 20:08:54 WET [2025/01/10 15:08:54 ET]
Table 'Euboea II' 6-max Seat #6 is the button
Seat 1: socito ($100.50 in chips) 
Seat 2: stepon81 ($159.34 in chips) 
Seat 3: kars0n ($103.77 in chips) 
Seat 4: michasia ($113.72 in chips) 
Seat 5: peak joker33 ($103.49 in chips) 
Seat 6: chinokevin13 ($169.27 in chips) 
socito: posts small blind $0.50
stepon81: posts big blind $1
*** HOLE CARDS ***
kars0n: folds 
michasia: folds 
peak joker33: folds 
chinokevin13: folds 
socito: folds 
Uncalled bet ($0.50) returned to stepon81
stepon81 collected $1 from pot
*** SUMMARY ***
Total pot $1 | Rake $0 
Seat 1: socito (small blind) folded before Flop
Seat 2: stepon81 (big blind) collected ($1)
Seat 3: kars0n folded before Flop (didn't bet)
Seat 4: michasia folded before Flop (didn't bet)
Seat 5: peak joker33 folded before Flop (didn't bet)
Seat 6: chinokevin13 (button) folded before Flop (didn't bet)



PokerStars Hand #254300360379:  Hold'em No Limit ($0.50/$1.00 USD) - 2025/01/10 20:09:11 WET [2025/01/10 15:09:11 ET]
Table 'Euboea II' 6-max Seat #1 is the button
Seat 1: socito ($100 in chips) 
Seat 2: stepon81 ($159.84 in chips) 
Seat 3: kars0n ($103.77 in chips) 
Seat 4: michasia ($113.72 in chips) 
Seat 5: peak joker33 ($103.49 in chips) 
Seat 6: chinokevin13 ($169.27 in chips) 
stepon81: posts small blind $0.50
kars0n: posts big blind $1
*** HOLE CARDS ***
michasia: folds 
peak joker33: raises $1.50 to $2.50
chinokevin13: folds 
socito: folds 
stepon81: calls $2
kars0n: folds 
*** FLOP *** [Ah 2c Kd]
stepon81: bets $3
peak joker33: calls $3
*** TURN *** [Ah 2c Kd] [8h]
stepon81: checks 
peak joker33: checks 
*** RIVER *** [Ah 2c Kd 8h] [4h]
stepon81: checks 
peak joker33: bets $5.70
stepon81: calls $5.70
*** SHOW DOWN ***
peak joker33: shows [Kh Qc] (a pair of Kings)
stepon81: mucks hand 
peak joker33 collected $22.23 from pot
*** SUMMARY ***
Total pot $23.40 | Rake $1.17 
Board [Ah 2c Kd 8h 4h]
Seat 1: socito (button) folded before Flop (didn't bet)
Seat 2: stepon81 (small blind) mucked
Seat 3: kars0n (big blind) folded before Flop
Seat 4: michasia folded before Flop (didn't bet)
Seat 5: peak joker33 showed [Kh Qc] and won ($22.23) with a pair of Kings
Seat 6: chinokevin13 folded before Flop (didn't bet)



PokerStars Hand #254300375565:  Hold'em No Limit ($0.50/$1.00 USD) - 2025/01/10 20:09:55 WET [2025/01/10 15:09:55 ET]
Table 'Euboea II' 6-max Seat #2 is the button
Seat 1: socito ($100 in chips) 
Seat 2: stepon81 ($148.64 in chips) 
Seat 3: kars0n ($102.77 in chips) 
Seat 4: michasia ($113.72 in chips) 
Seat 5: peak joker33 ($114.52 in chips) 
Seat 6: chinokevin13 ($169.27 in chips) 
kars0n: posts small blind $0.50
michasia: posts big blind $1
*** HOLE CARDS ***
peak joker33: raises $1.50 to $2.50
chinokevin13: folds 
socito: calls $2.50
stepon81: folds 
kars0n: folds 
michasia: folds 
*** FLOP *** [3d 5d 7s]
peak joker33: checks 
socito: bets $2.04
peak joker33: calls $2.04
*** TURN *** [3d 5d 7s] [Kd]
peak joker33: checks 
socito: checks 
*** RIVER *** [3d 5d 7s Kd] [5h]
peak joker33: bets $5.03
socito has timed out
socito: folds 
Uncalled bet ($5.03) returned to peak joker33
peak joker33 collected $10.05 from pot
peak joker33: doesn't show hand 
*** SUMMARY ***
Total pot $10.58 | Rake $0.53 
Board [3d 5d 7s Kd 5h]
Seat 1: socito folded on the River
Seat 2: stepon81 (button) folded before Flop (didn't bet)
Seat 3: kars0n (small blind) folded before Flop
Seat 4: michasia (big blind) folded before Flop
Seat 5: peak joker33 collected ($10.05)
Seat 6: chinokevin13 folded before Flop (didn't bet)



PokerStars Hand #254300399021:  Hold'em No Limit ($0.50/$1.00 USD) - 2025/01/10 20:11:05 WET [2025/01/10 15:11:05 ET]
Table 'Euboea II' 6-max Seat #3 is the button
Seat 1: socito ($100 in chips) 
Seat 2: stepon81 ($148.64 in chips) 
Seat 3: kars0n ($102.27 in chips) 
Seat 4: michasia ($112.72 in chips) 
Seat 5: peak joker33 ($120.03 in chips) 
Seat 6: chinokevin13 ($169.27 in chips) 
michasia: posts small blind $0.50
peak joker33: posts big blind $1
*** HOLE CARDS ***
chinokevin13: folds 
socito: folds 
stepon81: folds 
kars0n: folds 
michasia: folds 
Uncalled bet ($0.50) returned to peak joker33
peak joker33 collected $1 from pot
peak joker33: doesn't show hand 
*** SUMMARY ***
Total pot $1 | Rake $0 
Seat 1: socito folded before Flop (didn't bet)
Seat 2: stepon81 folded before Flop (didn't bet)
Seat 3: kars0n (button) folded before Flop (didn't bet)
Seat 4: michasia (small blind) folded before Flop
Seat 5: peak joker33 (big blind) collected ($1)
Seat 6: chinokevin13 folded before Flop (didn't bet)



PokerStars Hand #254300402243:  Hold'em No Limit ($0.50/$1.00 USD) - 2025/01/10 20:11:14 WET [2025/01/10 15:11:14 ET]
Table 'Euboea II' 6-max Seat #4 is the button
Seat 1: socito ($100 in chips) 
Seat 2: stepon81 ($148.64 in chips) 
Seat 3: kars0n ($102.27 in chips) 
Seat 4: michasia ($112.22 in chips) 
Seat 5: peak joker33 ($120.53 in chips) 
Seat 6: chinokevin13 ($169.27 in chips) 
peak joker33: posts small blind $0.50
chinokevin13: posts big blind $1
*** HOLE CARDS ***
socito: folds 
stepon81: folds 
kars0n: raises $1.50 to $2.50
michasia: folds 
peak joker33: folds 
chinokevin13: folds 
Uncalled bet ($1.50) returned to kars0n
kars0n collected $2.50 from pot
kars0n: doesn't show hand 
*** SUMMARY ***
Total pot $2.50 | Rake $0 
Seat 1: socito folded before Flop (didn't bet)
Seat 2: stepon81 folded before Flop (didn't bet)
Seat 3: kars0n collected ($2.50)
Seat 4: michasia (button) folded before Flop (didn't bet)
Seat 5: peak joker33 (small blind) folded before Flop
Seat 6: chinokevin13 (big blind) folded before Flop



PokerStars Hand #254300412158:  Hold'em No Limit ($0.50/$1.00 USD) - 2025/01/10 20:11:43 WET [2025/01/10 15:11:43 ET]
Table 'Euboea II' 6-max Seat #5 is the button
Seat 1: socito ($100 in chips) 
Seat 2: stepon81 ($148.64 in chips) 
Seat 3: kars0n ($103.77 in chips) 
Seat 4: michasia ($112.22 in chips) 
Seat 5: peak joker33 ($120.03 in chips) 
Seat 6: chinokevin13 ($168.27 in chips) 
chinokevin13: posts small blind $0.50
socito: posts big blind $1
*** HOLE CARDS ***
stepon81: raises $2 to $3
kars0n: folds 
michasia: raises $6 to $9
peak joker33: folds 
chinokevin13: folds 
socito: raises $13 to $22
stepon81: folds 
michasia: calls $13
*** FLOP *** [8c 7c Ah]
stepon81 leaves the table
socito: bets $11.28
oneduo joins the table at seat #2 
michasia: calls $11.28
*** TURN *** [8c 7c Ah] [5s]
oneduo leaves the table
socito: checks 
michasia: bets $22.29
socito has timed out
socito: folds 
Uncalled bet ($22.29) returned to michasia
michasia collected $67.56 from pot
michasia: doesn't show hand 
*** SUMMARY ***
Total pot $70.06 | Rake $2.50 
Board [8c 7c Ah 5s]
Seat 1: socito (big blind) folded on the Turn
Seat 2: stepon81 folded before Flop
Seat 3: kars0n folded before Flop (didn't bet)
Seat 4: michasia collected ($67.56)
Seat 5: peak joker33 (button) folded before Flop (didn't bet)
Seat 6: chinokevin13 (small blind) folded before Flop



PokerStars Hand #254300439897:  Hold'em No Limit ($0.50/$1.00 USD) - 2025/01/10 20:13:05 WET [2025/01/10 15:13:05 ET]
Table 'Euboea II' 6-max Seat #6 is the button
Seat 1: socito ($100 in chips) 
Seat 3: kars0n ($103.77 in chips) 
Seat 4: michasia ($146.50 in chips) 
Seat 5: peak joker33 ($120.03 in chips) 
Seat 6: chinokevin13 ($167.77 in chips) 
socito: posts small blind $0.50
kars0n: posts big blind $1
*** HOLE CARDS ***
michasia: folds 
peak joker33: raises $1.50 to $2.50
chinokevin13: folds 
socito: raises $9 to $11.50
JerseyBean99 joins the table at seat #2 
JerseyBean99 is disconnected 
kars0n: folds 
peak joker33: calls $9
*** FLOP *** [5c 2d 2s]
socito: bets $17.10
peak joker33: folds 
Uncalled bet ($17.10) returned to socito
socito collected $22.80 from pot
socito: doesn't show hand 
*** SUMMARY ***
Total pot $24 | Rake $1.20 
Board [5c 2d 2s]
Seat 1: socito (small blind) collected ($22.80)
Seat 3: kars0n (big blind) folded before Flop
Seat 4: michasia folded before Flop (didn't bet)
Seat 5: peak joker33 folded on the Flop
Seat 6: chinokevin13 (button) folded before Flop (didn't bet)



PokerStars Hand #254300461452:  Hold'em No Limit ($0.50/$1.00 USD) - 2025/01/10 20:14:08 WET [2025/01/10 15:14:08 ET]
Table 'Euboea II' 6-max Seat #1 is the button
Seat 2: JerseyBean99 ($80 in chips) is sitting out
Seat 1: socito ($111.30 in chips) 
Seat 3: kars0n ($102.77 in chips) 
Seat 4: michasia ($146.50 in chips) 
Seat 5: peak joker33 ($108.53 in chips) 
Seat 6: chinokevin13 ($167.77 in chips) 
kars0n: posts small blind $0.50
michasia: posts big blind $1
*** HOLE CARDS ***
peak joker33: folds 
chinokevin13: folds 
socito: folds 
kars0n: folds 
Uncalled bet ($0.50) returned to michasia
michasia collected $1 from pot
michasia: doesn't show hand 
*** SUMMARY ***
Total pot $1 | Rake $0 
Seat 2: JerseyBean99
Seat 1: socito (button) folded before Flop (didn't bet)
Seat 3: kars0n (small blind) folded before Flop
Seat 4: michasia (big blind) collected ($1)
Seat 5: peak joker33 folded before Flop (didn't bet)
Seat 6: chinokevin13 folded before Flop (didn't bet)



PokerStars Hand #254300471467:  Hold'em No Limit ($0.50/$1.00 USD) - 2025/01/10 20:14:37 WET [2025/01/10 15:14:37 ET]
Table 'Euboea II' 6-max Seat #3 is the button
Seat 2: JerseyBean99 ($80 in chips) is sitting out
Seat 1: socito ($111.30 in chips) 
Seat 3: kars0n ($102.27 in chips) 
Seat 4: michasia ($147 in chips) 
Seat 5: peak joker33 ($108.53 in chips) 
Seat 6: chinokevin13 ($167.77 in chips) 
michasia: posts small blind $0.50
peak joker33: posts big blind $1
JerseyBean99: sits out 
*** HOLE CARDS ***
chinokevin13: folds 
socito: folds 
kars0n: raises $1.50 to $2.50
michasia: folds 
peak joker33: calls $1.50
*** FLOP *** [3s Ah Tc]
peak joker33: checks 
kars0n: checks 
*** TURN *** [3s Ah Tc] [Qd]
peak joker33: checks 
kars0n: checks 
*** RIVER *** [3s Ah Tc Qd] [Jh]
peak joker33: checks 
kars0n: checks 
*** SHOW DOWN ***
peak joker33: shows [9d 7d] (high card Ace)
kars0n: shows [4d Ac] (a pair of Aces)
kars0n collected $5.22 from pot
*** SUMMARY ***
Total pot $5.50 | Rake $0.28 
Board [3s Ah Tc Qd Jh]
Seat 2: JerseyBean99
Seat 1: socito folded before Flop (didn't bet)
Seat 3: kars0n (button) showed [4d Ac] and won ($5.22) with a pair of Aces
Seat 4: michasia (small blind) folded before Flop
Seat 5: peak joker33 (big blind) showed [9d 7d] and lost with high card Ace
Seat 6: chinokevin13 folded before Flop (didn't bet)



PokerStars Hand #254300484418:  Hold'em No Limit ($0.50/$1.00 USD) - 2025/01/10 20:15:14 WET [2025/01/10 15:15:14 ET]
Table 'Euboea II' 6-max Seat #4 is the button
Seat 2: JerseyBean99 ($80 in chips) is sitting out
Seat 1: socito ($111.30 in chips) 
Seat 3: kars0n ($104.99 in chips) 
Seat 4: michasia ($146.50 in chips) 
Seat 5: peak joker33 ($106.03 in chips) 
Seat 6: chinokevin13 ($167.77 in chips) 
peak joker33: posts small blind $0.50
chinokevin13: posts big blind $1
JerseyBean99: sits out 
*** HOLE CARDS ***
socito: raises $1.50 to $2.50
kars0n: folds 
michasia: folds 
peak joker33: folds 
chinokevin13: folds 
Uncalled bet ($1.50) returned to socito
socito collected $2.50 from pot
socito: doesn't show hand 
*** SUMMARY ***
Total pot $2.50 | Rake $0 
Seat 2: JerseyBean99
Seat 1: socito collected ($2.50)
Seat 3: kars0n folded before Flop (didn't bet)
Seat 4: michasia (button) folded before Flop (didn't bet)
Seat 5: peak joker33 (small blind) folded before Flop
Seat 6: chinokevin13 (big blind) folded before Flop



PokerStars Hand #254300489571:  Hold'em No Limit ($0.50/$1.00 USD) - 2025/01/10 20:15:30 WET [2025/01/10 15:15:30 ET]
Table 'Euboea II' 6-max Seat #5 is the button
Seat 2: JerseyBean99 ($80 in chips) is sitting out
Seat 1: socito ($112.80 in chips) 
Seat 3: kars0n ($104.99 in chips) 
Seat 4: michasia ($146.50 in chips) 
Seat 5: peak joker33 ($105.53 in chips) 
Seat 6: chinokevin13 ($166.77 in chips) 
chinokevin13: posts small blind $0.50
socito: posts big blind $1
JerseyBean99: sits out 
*** HOLE CARDS ***
kars0n: raises $1 to $2
michasia: folds 
peak joker33: folds 
chinokevin13: folds 
socito: folds 
Uncalled bet ($1) returned to kars0n
kars0n collected $2.50 from pot
kars0n: doesn't show hand 
*** SUMMARY ***
Total pot $2.50 | Rake $0 
Seat 2: JerseyBean99
Seat 1: socito (big blind) folded before Flop
Seat 3: kars0n collected ($2.50)
Seat 4: michasia folded before Flop (didn't bet)
Seat 5: peak joker33 (button) folded before Flop (didn't bet)
Seat 6: chinokevin13 (small blind) folded before Flop



PokerStars Hand #254300494689:  Hold'em No Limit ($0.50/$1.00 USD) - 2025/01/10 20:15:45 WET [2025/01/10 15:15:45 ET]
Table 'Euboea II' 6-max Seat #6 is the button
Seat 1: socito ($111.80 in chips) 
Seat 2: JerseyBean99 ($80 in chips) 
Seat 3: kars0n ($106.49 in chips) 
Seat 4: michasia ($146.50 in chips) 
Seat 5: peak joker33 ($105.53 in chips) 
Seat 6: chinokevin13 ($166.27 in chips) 
socito: posts small blind $0.50
JerseyBean99: posts big blind $1
*** HOLE CARDS ***
kars0n: folds 
michasia: folds 
peak joker33: folds 
chinokevin13: folds 
socito: folds 
Uncalled bet ($0.50) returned to JerseyBean99
JerseyBean99 collected $1 from pot
*** SUMMARY ***
Total pot $1 | Rake $0 
Seat 1: socito (small blind) folded before Flop
Seat 2: JerseyBean99 (big blind) collected ($1)
Seat 3: kars0n folded before Flop (didn't bet)
Seat 4: michasia folded before Flop (didn't bet)
Seat 5: peak joker33 folded before Flop (didn't bet)
Seat 6: chinokevin13 (button) folded before Flop (didn't bet)



PokerStars Hand #254300501848:  Hold'em No Limit ($0.50/$1.00 USD) - 2025/01/10 20:16:06 WET [2025/01/10 15:16:06 ET]
Table 'Euboea II' 6-max Seat #1 is the button
Seat 1: socito ($111.30 in chips) 
Seat 2: JerseyBean99 ($80.50 in chips) 
Seat 3: kars0n ($106.49 in chips) 
Seat 4: michasia ($146.50 in chips) 
Seat 5: peak joker33 ($105.53 in chips) 
Seat 6: chinokevin13 ($166.27 in chips) 
JerseyBean99: posts small blind $0.50
kars0n: posts big blind $1
*** HOLE CARDS ***
michasia: folds 
peak joker33: folds 
chinokevin13: folds 
socito: raises $1.50 to $2.50
JerseyBean99: calls $2
kars0n: calls $1.50
*** FLOP *** [Ks Tc 2d]
JerseyBean99: checks 
kars0n: checks 
socito: checks 
*** TURN *** [Ks Tc 2d] [Ts]
JerseyBean99: bets $3
kars0n: calls $3
socito: raises $10.64 to $13.64
JerseyBean99: folds 
kars0n: calls $10.64
*** RIVER *** [Ks Tc 2d Ts] [4d]
kars0n: checks 
socito: bets $17.95
kars0n: raises $72.40 to $90.35 and is all-in
socito: folds 
Uncalled bet ($72.40) returned to kars0n
kars0n collected $71.18 from pot
kars0n: doesn't show hand 
*** SUMMARY ***
Total pot $73.68 | Rake $2.50 
Board [Ks Tc 2d Ts 4d]
Seat 1: socito (button) folded on the River
Seat 2: JerseyBean99 (small blind) folded on the Turn
Seat 3: kars0n (big blind) collected ($71.18)
Seat 4: michasia folded before Flop (didn't bet)
Seat 5: peak joker33 folded before Flop (didn't bet)
Seat 6: chinokevin13 folded before Flop (didn't bet)



PokerStars Hand #254300535435:  Hold'em No Limit ($0.50/$1.00 USD) - 2025/01/10 20:17:44 WET [2025/01/10 15:17:44 ET]
Table 'Euboea II' 6-max Seat #2 is the button
Seat 1: socito ($100 in chips) 
Seat 2: JerseyBean99 ($75 in chips) 
Seat 3: kars0n ($143.58 in chips) 
Seat 4: michasia ($146.50 in chips) 
Seat 5: peak joker33 ($105.53 in chips) 
Seat 6: chinokevin13 ($166.27 in chips) 
kars0n: posts small blind $0.50
michasia: posts big blind $1
*** HOLE CARDS ***
peak joker33: raises $1.50 to $2.50
chinokevin13: folds 
socito: folds 
JerseyBean99: folds 
kars0n: folds 
michasia: folds 
Uncalled bet ($1.50) returned to peak joker33
peak joker33 collected $2.50 from pot
peak joker33: doesn't show hand 
*** SUMMARY ***
Total pot $2.50 | Rake $0 
Seat 1: socito folded before Flop (didn't bet)
Seat 2: JerseyBean99 (button) folded before Flop (didn't bet)
Seat 3: kars0n (small blind) folded before Flop
Seat 4: michasia (big blind) folded before Flop
Seat 5: peak joker33 collected ($2.50)
Seat 6: chinokevin13 folded before Flop (didn't bet)



PokerStars Hand #254300540988:  Hold'em No Limit ($0.50/$1.00 USD) - 2025/01/10 20:18:00 WET [2025/01/10 15:18:00 ET]
Table 'Euboea II' 6-max Seat #3 is the button
Seat 1: socito ($100 in chips) 
Seat 2: JerseyBean99 ($75 in chips) 
Seat 3: kars0n ($143.08 in chips) 
Seat 4: michasia ($145.50 in chips) 
Seat 5: peak joker33 ($107.03 in chips) 
Seat 6: chinokevin13 ($166.27 in chips) 
michasia: posts small blind $0.50
peak joker33: posts big blind $1
*** HOLE CARDS ***
chinokevin13: folds 
socito: folds 
JerseyBean99: folds 
kars0n: raises $1.50 to $2.50
michasia: folds 
peak joker33: folds 
Uncalled bet ($1.50) returned to kars0n
kars0n collected $2.50 from pot
kars0n: doesn't show hand 
*** SUMMARY ***
Total pot $2.50 | Rake $0 
Seat 1: socito folded before Flop (didn't bet)
Seat 2: JerseyBean99 folded before Flop (didn't bet)
Seat 3: kars0n (button) collected ($2.50)
Seat 4: michasia (small blind) folded before Flop
Seat 5: peak joker33 (big blind) folded before Flop
Seat 6: chinokevin13 folded before Flop (didn't bet)



PokerStars Hand #254300546230:  Hold'em No Limit ($0.50/$1.00 USD) - 2025/01/10 20:18:15 WET [2025/01/10 15:18:15 ET]
Table 'Euboea II' 6-max Seat #4 is the button
Seat 1: socito ($100 in chips) 
Seat 2: JerseyBean99 ($75 in chips) 
Seat 3: kars0n ($144.58 in chips) 
Seat 4: michasia ($145 in chips) 
Seat 5: peak joker33 ($106.03 in chips) 
Seat 6: chinokevin13 ($166.27 in chips) 
peak joker33: posts small blind $0.50
chinokevin13: posts big blind $1
*** HOLE CARDS ***
socito: folds 
JerseyBean99: folds 
kars0n: folds 
michasia: raises $1.80 to $2.80
peak joker33: folds 
chinokevin13: calls $1.80
*** FLOP *** [8c Ad Jh]
chinokevin13: checks 
michasia: bets $3.87
chinokevin13: calls $3.87
*** TURN *** [8c Ad Jh] [3s]
chinokevin13: checks 
michasia: checks 
*** RIVER *** [8c Ad Jh 3s] [Kc]
chinokevin13: checks 
michasia: checks 
*** SHOW DOWN ***
chinokevin13: shows [As 7h] (a pair of Aces)
michasia: mucks hand 
chinokevin13 collected $13.15 from pot
*** SUMMARY ***
Total pot $13.84 | Rake $0.69 
Board [8c Ad Jh 3s Kc]
Seat 1: socito folded before Flop (didn't bet)
Seat 2: JerseyBean99 folded before Flop (didn't bet)
Seat 3: kars0n folded before Flop (didn't bet)
Seat 4: michasia (button) mucked
Seat 5: peak joker33 (small blind) folded before Flop
Seat 6: chinokevin13 (big blind) showed [As 7h] and won ($13.15) with a pair of Aces



PokerStars Hand #254300574254:  Hold'em No Limit ($0.50/$1.00 USD) - 2025/01/10 20:19:37 WET [2025/01/10 15:19:37 ET]
Table 'Euboea II' 6-max Seat #5 is the button
Seat 1: socito ($100 in chips) 
Seat 2: JerseyBean99 ($75 in chips) 
Seat 3: kars0n ($144.58 in chips) 
Seat 4: michasia ($138.33 in chips) 
Seat 5: peak joker33 ($105.53 in chips) 
Seat 6: chinokevin13 ($172.75 in chips) 
chinokevin13: posts small blind $0.50
socito: posts big blind $1
*** HOLE CARDS ***
JerseyBean99: folds 
kars0n: folds 
michasia: folds 
peak joker33: raises $1.50 to $2.50
chinokevin13: folds 
socito: folds 
Uncalled bet ($1.50) returned to peak joker33
peak joker33 collected $2.50 from pot
peak joker33: doesn't show hand 
*** SUMMARY ***
Total pot $2.50 | Rake $0 
Seat 1: socito (big blind) folded before Flop
Seat 2: JerseyBean99 folded before Flop (didn't bet)
Seat 3: kars0n folded before Flop (didn't bet)
Seat 4: michasia folded before Flop (didn't bet)
Seat 5: peak joker33 (button) collected ($2.50)
Seat 6: chinokevin13 (small blind) folded before Flop



PokerStars Hand #254300582146:  Hold'em No Limit ($0.50/$1.00 USD) - 2025/01/10 20:20:00 WET [2025/01/10 15:20:00 ET]
Table 'Euboea II' 6-max Seat #6 is the button
Seat 1: socito ($100 in chips) 
Seat 2: JerseyBean99 ($75 in chips) 
Seat 3: kars0n ($144.58 in chips) 
Seat 4: michasia ($138.33 in chips) 
Seat 5: peak joker33 ($107.03 in chips) 
Seat 6: chinokevin13 ($172.25 in chips) 
socito: posts small blind $0.50
JerseyBean99: posts big blind $1
*** HOLE CARDS ***
kars0n: folds 
michasia: folds 
peak joker33: folds 
chinokevin13: folds 
socito: raises $2 to $3
JerseyBean99: folds 
Uncalled bet ($2) returned to socito
socito collected $2 from pot
socito: doesn't show hand 
*** SUMMARY ***
Total pot $2 | Rake $0 
Seat 1: socito (small blind) collected ($2)
Seat 2: JerseyBean99 (big blind) folded before Flop
Seat 3: kars0n folded before Flop (didn't bet)
Seat 4: michasia folded before Flop (didn't bet)
Seat 5: peak joker33 folded before Flop (didn't bet)
Seat 6: chinokevin13 (button) folded before Flop (didn't bet)



PokerStars Hand #254300589471:  Hold'em No Limit ($0.50/$1.00 USD) - 2025/01/10 20:20:22 WET [2025/01/10 15:20:22 ET]
Table 'Euboea II' 6-max Seat #1 is the button
Seat 1: socito ($101 in chips) 
Seat 2: JerseyBean99 ($74 in chips) 
Seat 3: kars0n ($144.58 in chips) 
Seat 4: michasia ($138.33 in chips) 
Seat 5: peak joker33 ($107.03 in chips) 
Seat 6: chinokevin13 ($172.25 in chips) 
JerseyBean99: posts small blind $0.50
kars0n: posts big blind $1
*** HOLE CARDS ***
michasia: folds 
peak joker33: folds 
chinokevin13: folds 
socito: folds 
JerseyBean99: raises $2 to $3
kars0n: calls $2
*** FLOP *** [Ad Qc As]
JerseyBean99: checks 
kars0n: checks 
*** TURN *** [Ad Qc As] [Kh]
JerseyBean99: bets $2.85
kars0n: folds 
Uncalled bet ($2.85) returned to JerseyBean99
JerseyBean99 collected $5.70 from pot
*** SUMMARY ***
Total pot $6 | Rake $0.30 
Board [Ad Qc As Kh]
Seat 1: socito (button) folded before Flop (didn't bet)
Seat 2: JerseyBean99 (small blind) collected ($5.70)
Seat 3: kars0n (big blind) folded on the Turn
Seat 4: michasia folded before Flop (didn't bet)
Seat 5: peak joker33 folded before Flop (didn't bet)
Seat 6: chinokevin13 folded before Flop (didn't bet)



PokerStars Hand #254300600212:  Hold'em No Limit ($0.50/$1.00 USD) - 2025/01/10 20:20:53 WET [2025/01/10 15:20:53 ET]
Table 'Euboea II' 6-max Seat #2 is the button
Seat 1: socito ($101 in chips) 
Seat 2: JerseyBean99 ($76.70 in chips) 
Seat 3: kars0n ($141.58 in chips) 
Seat 4: michasia ($138.33 in chips) 
Seat 5: peak joker33 ($107.03 in chips) 
Seat 6: chinokevin13 ($172.25 in chips) 
kars0n: posts small blind $0.50
michasia: posts big blind $1
*** HOLE CARDS ***
peak joker33: raises $1.50 to $2.50
chinokevin13: folds 
socito: raises $5 to $7.50
JerseyBean99: folds 
kars0n: folds 
michasia: folds 
peak joker33: folds 
Uncalled bet ($5) returned to socito
socito collected $6.50 from pot
socito: doesn't show hand 
*** SUMMARY ***
Total pot $6.50 | Rake $0 
Seat 1: socito collected ($6.50)
Seat 2: JerseyBean99 (button) folded before Flop (didn't bet)
Seat 3: kars0n (small blind) folded before Flop
Seat 4: michasia (big blind) folded before Flop
Seat 5: peak joker33 folded before Flop
Seat 6: chinokevin13 folded before Flop (didn't bet)



PokerStars Hand #254300608177:  Hold'em No Limit ($0.50/$1.00 USD) - 2025/01/10 20:21:17 WET [2025/01/10 15:21:17 ET]
Table 'Euboea II' 6-max Seat #3 is the button
Seat 1: socito ($105 in chips) 
Seat 2: JerseyBean99 ($76.70 in chips) 
Seat 3: kars0n ($141.08 in chips) 
Seat 4: michasia ($137.33 in chips) 
Seat 5: peak joker33 ($104.53 in chips) 
Seat 6: chinokevin13 ($172.25 in chips) 
michasia: posts small blind $0.50
peak joker33: posts big blind $1
*** HOLE CARDS ***
chinokevin13: folds 
socito: folds 
JerseyBean99: raises $2 to $3
kars0n: folds 
michasia: folds 
peak joker33: raises $8 to $11
JerseyBean99: raises $22.50 to $33.50
peak joker33: folds 
Uncalled bet ($22.50) returned to JerseyBean99
JerseyBean99 collected $22.50 from pot
*** SUMMARY ***
Total pot $22.50 | Rake $0 
Seat 1: socito folded before Flop (didn't bet)
Seat 2: JerseyBean99 collected ($22.50)
Seat 3: kars0n (button) folded before Flop (didn't bet)
Seat 4: michasia (small blind) folded before Flop
Seat 5: peak joker33 (big blind) folded before Flop
Seat 6: chinokevin13 folded before Flop (didn't bet)



PokerStars Hand #254300619184:  Hold'em No Limit ($0.50/$1.00 USD) - 2025/01/10 20:21:49 WET [2025/01/10 15:21:49 ET]
Table 'Euboea II' 6-max Seat #4 is the button
Seat 1: socito ($105 in chips) 
Seat 2: JerseyBean99 ($88.20 in chips) 
Seat 3: kars0n ($141.08 in chips) 
Seat 4: michasia ($136.83 in chips) 
Seat 5: peak joker33 ($100 in chips) 
Seat 6: chinokevin13 ($172.25 in chips) 
peak joker33: posts small blind $0.50
chinokevin13: posts big blind $1
*** HOLE CARDS ***
socito: folds 
JerseyBean99: raises $2 to $3
kars0n: folds 
michasia: folds 
peak joker33: folds 
chinokevin13: folds 
Uncalled bet ($2) returned to JerseyBean99
JerseyBean99 collected $2.50 from pot
*** SUMMARY ***
Total pot $2.50 | Rake $0 
Seat 1: socito folded before Flop (didn't bet)
Seat 2: JerseyBean99 collected ($2.50)
Seat 3: kars0n folded before Flop (didn't bet)
Seat 4: michasia (button) folded before Flop (didn't bet)
Seat 5: peak joker33 (small blind) folded before Flop
Seat 6: chinokevin13 (big blind) folded before Flop



PokerStars Hand #254300627933:  Hold'em No Limit ($0.50/$1.00 USD) - 2025/01/10 20:22:14 WET [2025/01/10 15:22:14 ET]
Table 'Euboea II' 6-max Seat #5 is the button
Seat 1: socito ($105 in chips) 
Seat 2: JerseyBean99 ($89.70 in chips) 
Seat 3: kars0n ($141.08 in chips) 
Seat 4: michasia ($136.83 in chips) 
Seat 5: peak joker33 ($100 in chips) 
Seat 6: chinokevin13 ($171.25 in chips) 
chinokevin13: posts small blind $0.50
socito: posts big blind $1
*** HOLE CARDS ***
JerseyBean99: folds 
kars0n: folds 
michasia: folds 
peak joker33: folds 
chinokevin13: folds 
Uncalled bet ($0.50) returned to socito
socito collected $1 from pot
socito: doesn't show hand 
*** SUMMARY ***
Total pot $1 | Rake $0 
Seat 1: socito (big blind) collected ($1)
Seat 2: JerseyBean99 folded before Flop (didn't bet)
Seat 3: kars0n folded before Flop (didn't bet)
Seat 4: michasia folded before Flop (didn't bet)
Seat 5: peak joker33 (button) folded before Flop (didn't bet)
Seat 6: chinokevin13 (small blind) folded before Flop



PokerStars Hand #254300634353:  Hold'em No Limit ($0.50/$1.00 USD) - 2025/01/10 20:22:33 WET [2025/01/10 15:22:33 ET]
Table 'Euboea II' 6-max Seat #6 is the button
Seat 1: socito ($105.50 in chips) 
Seat 2: JerseyBean99 ($89.70 in chips) 
Seat 3: kars0n ($141.08 in chips) 
Seat 4: michasia ($136.83 in chips) 
Seat 5: peak joker33 ($100 in chips) 
Seat 6: chinokevin13 ($170.75 in chips) 
socito: posts small blind $0.50
JerseyBean99: posts big blind $1
*** HOLE CARDS ***
kars0n: raises $1 to $2
michasia: raises $4 to $6
peak joker33: folds 
chinokevin13: folds 
socito: folds 
JerseyBean99: calls $5
kars0n: raises $18.50 to $24.50
michasia: folds 
JerseyBean99: calls $18.50
*** FLOP *** [6h 5d Th]
JerseyBean99: bets $14
kars0n: calls $14
*** TURN *** [6h 5d Th] [4d]
JerseyBean99: bets $40.50
kars0n: folds 
Uncalled bet ($40.50) returned to JerseyBean99
JerseyBean99 collected $81 from pot
*** SUMMARY ***
Total pot $83.50 | Rake $2.50 
Board [6h 5d Th 4d]
Seat 1: socito (small blind) folded before Flop
Seat 2: JerseyBean99 (big blind) collected ($81)
Seat 3: kars0n folded on the Turn
Seat 4: michasia folded before Flop
Seat 5: peak joker33 folded before Flop (didn't bet)
Seat 6: chinokevin13 (button) folded before Flop (didn't bet)



PokerStars Hand #254300651102:  Hold'em No Limit ($0.50/$1.00 USD) - 2025/01/10 20:23:22 WET [2025/01/10 15:23:22 ET]
Table 'Euboea II' 6-max Seat #1 is the button
Seat 1: socito ($105 in chips) 
Seat 2: JerseyBean99 ($132.20 in chips) 
Seat 3: kars0n ($102.58 in chips) 
Seat 4: michasia ($130.83 in chips) 
Seat 5: peak joker33 ($100 in chips) 
Seat 6: chinokevin13 ($170.75 in chips) 
JerseyBean99: posts small blind $0.50
kars0n: posts big blind $1
*** HOLE CARDS ***
michasia: folds 
peak joker33: raises $1.50 to $2.50
chinokevin13: folds 
socito: folds 
JerseyBean99: folds 
kars0n: calls $1.50
*** FLOP *** [9h Ad 2h]
kars0n: checks 
peak joker33: checks 
*** TURN *** [9h Ad 2h] [4h]
kars0n: checks 
peak joker33: checks 
*** RIVER *** [9h Ad 2h 4h] [6c]
kars0n: bets $5.22
peak joker33: folds 
Uncalled bet ($5.22) returned to kars0n
kars0n collected $5.22 from pot
kars0n: doesn't show hand 
*** SUMMARY ***
Total pot $5.50 | Rake $0.28 
Board [9h Ad 2h 4h 6c]
Seat 1: socito (button) folded before Flop (didn't bet)
Seat 2: JerseyBean99 (small blind) folded before Flop
Seat 3: kars0n (big blind) collected ($5.22)
Seat 4: michasia folded before Flop (didn't bet)
Seat 5: peak joker33 folded on the River
Seat 6: chinokevin13 folded before Flop (didn't bet)



PokerStars Hand #254300668995:  Hold'em No Limit ($0.50/$1.00 USD) - 2025/01/10 20:24:14 WET [2025/01/10 15:24:14 ET]
Table 'Euboea II' 6-max Seat #2 is the button
Seat 1: socito ($105 in chips) 
Seat 2: JerseyBean99 ($131.70 in chips) 
Seat 3: kars0n ($105.30 in chips) 
Seat 4: michasia ($130.83 in chips) 
Seat 5: peak joker33 ($100 in chips) 
Seat 6: chinokevin13 ($170.75 in chips) 
kars0n: posts small blind $0.50
michasia: posts big blind $1
*** HOLE CARDS ***
peak joker33: folds 
chinokevin13: folds 
socito: folds 
JerseyBean99: folds 
kars0n: raises $2 to $3
michasia: raises $6 to $9
kars0n: raises $15 to $24
michasia: calls $15
*** FLOP *** [4d Ah 9s]
kars0n: checks 
michasia: checks 
*** TURN *** [4d Ah 9s] [5s]
kars0n: checks 
michasia: bets $15.05
kars0n: calls $15.05
*** RIVER *** [4d Ah 9s 5s] [4h]
kars0n: checks 
michasia: bets $91.78 and is all-in
kars0n: folds 
Uncalled bet ($91.78) returned to michasia
michasia collected $75.60 from pot
michasia: doesn't show hand 
*** SUMMARY ***
Total pot $78.10 | Rake $2.50 
Board [4d Ah 9s 5s 4h]
Seat 1: socito folded before Flop (didn't bet)
Seat 2: JerseyBean99 (button) folded before Flop (didn't bet)
Seat 3: kars0n (small blind) folded on the River
Seat 4: michasia (big blind) collected ($75.60)
Seat 5: peak joker33 folded before Flop (didn't bet)
Seat 6: chinokevin13 folded before Flop (didn't bet)



PokerStars Hand #254300686784:  Hold'em No Limit ($0.50/$1.00 USD) - 2025/01/10 20:25:06 WET [2025/01/10 15:25:06 ET]
Table 'Euboea II' 6-max Seat #3 is the button
Seat 1: socito ($105 in chips) 
Seat 2: JerseyBean99 ($131.70 in chips) 
Seat 3: kars0n ($100 in chips) 
Seat 4: michasia ($167.38 in chips) 
Seat 5: peak joker33 ($100 in chips) 
Seat 6: chinokevin13 ($170.75 in chips) 
michasia: posts small blind $0.50
peak joker33: posts big blind $1
*** HOLE CARDS ***
chinokevin13: folds 
socito: folds 
JerseyBean99: folds 
kars0n: raises $1.50 to $2.50
michasia: folds 
peak joker33: folds 
Uncalled bet ($1.50) returned to kars0n
kars0n collected $2.50 from pot
kars0n: doesn't show hand 
*** SUMMARY ***
Total pot $2.50 | Rake $0 
Seat 1: socito folded before Flop (didn't bet)
Seat 2: JerseyBean99 folded before Flop (didn't bet)
Seat 3: kars0n (button) collected ($2.50)
Seat 4: michasia (small blind) folded before Flop
Seat 5: peak joker33 (big blind) folded before Flop
Seat 6: chinokevin13 folded before Flop (didn't bet)



PokerStars Hand #254300694214:  Hold'em No Limit ($0.50/$1.00 USD) - 2025/01/10 20:25:28 WET [2025/01/10 15:25:28 ET]
Table 'Euboea II' 6-max Seat #4 is the button
Seat 1: socito ($105 in chips) 
Seat 2: JerseyBean99 ($131.70 in chips) 
Seat 3: kars0n ($101.50 in chips) 
Seat 4: michasia ($166.88 in chips) 
Seat 5: peak joker33 ($100 in chips) 
Seat 6: chinokevin13 ($170.75 in chips) 
peak joker33: posts small blind $0.50
chinokevin13: posts big blind $1
*** HOLE CARDS ***
socito: raises $1.50 to $2.50
JerseyBean99: folds 
kars0n: folds 
michasia: folds 
peak joker33: folds 
chinokevin13: folds 
Uncalled bet ($1.50) returned to socito
socito collected $2.50 from pot
socito: doesn't show hand 
*** SUMMARY ***
Total pot $2.50 | Rake $0 
Seat 1: socito collected ($2.50)
Seat 2: JerseyBean99 folded before Flop (didn't bet)
Seat 3: kars0n folded before Flop (didn't bet)
Seat 4: michasia (button) folded before Flop (didn't bet)
Seat 5: peak joker33 (small blind) folded before Flop
Seat 6: chinokevin13 (big blind) folded before Flop



PokerStars Hand #254300699524:  Hold'em No Limit ($0.50/$1.00 USD) - 2025/01/10 20:25:43 WET [2025/01/10 15:25:43 ET]
Table 'Euboea II' 6-max Seat #5 is the button
Seat 1: socito ($106.50 in chips) 
Seat 2: JerseyBean99 ($131.70 in chips) 
Seat 3: kars0n ($101.50 in chips) 
Seat 4: michasia ($166.88 in chips) 
Seat 5: peak joker33 ($100 in chips) 
Seat 6: chinokevin13 ($169.75 in chips) 
chinokevin13: posts small blind $0.50
socito: posts big blind $1
*** HOLE CARDS ***
JerseyBean99: folds 
kars0n: folds 
michasia: folds 
peak joker33: raises $1.50 to $2.50
chinokevin13: folds 
socito: folds 
Uncalled bet ($1.50) returned to peak joker33
peak joker33 collected $2.50 from pot
peak joker33: doesn't show hand 
*** SUMMARY ***
Total pot $2.50 | Rake $0 
Seat 1: socito (big blind) folded before Flop
Seat 2: JerseyBean99 folded before Flop (didn't bet)
Seat 3: kars0n folded before Flop (didn't bet)
Seat 4: michasia folded before Flop (didn't bet)
Seat 5: peak joker33 (button) collected ($2.50)
Seat 6: chinokevin13 (small blind) folded before Flop



PokerStars Hand #254300707326:  Hold'em No Limit ($0.50/$1.00 USD) - 2025/01/10 20:26:06 WET [2025/01/10 15:26:06 ET]
Table 'Euboea II' 6-max Seat #6 is the button
Seat 1: socito ($105.50 in chips) 
Seat 2: JerseyBean99 ($131.70 in chips) 
Seat 3: kars0n ($101.50 in chips) 
Seat 4: michasia ($166.88 in chips) 
Seat 5: peak joker33 ($101.50 in chips) 
Seat 6: chinokevin13 ($169.25 in chips) 
socito: posts small blind $0.50
JerseyBean99: posts big blind $1
*** HOLE CARDS ***
kars0n: folds 
michasia: folds 
peak joker33: folds 
chinokevin13: raises $1.50 to $2.50
socito: folds 
JerseyBean99: calls $1.50
*** FLOP *** [Qs Qc 8c]
JerseyBean99: checks 
chinokevin13: bets $1.72
JerseyBean99: raises $3.72 to $5.44
chinokevin13: calls $3.72
*** TURN *** [Qs Qc 8c] [As]
JerseyBean99: bets $10
chinokevin13: calls $10
*** RIVER *** [Qs Qc 8c As] [Ad]
JerseyBean99: checks 
chinokevin13: bets $34.56
JerseyBean99: folds 
Uncalled bet ($34.56) returned to chinokevin13
chinokevin13 collected $34.56 from pot
chinokevin13: doesn't show hand 
*** SUMMARY ***
Total pot $36.38 | Rake $1.82 
Board [Qs Qc 8c As Ad]
Seat 1: socito (small blind) folded before Flop
Seat 2: JerseyBean99 (big blind) folded on the River
Seat 3: kars0n folded before Flop (didn't bet)
Seat 4: michasia folded before Flop (didn't bet)
Seat 5: peak joker33 folded before Flop (didn't bet)
Seat 6: chinokevin13 (button) collected ($34.56)



PokerStars Hand #254300737255:  Hold'em No Limit ($0.50/$1.00 USD) - 2025/01/10 20:27:34 WET [2025/01/10 15:27:34 ET]
Table 'Euboea II' 6-max Seat #1 is the button
Seat 1: socito ($105 in chips) 
Seat 2: JerseyBean99 ($113.76 in chips) 
Seat 3: kars0n ($101.50 in chips) 
Seat 4: michasia ($166.88 in chips) 
Seat 5: peak joker33 ($101.50 in chips) 
Seat 6: chinokevin13 ($185.87 in chips) 
JerseyBean99: posts small blind $0.50
kars0n: posts big blind $1
*** HOLE CARDS ***
michasia: folds 
peak joker33: folds 
chinokevin13: folds 
socito: folds 
JerseyBean99: folds 
Uncalled bet ($0.50) returned to kars0n
kars0n collected $1 from pot
kars0n: doesn't show hand 
*** SUMMARY ***
Total pot $1 | Rake $0 
Seat 1: socito (button) folded before Flop (didn't bet)
Seat 2: JerseyBean99 (small blind) folded before Flop
Seat 3: kars0n (big blind) collected ($1)
Seat 4: michasia folded before Flop (didn't bet)
Seat 5: peak joker33 folded before Flop (didn't bet)
Seat 6: chinokevin13 folded before Flop (didn't bet)



PokerStars Hand #254300740760:  Hold'em No Limit ($0.50/$1.00 USD) - 2025/01/10 20:27:45 WET [2025/01/10 15:27:45 ET]
Table 'Euboea II' 6-max Seat #2 is the button
Seat 1: socito ($105 in chips) 
Seat 2: JerseyBean99 ($113.26 in chips) 
Seat 3: kars0n ($102 in chips) 
Seat 4: michasia ($166.88 in chips) 
Seat 5: peak joker33 ($101.50 in chips) 
Seat 6: chinokevin13 ($185.87 in chips) 
kars0n: posts small blind $0.50
michasia: posts big blind $1
*** HOLE CARDS ***
peak joker33: raises $1.50 to $2.50
chinokevin13: raises $4.50 to $7
socito: folds 
JerseyBean99: folds 
kars0n: folds 
michasia: folds 
peak joker33: folds 
Uncalled bet ($4.50) returned to chinokevin13
chinokevin13 collected $6.50 from pot
chinokevin13: doesn't show hand 
*** SUMMARY ***
Total pot $6.50 | Rake $0 
Seat 1: socito folded before Flop (didn't bet)
Seat 2: JerseyBean99 (button) folded before Flop (didn't bet)
Seat 3: kars0n (small blind) folded before Flop
Seat 4: michasia (big blind) folded before Flop
Seat 5: peak joker33 folded before Flop
Seat 6: chinokevin13 collected ($6.50)



PokerStars Hand #254300750104:  Hold'em No Limit ($0.50/$1.00 USD) - 2025/01/10 20:28:12 WET [2025/01/10 15:28:12 ET]
Table 'Euboea II' 6-max Seat #3 is the button
Seat 1: socito ($105 in chips) 
Seat 2: JerseyBean99 ($113.26 in chips) 
Seat 3: kars0n ($101.50 in chips) 
Seat 4: michasia ($165.88 in chips) 
Seat 5: peak joker33 ($100 in chips) 
Seat 6: chinokevin13 ($189.87 in chips) 
michasia: posts small blind $0.50
peak joker33: posts big blind $1
*** HOLE CARDS ***
chinokevin13: folds 
socito: folds 
JerseyBean99: folds 
kars0n: folds 
michasia: raises $2 to $3
peak joker33: folds 
Uncalled bet ($2) returned to michasia
michasia collected $2 from pot
michasia: doesn't show hand 
*** SUMMARY ***
Total pot $2 | Rake $0 
Seat 1: socito folded before Flop (didn't bet)
Seat 2: JerseyBean99 folded before Flop (didn't bet)
Seat 3: kars0n (button) folded before Flop (didn't bet)
Seat 4: michasia (small blind) collected ($2)
Seat 5: peak joker33 (big blind) folded before Flop
Seat 6: chinokevin13 folded before Flop (didn't bet)



PokerStars Hand #254300761791:  Hold'em No Limit ($0.50/$1.00 USD) - 2025/01/10 20:28:46 WET [2025/01/10 15:28:46 ET]
Table 'Euboea II' 6-max Seat #4 is the button
Seat 1: socito ($105 in chips) 
Seat 2: JerseyBean99 ($113.26 in chips) 
Seat 3: kars0n ($101.50 in chips) 
Seat 4: michasia ($166.88 in chips) 
Seat 5: peak joker33 ($100 in chips) 
Seat 6: chinokevin13 ($189.87 in chips) 
peak joker33: posts small blind $0.50
chinokevin13: posts big blind $1
*** HOLE CARDS ***
socito: raises $1.50 to $2.50
JerseyBean99: folds 
kars0n: folds 
michasia: folds 
peak joker33: folds 
chinokevin13: folds 
Uncalled bet ($1.50) returned to socito
socito collected $2.50 from pot
socito: doesn't show hand 
*** SUMMARY ***
Total pot $2.50 | Rake $0 
Seat 1: socito collected ($2.50)
Seat 2: JerseyBean99 folded before Flop (didn't bet)
Seat 3: kars0n folded before Flop (didn't bet)
Seat 4: michasia (button) folded before Flop (didn't bet)
Seat 5: peak joker33 (small blind) folded before Flop
Seat 6: chinokevin13 (big blind) folded before Flop



PokerStars Hand #254300771127:  Hold'em No Limit ($0.50/$1.00 USD) - 2025/01/10 20:29:13 WET [2025/01/10 15:29:13 ET]
Table 'Euboea II' 6-max Seat #5 is the button
Seat 1: socito ($106.50 in chips) 
Seat 2: JerseyBean99 ($113.26 in chips) 
Seat 3: kars0n ($101.50 in chips) 
Seat 4: michasia ($166.88 in chips) 
Seat 5: peak joker33 ($100 in chips) 
Seat 6: chinokevin13 ($188.87 in chips) 
chinokevin13: posts small blind $0.50
socito: posts big blind $1
*** HOLE CARDS ***
JerseyBean99: folds 
kars0n: raises $1 to $2
michasia: folds 
peak joker33: folds 
chinokevin13: folds 
socito: calls $1
*** FLOP *** [9s Ah 5c]
socito: checks 
kars0n: bets $1.41
socito: calls $1.41
*** TURN *** [9s Ah 5c] [Ad]
socito: checks 
kars0n: checks 
*** RIVER *** [9s Ah 5c Ad] [2d]
socito: bets $2.29
kars0n: folds 
Uncalled bet ($2.29) returned to socito
socito collected $6.95 from pot
socito: doesn't show hand 
*** SUMMARY ***
Total pot $7.32 | Rake $0.37 
Board [9s Ah 5c Ad 2d]
Seat 1: socito (big blind) collected ($6.95)
Seat 2: JerseyBean99 folded before Flop (didn't bet)
Seat 3: kars0n folded on the River
Seat 4: michasia folded before Flop (didn't bet)
Seat 5: peak joker33 (button) folded before Flop (didn't bet)
Seat 6: chinokevin13 (small blind) folded before Flop



PokerStars Hand #254300795370:  Hold'em No Limit ($0.50/$1.00 USD) - 2025/01/10 20:30:23 WET [2025/01/10 15:30:23 ET]
Table 'Euboea II' 6-max Seat #6 is the button
Seat 1: socito ($110.04 in chips) 
Seat 2: JerseyBean99 ($113.26 in chips) 
Seat 3: kars0n ($100 in chips) 
Seat 4: michasia ($166.88 in chips) 
Seat 5: peak joker33 ($100 in chips) 
Seat 6: chinokevin13 ($188.37 in chips) 
socito: posts small blind $0.50
JerseyBean99: posts big blind $1
*** HOLE CARDS ***
kars0n: folds 
michasia: folds 
peak joker33: folds 
chinokevin13: raises $1.50 to $2.50
socito: folds 
JerseyBean99: folds 
Uncalled bet ($1.50) returned to chinokevin13
chinokevin13 collected $2.50 from pot
chinokevin13: doesn't show hand 
*** SUMMARY ***
Total pot $2.50 | Rake $0 
Seat 1: socito (small blind) folded before Flop
Seat 2: JerseyBean99 (big blind) folded before Flop
Seat 3: kars0n folded before Flop (didn't bet)
Seat 4: michasia folded before Flop (didn't bet)
Seat 5: peak joker33 folded before Flop (didn't bet)
Seat 6: chinokevin13 (button) collected ($2.50)



PokerStars Hand #254300800362:  Hold'em No Limit ($0.50/$1.00 USD) - 2025/01/10 20:30:39 WET [2025/01/10 15:30:39 ET]
Table 'Euboea II' 6-max Seat #1 is the button
Seat 5: peak joker33 ($100 in chips) is sitting out
Seat 1: socito ($109.54 in chips) 
Seat 2: JerseyBean99 ($112.26 in chips) 
Seat 3: kars0n ($100 in chips) 
Seat 4: michasia ($166.88 in chips) 
Seat 6: chinokevin13 ($189.87 in chips) 
JerseyBean99: posts small blind $0.50
kars0n: posts big blind $1
*** HOLE CARDS ***
michasia: folds 
chinokevin13: folds 
socito: raises $1.50 to $2.50
JerseyBean99: calls $2
kars0n: folds 
*** FLOP *** [6h 4h Ah]
JerseyBean99: bets $3
socito: calls $3
*** TURN *** [6h 4h Ah] [8h]
JerseyBean99: checks 
socito: checks 
*** RIVER *** [6h 4h Ah 8h] [5d]
JerseyBean99: bets $11.40
socito: folds 
Uncalled bet ($11.40) returned to JerseyBean99
JerseyBean99 collected $11.40 from pot
*** SUMMARY ***
Total pot $12 | Rake $0.60 
Board [6h 4h Ah 8h 5d]
Seat 5: peak joker33
Seat 1: socito (button) folded on the River
Seat 2: JerseyBean99 (small blind) collected ($11.40)
Seat 3: kars0n (big blind) folded before Flop
Seat 4: michasia folded before Flop (didn't bet)
Seat 6: chinokevin13 folded before Flop (didn't bet)



PokerStars Hand #254300827150:  Hold'em No Limit ($0.50/$1.00 USD) - 2025/01/10 20:31:57 WET [2025/01/10 15:31:57 ET]
Table 'Euboea II' 6-max Seat #2 is the button
Seat 4: michasia ($166.88 in chips) is sitting out
Seat 5: peak joker33 ($100 in chips) is sitting out
Seat 1: socito ($104.04 in chips) 
Seat 2: JerseyBean99 ($118.16 in chips) 
Seat 3: kars0n ($100 in chips) 
Seat 6: chinokevin13 ($189.87 in chips) 
kars0n: posts small blind $0.50
michasia: is sitting out 
chinokevin13: posts big blind $1
*** HOLE CARDS ***
socito: raises $1.50 to $2.50
michasia leaves the table
JerseyBean99: calls $2.50
kars0n: folds 
chinokevin13: folds 
*** FLOP *** [9c 9s 4s]
XneferX joins the table at seat #4 
socito: bets $2.04
JerseyBean99: calls $2.04
*** TURN *** [9c 9s 4s] [2s]
socito: checks 
JerseyBean99: bets $4
socito: calls $4
*** RIVER *** [9c 9s 4s 2s] [Qd]
socito: checks 
JerseyBean99: checks 
*** SHOW DOWN ***
socito: shows [5s 6s] (a flush, Nine high)
JerseyBean99: mucks hand 
socito collected $17.65 from pot
*** SUMMARY ***
Total pot $18.58 | Rake $0.93 
Board [9c 9s 4s 2s Qd]
Seat 4: michasia
Seat 5: peak joker33
Seat 1: socito showed [5s 6s] and won ($17.65) with a flush, Nine high
Seat 2: JerseyBean99 (button) mucked
Seat 3: kars0n (small blind) folded before Flop
Seat 6: chinokevin13 (big blind) folded before Flop



PokerStars Hand #254300843046:  Hold'em No Limit ($0.50/$1.00 USD) - 2025/01/10 20:32:43 WET [2025/01/10 15:32:43 ET]
Table 'Euboea II' 6-max Seat #3 is the button
Seat 4: XneferX ($100 in chips) is sitting out
Seat 5: peak joker33 ($100 in chips) is sitting out
Seat 1: socito ($113.15 in chips) 
Seat 2: JerseyBean99 ($109.62 in chips) 
Seat 3: kars0n ($100 in chips) 
Seat 6: chinokevin13 ($188.87 in chips) 
chinokevin13: posts small blind $0.50
socito: posts big blind $1
*** HOLE CARDS ***
JerseyBean99: folds 
kars0n: raises $1.50 to $2.50
chinokevin13: folds 
socito: calls $1.50
*** FLOP *** [5d 9c 8h]
socito: checks 
kars0n: checks 
*** TURN *** [5d 9c 8h] [3d]
socito: bets $3.45
kars0n: calls $3.45
*** RIVER *** [5d 9c 8h 3d] [Kh]
socito: bets $17.67
kars0n: folds 
Uncalled bet ($17.67) returned to socito
socito collected $11.78 from pot
socito: doesn't show hand 
*** SUMMARY ***
Total pot $12.40 | Rake $0.62 
Board [5d 9c 8h 3d Kh]
Seat 4: XneferX
Seat 5: peak joker33
Seat 1: socito (big blind) collected ($11.78)
Seat 2: JerseyBean99 folded before Flop (didn't bet)
Seat 3: kars0n (button) folded on the River
Seat 6: chinokevin13 (small blind) folded before Flop



PokerStars Hand #254300866391:  Hold'em No Limit ($0.50/$1.00 USD) - 2025/01/10 20:33:52 WET [2025/01/10 15:33:52 ET]
Table 'Euboea II' 6-max Seat #6 is the button
Seat 4: XneferX ($100 in chips) is sitting out
Seat 5: peak joker33 ($100 in chips) is sitting out
Seat 1: socito ($118.98 in chips) 
Seat 2: JerseyBean99 ($109.62 in chips) 
Seat 3: kars0n ($100 in chips) 
Seat 6: chinokevin13 ($188.37 in chips) 
socito: posts small blind $0.50
JerseyBean99: posts big blind $1
XneferX: sits out 
*** HOLE CARDS ***
kars0n: folds 
chinokevin13: raises $2 to $3
socito: folds 
JerseyBean99: calls $2
*** FLOP *** [6h 2d 4c]
JerseyBean99: checks 
chinokevin13: bets $3.09
JerseyBean99: folds 
Uncalled bet ($3.09) returned to chinokevin13
chinokevin13 collected $6.18 from pot
chinokevin13: doesn't show hand 
*** SUMMARY ***
Total pot $6.50 | Rake $0.32 
Board [6h 2d 4c]
Seat 4: XneferX
Seat 5: peak joker33
Seat 1: socito (small blind) folded before Flop
Seat 2: JerseyBean99 (big blind) folded on the Flop
Seat 3: kars0n folded before Flop (didn't bet)
Seat 6: chinokevin13 (button) collected ($6.18)



PokerStars Hand #254300877681:  Hold'em No Limit ($0.50/$1.00 USD) - 2025/01/10 20:34:25 WET [2025/01/10 15:34:25 ET]
Table 'Euboea II' 6-max Seat #1 is the button
Seat 4: XneferX ($100 in chips) is sitting out
Seat 5: peak joker33 ($100 in chips) is sitting out
Seat 1: socito ($118.48 in chips) 
Seat 2: JerseyBean99 ($106.62 in chips) 
Seat 3: kars0n ($100 in chips) 
Seat 6: chinokevin13 ($191.55 in chips) 
JerseyBean99: posts small blind $0.50
kars0n: posts big blind $1
XneferX: sits out 
*** HOLE CARDS ***
chinokevin13: folds 
socito: raises $1.50 to $2.50
JerseyBean99: folds 
kars0n: calls $1.50
*** FLOP *** [4d Tc 2d]
kars0n: checks 
socito: bets $1.72
kars0n: calls $1.72
*** TURN *** [4d Tc 2d] [5d]
kars0n: checks 
socito: checks 
*** RIVER *** [4d Tc 2d 5d] [2c]
kars0n: bets $2
socito: raises $6.25 to $8.25
kars0n: folds 
Uncalled bet ($6.25) returned to socito
socito collected $12.29 from pot
socito: doesn't show hand 
*** SUMMARY ***
Total pot $12.94 | Rake $0.65 
Board [4d Tc 2d 5d 2c]
Seat 4: XneferX
Seat 5: peak joker33
Seat 1: socito (button) collected ($12.29)
Seat 2: JerseyBean99 (small blind) folded before Flop
Seat 3: kars0n (big blind) folded on the River
Seat 6: chinokevin13 folded before Flop (didn't bet)



PokerStars Hand #254300899745:  Hold'em No Limit ($0.50/$1.00 USD) - 2025/01/10 20:35:30 WET [2025/01/10 15:35:30 ET]
Table 'Euboea II' 6-max Seat #2 is the button
Seat 5: peak joker33 ($100 in chips) is sitting out
Seat 1: socito ($124.55 in chips) 
Seat 2: JerseyBean99 ($106.12 in chips) 
Seat 3: kars0n ($100 in chips) 
Seat 4: XneferX ($100 in chips) 
Seat 6: chinokevin13 ($191.55 in chips) 
kars0n: posts small blind $0.50
XneferX: posts big blind $1
peak joker33: sits out 
*** HOLE CARDS ***
chinokevin13: raises $1.20 to $2.20
socito: folds 
JerseyBean99: calls $2.20
kars0n: folds 
XneferX: folds 
*** FLOP *** [9c 6s Ac]
chinokevin13: bets $1.85
JerseyBean99: raises $2.85 to $4.70
chinokevin13: calls $2.85
*** TURN *** [9c 6s Ac] [Ks]
chinokevin13: checks 
JerseyBean99: bets $9
chinokevin13: folds 
Uncalled bet ($9) returned to JerseyBean99
JerseyBean99 collected $14.54 from pot
*** SUMMARY ***
Total pot $15.30 | Rake $0.76 
Board [9c 6s Ac Ks]
Seat 5: peak joker33
Seat 1: socito folded before Flop (didn't bet)
Seat 2: JerseyBean99 (button) collected ($14.54)
Seat 3: kars0n (small blind) folded before Flop
Seat 4: XneferX (big blind) folded before Flop
Seat 6: chinokevin13 folded on the Turn



PokerStars Hand #254300925354:  Hold'em No Limit ($0.50/$1.00 USD) - 2025/01/10 20:36:46 WET [2025/01/10 15:36:46 ET]
Table 'Euboea II' 6-max Seat #3 is the button
Seat 1: socito ($124.55 in chips) 
Seat 2: JerseyBean99 ($113.76 in chips) 
Seat 3: kars0n ($100 in chips) 
Seat 4: XneferX ($100 in chips) 
Seat 5: peak joker33 ($100 in chips) 
Seat 6: chinokevin13 ($184.65 in chips) 
XneferX: posts small blind $0.50
peak joker33: posts big blind $1
*** HOLE CARDS ***
chinokevin13: folds 
socito: folds 
JerseyBean99: folds 
kars0n: folds 
XneferX: raises $1.90 to $2.90
peak joker33: raises $6.10 to $9
XneferX: calls $6.10
*** FLOP *** [6c Jh Kd]
XneferX: checks 
peak joker33: bets $8.55
XneferX: folds 
Uncalled bet ($8.55) returned to peak joker33
peak joker33 collected $17.10 from pot
peak joker33: doesn't show hand 
*** SUMMARY ***
Total pot $18 | Rake $0.90 
Board [6c Jh Kd]
Seat 1: socito folded before Flop (didn't bet)
Seat 2: JerseyBean99 folded before Flop (didn't bet)
Seat 3: kars0n (button) folded before Flop (didn't bet)
Seat 4: XneferX (small blind) folded on the Flop
Seat 5: peak joker33 (big blind) collected ($17.10)
Seat 6: chinokevin13 folded before Flop (didn't bet)



PokerStars Hand #254300944495:  Hold'em No Limit ($0.50/$1.00 USD) - 2025/01/10 20:37:43 WET [2025/01/10 15:37:43 ET]
Table 'Euboea II' 6-max Seat #4 is the button
Seat 1: socito ($124.55 in chips) 
Seat 2: JerseyBean99 ($113.76 in chips) 
Seat 3: kars0n ($100 in chips) 
Seat 4: XneferX ($100 in chips) 
Seat 5: peak joker33 ($108.10 in chips) 
Seat 6: chinokevin13 ($184.65 in chips) 
peak joker33: posts small blind $0.50
chinokevin13: posts big blind $1
*** HOLE CARDS ***
socito: folds 
JerseyBean99: folds 
kars0n: folds 
JerseyBean99 leaves the table
XneferX: raises $1.77 to $2.77
peak joker33: folds 
chinokevin13: raises $9.23 to $12
XneferX: folds 
Uncalled bet ($9.23) returned to chinokevin13
chinokevin13 collected $6.04 from pot
chinokevin13: doesn't show hand 
*** SUMMARY ***
Total pot $6.04 | Rake $0 
Seat 1: socito folded before Flop (didn't bet)
Seat 2: JerseyBean99 folded before Flop (didn't bet)
Seat 3: kars0n folded before Flop (didn't bet)
Seat 4: XneferX (button) folded before Flop
Seat 5: peak joker33 (small blind) folded before Flop
Seat 6: chinokevin13 (big blind) collected ($6.04)



PokerStars Hand #254300963883:  Hold'em No Limit ($0.50/$1.00 USD) - 2025/01/10 20:38:40 WET [2025/01/10 15:38:40 ET]
Table 'Euboea II' 6-max Seat #5 is the button
Seat 1: socito ($124.55 in chips) is sitting out
Seat 3: kars0n ($100 in chips) 
Seat 4: XneferX ($100 in chips) 
Seat 5: peak joker33 ($107.60 in chips) 
Seat 6: chinokevin13 ($187.92 in chips) 
chinokevin13: posts small blind $0.50
socito: is sitting out 
kars0n: posts big blind $1
*** HOLE CARDS ***
socito leaves the table
XneferX: raises $1.20 to $2.20
peak joker33: folds 
chinokevin13: folds 
kars0n: folds 
Uncalled bet ($1.20) returned to XneferX
XneferX collected $2.50 from pot
XneferX: doesn't show hand 
*** SUMMARY ***
Total pot $2.50 | Rake $0 
Seat 1: socito
Seat 3: kars0n (big blind) folded before Flop
Seat 4: XneferX collected ($2.50)
Seat 5: peak joker33 (button) folded before Flop (didn't bet)
Seat 6: chinokevin13 (small blind) folded before Flop



