PokerStars Hand #254292349759:  Hold'em No Limit ($0.50/$1.00 USD) - 2025/01/10 8:50:57 WET [2025/01/10 3:50:57 ET]
Table 'Boda II' 6-max Seat #1 is the button
Seat 1: jeffy27dt1 ($100 in chips) 
Seat 5: 50CandyJoe ($100 in chips) 
Seat 6: KarP93 ($100 in chips) 
50CandyJoe: posts small blind $0.50
KarP93: posts big blind $1
*** HOLE CARDS ***
jeffy27dt1: raises $1.50 to $2.50
50CandyJoe: raises $7.50 to $10
KarP93: folds 
jeffy27dt1: folds 
Uncalled bet ($7.50) returned to 50CandyJoe
50CandyJoe collected $6 from pot
50CandyJoe: doesn't show hand 
*** SUMMARY ***
Total pot $6 | Rake $0 
Seat 1: jeffy27dt1 (button) folded before Flop
Seat 5: 50CandyJoe (small blind) collected ($6)
Seat 6: KarP93 (big blind) folded before Flop



PokerStars Hand #254292351919:  Hold'em No Limit ($0.50/$1.00 USD) - 2025/01/10 8:51:21 WET [2025/01/10 3:51:21 ET]
Table 'Boda II' 6-max Seat #5 is the button
Seat 1: jeffy27dt1 ($100 in chips) 
Seat 5: 50CandyJoe ($103.50 in chips) 
Seat 6: KarP93 ($100 in chips) 
KarP93: posts small blind $0.50
jeffy27dt1: posts big blind $1
*** HOLE CARDS ***
50CandyJoe: raises $1.50 to $2.50
KarP93: folds 
jeffy27dt1: folds 
Uncalled bet ($1.50) returned to 50CandyJoe
50CandyJoe collected $2.50 from pot
50CandyJoe: doesn't show hand 
*** SUMMARY ***
Total pot $2.50 | Rake $0 
Seat 1: jeffy27dt1 (big blind) folded before Flop
Seat 5: 50CandyJoe (button) collected ($2.50)
Seat 6: KarP93 (small blind) folded before Flop



PokerStars Hand #254292353193:  Hold'em No Limit ($0.50/$1.00 USD) - 2025/01/10 8:51:35 WET [2025/01/10 3:51:35 ET]
Table 'Boda II' 6-max Seat #6 is the button
Seat 1: jeffy27dt1 ($100 in chips) 
Seat 5: 50CandyJoe ($105 in chips) 
Seat 6: KarP93 ($100 in chips) 
jeffy27dt1: posts small blind $0.50
50CandyJoe: posts big blind $1
*** HOLE CARDS ***
KarP93: raises $1.50 to $2.50
jeffy27dt1: folds 
50CandyJoe: folds 
Uncalled bet ($1.50) returned to KarP93
KarP93 collected $2.50 from pot
KarP93: doesn't show hand 
*** SUMMARY ***
Total pot $2.50 | Rake $0 
Seat 1: jeffy27dt1 (small blind) folded before Flop
Seat 5: 50CandyJoe (big blind) folded before Flop
Seat 6: KarP93 (button) collected ($2.50)



PokerStars Hand #254292354621:  Hold'em No Limit ($0.50/$1.00 USD) - 2025/01/10 8:51:50 WET [2025/01/10 3:51:50 ET]
Table 'Boda II' 6-max Seat #1 is the button
Seat 1: jeffy27dt1 ($100 in chips) 
Seat 5: 50CandyJoe ($104 in chips) 
Seat 6: KarP93 ($101.50 in chips) 
50CandyJoe: posts small blind $0.50
KarP93: posts big blind $1
*** HOLE CARDS ***
jeffy27dt1: raises $1.50 to $2.50
50CandyJoe: folds 
KarP93: calls $1.50
*** FLOP *** [2h 4h 4s]
KarP93: checks 
jeffy27dt1: checks 
*** TURN *** [2h 4h 4s] [Qs]
KarP93: bets $3.92
jeffy27dt1: calls $3.92
*** RIVER *** [2h 4h 4s Qs] [6c]
KarP93: bets $18
socito joins the table at seat #4 
jeffy27dt1: calls $18
*** SHOW DOWN ***
KarP93: shows [5h 3h] (a straight, Deuce to Six)
jeffy27dt1: mucks hand 
KarP93 collected $48.34 from pot
*** SUMMARY ***
Total pot $49.34 | Rake $1 
Board [2h 4h 4s Qs 6c]
Seat 1: jeffy27dt1 (button) mucked
Seat 5: 50CandyJoe (small blind) folded before Flop
Seat 6: KarP93 (big blind) showed [5h 3h] and won ($48.34) with a straight, Deuce to Six



PokerStars Hand #254292364382:  Hold'em No Limit ($0.50/$1.00 USD) - 2025/01/10 8:53:38 WET [2025/01/10 3:53:38 ET]
Table 'Boda II' 6-max Seat #5 is the button
Seat 4: socito ($100 in chips) is sitting out
Seat 1: jeffy27dt1 ($100 in chips) 
Seat 5: 50CandyJoe ($103.50 in chips) 
Seat 6: KarP93 ($125.42 in chips) 
KarP93: posts small blind $0.50
jeffy27dt1: posts big blind $1
socito: sits out 
*** HOLE CARDS ***
50CandyJoe: folds 
KarP93: raises $2 to $3
jeffy27dt1: folds 
Uncalled bet ($2) returned to KarP93
KarP93 collected $2 from pot
KarP93: doesn't show hand 
*** SUMMARY ***
Total pot $2 | Rake $0 
Seat 4: socito
Seat 1: jeffy27dt1 (big blind) folded before Flop
Seat 5: 50CandyJoe (button) folded before Flop (didn't bet)
Seat 6: KarP93 (small blind) collected ($2)



PokerStars Hand #254292366121:  Hold'em No Limit ($0.50/$1.00 USD) - 2025/01/10 8:53:57 WET [2025/01/10 3:53:57 ET]
Table 'Boda II' 6-max Seat #6 is the button
Seat 1: jeffy27dt1 ($100 in chips) 
Seat 4: socito ($100 in chips) 
Seat 5: 50CandyJoe ($103.50 in chips) 
Seat 6: KarP93 ($126.42 in chips) 
jeffy27dt1: posts small blind $0.50
socito: posts big blind $1
*** HOLE CARDS ***
50CandyJoe: raises $1.20 to $2.20
KarP93: folds 
jeffy27dt1: folds 
socito: folds 
Uncalled bet ($1.20) returned to 50CandyJoe
50CandyJoe collected $2.50 from pot
50CandyJoe: doesn't show hand 
*** SUMMARY ***
Total pot $2.50 | Rake $0 
Seat 1: jeffy27dt1 (small blind) folded before Flop
Seat 4: socito (big blind) folded before Flop
Seat 5: 50CandyJoe collected ($2.50)
Seat 6: KarP93 (button) folded before Flop (didn't bet)



PokerStars Hand #254292367721:  Hold'em No Limit ($0.50/$1.00 USD) - 2025/01/10 8:54:14 WET [2025/01/10 3:54:14 ET]
Table 'Boda II' 6-max Seat #1 is the button
Seat 1: jeffy27dt1 ($100 in chips) 
Seat 4: socito ($100 in chips) 
Seat 5: 50CandyJoe ($105 in chips) 
Seat 6: KarP93 ($126.42 in chips) 
socito: posts small blind $0.50
50CandyJoe: posts big blind $1
*** HOLE CARDS ***
KarP93: folds 
jeffy27dt1: folds 
socito: raises $2 to $3
50CandyJoe: calls $2
*** FLOP *** [4d 2c 7d]
socito: bets $1.88
50CandyJoe: calls $1.88
*** TURN *** [4d 2c 7d] [8h]
socito: checks 
50CandyJoe: bets $6.12
socito: folds 
Uncalled bet ($6.12) returned to 50CandyJoe
50CandyJoe collected $9.27 from pot
50CandyJoe: doesn't show hand 
*** SUMMARY ***
Total pot $9.76 | Rake $0.49 
Board [4d 2c 7d 8h]
Seat 1: jeffy27dt1 (button) folded before Flop (didn't bet)
Seat 4: socito (small blind) folded on the Turn
Seat 5: 50CandyJoe (big blind) collected ($9.27)
Seat 6: KarP93 folded before Flop (didn't bet)



PokerStars Hand #254292375032:  Hold'em No Limit ($0.50/$1.00 USD) - 2025/01/10 8:55:39 WET [2025/01/10 3:55:39 ET]
Table 'Boda II' 6-max Seat #4 is the button
Seat 1: jeffy27dt1 ($100 in chips) 
Seat 4: socito ($100 in chips) 
Seat 5: 50CandyJoe ($109.39 in chips) 
Seat 6: KarP93 ($126.42 in chips) 
50CandyJoe: posts small blind $0.50
KarP93: posts big blind $1
*** HOLE CARDS ***
jeffy27dt1: raises $1.50 to $2.50
socito: raises $5 to $7.50
50CandyJoe: folds 
KarP93: folds 
jeffy27dt1: folds 
Uncalled bet ($5) returned to socito
socito collected $6.50 from pot
socito: doesn't show hand 
*** SUMMARY ***
Total pot $6.50 | Rake $0 
Seat 1: jeffy27dt1 folded before Flop
Seat 4: socito (button) collected ($6.50)
Seat 5: 50CandyJoe (small blind) folded before Flop
Seat 6: KarP93 (big blind) folded before Flop



PokerStars Hand #254292377366:  Hold'em No Limit ($0.50/$1.00 USD) - 2025/01/10 8:56:07 WET [2025/01/10 3:56:07 ET]
Table 'Boda II' 6-max Seat #5 is the button
Seat 1: jeffy27dt1 ($100 in chips) 
Seat 4: socito ($104 in chips) 
Seat 5: 50CandyJoe ($108.89 in chips) 
Seat 6: KarP93 ($125.42 in chips) 
KarP93: posts small blind $0.50
jeffy27dt1: posts big blind $1
*** HOLE CARDS ***
socito: folds 
50CandyJoe: raises $1.50 to $2.50
KarP93: raises $8.50 to $11
jeffy27dt1: folds 
50CandyJoe: folds 
Uncalled bet ($8.50) returned to KarP93
KarP93 collected $6 from pot
KarP93: doesn't show hand 
socito leaves the table
*** SUMMARY ***
Total pot $6 | Rake $0 
Seat 1: jeffy27dt1 (big blind) folded before Flop
Seat 4: socito folded before Flop (didn't bet)
Seat 5: 50CandyJoe (button) folded before Flop
Seat 6: KarP93 (small blind) collected ($6)



PokerStars Hand #254292379038:  Hold'em No Limit ($0.50/$1.00 USD) - 2025/01/10 8:56:27 WET [2025/01/10 3:56:27 ET]
Table 'Boda II' 6-max Seat #6 is the button
Seat 1: jeffy27dt1 ($100 in chips) 
Seat 5: 50CandyJoe ($106.39 in chips) 
Seat 6: KarP93 ($128.92 in chips) 
jeffy27dt1: posts small blind $0.50
50CandyJoe: posts big blind $1
*** HOLE CARDS ***
KarP93: folds 
jeffy27dt1: raises $2 to $3
50CandyJoe: folds 
Uncalled bet ($2) returned to jeffy27dt1
jeffy27dt1 collected $2 from pot
jeffy27dt1: doesn't show hand 
*** SUMMARY ***
Total pot $2 | Rake $0 
Seat 1: jeffy27dt1 (small blind) collected ($2)
Seat 5: 50CandyJoe (big blind) folded before Flop
Seat 6: KarP93 (button) folded before Flop (didn't bet)



PokerStars Hand #254292381103:  Hold'em No Limit ($0.50/$1.00 USD) - 2025/01/10 8:56:52 WET [2025/01/10 3:56:52 ET]
Table 'Boda II' 6-max Seat #1 is the button
Seat 1: jeffy27dt1 ($101 in chips) 
Seat 5: 50CandyJoe ($105.39 in chips) 
Seat 6: KarP93 ($128.92 in chips) 
50CandyJoe: posts small blind $0.50
KarP93: posts big blind $1
*** HOLE CARDS ***
jeffy27dt1: folds 
50CandyJoe: raises $1.50 to $2.50
KarP93: calls $1.50
*** FLOP *** [9c 3d Ac]
50CandyJoe: bets $1.57
KarP93: calls $1.57
*** TURN *** [9c 3d Ac] [5c]
50CandyJoe: checks 
KarP93: checks 
*** RIVER *** [9c 3d Ac 5c] [4d]
50CandyJoe: checks 
KarP93: bets $2.55
50CandyJoe: calls $2.55
*** SHOW DOWN ***
KarP93: shows [7c Ad] (a pair of Aces)
50CandyJoe: mucks hand 
KarP93 collected $12.58 from pot
*** SUMMARY ***
Total pot $13.24 | Rake $0.66 
Board [9c 3d Ac 5c 4d]
Seat 1: jeffy27dt1 (button) folded before Flop (didn't bet)
Seat 5: 50CandyJoe (small blind) mucked
Seat 6: KarP93 (big blind) showed [7c Ad] and won ($12.58) with a pair of Aces



PokerStars Hand #254292387452:  Hold'em No Limit ($0.50/$1.00 USD) - 2025/01/10 8:58:07 WET [2025/01/10 3:58:07 ET]
Table 'Boda II' 6-max Seat #5 is the button
Seat 1: jeffy27dt1 ($101 in chips) 
Seat 5: 50CandyJoe ($100 in chips) 
Seat 6: KarP93 ($134.88 in chips) 
KarP93: posts small blind $0.50
jeffy27dt1: posts big blind $1
*** HOLE CARDS ***
50CandyJoe: raises $1.50 to $2.50
KarP93: folds 
jeffy27dt1: raises $10.50 to $13
50CandyJoe: folds 
Uncalled bet ($10.50) returned to jeffy27dt1
jeffy27dt1 collected $5.50 from pot
jeffy27dt1: doesn't show hand 
*** SUMMARY ***
Total pot $5.50 | Rake $0 
Seat 1: jeffy27dt1 (big blind) collected ($5.50)
Seat 5: 50CandyJoe (button) folded before Flop
Seat 6: KarP93 (small blind) folded before Flop



PokerStars Hand #254292391751:  Hold'em No Limit ($0.50/$1.00 USD) - 2025/01/10 8:58:56 WET [2025/01/10 3:58:56 ET]
Table 'Boda II' 6-max Seat #6 is the button
Seat 1: jeffy27dt1 ($104 in chips) 
Seat 5: 50CandyJoe ($100 in chips) 
Seat 6: KarP93 ($134.38 in chips) 
jeffy27dt1: posts small blind $0.50
50CandyJoe: posts big blind $1
*** HOLE CARDS ***
KarP93: raises $1.50 to $2.50
jeffy27dt1: folds 
50CandyJoe: folds 
Uncalled bet ($1.50) returned to KarP93
KarP93 collected $2.50 from pot
KarP93: doesn't show hand 
*** SUMMARY ***
Total pot $2.50 | Rake $0 
Seat 1: jeffy27dt1 (small blind) folded before Flop
Seat 5: 50CandyJoe (big blind) folded before Flop
Seat 6: KarP93 (button) collected ($2.50)



PokerStars Hand #254292392688:  Hold'em No Limit ($0.50/$1.00 USD) - 2025/01/10 8:59:06 WET [2025/01/10 3:59:06 ET]
Table 'Boda II' 6-max Seat #1 is the button
Seat 1: jeffy27dt1 ($103.50 in chips) 
Seat 5: 50CandyJoe ($100 in chips) 
Seat 6: KarP93 ($135.88 in chips) 
50CandyJoe: posts small blind $0.50
KarP93: posts big blind $1
*** HOLE CARDS ***
jeffy27dt1: raises $1.50 to $2.50
50CandyJoe: folds 
KarP93: calls $1.50
*** FLOP *** [3s 5c 6s]
socito joins the table at seat #2 
KarP93: checks 
jeffy27dt1: checks 
*** TURN *** [3s 5c 6s] [5h]
KarP93: checks 
socito leaves the table
jeffy27dt1: bets $3.92
KarP93: folds 
Uncalled bet ($3.92) returned to jeffy27dt1
jeffy27dt1 collected $5.22 from pot
jeffy27dt1: doesn't show hand 
*** SUMMARY ***
Total pot $5.50 | Rake $0.28 
Board [3s 5c 6s 5h]
Seat 1: jeffy27dt1 (button) collected ($5.22)
Seat 5: 50CandyJoe (small blind) folded before Flop
Seat 6: KarP93 (big blind) folded on the Turn



PokerStars Hand #254292398143:  Hold'em No Limit ($0.50/$1.00 USD) - 2025/01/10 9:00:11 WET [2025/01/10 4:00:11 ET]
Table 'Boda II' 6-max Seat #5 is the button
Seat 1: jeffy27dt1 ($106.22 in chips) 
Seat 5: 50CandyJoe ($100 in chips) 
Seat 6: KarP93 ($133.38 in chips) 
KarP93: posts small blind $0.50
jeffy27dt1: posts big blind $1
*** HOLE CARDS ***
50CandyJoe: raises $1.50 to $2.50
KarP93: folds 
jeffy27dt1: calls $1.50
*** FLOP *** [Qd Ah 7c]
jeffy27dt1: checks 
50CandyJoe: bets $5.22
jeffy27dt1: folds 
Uncalled bet ($5.22) returned to 50CandyJoe
50CandyJoe collected $5.22 from pot
50CandyJoe: doesn't show hand 
*** SUMMARY ***
Total pot $5.50 | Rake $0.28 
Board [Qd Ah 7c]
Seat 1: jeffy27dt1 (big blind) folded on the Flop
Seat 5: 50CandyJoe (button) collected ($5.22)
Seat 6: KarP93 (small blind) folded before Flop



PokerStars Hand #254292400717:  Hold'em No Limit ($0.50/$1.00 USD) - 2025/01/10 9:00:41 WET [2025/01/10 4:00:41 ET]
Table 'Boda II' 6-max Seat #6 is the button
Seat 1: jeffy27dt1 ($103.72 in chips) 
Seat 5: 50CandyJoe ($102.72 in chips) 
Seat 6: KarP93 ($132.88 in chips) 
jeffy27dt1: posts small blind $0.50
50CandyJoe: posts big blind $1
*** HOLE CARDS ***
KarP93: raises $1.50 to $2.50
jeffy27dt1: folds 
50CandyJoe: folds 
Uncalled bet ($1.50) returned to KarP93
KarP93 collected $2.50 from pot
KarP93: doesn't show hand 
*** SUMMARY ***
Total pot $2.50 | Rake $0 
Seat 1: jeffy27dt1 (small blind) folded before Flop
Seat 5: 50CandyJoe (big blind) folded before Flop
Seat 6: KarP93 (button) collected ($2.50)



PokerStars Hand #254292401646:  Hold'em No Limit ($0.50/$1.00 USD) - 2025/01/10 9:00:52 WET [2025/01/10 4:00:52 ET]
Table 'Boda II' 6-max Seat #1 is the button
Seat 1: jeffy27dt1 ($103.22 in chips) 
Seat 5: 50CandyJoe ($101.72 in chips) 
Seat 6: KarP93 ($134.38 in chips) 
50CandyJoe: posts small blind $0.50
KarP93: posts big blind $1
*** HOLE CARDS ***
jeffy27dt1: folds 
50CandyJoe: folds 
Uncalled bet ($0.50) returned to KarP93
KarP93 collected $1 from pot
KarP93: doesn't show hand 
*** SUMMARY ***
Total pot $1 | Rake $0 
Seat 1: jeffy27dt1 (button) folded before Flop (didn't bet)
Seat 5: 50CandyJoe (small blind) folded before Flop
Seat 6: KarP93 (big blind) collected ($1)



PokerStars Hand #254292402454:  Hold'em No Limit ($0.50/$1.00 USD) - 2025/01/10 9:01:01 WET [2025/01/10 4:01:01 ET]
Table 'Boda II' 6-max Seat #5 is the button
Seat 1: jeffy27dt1 ($103.22 in chips) 
Seat 5: 50CandyJoe ($101.22 in chips) 
Seat 6: KarP93 ($134.88 in chips) 
KarP93: posts small blind $0.50
jeffy27dt1: posts big blind $1
*** HOLE CARDS ***
50CandyJoe: folds 
KarP93: raises $2 to $3
jeffy27dt1: raises $7 to $10
KarP93: folds 
Uncalled bet ($7) returned to jeffy27dt1
jeffy27dt1 collected $6 from pot
jeffy27dt1: doesn't show hand 
*** SUMMARY ***
Total pot $6 | Rake $0 
Seat 1: jeffy27dt1 (big blind) collected ($6)
Seat 5: 50CandyJoe (button) folded before Flop (didn't bet)
Seat 6: KarP93 (small blind) folded before Flop



PokerStars Hand #254292405152:  Hold'em No Limit ($0.50/$1.00 USD) - 2025/01/10 9:01:30 WET [2025/01/10 4:01:30 ET]
Table 'Boda II' 6-max Seat #6 is the button
Seat 1: jeffy27dt1 ($106.22 in chips) 
Seat 5: 50CandyJoe ($101.22 in chips) 
Seat 6: KarP93 ($131.88 in chips) 
jeffy27dt1: posts small blind $0.50
50CandyJoe: posts big blind $1
*** HOLE CARDS ***
KarP93: folds 
jeffy27dt1: folds 
Uncalled bet ($0.50) returned to 50CandyJoe
50CandyJoe collected $1 from pot
50CandyJoe: doesn't show hand 
*** SUMMARY ***
Total pot $1 | Rake $0 
Seat 1: jeffy27dt1 (small blind) folded before Flop
Seat 5: 50CandyJoe (big blind) collected ($1)
Seat 6: KarP93 (button) folded before Flop (didn't bet)



PokerStars Hand #254292405932:  Hold'em No Limit ($0.50/$1.00 USD) - 2025/01/10 9:01:39 WET [2025/01/10 4:01:39 ET]
Table 'Boda II' 6-max Seat #1 is the button
Seat 1: jeffy27dt1 ($105.72 in chips) 
Seat 5: 50CandyJoe ($101.72 in chips) 
Seat 6: KarP93 ($131.88 in chips) 
50CandyJoe: posts small blind $0.50
KarP93: posts big blind $1
*** HOLE CARDS ***
jeffy27dt1: folds 
50CandyJoe: raises $1.50 to $2.50
KarP93: calls $1.50
*** FLOP *** [5d Js 3h]
socito joins the table at seat #2 
50CandyJoe: bets $1.19
KarP93: calls $1.19
*** TURN *** [5d Js 3h] [3c]
50CandyJoe: checks 
KarP93: checks 
*** RIVER *** [5d Js 3h 3c] [Ah]
50CandyJoe: bets $7.01
KarP93: folds 
Uncalled bet ($7.01) returned to 50CandyJoe
50CandyJoe collected $7.01 from pot
50CandyJoe: doesn't show hand 
*** SUMMARY ***
Total pot $7.38 | Rake $0.37 
Board [5d Js 3h 3c Ah]
Seat 1: jeffy27dt1 (button) folded before Flop (didn't bet)
Seat 5: 50CandyJoe (small blind) collected ($7.01)
Seat 6: KarP93 (big blind) folded on the River



PokerStars Hand #254292415043:  Hold'em No Limit ($0.50/$1.00 USD) - 2025/01/10 9:03:16 WET [2025/01/10 4:03:16 ET]
Table 'Boda II' 6-max Seat #5 is the button
Seat 2: socito ($104 in chips) is sitting out
Seat 1: jeffy27dt1 ($105.72 in chips) 
Seat 5: 50CandyJoe ($105.04 in chips) 
Seat 6: KarP93 ($128.19 in chips) 
KarP93: posts small blind $0.50
jeffy27dt1: posts big blind $1
*** HOLE CARDS ***
50CandyJoe: raises $1.50 to $2.50
KarP93: folds 
jeffy27dt1: calls $1.50
*** FLOP *** [3d 9d Qh]
jeffy27dt1: checks 
50CandyJoe: checks 
*** TURN *** [3d 9d Qh] [7c]
jeffy27dt1: checks 
50CandyJoe: checks 
*** RIVER *** [3d 9d Qh 7c] [2c]
jeffy27dt1: checks 
50CandyJoe: checks 
*** SHOW DOWN ***
jeffy27dt1: shows [5c 5h] (a pair of Fives)
50CandyJoe: mucks hand 
jeffy27dt1 collected $5.22 from pot
*** SUMMARY ***
Total pot $5.50 | Rake $0.28 
Board [3d 9d Qh 7c 2c]
Seat 2: socito
Seat 1: jeffy27dt1 (big blind) showed [5c 5h] and won ($5.22) with a pair of Fives
Seat 5: 50CandyJoe (button) mucked
Seat 6: KarP93 (small blind) folded before Flop



PokerStars Hand #254292421648:  Hold'em No Limit ($0.50/$1.00 USD) - 2025/01/10 9:04:26 WET [2025/01/10 4:04:26 ET]
Table 'Boda II' 6-max Seat #6 is the button
Seat 2: socito ($104 in chips) is sitting out
Seat 1: jeffy27dt1 ($108.44 in chips) 
Seat 5: 50CandyJoe ($102.54 in chips) 
Seat 6: KarP93 ($127.69 in chips) 
jeffy27dt1: posts small blind $0.50
50CandyJoe: posts big blind $1
*** HOLE CARDS ***
KarP93: raises $1.50 to $2.50
jeffy27dt1: folds 
50CandyJoe: folds 
Uncalled bet ($1.50) returned to KarP93
KarP93 collected $2.50 from pot
KarP93: doesn't show hand 
*** SUMMARY ***
Total pot $2.50 | Rake $0 
Seat 2: socito
Seat 1: jeffy27dt1 (small blind) folded before Flop
Seat 5: 50CandyJoe (big blind) folded before Flop
Seat 6: KarP93 (button) collected ($2.50)



PokerStars Hand #254292423282:  Hold'em No Limit ($0.50/$1.00 USD) - 2025/01/10 9:04:43 WET [2025/01/10 4:04:43 ET]
Table 'Boda II' 6-max Seat #5 is the button
Seat 2: socito ($104 in chips) is sitting out
Seat 6: KarP93 ($129.19 in chips) is sitting out
Seat 1: jeffy27dt1 ($107.94 in chips) 
Seat 5: 50CandyJoe ($101.54 in chips) 
50CandyJoe: posts small blind $0.50
KarP93: is sitting out 
jeffy27dt1: posts big blind $1
*** HOLE CARDS ***
50CandyJoe: raises $1.20 to $2.20
jeffy27dt1: raises $7.80 to $10
50CandyJoe: folds 
Uncalled bet ($7.80) returned to jeffy27dt1
jeffy27dt1 collected $4.40 from pot
jeffy27dt1: doesn't show hand 
*** SUMMARY ***
Total pot $4.40 | Rake $0 
Seat 2: socito
Seat 6: KarP93
Seat 1: jeffy27dt1 (big blind) collected ($4.40)
Seat 5: 50CandyJoe (button) (small blind) folded before Flop



PokerStars Hand #254292424808:  Hold'em No Limit ($0.50/$1.00 USD) - 2025/01/10 9:04:59 WET [2025/01/10 4:04:59 ET]
Table 'Boda II' 6-max Seat #1 is the button
Seat 2: socito ($104 in chips) is sitting out
Seat 6: KarP93 ($129.19 in chips) is sitting out
Seat 1: jeffy27dt1 ($110.14 in chips) 
Seat 5: 50CandyJoe ($100 in chips) 
jeffy27dt1: posts small blind $0.50
50CandyJoe: posts big blind $1
*** HOLE CARDS ***
jeffy27dt1: raises $1.50 to $2.50
50CandyJoe: folds 
Uncalled bet ($1.50) returned to jeffy27dt1
jeffy27dt1 collected $2 from pot
jeffy27dt1: doesn't show hand 
*** SUMMARY ***
Total pot $2 | Rake $0 
Seat 2: socito
Seat 6: KarP93
Seat 1: jeffy27dt1 (button) (small blind) collected ($2)
Seat 5: 50CandyJoe (big blind) folded before Flop



PokerStars Hand #254292426594:  Hold'em No Limit ($0.50/$1.00 USD) - 2025/01/10 9:05:19 WET [2025/01/10 4:05:19 ET]
Table 'Boda II' 6-max Seat #5 is the button
Seat 2: socito ($104 in chips) is sitting out
Seat 6: KarP93 ($129.19 in chips) is sitting out
Seat 1: jeffy27dt1 ($111.14 in chips) 
Seat 5: 50CandyJoe ($100 in chips) 
50CandyJoe: posts small blind $0.50
jeffy27dt1: posts big blind $1
*** HOLE CARDS ***
50CandyJoe: folds 
Uncalled bet ($0.50) returned to jeffy27dt1
jeffy27dt1 collected $1 from pot
jeffy27dt1: doesn't show hand 
KarP93 leaves the table
*** SUMMARY ***
Total pot $1 | Rake $0 
Seat 2: socito
Seat 6: KarP93
Seat 1: jeffy27dt1 (big blind) collected ($1)
Seat 5: 50CandyJoe (button) (small blind) folded before Flop



PokerStars Hand #254292427095:  Hold'em No Limit ($0.50/$1.00 USD) - 2025/01/10 9:05:24 WET [2025/01/10 4:05:24 ET]
Table 'Boda II' 6-max Seat #1 is the button
Seat 2: socito ($104 in chips) is sitting out
Seat 1: jeffy27dt1 ($111.64 in chips) 
Seat 5: 50CandyJoe ($100 in chips) 
jeffy27dt1: posts small blind $0.50
50CandyJoe: posts big blind $1
*** HOLE CARDS ***
jeffy27dt1: folds 
Uncalled bet ($0.50) returned to 50CandyJoe
50CandyJoe collected $1 from pot
50CandyJoe: doesn't show hand 
*** SUMMARY ***
Total pot $1 | Rake $0 
Seat 2: socito
Seat 1: jeffy27dt1 (button) (small blind) folded before Flop
Seat 5: 50CandyJoe (big blind) collected ($1)



