PokerStars Hand #254305207964:  Hold'em No Limit ($0.50/$1.00 USD) - 2025/01/10 0:28:35 WET [2025/01/10 19:28:35 ET]
Table 'Herero II' 6-max Seat #2 is the button
Seat 4: m0nTTu ($10 in chips) is sitting out
Seat 1: Manifestorr ($100 in chips) 
Seat 2: steepfell ($100 in chips) 
Seat 6: rom spade ($11.80 in chips) 
rom spade: posts small blind $0.50
Manifestorr: posts big blind $1
*** HOLE CARDS ***
steepfell: folds 
rom spade: raises $1 to $2
m0nTTu leaves the table
m0nTTu joins the table at seat #3 
Manifestorr: calls $1
*** FLOP *** [2s 6s 5d]
rom spade: bets $9.80 and is all-in
Manifestorr: calls $9.80
*** TURN *** [2s 6s 5d] [9h]
*** RIVER *** [2s 6s 5d 9h] [7d]
*** SHOW DOWN ***
rom spade: shows [4h Ad] (high card Ace)
Manifestorr: shows [8h 8d] (a straight, Five to Nine)
Manifestorr collected $22.60 from pot
*** SUMMARY ***
Total pot $23.60 | Rake $1 
Board [2s 6s 5d 9h 7d]
Seat 4: m0nTTu
Seat 1: Manifestorr (big blind) showed [8h 8d] and won ($22.60) with a straight, Five to Nine
Seat 2: steepfell (button) folded before Flop (didn't bet)
Seat 6: rom spade (small blind) showed [4h Ad] and lost with high card Ace



PokerStars Hand #254305219649:  Hold'em No Limit ($0.50/$1.00 USD) - 2025/01/10 0:29:23 WET [2025/01/10 19:29:23 ET]
Table 'Herero II' 6-max Seat #1 is the button
Seat 6: rom spade ($0 in chips) is sitting out
Seat 1: Manifestorr ($110.80 in chips) 
Seat 2: steepfell ($100 in chips) 
Seat 3: m0nTTu ($10 in chips) 
steepfell: posts small blind $0.50
m0nTTu: posts big blind $1
*** HOLE CARDS ***
Manifestorr: folds 
steepfell: folds 
Uncalled bet ($0.50) returned to m0nTTu
m0nTTu collected $1 from pot
m0nTTu: doesn't show hand 
*** SUMMARY ***
Total pot $1 | Rake $0 
Seat 6: rom spade
Seat 1: Manifestorr (button) folded before Flop (didn't bet)
Seat 2: steepfell (small blind) folded before Flop
Seat 3: m0nTTu (big blind) collected ($1)



PokerStars Hand #254305223550:  Hold'em No Limit ($0.50/$1.00 USD) - 2025/01/10 0:29:39 WET [2025/01/10 19:29:39 ET]
Table 'Herero II' 6-max Seat #2 is the button
Seat 6: rom spade ($0 in chips) is sitting out
Seat 1: Manifestorr ($110.80 in chips) 
Seat 2: steepfell ($100 in chips) 
Seat 3: m0nTTu ($10.50 in chips) 
m0nTTu: posts small blind $0.50
Manifestorr: posts big blind $1
*** HOLE CARDS ***
steepfell: folds 
m0nTTu: raises $9.50 to $10.50 and is all-in
rom spade is disconnected 
Manifestorr: folds 
Uncalled bet ($9.50) returned to m0nTTu
m0nTTu collected $2 from pot
m0nTTu: doesn't show hand 
*** SUMMARY ***
Total pot $2 | Rake $0 
Seat 6: rom spade
Seat 1: Manifestorr (big blind) folded before Flop
Seat 2: steepfell (button) folded before Flop (didn't bet)
Seat 3: m0nTTu (small blind) collected ($2)



PokerStars Hand #254305227021:  Hold'em No Limit ($0.50/$1.00 USD) - 2025/01/10 0:29:53 WET [2025/01/10 19:29:53 ET]
Table 'Herero II' 6-max Seat #1 is the button
Seat 2: steepfell ($100 in chips) is sitting out
Seat 6: rom spade ($0 in chips) is sitting out
Seat 1: Manifestorr ($109.80 in chips) 
Seat 3: m0nTTu ($11.50 in chips) 
Manifestorr: posts small blind $0.50
steepfell: is sitting out 
m0nTTu: posts big blind $1
*** HOLE CARDS ***
steepfell leaves the table
Manifestorr: folds 
Uncalled bet ($0.50) returned to m0nTTu
m0nTTu collected $1 from pot
Manifestorr leaves the table
m0nTTu: doesn't show hand 
*** SUMMARY ***
Total pot $1 | Rake $0 
Seat 2: steepfell
Seat 6: rom spade
Seat 1: Manifestorr (button) (small blind) folded before Flop
Seat 3: m0nTTu (big blind) collected ($1)



