PokerStars Hand #254298708920:  Hold'em No Limit ($0.50/$1.00 USD) - 2025/01/10 18:36:46 WET [2025/01/10 13:36:46 ET]
Table 'Hirayama II' 6-max Seat #3 is the button
Seat 1: PayTaxOrDie ($100 in chips) 
Seat 3: MAO_DZEDYN_S ($100 in chips) 
Seat 5: EyzRED ($100 in chips) 
EyzRED: posts small blind $0.50
PayTaxOrDie: posts big blind $1
*** HOLE CARDS ***
MAO_DZEDYN_S: folds 
EyzRED: folds 
Uncalled bet ($0.50) returned to PayTaxOrDie
PayTaxOrDie collected $1 from pot
PayTaxOrDie: doesn't show hand 
*** SUMMARY ***
Total pot $1 | Rake $0 
Seat 1: PayTaxOrDie (big blind) collected ($1)
Seat 3: MAO_DZEDYN_S (button) folded before Flop (didn't bet)
Seat 5: EyzRED (small blind) folded before Flop



PokerStars Hand #254298711690:  Hold'em No Limit ($0.50/$1.00 USD) - 2025/01/10 18:36:55 WET [2025/01/10 13:36:55 ET]
Table 'Hirayama II' 6-max Seat #5 is the button
Seat 1: PayTaxOrDie ($100.50 in chips) 
Seat 3: MAO_DZEDYN_S ($100 in chips) 
Seat 5: EyzRED ($100 in chips) 
PayTaxOrDie: posts small blind $0.50
MAO_DZEDYN_S: posts big blind $1
*** HOLE CARDS ***
EyzRED: folds 
PayTaxOrDie: folds 
Uncalled bet ($0.50) returned to MAO_DZEDYN_S
MAO_DZEDYN_S collected $1 from pot
MAO_DZEDYN_S: doesn't show hand 
*** SUMMARY ***
Total pot $1 | Rake $0 
Seat 1: PayTaxOrDie (small blind) folded before Flop
Seat 3: MAO_DZEDYN_S (big blind) collected ($1)
Seat 5: EyzRED (button) folded before Flop (didn't bet)



PokerStars Hand #254298714658:  Hold'em No Limit ($0.50/$1.00 USD) - 2025/01/10 18:37:05 WET [2025/01/10 13:37:05 ET]
Table 'Hirayama II' 6-max Seat #1 is the button
Seat 1: PayTaxOrDie ($100 in chips) 
Seat 3: MAO_DZEDYN_S ($100.50 in chips) 
Seat 5: EyzRED ($100 in chips) 
MAO_DZEDYN_S: posts small blind $0.50
EyzRED: posts big blind $1
*** HOLE CARDS ***
PayTaxOrDie: raises $1.50 to $2.50
MAO_DZEDYN_S: folds 
EyzRED: folds 
Uncalled bet ($1.50) returned to PayTaxOrDie
PayTaxOrDie collected $2.50 from pot
PayTaxOrDie: doesn't show hand 
*** SUMMARY ***
Total pot $2.50 | Rake $0 
Seat 1: PayTaxOrDie (button) collected ($2.50)
Seat 3: MAO_DZEDYN_S (small blind) folded before Flop
Seat 5: EyzRED (big blind) folded before Flop



PokerStars Hand #254298720686:  Hold'em No Limit ($0.50/$1.00 USD) - 2025/01/10 18:37:24 WET [2025/01/10 13:37:24 ET]
Table 'Hirayama II' 6-max Seat #3 is the button
Seat 1: PayTaxOrDie ($101.50 in chips) 
Seat 3: MAO_DZEDYN_S ($100 in chips) 
Seat 5: EyzRED ($100 in chips) 
EyzRED: posts small blind $0.50
PayTaxOrDie: posts big blind $1
*** HOLE CARDS ***
MAO_DZEDYN_S: raises $1.50 to $2.50
EyzRED: raises $7.50 to $10
PayTaxOrDie: folds 
MAO_DZEDYN_S: calls $7.50
*** FLOP *** [3d 2c 4s]
EyzRED: checks 
MAO_DZEDYN_S: bets $4.80
EyzRED: calls $4.80
*** TURN *** [3d 2c 4s] [As]
EyzRED: checks 
MAO_DZEDYN_S: checks 
*** RIVER *** [3d 2c 4s As] [Ks]
EyzRED: bets $8.58
MAO_DZEDYN_S: folds 
Uncalled bet ($8.58) returned to EyzRED
EyzRED collected $29.60 from pot
EyzRED: doesn't show hand 
*** SUMMARY ***
Total pot $30.60 | Rake $1 
Board [3d 2c 4s As Ks]
Seat 1: PayTaxOrDie (big blind) folded before Flop
Seat 3: MAO_DZEDYN_S (button) folded on the River
Seat 5: EyzRED (small blind) collected ($29.60)



PokerStars Hand #254298753595:  Hold'em No Limit ($0.50/$1.00 USD) - 2025/01/10 18:39:10 WET [2025/01/10 13:39:10 ET]
Table 'Hirayama II' 6-max Seat #5 is the button
Seat 1: PayTaxOrDie ($100.50 in chips) 
Seat 3: MAO_DZEDYN_S ($100 in chips) 
Seat 5: EyzRED ($114.80 in chips) 
PayTaxOrDie: posts small blind $0.50
MAO_DZEDYN_S: posts big blind $1
*** HOLE CARDS ***
gerry55709 joins the table at seat #2 
worker0k joins the table at seat #6 
EyzRED: folds 
PayTaxOrDie: folds 
Uncalled bet ($0.50) returned to MAO_DZEDYN_S
Gfoer joins the table at seat #4 
MAO_DZEDYN_S collected $1 from pot
MAO_DZEDYN_S: doesn't show hand 
*** SUMMARY ***
Total pot $1 | Rake $0 
Seat 1: PayTaxOrDie (small blind) folded before Flop
Seat 3: MAO_DZEDYN_S (big blind) collected ($1)
Seat 5: EyzRED (button) folded before Flop (didn't bet)



PokerStars Hand #254298756019:  Hold'em No Limit ($0.50/$1.00 USD) - 2025/01/10 18:39:18 WET [2025/01/10 13:39:18 ET]
Table 'Hirayama II' 6-max Seat #1 is the button
Seat 2: gerry55709 ($40 in chips) is sitting out
Seat 6: worker0k ($100 in chips) is sitting out
Seat 1: PayTaxOrDie ($100 in chips) 
Seat 3: MAO_DZEDYN_S ($100.50 in chips) 
Seat 4: Gfoer ($100 in chips) 
Seat 5: EyzRED ($114.80 in chips) 
MAO_DZEDYN_S: posts small blind $0.50
Gfoer: posts big blind $1
worker0k: sits out 
*** HOLE CARDS ***
EyzRED: folds 
PayTaxOrDie: raises $1.50 to $2.50
MAO_DZEDYN_S: folds 
Gfoer: raises $10 to $12.50
PayTaxOrDie: folds 
Uncalled bet ($10) returned to Gfoer
Gfoer collected $5.50 from pot
Gfoer: doesn't show hand 
*** SUMMARY ***
Total pot $5.50 | Rake $0 
Seat 2: gerry55709
Seat 6: worker0k
Seat 1: PayTaxOrDie (button) folded before Flop
Seat 3: MAO_DZEDYN_S (small blind) folded before Flop
Seat 4: Gfoer (big blind) collected ($5.50)
Seat 5: EyzRED folded before Flop (didn't bet)



PokerStars Hand #254298768743:  Hold'em No Limit ($0.50/$1.00 USD) - 2025/01/10 18:39:59 WET [2025/01/10 13:39:59 ET]
Table 'Hirayama II' 6-max Seat #3 is the button
Seat 6: worker0k ($100 in chips) is sitting out
Seat 1: PayTaxOrDie ($100 in chips) 
Seat 2: gerry55709 ($40 in chips) 
Seat 3: MAO_DZEDYN_S ($100 in chips) 
Seat 4: Gfoer ($103 in chips) 
Seat 5: EyzRED ($114.80 in chips) 
Gfoer: posts small blind $0.50
EyzRED: posts big blind $1
worker0k: sits out 
gerry55709: posts big blind $1
*** HOLE CARDS ***
PayTaxOrDie: folds 
gerry55709: checks 
MAO_DZEDYN_S: folds 
Gfoer: folds 
EyzRED: checks 
*** FLOP *** [4c 9s Ks]
EyzRED: checks 
gerry55709: checks 
*** TURN *** [4c 9s Ks] [8c]
EyzRED: checks 
gerry55709: checks 
*** RIVER *** [4c 9s Ks 8c] [2c]
EyzRED: checks 
gerry55709: bets $2.38
EyzRED: calls $2.38
*** SHOW DOWN ***
gerry55709: shows [3c Ts] (high card King)
EyzRED: shows [2s Tc] (a pair of Deuces)
EyzRED collected $6.90 from pot
*** SUMMARY ***
Total pot $7.26 | Rake $0.36 
Board [4c 9s Ks 8c 2c]
Seat 6: worker0k
Seat 1: PayTaxOrDie folded before Flop (didn't bet)
Seat 2: gerry55709 showed [3c Ts] and lost with high card King
Seat 3: MAO_DZEDYN_S (button) folded before Flop (didn't bet)
Seat 4: Gfoer (small blind) folded before Flop
Seat 5: EyzRED (big blind) showed [2s Tc] and won ($6.90) with a pair of Deuces



PokerStars Hand #254298782591:  Hold'em No Limit ($0.50/$1.00 USD) - 2025/01/10 18:40:43 WET [2025/01/10 13:40:43 ET]
Table 'Hirayama II' 6-max Seat #4 is the button
Seat 1: PayTaxOrDie ($100 in chips) 
Seat 2: gerry55709 ($36.62 in chips) 
Seat 3: MAO_DZEDYN_S ($100 in chips) 
Seat 4: Gfoer ($102.50 in chips) 
Seat 5: EyzRED ($118.32 in chips) 
Seat 6: worker0k ($100 in chips) 
EyzRED: posts small blind $0.50
worker0k: posts big blind $1
*** HOLE CARDS ***
PayTaxOrDie: folds 
gerry55709: calls $1
MAO_DZEDYN_S: raises $2.50 to $3.50
Gfoer: folds 
EyzRED: folds 
worker0k: folds 
gerry55709: calls $2.50
*** FLOP *** [6h 3h 9s]
gerry55709: checks 
MAO_DZEDYN_S: bets $2.42
gerry55709: raises $30.70 to $33.12 and is all-in
MAO_DZEDYN_S: folds 
Uncalled bet ($30.70) returned to gerry55709
gerry55709 collected $12.67 from pot
gerry55709: doesn't show hand 
*** SUMMARY ***
Total pot $13.34 | Rake $0.67 
Board [6h 3h 9s]
Seat 1: PayTaxOrDie folded before Flop (didn't bet)
Seat 2: gerry55709 collected ($12.67)
Seat 3: MAO_DZEDYN_S folded on the Flop
Seat 4: Gfoer (button) folded before Flop (didn't bet)
Seat 5: EyzRED (small blind) folded before Flop
Seat 6: worker0k (big blind) folded before Flop



PokerStars Hand #254298801603:  Hold'em No Limit ($0.50/$1.00 USD) - 2025/01/10 18:41:45 WET [2025/01/10 13:41:45 ET]
Table 'Hirayama II' 6-max Seat #5 is the button
Seat 1: PayTaxOrDie ($100 in chips) 
Seat 2: gerry55709 ($43.37 in chips) 
Seat 3: MAO_DZEDYN_S ($100 in chips) 
Seat 4: Gfoer ($102.50 in chips) 
Seat 5: EyzRED ($117.82 in chips) 
Seat 6: worker0k ($100 in chips) 
worker0k: posts small blind $0.50
PayTaxOrDie: posts big blind $1
*** HOLE CARDS ***
gerry55709: raises $2 to $3
MAO_DZEDYN_S: folds 
Gfoer: folds 
EyzRED: folds 
worker0k: folds 
PayTaxOrDie: folds 
Uncalled bet ($2) returned to gerry55709
gerry55709 collected $2.50 from pot
gerry55709: doesn't show hand 
*** SUMMARY ***
Total pot $2.50 | Rake $0 
Seat 1: PayTaxOrDie (big blind) folded before Flop
Seat 2: gerry55709 collected ($2.50)
Seat 3: MAO_DZEDYN_S folded before Flop (didn't bet)
Seat 4: Gfoer folded before Flop (didn't bet)
Seat 5: EyzRED (button) folded before Flop (didn't bet)
Seat 6: worker0k (small blind) folded before Flop



PokerStars Hand #254298805826:  Hold'em No Limit ($0.50/$1.00 USD) - 2025/01/10 18:41:58 WET [2025/01/10 13:41:58 ET]
Table 'Hirayama II' 6-max Seat #6 is the button
Seat 1: PayTaxOrDie ($100 in chips) 
Seat 2: gerry55709 ($44.87 in chips) 
Seat 3: MAO_DZEDYN_S ($100 in chips) 
Seat 4: Gfoer ($102.50 in chips) 
Seat 5: EyzRED ($117.82 in chips) 
Seat 6: worker0k ($100 in chips) 
PayTaxOrDie: posts small blind $0.50
gerry55709: posts big blind $1
*** HOLE CARDS ***
MAO_DZEDYN_S: raises $1.25 to $2.25
Gfoer: folds 
EyzRED: raises $5.25 to $7.50
worker0k: folds 
PayTaxOrDie: folds 
gerry55709: folds 
MAO_DZEDYN_S: folds 
Uncalled bet ($5.25) returned to EyzRED
EyzRED collected $6 from pot
EyzRED: doesn't show hand 
*** SUMMARY ***
Total pot $6 | Rake $0 
Seat 1: PayTaxOrDie (small blind) folded before Flop
Seat 2: gerry55709 (big blind) folded before Flop
Seat 3: MAO_DZEDYN_S folded before Flop
Seat 4: Gfoer folded before Flop (didn't bet)
Seat 5: EyzRED collected ($6)
Seat 6: worker0k (button) folded before Flop (didn't bet)



PokerStars Hand #254298819409:  Hold'em No Limit ($0.50/$1.00 USD) - 2025/01/10 18:42:43 WET [2025/01/10 13:42:43 ET]
Table 'Hirayama II' 6-max Seat #1 is the button
Seat 1: PayTaxOrDie ($100 in chips) 
Seat 2: gerry55709 ($43.87 in chips) 
Seat 3: MAO_DZEDYN_S ($100 in chips) 
Seat 4: Gfoer ($102.50 in chips) 
Seat 5: EyzRED ($121.57 in chips) 
Seat 6: worker0k ($100 in chips) 
gerry55709: posts small blind $0.50
MAO_DZEDYN_S: posts big blind $1
*** HOLE CARDS ***
Gfoer: folds 
EyzRED: folds 
worker0k: folds 
PayTaxOrDie: raises $1.50 to $2.50
gerry55709: folds 
MAO_DZEDYN_S: calls $1.50
*** FLOP *** [Td Ad 6d]
MAO_DZEDYN_S: checks 
PayTaxOrDie: checks 
*** TURN *** [Td Ad 6d] [Tc]
MAO_DZEDYN_S: checks 
PayTaxOrDie: bets $2.09
MAO_DZEDYN_S: folds 
Uncalled bet ($2.09) returned to PayTaxOrDie
PayTaxOrDie collected $5.22 from pot
PayTaxOrDie: doesn't show hand 
*** SUMMARY ***
Total pot $5.50 | Rake $0.28 
Board [Td Ad 6d Tc]
Seat 1: PayTaxOrDie (button) collected ($5.22)
Seat 2: gerry55709 (small blind) folded before Flop
Seat 3: MAO_DZEDYN_S (big blind) folded on the Turn
Seat 4: Gfoer folded before Flop (didn't bet)
Seat 5: EyzRED folded before Flop (didn't bet)
Seat 6: worker0k folded before Flop (didn't bet)



PokerStars Hand #254298839402:  Hold'em No Limit ($0.50/$1.00 USD) - 2025/01/10 18:43:48 WET [2025/01/10 13:43:48 ET]
Table 'Hirayama II' 6-max Seat #2 is the button
Seat 1: PayTaxOrDie ($102.72 in chips) 
Seat 2: gerry55709 ($43.37 in chips) 
Seat 3: MAO_DZEDYN_S ($100 in chips) 
Seat 4: Gfoer ($102.50 in chips) 
Seat 5: EyzRED ($121.57 in chips) 
Seat 6: worker0k ($100 in chips) 
MAO_DZEDYN_S: posts small blind $0.50
Gfoer: posts big blind $1
*** HOLE CARDS ***
EyzRED: folds 
worker0k: folds 
PayTaxOrDie: folds 
gerry55709: folds 
MAO_DZEDYN_S: folds 
Uncalled bet ($0.50) returned to Gfoer
Gfoer collected $1 from pot
Gfoer: doesn't show hand 
*** SUMMARY ***
Total pot $1 | Rake $0 
Seat 1: PayTaxOrDie folded before Flop (didn't bet)
Seat 2: gerry55709 (button) folded before Flop (didn't bet)
Seat 3: MAO_DZEDYN_S (small blind) folded before Flop
Seat 4: Gfoer (big blind) collected ($1)
Seat 5: EyzRED folded before Flop (didn't bet)
Seat 6: worker0k folded before Flop (didn't bet)



PokerStars Hand #254298844509:  Hold'em No Limit ($0.50/$1.00 USD) - 2025/01/10 18:44:05 WET [2025/01/10 13:44:05 ET]
Table 'Hirayama II' 6-max Seat #3 is the button
Seat 1: PayTaxOrDie ($102.72 in chips) 
Seat 2: gerry55709 ($43.37 in chips) 
Seat 3: MAO_DZEDYN_S ($100 in chips) 
Seat 4: Gfoer ($103 in chips) 
Seat 5: EyzRED ($121.57 in chips) 
Seat 6: worker0k ($100 in chips) 
Gfoer: posts small blind $0.50
EyzRED: posts big blind $1
*** HOLE CARDS ***
worker0k: folds 
PayTaxOrDie: raises $1 to $2
gerry55709: folds 
MAO_DZEDYN_S: folds 
Gfoer: folds 
EyzRED: folds 
Uncalled bet ($1) returned to PayTaxOrDie
PayTaxOrDie collected $2.50 from pot
PayTaxOrDie: doesn't show hand 
*** SUMMARY ***
Total pot $2.50 | Rake $0 
Seat 1: PayTaxOrDie collected ($2.50)
Seat 2: gerry55709 folded before Flop (didn't bet)
Seat 3: MAO_DZEDYN_S (button) folded before Flop (didn't bet)
Seat 4: Gfoer (small blind) folded before Flop
Seat 5: EyzRED (big blind) folded before Flop
Seat 6: worker0k folded before Flop (didn't bet)



PokerStars Hand #254298849976:  Hold'em No Limit ($0.50/$1.00 USD) - 2025/01/10 18:44:22 WET [2025/01/10 13:44:22 ET]
Table 'Hirayama II' 6-max Seat #4 is the button
Seat 1: PayTaxOrDie ($104.22 in chips) 
Seat 2: gerry55709 ($43.37 in chips) 
Seat 3: MAO_DZEDYN_S ($100 in chips) 
Seat 4: Gfoer ($102.50 in chips) 
Seat 5: EyzRED ($120.57 in chips) 
Seat 6: worker0k ($100 in chips) 
EyzRED: posts small blind $0.50
worker0k: posts big blind $1
*** HOLE CARDS ***
PayTaxOrDie: folds 
gerry55709: folds 
MAO_DZEDYN_S: raises $1.25 to $2.25
Gfoer: folds 
EyzRED: folds 
worker0k: folds 
Uncalled bet ($1.25) returned to MAO_DZEDYN_S
MAO_DZEDYN_S collected $2.50 from pot
MAO_DZEDYN_S: doesn't show hand 
*** SUMMARY ***
Total pot $2.50 | Rake $0 
Seat 1: PayTaxOrDie folded before Flop (didn't bet)
Seat 2: gerry55709 folded before Flop (didn't bet)
Seat 3: MAO_DZEDYN_S collected ($2.50)
Seat 4: Gfoer (button) folded before Flop (didn't bet)
Seat 5: EyzRED (small blind) folded before Flop
Seat 6: worker0k (big blind) folded before Flop



PokerStars Hand #254298854989:  Hold'em No Limit ($0.50/$1.00 USD) - 2025/01/10 18:44:39 WET [2025/01/10 13:44:39 ET]
Table 'Hirayama II' 6-max Seat #5 is the button
Seat 1: PayTaxOrDie ($104.22 in chips) 
Seat 2: gerry55709 ($43.37 in chips) 
Seat 3: MAO_DZEDYN_S ($101.50 in chips) 
Seat 4: Gfoer ($102.50 in chips) 
Seat 5: EyzRED ($120.07 in chips) 
Seat 6: worker0k ($100 in chips) 
worker0k: posts small blind $0.50
PayTaxOrDie: posts big blind $1
*** HOLE CARDS ***
gerry55709: raises $1 to $2
MAO_DZEDYN_S: folds 
Gfoer: folds 
EyzRED: folds 
worker0k: folds 
PayTaxOrDie: folds 
Uncalled bet ($1) returned to gerry55709
gerry55709 collected $2.50 from pot
gerry55709: doesn't show hand 
*** SUMMARY ***
Total pot $2.50 | Rake $0 
Seat 1: PayTaxOrDie (big blind) folded before Flop
Seat 2: gerry55709 collected ($2.50)
Seat 3: MAO_DZEDYN_S folded before Flop (didn't bet)
Seat 4: Gfoer folded before Flop (didn't bet)
Seat 5: EyzRED (button) folded before Flop (didn't bet)
Seat 6: worker0k (small blind) folded before Flop



PokerStars Hand #254298860475:  Hold'em No Limit ($0.50/$1.00 USD) - 2025/01/10 18:44:56 WET [2025/01/10 13:44:56 ET]
Table 'Hirayama II' 6-max Seat #6 is the button
Seat 1: PayTaxOrDie ($103.22 in chips) 
Seat 2: gerry55709 ($44.87 in chips) 
Seat 3: MAO_DZEDYN_S ($101.50 in chips) 
Seat 4: Gfoer ($102.50 in chips) 
Seat 5: EyzRED ($120.07 in chips) 
Seat 6: worker0k ($100 in chips) 
PayTaxOrDie: posts small blind $0.50
gerry55709: posts big blind $1
*** HOLE CARDS ***
MAO_DZEDYN_S: folds 
Gfoer: folds 
EyzRED: folds 
worker0k: raises $1 to $2
PayTaxOrDie: folds 
gerry55709: calls $1
*** FLOP *** [Js Ts Kc]
gerry55709: checks 
worker0k: checks 
*** TURN *** [Js Ts Kc] [Qd]
gerry55709: checks 
worker0k: bets $2.78
gerry55709: folds 
Uncalled bet ($2.78) returned to worker0k
worker0k collected $4.28 from pot
worker0k: shows [7h]
*** SUMMARY ***
Total pot $4.50 | Rake $0.22 
Board [Js Ts Kc Qd]
Seat 1: PayTaxOrDie (small blind) folded before Flop
Seat 2: gerry55709 (big blind) folded on the Turn
Seat 3: MAO_DZEDYN_S folded before Flop (didn't bet)
Seat 4: Gfoer folded before Flop (didn't bet)
Seat 5: EyzRED folded before Flop (didn't bet)
Seat 6: worker0k (button) collected ($4.28)



PokerStars Hand #254298869298:  Hold'em No Limit ($0.50/$1.00 USD) - 2025/01/10 18:45:25 WET [2025/01/10 13:45:25 ET]
Table 'Hirayama II' 6-max Seat #1 is the button
Seat 1: PayTaxOrDie ($102.72 in chips) 
Seat 2: gerry55709 ($42.87 in chips) 
Seat 3: MAO_DZEDYN_S ($101.50 in chips) 
Seat 4: Gfoer ($102.50 in chips) 
Seat 5: EyzRED ($120.07 in chips) 
Seat 6: worker0k ($102.28 in chips) 
gerry55709: posts small blind $0.50
MAO_DZEDYN_S: posts big blind $1
*** HOLE CARDS ***
Gfoer: folds 
EyzRED: folds 
worker0k: folds 
PayTaxOrDie: folds 
gerry55709: raises $1 to $2
MAO_DZEDYN_S: calls $1
*** FLOP *** [Jc 9d 8s]
gerry55709: checks 
MAO_DZEDYN_S: checks 
*** TURN *** [Jc 9d 8s] [8c]
gerry55709: checks 
MAO_DZEDYN_S: checks 
*** RIVER *** [Jc 9d 8s 8c] [Tc]
gerry55709: checks 
Gfoer leaves the table
MAO_DZEDYN_S: checks 
*** SHOW DOWN ***
gerry55709: shows [4d 5d] (a pair of Eights)
MAO_DZEDYN_S: shows [Ks 2h] (a pair of Eights - King kicker)
MAO_DZEDYN_S collected $3.80 from pot
*** SUMMARY ***
Total pot $4 | Rake $0.20 
Board [Jc 9d 8s 8c Tc]
Seat 1: PayTaxOrDie (button) folded before Flop (didn't bet)
Seat 2: gerry55709 (small blind) showed [4d 5d] and lost with a pair of Eights
Seat 3: MAO_DZEDYN_S (big blind) showed [Ks 2h] and won ($3.80) with a pair of Eights
Seat 4: Gfoer folded before Flop (didn't bet)
Seat 5: EyzRED folded before Flop (didn't bet)
Seat 6: worker0k folded before Flop (didn't bet)



PokerStars Hand #254298894596:  Hold'em No Limit ($0.50/$1.00 USD) - 2025/01/10 18:46:48 WET [2025/01/10 13:46:48 ET]
Table 'Hirayama II' 6-max Seat #2 is the button
Seat 1: PayTaxOrDie ($102.72 in chips) 
Seat 2: gerry55709 ($40.87 in chips) 
Seat 3: MAO_DZEDYN_S ($103.30 in chips) 
Seat 5: EyzRED ($120.07 in chips) 
Seat 6: worker0k ($102.28 in chips) 
MAO_DZEDYN_S: posts small blind $0.50
EyzRED: posts big blind $1
*** HOLE CARDS ***
worker0k: folds 
PayTaxOrDie: folds 
gerry55709: raises $2 to $3
MAO_DZEDYN_S: folds 
EyzRED: folds 
Uncalled bet ($2) returned to gerry55709
gerry55709 collected $2.50 from pot
gerry55709: doesn't show hand 
*** SUMMARY ***
Total pot $2.50 | Rake $0 
Seat 1: PayTaxOrDie folded before Flop (didn't bet)
Seat 2: gerry55709 (button) collected ($2.50)
Seat 3: MAO_DZEDYN_S (small blind) folded before Flop
Seat 5: EyzRED (big blind) folded before Flop
Seat 6: worker0k folded before Flop (didn't bet)



PokerStars Hand #254298898882:  Hold'em No Limit ($0.50/$1.00 USD) - 2025/01/10 18:47:02 WET [2025/01/10 13:47:02 ET]
Table 'Hirayama II' 6-max Seat #3 is the button
Seat 1: PayTaxOrDie ($102.72 in chips) 
Seat 2: gerry55709 ($42.37 in chips) 
Seat 3: MAO_DZEDYN_S ($102.80 in chips) 
Seat 5: EyzRED ($119.07 in chips) 
Seat 6: worker0k ($102.28 in chips) 
EyzRED: posts small blind $0.50
worker0k: posts big blind $1
*** HOLE CARDS ***
PayTaxOrDie: folds 
gerry55709: raises $1 to $2
MAO_DZEDYN_S: folds 
EyzRED: folds 
worker0k: folds 
Uncalled bet ($1) returned to gerry55709
gerry55709 collected $2.50 from pot
gerry55709: doesn't show hand 
*** SUMMARY ***
Total pot $2.50 | Rake $0 
Seat 1: PayTaxOrDie folded before Flop (didn't bet)
Seat 2: gerry55709 collected ($2.50)
Seat 3: MAO_DZEDYN_S (button) folded before Flop (didn't bet)
Seat 5: EyzRED (small blind) folded before Flop
Seat 6: worker0k (big blind) folded before Flop



PokerStars Hand #254298904073:  Hold'em No Limit ($0.50/$1.00 USD) - 2025/01/10 18:47:19 WET [2025/01/10 13:47:19 ET]
Table 'Hirayama II' 6-max Seat #5 is the button
Seat 1: PayTaxOrDie ($102.72 in chips) 
Seat 2: gerry55709 ($43.87 in chips) 
Seat 3: MAO_DZEDYN_S ($102.80 in chips) 
Seat 5: EyzRED ($118.57 in chips) 
Seat 6: worker0k ($101.28 in chips) 
worker0k: posts small blind $0.50
PayTaxOrDie: posts big blind $1
*** HOLE CARDS ***
gerry55709: folds 
MAO_DZEDYN_S: folds 
EyzRED: raises $1.50 to $2.50
worker0k: folds 
PayTaxOrDie: calls $1.50
*** FLOP *** [Ts 7h 3s]
PayTaxOrDie: checks 
Unipoker11 joins the table at seat #4 
EyzRED: bets $3.71
PayTaxOrDie: folds 
Uncalled bet ($3.71) returned to EyzRED
EyzRED collected $5.22 from pot
EyzRED: doesn't show hand 
*** SUMMARY ***
Total pot $5.50 | Rake $0.28 
Board [Ts 7h 3s]
Seat 1: PayTaxOrDie (big blind) folded on the Flop
Seat 2: gerry55709 folded before Flop (didn't bet)
Seat 3: MAO_DZEDYN_S folded before Flop (didn't bet)
Seat 5: EyzRED (button) collected ($5.22)
Seat 6: worker0k (small blind) folded before Flop



PokerStars Hand #254298913406:  Hold'em No Limit ($0.50/$1.00 USD) - 2025/01/10 18:47:49 WET [2025/01/10 13:47:49 ET]
Table 'Hirayama II' 6-max Seat #6 is the button
Seat 4: Unipoker11 ($100 in chips) is sitting out
Seat 1: PayTaxOrDie ($100.22 in chips) 
Seat 2: gerry55709 ($43.87 in chips) 
Seat 3: MAO_DZEDYN_S ($102.80 in chips) 
Seat 5: EyzRED ($121.29 in chips) 
Seat 6: worker0k ($100.78 in chips) 
PayTaxOrDie: posts small blind $0.50
gerry55709: posts big blind $1
Unipoker11: sits out 
*** HOLE CARDS ***
MAO_DZEDYN_S: folds 
EyzRED: folds 
worker0k: folds 
PayTaxOrDie: raises $2 to $3
gerry55709: calls $2
*** FLOP *** [As Kh 6h]
PayTaxOrDie: bets $6.61
gerry55709: folds 
Uncalled bet ($6.61) returned to PayTaxOrDie
PayTaxOrDie collected $5.70 from pot
PayTaxOrDie: doesn't show hand 
*** SUMMARY ***
Total pot $6 | Rake $0.30 
Board [As Kh 6h]
Seat 4: Unipoker11
Seat 1: PayTaxOrDie (small blind) collected ($5.70)
Seat 2: gerry55709 (big blind) folded on the Flop
Seat 3: MAO_DZEDYN_S folded before Flop (didn't bet)
Seat 5: EyzRED folded before Flop (didn't bet)
Seat 6: worker0k (button) folded before Flop (didn't bet)



PokerStars Hand #254298924145:  Hold'em No Limit ($0.50/$1.00 USD) - 2025/01/10 18:48:24 WET [2025/01/10 13:48:24 ET]
Table 'Hirayama II' 6-max Seat #1 is the button
Seat 4: Unipoker11 ($100 in chips) is sitting out
Seat 1: PayTaxOrDie ($102.92 in chips) 
Seat 2: gerry55709 ($40.87 in chips) 
Seat 3: MAO_DZEDYN_S ($102.80 in chips) 
Seat 5: EyzRED ($121.29 in chips) 
Seat 6: worker0k ($100.78 in chips) 
gerry55709: posts small blind $0.50
MAO_DZEDYN_S: posts big blind $1
Unipoker11: sits out 
*** HOLE CARDS ***
EyzRED: folds 
worker0k: folds 
PayTaxOrDie: raises $1.50 to $2.50
gerry55709: folds 
MAO_DZEDYN_S: calls $1.50
*** FLOP *** [8d 2d 3d]
MAO_DZEDYN_S: bets $1.57
PayTaxOrDie: calls $1.57
*** TURN *** [8d 2d 3d] [6h]
MAO_DZEDYN_S: checks 
PayTaxOrDie: bets $5.42
MAO_DZEDYN_S: folds 
Uncalled bet ($5.42) returned to PayTaxOrDie
PayTaxOrDie collected $8.21 from pot
PayTaxOrDie: doesn't show hand 
*** SUMMARY ***
Total pot $8.64 | Rake $0.43 
Board [8d 2d 3d 6h]
Seat 4: Unipoker11
Seat 1: PayTaxOrDie (button) collected ($8.21)
Seat 2: gerry55709 (small blind) folded before Flop
Seat 3: MAO_DZEDYN_S (big blind) folded on the Turn
Seat 5: EyzRED folded before Flop (didn't bet)
Seat 6: worker0k folded before Flop (didn't bet)



PokerStars Hand #254298947642:  Hold'em No Limit ($0.50/$1.00 USD) - 2025/01/10 18:49:42 WET [2025/01/10 13:49:42 ET]
Table 'Hirayama II' 6-max Seat #2 is the button
Seat 1: PayTaxOrDie ($107.06 in chips) 
Seat 2: gerry55709 ($40.37 in chips) 
Seat 3: MAO_DZEDYN_S ($100 in chips) 
Seat 4: Unipoker11 ($100 in chips) 
Seat 5: EyzRED ($121.29 in chips) 
Seat 6: worker0k ($100.78 in chips) 
MAO_DZEDYN_S: posts small blind $0.50
Unipoker11: posts big blind $1
*** HOLE CARDS ***
EyzRED: folds 
worker0k: folds 
PayTaxOrDie: folds 
gerry55709: raises $2 to $3
MAO_DZEDYN_S: raises $4.50 to $7.50
Unipoker11: folds 
gerry55709: raises $32.87 to $40.37 and is all-in
MAO_DZEDYN_S: folds 
Uncalled bet ($32.87) returned to gerry55709
gerry55709 collected $16 from pot
gerry55709: doesn't show hand 
*** SUMMARY ***
Total pot $16 | Rake $0 
Seat 1: PayTaxOrDie folded before Flop (didn't bet)
Seat 2: gerry55709 (button) collected ($16)
Seat 3: MAO_DZEDYN_S (small blind) folded before Flop
Seat 4: Unipoker11 (big blind) folded before Flop
Seat 5: EyzRED folded before Flop (didn't bet)
Seat 6: worker0k folded before Flop (didn't bet)



PokerStars Hand #254298959809:  Hold'em No Limit ($0.50/$1.00 USD) - 2025/01/10 18:50:22 WET [2025/01/10 13:50:22 ET]
Table 'Hirayama II' 6-max Seat #3 is the button
Seat 1: PayTaxOrDie ($107.06 in chips) 
Seat 2: gerry55709 ($48.87 in chips) 
Seat 3: MAO_DZEDYN_S ($100 in chips) 
Seat 4: Unipoker11 ($100 in chips) 
Seat 5: EyzRED ($121.29 in chips) 
Seat 6: worker0k ($100.78 in chips) 
Unipoker11: posts small blind $0.50
EyzRED: posts big blind $1
*** HOLE CARDS ***
worker0k: folds 
PayTaxOrDie: folds 
gerry55709: raises $1 to $2
MAO_DZEDYN_S: folds 
Unipoker11: folds 
EyzRED: calls $1
*** FLOP *** [2s 8s Ad]
EyzRED: checks 
gerry55709: bets $1
EyzRED: calls $1
*** TURN *** [2s 8s Ad] [8c]
EyzRED: checks 
gerry55709: bets $3.09
EyzRED: raises $5.91 to $9
gerry55709: calls $5.91
*** RIVER *** [2s 8s Ad 8c] [7h]
EyzRED: checks 
gerry55709: checks 
*** SHOW DOWN ***
EyzRED: shows [Ts Qh] (a pair of Eights)
gerry55709: shows [3d 3h] (two pair, Eights and Threes)
gerry55709 collected $23.28 from pot
*** SUMMARY ***
Total pot $24.50 | Rake $1.22 
Board [2s 8s Ad 8c 7h]
Seat 1: PayTaxOrDie folded before Flop (didn't bet)
Seat 2: gerry55709 showed [3d 3h] and won ($23.28) with two pair, Eights and Threes
Seat 3: MAO_DZEDYN_S (button) folded before Flop (didn't bet)
Seat 4: Unipoker11 (small blind) folded before Flop
Seat 5: EyzRED (big blind) showed [Ts Qh] and lost with a pair of Eights
Seat 6: worker0k folded before Flop (didn't bet)



PokerStars Hand #254298983325:  Hold'em No Limit ($0.50/$1.00 USD) - 2025/01/10 18:51:40 WET [2025/01/10 13:51:40 ET]
Table 'Hirayama II' 6-max Seat #4 is the button
Seat 1: PayTaxOrDie ($107.06 in chips) 
Seat 2: gerry55709 ($60.15 in chips) 
Seat 3: MAO_DZEDYN_S ($100 in chips) 
Seat 4: Unipoker11 ($100 in chips) 
Seat 5: EyzRED ($109.29 in chips) 
Seat 6: worker0k ($100.78 in chips) 
EyzRED: posts small blind $0.50
worker0k: posts big blind $1
*** HOLE CARDS ***
PayTaxOrDie: folds 
gerry55709: calls $1
MAO_DZEDYN_S: folds 
Unipoker11: folds 
EyzRED: folds 
worker0k: checks 
*** FLOP *** [Ad Th 4s]
worker0k: checks 
gerry55709: checks 
*** TURN *** [Ad Th 4s] [Kc]
worker0k: checks 
gerry55709: bets $2
worker0k: calls $2
*** RIVER *** [Ad Th 4s Kc] [5d]
worker0k: checks 
gerry55709: checks 
*** SHOW DOWN ***
worker0k: shows [Ac 6h] (a pair of Aces)
gerry55709: mucks hand 
worker0k collected $6.18 from pot
*** SUMMARY ***
Total pot $6.50 | Rake $0.32 
Board [Ad Th 4s Kc 5d]
Seat 1: PayTaxOrDie folded before Flop (didn't bet)
Seat 2: gerry55709 mucked
Seat 3: MAO_DZEDYN_S folded before Flop (didn't bet)
Seat 4: Unipoker11 (button) folded before Flop (didn't bet)
Seat 5: EyzRED (small blind) folded before Flop
Seat 6: worker0k (big blind) showed [Ac 6h] and won ($6.18) with a pair of Aces



PokerStars Hand #254298995421:  Hold'em No Limit ($0.50/$1.00 USD) - 2025/01/10 18:52:20 WET [2025/01/10 13:52:20 ET]
Table 'Hirayama II' 6-max Seat #5 is the button
Seat 1: PayTaxOrDie ($107.06 in chips) 
Seat 2: gerry55709 ($57.15 in chips) 
Seat 3: MAO_DZEDYN_S ($100 in chips) 
Seat 4: Unipoker11 ($100 in chips) 
Seat 5: EyzRED ($108.79 in chips) 
Seat 6: worker0k ($103.96 in chips) 
worker0k: posts small blind $0.50
PayTaxOrDie: posts big blind $1
*** HOLE CARDS ***
gerry55709: raises $1 to $2
MAO_DZEDYN_S: folds 
Unipoker11: folds 
EyzRED: folds 
worker0k: folds 
PayTaxOrDie: calls $1
*** FLOP *** [2c Kd 8d]
PayTaxOrDie: checks 
gerry55709: checks 
*** TURN *** [2c Kd 8d] [9h]
PayTaxOrDie: bets $1.71
gerry55709: calls $1.71
*** RIVER *** [2c Kd 8d 9h] [8h]
PayTaxOrDie: bets $2.48
gerry55709: folds 
Uncalled bet ($2.48) returned to PayTaxOrDie
PayTaxOrDie collected $7.52 from pot
PayTaxOrDie: doesn't show hand 
*** SUMMARY ***
Total pot $7.92 | Rake $0.40 
Board [2c Kd 8d 9h 8h]
Seat 1: PayTaxOrDie (big blind) collected ($7.52)
Seat 2: gerry55709 folded on the River
Seat 3: MAO_DZEDYN_S folded before Flop (didn't bet)
Seat 4: Unipoker11 folded before Flop (didn't bet)
Seat 5: EyzRED (button) folded before Flop (didn't bet)
Seat 6: worker0k (small blind) folded before Flop



PokerStars Hand #254299010712:  Hold'em No Limit ($0.50/$1.00 USD) - 2025/01/10 18:53:10 WET [2025/01/10 13:53:10 ET]
Table 'Hirayama II' 6-max Seat #6 is the button
Seat 2: gerry55709 ($53.44 in chips) 
Seat 3: MAO_DZEDYN_S ($100 in chips) 
Seat 4: Unipoker11 ($100 in chips) 
Seat 5: EyzRED ($108.79 in chips) 
Seat 6: worker0k ($103.46 in chips) 
gerry55709: posts small blind $0.50
MAO_DZEDYN_S: posts big blind $1
*** HOLE CARDS ***
Unipoker11: raises $1 to $2
EyzRED: folds 
worker0k: folds 
gerry55709: calls $1.50
MAO_DZEDYN_S: folds 
*** FLOP *** [Qc Kh 8h]
gerry55709: checks 
fish my nuts joins the table at seat #1 
Unipoker11: bets $1.19
gerry55709: folds 
Uncalled bet ($1.19) returned to Unipoker11
Unipoker11 collected $4.75 from pot
Unipoker11: doesn't show hand 
*** SUMMARY ***
Total pot $5 | Rake $0.25 
Board [Qc Kh 8h]
Seat 2: gerry55709 (small blind) folded on the Flop
Seat 3: MAO_DZEDYN_S (big blind) folded before Flop
Seat 4: Unipoker11 collected ($4.75)
Seat 5: EyzRED folded before Flop (didn't bet)
Seat 6: worker0k (button) folded before Flop (didn't bet)



PokerStars Hand #254299022228:  Hold'em No Limit ($0.50/$1.00 USD) - 2025/01/10 18:53:49 WET [2025/01/10 13:53:49 ET]
Table 'Hirayama II' 6-max Seat #2 is the button
Seat 1: fish my nuts ($100 in chips) is sitting out
Seat 2: gerry55709 ($51.44 in chips) 
Seat 3: MAO_DZEDYN_S ($100 in chips) 
Seat 4: Unipoker11 ($102.75 in chips) 
Seat 5: EyzRED ($108.79 in chips) 
Seat 6: worker0k ($103.46 in chips) 
MAO_DZEDYN_S: posts small blind $0.50
Unipoker11: posts big blind $1
fish my nuts: sits out 
*** HOLE CARDS ***
EyzRED: folds 
worker0k: folds 
gerry55709: folds 
MAO_DZEDYN_S: raises $2 to $3
Unipoker11: raises $6 to $9
MAO_DZEDYN_S: folds 
Uncalled bet ($6) returned to Unipoker11
Unipoker11 collected $6 from pot
Unipoker11: doesn't show hand 
*** SUMMARY ***
Total pot $6 | Rake $0 
Seat 1: fish my nuts
Seat 2: gerry55709 (button) folded before Flop (didn't bet)
Seat 3: MAO_DZEDYN_S (small blind) folded before Flop
Seat 4: Unipoker11 (big blind) collected ($6)
Seat 5: EyzRED folded before Flop (didn't bet)
Seat 6: worker0k folded before Flop (didn't bet)



PokerStars Hand #254299030876:  Hold'em No Limit ($0.50/$1.00 USD) - 2025/01/10 18:54:17 WET [2025/01/10 13:54:17 ET]
Table 'Hirayama II' 6-max Seat #3 is the button
Seat 1: fish my nuts ($100 in chips) is sitting out
Seat 2: gerry55709 ($51.44 in chips) 
Seat 3: MAO_DZEDYN_S ($100 in chips) 
Seat 4: Unipoker11 ($105.75 in chips) 
Seat 5: EyzRED ($108.79 in chips) 
Seat 6: worker0k ($103.46 in chips) 
Unipoker11: posts small blind $0.50
EyzRED: posts big blind $1
fish my nuts: sits out 
*** HOLE CARDS ***
worker0k: folds 
gerry55709: calls $1
MAO_DZEDYN_S: folds 
Unipoker11: folds 
EyzRED: checks 
*** FLOP *** [9h Ah Ks]
EyzRED: checks 
gerry55709: bets $2
EyzRED: calls $2
*** TURN *** [9h Ah Ks] [Ad]
EyzRED: checks 
gerry55709: checks 
*** RIVER *** [9h Ah Ks Ad] [7d]
EyzRED: checks 
gerry55709: bets $6.18
EyzRED: calls $6.18
*** SHOW DOWN ***
gerry55709: shows [As 5h] (three of a kind, Aces)
EyzRED: mucks hand 
gerry55709 collected $17.92 from pot
*** SUMMARY ***
Total pot $18.86 | Rake $0.94 
Board [9h Ah Ks Ad 7d]
Seat 1: fish my nuts
Seat 2: gerry55709 showed [As 5h] and won ($17.92) with three of a kind, Aces
Seat 3: MAO_DZEDYN_S (button) folded before Flop (didn't bet)
Seat 4: Unipoker11 (small blind) folded before Flop
Seat 5: EyzRED (big blind) mucked
Seat 6: worker0k folded before Flop (didn't bet)



PokerStars Hand #254299047036:  Hold'em No Limit ($0.50/$1.00 USD) - 2025/01/10 18:55:15 WET [2025/01/10 13:55:15 ET]
Table 'Hirayama II' 6-max Seat #4 is the button
Seat 1: fish my nuts ($100 in chips) is sitting out
Seat 2: gerry55709 ($60.18 in chips) 
Seat 3: MAO_DZEDYN_S ($100 in chips) 
Seat 4: Unipoker11 ($105.25 in chips) 
Seat 5: EyzRED ($100 in chips) 
Seat 6: worker0k ($103.46 in chips) 
EyzRED: posts small blind $0.50
worker0k: posts big blind $1
fish my nuts: sits out 
*** HOLE CARDS ***
gerry55709: raises $1 to $2
MAO_DZEDYN_S: raises $4 to $6
Unipoker11: folds 
EyzRED: folds 
worker0k: calls $5
gerry55709: calls $4
*** FLOP *** [6h 7d 8c]
worker0k: checks 
gerry55709: checks 
MAO_DZEDYN_S: bets $5.27
worker0k: folds 
gerry55709: calls $5.27
*** TURN *** [6h 7d 8c] [4s]
gerry55709: checks 
MAO_DZEDYN_S: bets $13.32
gerry55709: folds 
Uncalled bet ($13.32) returned to MAO_DZEDYN_S
MAO_DZEDYN_S collected $27.59 from pot
MAO_DZEDYN_S: doesn't show hand 
*** SUMMARY ***
Total pot $29.04 | Rake $1.45 
Board [6h 7d 8c 4s]
Seat 1: fish my nuts
Seat 2: gerry55709 folded on the Turn
Seat 3: MAO_DZEDYN_S collected ($27.59)
Seat 4: Unipoker11 (button) folded before Flop (didn't bet)
Seat 5: EyzRED (small blind) folded before Flop
Seat 6: worker0k (big blind) folded on the Flop



PokerStars Hand #254299066922:  Hold'em No Limit ($0.50/$1.00 USD) - 2025/01/10 18:56:50 WET [2025/01/10 13:56:50 ET]
Table 'Hirayama II' 6-max Seat #5 is the button
Seat 1: fish my nuts ($100 in chips) is sitting out
Seat 2: gerry55709 ($48.91 in chips) 
Seat 3: MAO_DZEDYN_S ($116.32 in chips) 
Seat 4: Unipoker11 ($105.25 in chips) 
Seat 5: EyzRED ($100 in chips) 
Seat 6: worker0k ($100 in chips) 
worker0k: posts small blind $0.50
gerry55709: posts big blind $1
*** HOLE CARDS ***
MAO_DZEDYN_S: raises $1.25 to $2.25
Unipoker11: folds 
EyzRED: folds 
worker0k: calls $1.75
gerry55709: calls $1.25
*** FLOP *** [9d As Kd]
worker0k: checks 
gerry55709: checks 
MAO_DZEDYN_S: bets $1.92
worker0k: folds 
gerry55709: folds 
Uncalled bet ($1.92) returned to MAO_DZEDYN_S
MAO_DZEDYN_S collected $6.41 from pot
MAO_DZEDYN_S: doesn't show hand 
*** SUMMARY ***
Total pot $6.75 | Rake $0.34 
Board [9d As Kd]
Seat 1: fish my nuts
Seat 2: gerry55709 (big blind) folded on the Flop
Seat 3: MAO_DZEDYN_S collected ($6.41)
Seat 4: Unipoker11 folded before Flop (didn't bet)
Seat 5: EyzRED (button) folded before Flop (didn't bet)
Seat 6: worker0k (small blind) folded on the Flop



PokerStars Hand #254299073751:  Hold'em No Limit ($0.50/$1.00 USD) - 2025/01/10 18:57:23 WET [2025/01/10 13:57:23 ET]
Table 'Hirayama II' 6-max Seat #6 is the button
Seat 1: fish my nuts ($100 in chips) is sitting out
Seat 2: gerry55709 ($46.66 in chips) 
Seat 3: MAO_DZEDYN_S ($120.48 in chips) 
Seat 4: Unipoker11 ($105.25 in chips) 
Seat 5: EyzRED ($100 in chips) 
Seat 6: worker0k ($100 in chips) 
gerry55709: posts small blind $0.50
MAO_DZEDYN_S: posts big blind $1
*** HOLE CARDS ***
Unipoker11: folds 
EyzRED: folds 
worker0k: folds 
gerry55709: raises $1 to $2
MAO_DZEDYN_S: calls $1
*** FLOP *** [Qh 7c Qs]
gerry55709: bets $1.90
MAO_DZEDYN_S: calls $1.90
*** TURN *** [Qh 7c Qs] [8c]
gerry55709: bets $3.71
MAO_DZEDYN_S: folds 
Uncalled bet ($3.71) returned to gerry55709
gerry55709 collected $7.41 from pot
gerry55709: doesn't show hand 
*** SUMMARY ***
Total pot $7.80 | Rake $0.39 
Board [Qh 7c Qs 8c]
Seat 1: fish my nuts
Seat 2: gerry55709 (small blind) collected ($7.41)
Seat 3: MAO_DZEDYN_S (big blind) folded on the Turn
Seat 4: Unipoker11 folded before Flop (didn't bet)
Seat 5: EyzRED folded before Flop (didn't bet)
Seat 6: worker0k (button) folded before Flop (didn't bet)



PokerStars Hand #254299082161:  Hold'em No Limit ($0.50/$1.00 USD) - 2025/01/10 18:58:03 WET [2025/01/10 13:58:03 ET]
Table 'Hirayama II' 6-max Seat #2 is the button
Seat 1: fish my nuts ($100 in chips) is sitting out
Seat 2: gerry55709 ($50.17 in chips) 
Seat 3: MAO_DZEDYN_S ($116.58 in chips) 
Seat 4: Unipoker11 ($105.25 in chips) 
Seat 5: EyzRED ($100 in chips) 
Seat 6: worker0k ($100 in chips) 
MAO_DZEDYN_S: posts small blind $0.50
Unipoker11: posts big blind $1
fish my nuts: sits out 
*** HOLE CARDS ***
EyzRED: folds 
worker0k: raises $1 to $2
gerry55709: folds 
MAO_DZEDYN_S: folds 
Unipoker11: calls $1
*** FLOP *** [9c 7c 4c]
Unipoker11: checks 
worker0k: bets $1.41
Unipoker11: folds 
Uncalled bet ($1.41) returned to worker0k
worker0k collected $4.28 from pot
*** SUMMARY ***
Total pot $4.50 | Rake $0.22 
Board [9c 7c 4c]
Seat 1: fish my nuts
Seat 2: gerry55709 (button) folded before Flop (didn't bet)
Seat 3: MAO_DZEDYN_S (small blind) folded before Flop
Seat 4: Unipoker11 (big blind) folded on the Flop
Seat 5: EyzRED folded before Flop (didn't bet)
Seat 6: worker0k collected ($4.28)



PokerStars Hand #254299223152:  Hold'em No Limit ($0.50/$1.00 USD) - 2025/01/10 19:06:46 WET [2025/01/10 14:06:46 ET]
Table 'Hirayama II' 6-max Seat #6 is the button
Seat 1: fish my nuts ($108.87 in chips) 
Seat 2: Evelexy1 ($100 in chips) 
Seat 3: MAO_DZEDYN_S ($110.38 in chips) 
Seat 4: Unipoker11 ($102.03 in chips) 
Seat 5: EyzRED ($101 in chips) 
Seat 6: michasia ($100 in chips) 
fish my nuts: posts small blind $0.50
Evelexy1: posts big blind $1
*** HOLE CARDS ***
MAO_DZEDYN_S: folds 
Unipoker11: folds 
EyzRED: raises $1.20 to $2.20
michasia: folds 
MAO_DZEDYN_S leaves the table
fish my nuts: folds 
Evelexy1: calls $1.20
*** FLOP *** [7s 5c 6c]
Evelexy1: checks 
crist_89870 joins the table at seat #3 
EyzRED: checks 
*** TURN *** [7s 5c 6c] [As]
Evelexy1: checks 
EyzRED: checks 
*** RIVER *** [7s 5c 6c As] [Js]
Evelexy1: checks 
EyzRED: bets $3.31
Evelexy1: folds 
Uncalled bet ($3.31) returned to EyzRED
EyzRED collected $4.66 from pot
EyzRED: doesn't show hand 
*** SUMMARY ***
Total pot $4.90 | Rake $0.24 
Board [7s 5c 6c As Js]
Seat 1: fish my nuts (small blind) folded before Flop
Seat 2: Evelexy1 (big blind) folded on the River
Seat 3: MAO_DZEDYN_S folded before Flop (didn't bet)
Seat 4: Unipoker11 folded before Flop (didn't bet)
Seat 5: EyzRED collected ($4.66)
Seat 6: michasia (button) folded before Flop (didn't bet)



PokerStars Hand #254299236236:  Hold'em No Limit ($0.50/$1.00 USD) - 2025/01/10 19:07:29 WET [2025/01/10 14:07:29 ET]
Table 'Hirayama II' 6-max Seat #1 is the button
Seat 1: fish my nuts ($108.37 in chips) 
Seat 2: Evelexy1 ($100 in chips) 
Seat 3: crist_89870 ($100 in chips) 
Seat 4: Unipoker11 ($102.03 in chips) 
Seat 5: EyzRED ($103.46 in chips) 
Seat 6: michasia ($100 in chips) 
Evelexy1: posts small blind $0.50
crist_89870: posts big blind $1
*** HOLE CARDS ***
Unipoker11: raises $1 to $2
EyzRED: folds 
michasia: folds 
fish my nuts: raises $4.50 to $6.50
Evelexy1: folds 
crist_89870: folds 
Unipoker11: raises $12.50 to $19
fish my nuts: folds 
Uncalled bet ($12.50) returned to Unipoker11
Evelexy1 leaves the table
Unipoker11 collected $14.50 from pot
Unipoker11: doesn't show hand 
*** SUMMARY ***
Total pot $14.50 | Rake $0 
Seat 1: fish my nuts (button) folded before Flop
Seat 2: Evelexy1 (small blind) folded before Flop
Seat 3: crist_89870 (big blind) folded before Flop
Seat 4: Unipoker11 collected ($14.50)
Seat 5: EyzRED folded before Flop (didn't bet)
Seat 6: michasia folded before Flop (didn't bet)



PokerStars Hand #254299247534:  Hold'em No Limit ($0.50/$1.00 USD) - 2025/01/10 19:08:06 WET [2025/01/10 14:08:06 ET]
Table 'Hirayama II' 6-max Seat #3 is the button
Seat 5: EyzRED ($103.46 in chips) is sitting out
Seat 6: michasia ($100 in chips) is sitting out
Seat 1: fish my nuts ($101.87 in chips) 
Seat 3: crist_89870 ($100 in chips) 
Seat 4: Unipoker11 ($110.03 in chips) 
Unipoker11: posts small blind $0.50
EyzRED: is sitting out 
michasia: is sitting out 
fish my nuts: posts big blind $1
*** HOLE CARDS ***
EyzRED leaves the table
michasia leaves the table
crist_89870: raises $1.50 to $2.50
Unipoker11: folds 
fish my nuts: folds 
Uncalled bet ($1.50) returned to crist_89870
crist_89870 collected $2.50 from pot
crist_89870: doesn't show hand 
*** SUMMARY ***
Total pot $2.50 | Rake $0 
Seat 5: EyzRED
Seat 6: michasia
Seat 1: fish my nuts (big blind) folded before Flop
Seat 3: crist_89870 (button) collected ($2.50)
Seat 4: Unipoker11 (small blind) folded before Flop



PokerStars Hand #254299252861:  Hold'em No Limit ($0.50/$1.00 USD) - 2025/01/10 19:08:23 WET [2025/01/10 14:08:23 ET]
Table 'Hirayama II' 6-max Seat #4 is the button
Seat 1: fish my nuts ($100.87 in chips) 
Seat 3: crist_89870 ($101.50 in chips) 
Seat 4: Unipoker11 ($109.53 in chips) 
fish my nuts: posts small blind $0.50
crist_89870: posts big blind $1
*** HOLE CARDS ***
Unipoker11: folds 
fish my nuts: folds 
Uncalled bet ($0.50) returned to crist_89870
crist_89870 collected $1 from pot
crist_89870: doesn't show hand 
*** SUMMARY ***
Total pot $1 | Rake $0 
Seat 1: fish my nuts (small blind) folded before Flop
Seat 3: crist_89870 (big blind) collected ($1)
Seat 4: Unipoker11 (button) folded before Flop (didn't bet)



PokerStars Hand #254299255937:  Hold'em No Limit ($0.50/$1.00 USD) - 2025/01/10 19:08:34 WET [2025/01/10 14:08:34 ET]
Table 'Hirayama II' 6-max Seat #1 is the button
Seat 1: fish my nuts ($100.37 in chips) 
Seat 3: crist_89870 ($102 in chips) 
Seat 4: Unipoker11 ($109.53 in chips) 
crist_89870: posts small blind $0.50
Unipoker11: posts big blind $1
*** HOLE CARDS ***
fish my nuts: raises $1.30 to $2.30
crist_89870: raises $8.70 to $11
Unipoker11: folds 
fish my nuts: raises $13.20 to $24.20
crist_89870: folds 
Uncalled bet ($13.20) returned to fish my nuts
Unipoker11 leaves the table
fish my nuts collected $23 from pot
fish my nuts: doesn't show hand 
*** SUMMARY ***
Total pot $23 | Rake $0 
Seat 1: fish my nuts (button) collected ($23)
Seat 3: crist_89870 (small blind) folded before Flop
Seat 4: Unipoker11 (big blind) folded before Flop



PokerStars Hand #254299281063:  Hold'em No Limit ($0.50/$1.00 USD) - 2025/01/10 19:09:56 WET [2025/01/10 14:09:56 ET]
Table 'Hirayama II' 6-max Seat #3 is the button
Seat 2: PayTaxOrDie ($110.87 in chips) is sitting out
Seat 3: crist_89870 ($100 in chips) 
Seat 6: michasia ($100 in chips) 
crist_89870: posts small blind $0.50
michasia: posts big blind $1
*** HOLE CARDS ***
crist_89870: raises $1.50 to $2.50
michasia: calls $1.50
*** FLOP *** [4h Js 7d]
michasia: checks 
crist_89870: bets $2.38
michasia: folds 
Uncalled bet ($2.38) returned to crist_89870
crist_89870 collected $4.75 from pot
crist_89870: doesn't show hand 
*** SUMMARY ***
Total pot $5 | Rake $0.25 
Board [4h Js 7d]
Seat 2: PayTaxOrDie
Seat 3: crist_89870 (button) (small blind) collected ($4.75)
Seat 6: michasia (big blind) folded on the Flop



PokerStars Hand #254299291482:  Hold'em No Limit ($0.50/$1.00 USD) - 2025/01/10 19:10:29 WET [2025/01/10 14:10:29 ET]
Table 'Hirayama II' 6-max Seat #3 is the button
Seat 2: PayTaxOrDie ($110.87 in chips) 
Seat 3: crist_89870 ($102.25 in chips) 
Seat 6: michasia ($100 in chips) 
michasia: posts small blind $0.50
PayTaxOrDie: posts big blind $1
*** HOLE CARDS ***
crist_89870: raises $1.50 to $2.50
michasia: folds 
PayTaxOrDie: folds 
Uncalled bet ($1.50) returned to crist_89870
crist_89870 collected $2.50 from pot
crist_89870: doesn't show hand 
*** SUMMARY ***
Total pot $2.50 | Rake $0 
Seat 2: PayTaxOrDie (big blind) folded before Flop
Seat 3: crist_89870 (button) collected ($2.50)
Seat 6: michasia (small blind) folded before Flop



PokerStars Hand #254299295112:  Hold'em No Limit ($0.50/$1.00 USD) - 2025/01/10 19:10:41 WET [2025/01/10 14:10:41 ET]
Table 'Hirayama II' 6-max Seat #6 is the button
Seat 2: PayTaxOrDie ($109.87 in chips) 
Seat 3: crist_89870 ($103.75 in chips) 
Seat 6: michasia ($100 in chips) 
PayTaxOrDie: posts small blind $0.50
crist_89870: posts big blind $1
*** HOLE CARDS ***
michasia: folds 
PayTaxOrDie: folds 
Uncalled bet ($0.50) returned to crist_89870
crist_89870 collected $1 from pot
crist_89870: doesn't show hand 
*** SUMMARY ***
Total pot $1 | Rake $0 
Seat 2: PayTaxOrDie (small blind) folded before Flop
Seat 3: crist_89870 (big blind) collected ($1)
Seat 6: michasia (button) folded before Flop (didn't bet)



PokerStars Hand #254299297535:  Hold'em No Limit ($0.50/$1.00 USD) - 2025/01/10 19:10:49 WET [2025/01/10 14:10:49 ET]
Table 'Hirayama II' 6-max Seat #2 is the button
Seat 2: PayTaxOrDie ($109.37 in chips) 
Seat 3: crist_89870 ($104.25 in chips) 
Seat 6: michasia ($100 in chips) 
crist_89870: posts small blind $0.50
michasia: posts big blind $1
*** HOLE CARDS ***
PayTaxOrDie: folds 
crist_89870: folds 
Uncalled bet ($0.50) returned to michasia
michasia collected $1 from pot
michasia: doesn't show hand 
*** SUMMARY ***
Total pot $1 | Rake $0 
Seat 2: PayTaxOrDie (button) folded before Flop (didn't bet)
Seat 3: crist_89870 (small blind) folded before Flop
Seat 6: michasia (big blind) collected ($1)



PokerStars Hand #254299303412:  Hold'em No Limit ($0.50/$1.00 USD) - 2025/01/10 19:11:08 WET [2025/01/10 14:11:08 ET]
Table 'Hirayama II' 6-max Seat #3 is the button
Seat 2: PayTaxOrDie ($109.37 in chips) 
Seat 3: crist_89870 ($103.75 in chips) 
Seat 6: michasia ($100.50 in chips) 
michasia: posts small blind $0.50
PayTaxOrDie: posts big blind $1
*** HOLE CARDS ***
crist_89870: raises $1.50 to $2.50
michasia: folds 
PayTaxOrDie: folds 
Uncalled bet ($1.50) returned to crist_89870
crist_89870 collected $2.50 from pot
crist_89870: doesn't show hand 
*** SUMMARY ***
Total pot $2.50 | Rake $0 
Seat 2: PayTaxOrDie (big blind) folded before Flop
Seat 3: crist_89870 (button) collected ($2.50)
Seat 6: michasia (small blind) folded before Flop



PokerStars Hand #254299307641:  Hold'em No Limit ($0.50/$1.00 USD) - 2025/01/10 19:11:22 WET [2025/01/10 14:11:22 ET]
Table 'Hirayama II' 6-max Seat #6 is the button
Seat 2: PayTaxOrDie ($108.37 in chips) 
Seat 3: crist_89870 ($105.25 in chips) 
Seat 6: michasia ($100 in chips) 
PayTaxOrDie: posts small blind $0.50
crist_89870: posts big blind $1
*** HOLE CARDS ***
michasia: folds 
PayTaxOrDie: raises $2 to $3
crist_89870: raises $7 to $10
PayTaxOrDie: folds 
Uncalled bet ($7) returned to crist_89870
crist_89870 collected $6 from pot
crist_89870: doesn't show hand 
*** SUMMARY ***
Total pot $6 | Rake $0 
Seat 2: PayTaxOrDie (small blind) folded before Flop
Seat 3: crist_89870 (big blind) collected ($6)
Seat 6: michasia (button) folded before Flop (didn't bet)



PokerStars Hand #254299313396:  Hold'em No Limit ($0.50/$1.00 USD) - 2025/01/10 19:11:41 WET [2025/01/10 14:11:41 ET]
Table 'Hirayama II' 6-max Seat #2 is the button
Seat 2: PayTaxOrDie ($105.37 in chips) 
Seat 3: crist_89870 ($108.25 in chips) 
Seat 6: michasia ($100 in chips) 
crist_89870: posts small blind $0.50
michasia: posts big blind $1
*** HOLE CARDS ***
PayTaxOrDie: folds 
crist_89870: raises $2 to $3
michasia: folds 
Uncalled bet ($2) returned to crist_89870
crist_89870 collected $2 from pot
crist_89870: doesn't show hand 
*** SUMMARY ***
Total pot $2 | Rake $0 
Seat 2: PayTaxOrDie (button) folded before Flop (didn't bet)
Seat 3: crist_89870 (small blind) collected ($2)
Seat 6: michasia (big blind) folded before Flop



PokerStars Hand #254299318960:  Hold'em No Limit ($0.50/$1.00 USD) - 2025/01/10 19:11:59 WET [2025/01/10 14:11:59 ET]
Table 'Hirayama II' 6-max Seat #3 is the button
Seat 2: PayTaxOrDie ($105.37 in chips) 
Seat 3: crist_89870 ($109.25 in chips) 
Seat 6: michasia ($100 in chips) 
michasia: posts small blind $0.50
PayTaxOrDie: posts big blind $1
*** HOLE CARDS ***
crist_89870: raises $1.50 to $2.50
michasia: folds 
PayTaxOrDie: calls $1.50
*** FLOP *** [9h 6d Kh]
PayTaxOrDie: checks 
crist_89870: checks 
*** TURN *** [9h 6d Kh] [4h]
PayTaxOrDie: checks 
crist_89870: bets $1.57
PayTaxOrDie: folds 
Uncalled bet ($1.57) returned to crist_89870
crist_89870 collected $5.22 from pot
crist_89870: doesn't show hand 
*** SUMMARY ***
Total pot $5.50 | Rake $0.28 
Board [9h 6d Kh 4h]
Seat 2: PayTaxOrDie (big blind) folded on the Turn
Seat 3: crist_89870 (button) collected ($5.22)
Seat 6: michasia (small blind) folded before Flop



PokerStars Hand #254299332328:  Hold'em No Limit ($0.50/$1.00 USD) - 2025/01/10 19:12:43 WET [2025/01/10 14:12:43 ET]
Table 'Hirayama II' 6-max Seat #6 is the button
Seat 2: PayTaxOrDie ($102.87 in chips) 
Seat 3: crist_89870 ($111.97 in chips) 
Seat 6: michasia ($100 in chips) 
PayTaxOrDie: posts small blind $0.50
crist_89870: posts big blind $1
*** HOLE CARDS ***
michasia: folds 
PayTaxOrDie: folds 
Uncalled bet ($0.50) returned to crist_89870
crist_89870 collected $1 from pot
crist_89870: doesn't show hand 
*** SUMMARY ***
Total pot $1 | Rake $0 
Seat 2: PayTaxOrDie (small blind) folded before Flop
Seat 3: crist_89870 (big blind) collected ($1)
Seat 6: michasia (button) folded before Flop (didn't bet)



PokerStars Hand #254299336150:  Hold'em No Limit ($0.50/$1.00 USD) - 2025/01/10 19:12:56 WET [2025/01/10 14:12:56 ET]
Table 'Hirayama II' 6-max Seat #2 is the button
Seat 2: PayTaxOrDie ($102.37 in chips) 
Seat 3: crist_89870 ($112.47 in chips) 
Seat 6: michasia ($100 in chips) 
crist_89870: posts small blind $0.50
michasia: posts big blind $1
*** HOLE CARDS ***
PayTaxOrDie: raises $1.50 to $2.50
crist_89870: folds 
michasia: folds 
Uncalled bet ($1.50) returned to PayTaxOrDie
PayTaxOrDie collected $2.50 from pot
PayTaxOrDie: doesn't show hand 
*** SUMMARY ***
Total pot $2.50 | Rake $0 
Seat 2: PayTaxOrDie (button) collected ($2.50)
Seat 3: crist_89870 (small blind) folded before Flop
Seat 6: michasia (big blind) folded before Flop



PokerStars Hand #254299338617:  Hold'em No Limit ($0.50/$1.00 USD) - 2025/01/10 19:13:04 WET [2025/01/10 14:13:04 ET]
Table 'Hirayama II' 6-max Seat #3 is the button
Seat 2: PayTaxOrDie ($103.87 in chips) 
Seat 3: crist_89870 ($111.97 in chips) 
Seat 6: michasia ($100 in chips) 
michasia: posts small blind $0.50
PayTaxOrDie: posts big blind $1
*** HOLE CARDS ***
crist_89870: folds 
michasia: raises $2 to $3
PayTaxOrDie: folds 
Uncalled bet ($2) returned to michasia
PayTaxOrDie leaves the table
michasia collected $2 from pot
michasia: doesn't show hand 
*** SUMMARY ***
Total pot $2 | Rake $0 
Seat 2: PayTaxOrDie (big blind) folded before Flop
Seat 3: crist_89870 (button) folded before Flop (didn't bet)
Seat 6: michasia (small blind) collected ($2)



PokerStars Hand #254299342142:  Hold'em No Limit ($0.50/$1.00 USD) - 2025/01/10 19:13:16 WET [2025/01/10 14:13:16 ET]
Table 'Hirayama II' 6-max Seat #6 is the button
Seat 3: crist_89870 ($111.97 in chips) 
Seat 6: michasia ($101 in chips) 
michasia: posts small blind $0.50
crist_89870: posts big blind $1
*** HOLE CARDS ***
michasia: folds 
Uncalled bet ($0.50) returned to crist_89870
crist_89870 collected $1 from pot
crist_89870: doesn't show hand 
*** SUMMARY ***
Total pot $1 | Rake $0 
Seat 3: crist_89870 (big blind) collected ($1)
Seat 6: michasia (button) (small blind) folded before Flop



PokerStars Hand #254299344115:  Hold'em No Limit ($0.50/$1.00 USD) - 2025/01/10 19:13:22 WET [2025/01/10 14:13:22 ET]
Table 'Hirayama II' 6-max Seat #3 is the button
Seat 3: crist_89870 ($112.47 in chips) 
Seat 6: michasia ($100.50 in chips) 
crist_89870: posts small blind $0.50
michasia: posts big blind $1
*** HOLE CARDS ***
crist_89870: folds 
Uncalled bet ($0.50) returned to michasia
crist_89870 leaves the table
michasia collected $1 from pot
michasia: doesn't show hand 
*** SUMMARY ***
Total pot $1 | Rake $0 
Seat 3: crist_89870 (button) (small blind) folded before Flop
Seat 6: michasia (big blind) collected ($1)



