PokerStars Hand #254291444684:  Hold'em No Limit ($0.50/$1.00 USD) - 2025/01/10 5:43:38 WET [2025/01/10 0:43:38 ET]
Table 'Herge II' 6-max Seat #6 is the button
Seat 1: avlee1 ($129.25 in chips) 
Seat 2: LuckyShikari ($143.59 in chips) 
Seat 3: fedevalle ($39.78 in chips) 
Seat 4: pokerwarden33 ($24.43 in chips) 
Seat 5: NOTfishON ($122.59 in chips) 
Seat 6: Fold Your Cats ($102 in chips) 
avlee1: posts small blind $0.50
LuckyShikari: posts big blind $1
LUMBO joins the table at seat #9
*** HOLE CARDS ***
fedevalle: raises $1.20 to $2.20
pokerwarden33: folds 
NOTfishON: folds 
Fold Your Cats: raises $4.80 to $7
avlee1: folds 
LuckyShikari: folds 
fedevalle: calls $4.80
*** FLOP *** [7s Td 4d]
fedevalle: checks 
Fold Your Cats: checks 
*** TURN *** [7s Td 4d] [Kc]
fedevalle: checks 
Fold Your Cats: bets $7.80
fedevalle: folds 
Uncalled bet ($7.80) returned to Fold Your Cats
Fold Your Cats collected $14.72 from pot
Fold Your Cats: doesn't show hand 
*** SUMMARY ***
Total pot $15.50 | Rake $0.78 
Board [7s Td 4d Kc]
Seat 1: avlee1 (small blind) folded before Flop
Seat 2: LuckyShikari (big blind) folded before Flop
Seat 3: fedevalle folded on the Turn
Seat 4: pokerwarden33 folded before Flop (didn't bet)
Seat 5: NOTfishON folded before Flop (didn't bet)
Seat 6: Fold Your Cats (button) collected ($14.72)



PokerStars Hand #254291449078:  Hold'em No Limit ($0.50/$1.00 USD) - 2025/01/10 5:44:26 WET [2025/01/10 0:44:26 ET]
Table 'Herge II' 6-max Seat #1 is the button
Seat 1: avlee1 ($128.75 in chips) 
Seat 2: LuckyShikari ($142.59 in chips) 
Seat 3: fedevalle ($32.78 in chips) 
Seat 4: pokerwarden33 ($24.43 in chips) 
Seat 5: NOTfishON ($122.59 in chips) 
Seat 6: Fold Your Cats ($109.72 in chips) 
LuckyShikari: posts small blind $0.50
fedevalle: posts big blind $1
*** HOLE CARDS ***
pokerwarden33: raises $1 to $2
NOTfishON: folds 
Fold Your Cats: folds 
avlee1: folds 
LuckyShikari: calls $1.50
fedevalle: folds 
*** FLOP *** [5d 5s 8h]
LuckyShikari: checks 
pokerwarden33: checks 
*** TURN *** [5d 5s 8h] [As]
LuckyShikari: checks 
pokerwarden33: checks 
*** RIVER *** [5d 5s 8h As] [Kd]
LuckyShikari: checks 
pokerwarden33: checks 
*** SHOW DOWN ***
LuckyShikari: shows [3c 3h] (two pair, Fives and Threes)
pokerwarden33: mucks hand 
LuckyShikari collected $4.75 from pot
*** SUMMARY ***
Total pot $5 | Rake $0.25 
Board [5d 5s 8h As Kd]
Seat 1: avlee1 (button) folded before Flop (didn't bet)
Seat 2: LuckyShikari (small blind) showed [3c 3h] and won ($4.75) with two pair, Fives and Threes
Seat 3: fedevalle (big blind) folded before Flop
Seat 4: pokerwarden33 mucked
Seat 5: NOTfishON folded before Flop (didn't bet)
Seat 6: Fold Your Cats folded before Flop (didn't bet)



PokerStars Hand #254291452535:  Hold'em No Limit ($0.50/$1.00 USD) - 2025/01/10 5:45:04 WET [2025/01/10 0:45:04 ET]
Table 'Herge II' 6-max Seat #2 is the button
Seat 1: avlee1 ($128.75 in chips) 
Seat 2: LuckyShikari ($145.34 in chips) 
Seat 3: fedevalle ($31.78 in chips) 
Seat 4: pokerwarden33 ($22.43 in chips) 
Seat 5: NOTfishON ($122.59 in chips) 
Seat 6: Fold Your Cats ($109.72 in chips) 
fedevalle: posts small blind $0.50
pokerwarden33: posts big blind $1
*** HOLE CARDS ***
NOTfishON: folds 
Fold Your Cats: folds 
avlee1: folds 
LuckyShikari: folds 
fedevalle: raises $2 to $3
pokerwarden33: raises $2 to $5
fedevalle: calls $2
*** FLOP *** [Ah 2s Ac]
fedevalle: checks 
pokerwarden33: checks 
*** TURN *** [Ah 2s Ac] [8c]
fedevalle: bets $6.80
pokerwarden33: calls $6.80
*** RIVER *** [Ah 2s Ac 8c] [8d]
fedevalle: bets $2
pokerwarden33: raises $8 to $10
fedevalle: calls $8
*** SHOW DOWN ***
pokerwarden33: shows [As Ad] (four of a kind, Aces)
fedevalle: mucks hand 
pokerwarden33 collected $41.42 from pot
*** SUMMARY ***
Total pot $43.60 | Rake $2.18 
Board [Ah 2s Ac 8c 8d]
Seat 1: avlee1 folded before Flop (didn't bet)
Seat 2: LuckyShikari (button) folded before Flop (didn't bet)
Seat 3: fedevalle (small blind) mucked
Seat 4: pokerwarden33 (big blind) showed [As Ad] and won ($41.42) with four of a kind, Aces
Seat 5: NOTfishON folded before Flop (didn't bet)
Seat 6: Fold Your Cats folded before Flop (didn't bet)



PokerStars Hand #254291458983:  Hold'em No Limit ($0.50/$1.00 USD) - 2025/01/10 5:46:17 WET [2025/01/10 0:46:17 ET]
Table 'Herge II' 6-max Seat #3 is the button
Seat 1: avlee1 ($128.75 in chips) 
Seat 2: LuckyShikari ($145.34 in chips) 
Seat 3: fedevalle ($9.98 in chips) 
Seat 4: pokerwarden33 ($42.05 in chips) 
Seat 5: NOTfishON ($122.59 in chips) 
Seat 6: Fold Your Cats ($109.72 in chips) 
pokerwarden33: posts small blind $0.50
NOTfishON: posts big blind $1
*** HOLE CARDS ***
Fold Your Cats: folds 
avlee1: folds 
LuckyShikari: folds 
fedevalle: raises $8.98 to $9.98 and is all-in
pokerwarden33: folds 
NOTfishON: folds 
Uncalled bet ($8.98) returned to fedevalle
fedevalle collected $2.50 from pot
*** SUMMARY ***
Total pot $2.50 | Rake $0 
Seat 1: avlee1 folded before Flop (didn't bet)
Seat 2: LuckyShikari folded before Flop (didn't bet)
Seat 3: fedevalle (button) collected ($2.50)
Seat 4: pokerwarden33 (small blind) folded before Flop
Seat 5: NOTfishON (big blind) folded before Flop
Seat 6: Fold Your Cats folded before Flop (didn't bet)



PokerStars Hand #254291461226:  Hold'em No Limit ($0.50/$1.00 USD) - 2025/01/10 5:46:43 WET [2025/01/10 0:46:43 ET]
Table 'Herge II' 6-max Seat #4 is the button
Seat 1: avlee1 ($128.75 in chips) 
Seat 2: LuckyShikari ($145.34 in chips) 
Seat 3: fedevalle ($11.48 in chips) 
Seat 4: pokerwarden33 ($41.55 in chips) 
Seat 5: NOTfishON ($121.59 in chips) 
Seat 6: Fold Your Cats ($109.72 in chips) 
NOTfishON: posts small blind $0.50
Fold Your Cats: posts big blind $1
*** HOLE CARDS ***
avlee1: raises $1.50 to $2.50
LuckyShikari: folds 
fedevalle: folds 
pokerwarden33: folds 
NOTfishON: folds 
Fold Your Cats: raises $8.50 to $11
avlee1: folds 
Uncalled bet ($8.50) returned to Fold Your Cats
Fold Your Cats collected $5.50 from pot
Fold Your Cats: doesn't show hand 
*** SUMMARY ***
Total pot $5.50 | Rake $0 
Seat 1: avlee1 folded before Flop
Seat 2: LuckyShikari folded before Flop (didn't bet)
Seat 3: fedevalle folded before Flop (didn't bet)
Seat 4: pokerwarden33 (button) folded before Flop (didn't bet)
Seat 5: NOTfishON (small blind) folded before Flop
Seat 6: Fold Your Cats (big blind) collected ($5.50)



PokerStars Hand #254291464472:  Hold'em No Limit ($0.50/$1.00 USD) - 2025/01/10 5:47:18 WET [2025/01/10 0:47:18 ET]
Table 'Herge II' 6-max Seat #5 is the button
Seat 1: avlee1 ($126.25 in chips) 
Seat 2: LuckyShikari ($145.34 in chips) 
Seat 3: fedevalle ($11.48 in chips) 
Seat 4: pokerwarden33 ($41.55 in chips) 
Seat 5: NOTfishON ($121.09 in chips) 
Seat 6: Fold Your Cats ($112.72 in chips) 
Fold Your Cats: posts small blind $0.50
avlee1: posts big blind $1
*** HOLE CARDS ***
LuckyShikari: folds 
fedevalle: folds 
pokerwarden33: raises $2 to $3
NOTfishON: folds 
Fold Your Cats: folds 
avlee1: folds 
Uncalled bet ($2) returned to pokerwarden33
pokerwarden33 collected $2.50 from pot
*** SUMMARY ***
Total pot $2.50 | Rake $0 
Seat 1: avlee1 (big blind) folded before Flop
Seat 2: LuckyShikari folded before Flop (didn't bet)
Seat 3: fedevalle folded before Flop (didn't bet)
Seat 4: pokerwarden33 collected ($2.50)
Seat 5: NOTfishON (button) folded before Flop (didn't bet)
Seat 6: Fold Your Cats (small blind) folded before Flop



PokerStars Hand #254291466467:  Hold'em No Limit ($0.50/$1.00 USD) - 2025/01/10 5:47:41 WET [2025/01/10 0:47:41 ET]
Table 'Herge II' 6-max Seat #6 is the button
Seat 1: avlee1 ($125.25 in chips) 
Seat 2: LuckyShikari ($145.34 in chips) 
Seat 3: fedevalle ($11.48 in chips) 
Seat 4: pokerwarden33 ($43.05 in chips) 
Seat 5: NOTfishON ($121.09 in chips) 
Seat 6: Fold Your Cats ($112.22 in chips) 
avlee1: posts small blind $0.50
LuckyShikari: posts big blind $1
*** HOLE CARDS ***
fedevalle: raises $1.20 to $2.20
pokerwarden33: calls $2.20
NOTfishON: folds 
Fold Your Cats: folds 
avlee1: folds 
LuckyShikari: raises $142.30 to $144.50
fedevalle: calls $9.28 and is all-in
pokerwarden33: folds 
Uncalled bet ($133.02) returned to LuckyShikari
*** FLOP *** [6c Qs 8s]
*** TURN *** [6c Qs 8s] [5s]
*** RIVER *** [6c Qs 8s 5s] [3d]
*** SHOW DOWN ***
LuckyShikari: shows [9d 9c] (a pair of Nines)
fedevalle: shows [4h 4s] (a pair of Fours)
LuckyShikari collected $24.38 from pot
*** SUMMARY ***
Total pot $25.66 | Rake $1.28 
Board [6c Qs 8s 5s 3d]
Seat 1: avlee1 (small blind) folded before Flop
Seat 2: LuckyShikari (big blind) showed [9d 9c] and won ($24.38) with a pair of Nines
Seat 3: fedevalle showed [4h 4s] and lost with a pair of Fours
Seat 4: pokerwarden33 folded before Flop
Seat 5: NOTfishON folded before Flop (didn't bet)
Seat 6: Fold Your Cats (button) folded before Flop (didn't bet)



PokerStars Hand #254291469461:  Hold'em No Limit ($0.50/$1.00 USD) - 2025/01/10 5:48:15 WET [2025/01/10 0:48:15 ET]
Table 'Herge II' 6-max Seat #1 is the button
Seat 3: fedevalle ($0 in chips) is sitting out
Seat 1: avlee1 ($124.75 in chips) 
Seat 2: LuckyShikari ($158.24 in chips) 
Seat 4: pokerwarden33 ($40.85 in chips) 
Seat 5: NOTfishON ($121.09 in chips) 
Seat 6: Fold Your Cats ($112.22 in chips) 
LuckyShikari: posts small blind $0.50
pokerwarden33: posts big blind $1
*** HOLE CARDS ***
NOTfishON: folds 
Fold Your Cats: folds 
avlee1: raises $1.50 to $2.50
LuckyShikari: folds 
pokerwarden33: calls $1.50
*** FLOP *** [Th 3s 2s]
pokerwarden33: checks 
avlee1: bets $1.72
pokerwarden33: calls $1.72
*** TURN *** [Th 3s 2s] [Js]
pokerwarden33: bets $5
avlee1: folds 
Uncalled bet ($5) returned to pokerwarden33
pokerwarden33 collected $8.49 from pot
*** SUMMARY ***
Total pot $8.94 | Rake $0.45 
Board [Th 3s 2s Js]
Seat 3: fedevalle
Seat 1: avlee1 (button) folded on the Turn
Seat 2: LuckyShikari (small blind) folded before Flop
Seat 4: pokerwarden33 (big blind) collected ($8.49)
Seat 5: NOTfishON folded before Flop (didn't bet)
Seat 6: Fold Your Cats folded before Flop (didn't bet)



PokerStars Hand #254291474044:  Hold'em No Limit ($0.50/$1.00 USD) - 2025/01/10 5:49:09 WET [2025/01/10 0:49:09 ET]
Table 'Herge II' 6-max Seat #2 is the button
Seat 3: fedevalle ($40 in chips) is sitting out
Seat 1: avlee1 ($120.53 in chips) 
Seat 2: LuckyShikari ($157.74 in chips) 
Seat 4: pokerwarden33 ($45.12 in chips) 
Seat 5: NOTfishON ($121.09 in chips) 
Seat 6: Fold Your Cats ($112.22 in chips) 
pokerwarden33: posts small blind $0.50
NOTfishON: posts big blind $1
*** HOLE CARDS ***
Fold Your Cats: folds 
avlee1: raises $1.50 to $2.50
LuckyShikari: folds 
pokerwarden33: folds 
NOTfishON: folds 
Uncalled bet ($1.50) returned to avlee1
avlee1 collected $2.50 from pot
avlee1: doesn't show hand 
*** SUMMARY ***
Total pot $2.50 | Rake $0 
Seat 3: fedevalle
Seat 1: avlee1 collected ($2.50)
Seat 2: LuckyShikari (button) folded before Flop (didn't bet)
Seat 4: pokerwarden33 (small blind) folded before Flop
Seat 5: NOTfishON (big blind) folded before Flop
Seat 6: Fold Your Cats folded before Flop (didn't bet)



PokerStars Hand #254291476592:  Hold'em No Limit ($0.50/$1.00 USD) - 2025/01/10 5:49:38 WET [2025/01/10 0:49:38 ET]
Table 'Herge II' 6-max Seat #4 is the button
Seat 1: avlee1 ($122.03 in chips) 
Seat 2: LuckyShikari ($157.74 in chips) 
Seat 3: fedevalle ($40 in chips) 
Seat 4: pokerwarden33 ($44.62 in chips) 
Seat 5: NOTfishON ($120.09 in chips) 
Seat 6: Fold Your Cats ($112.22 in chips) 
NOTfishON: posts small blind $0.50
Fold Your Cats: posts big blind $1
fedevalle: posts small & big blinds $1.50
*** HOLE CARDS ***
avlee1: raises $3 to $4
LuckyShikari: folds 
fedevalle: calls $3
pokerwarden33: calls $4
NOTfishON: folds 
Fold Your Cats: folds 
*** FLOP *** [9d 7c 6d]
avlee1: checks 
fedevalle: checks 
pokerwarden33: bets $5
avlee1: raises $54 to $59
fedevalle: folds 
pokerwarden33: calls $35.62 and is all-in
Uncalled bet ($18.38) returned to avlee1
*** TURN *** [9d 7c 6d] [2h]
*** RIVER *** [9d 7c 6d 2h] [4s]
*** SHOW DOWN ***
avlee1: shows [Kd Td] (high card King)
pokerwarden33: shows [8c Jc] (high card Jack)
avlee1 collected $92.74 from pot
*** SUMMARY ***
Total pot $95.24 | Rake $2.50 
Board [9d 7c 6d 2h 4s]
Seat 1: avlee1 showed [Kd Td] and won ($92.74) with high card King
Seat 2: LuckyShikari folded before Flop (didn't bet)
Seat 3: fedevalle folded on the Flop
Seat 4: pokerwarden33 (button) showed [8c Jc] and lost with high card Jack
Seat 5: NOTfishON (small blind) folded before Flop
Seat 6: Fold Your Cats (big blind) folded before Flop



PokerStars Hand #254291482284:  Hold'em No Limit ($0.50/$1.00 USD) - 2025/01/10 5:50:45 WET [2025/01/10 0:50:45 ET]
Table 'Herge II' 6-max Seat #5 is the button
Seat 4: pokerwarden33 ($0 in chips) is sitting out
Seat 1: avlee1 ($170.15 in chips) 
Seat 2: LuckyShikari ($157.74 in chips) 
Seat 3: fedevalle ($35.50 in chips) 
Seat 5: NOTfishON ($119.59 in chips) 
Seat 6: Fold Your Cats ($111.22 in chips) 
Fold Your Cats: posts small blind $0.50
avlee1: posts big blind $1
*** HOLE CARDS ***
LuckyShikari: folds 
fedevalle: folds 
NOTfishON: folds 
Fold Your Cats: raises $2 to $3
avlee1: folds 
Uncalled bet ($2) returned to Fold Your Cats
Fold Your Cats collected $2 from pot
Fold Your Cats: doesn't show hand 
*** SUMMARY ***
Total pot $2 | Rake $0 
Seat 4: pokerwarden33
Seat 1: avlee1 (big blind) folded before Flop
Seat 2: LuckyShikari folded before Flop (didn't bet)
Seat 3: fedevalle folded before Flop (didn't bet)
Seat 5: NOTfishON (button) folded before Flop (didn't bet)
Seat 6: Fold Your Cats (small blind) collected ($2)



PokerStars Hand #254291484780:  Hold'em No Limit ($0.50/$1.00 USD) - 2025/01/10 5:51:15 WET [2025/01/10 0:51:15 ET]
Table 'Herge II' 6-max Seat #6 is the button
Seat 1: avlee1 ($169.15 in chips) 
Seat 2: LuckyShikari ($157.74 in chips) 
Seat 3: fedevalle ($35.50 in chips) 
Seat 4: pokerwarden33 ($100 in chips) 
Seat 5: NOTfishON ($119.59 in chips) 
Seat 6: Fold Your Cats ($112.22 in chips) 
avlee1: posts small blind $0.50
LuckyShikari: posts big blind $1
*** HOLE CARDS ***
fedevalle: folds 
pokerwarden33: folds 
NOTfishON: folds 
Fold Your Cats: folds 
avlee1: folds 
Uncalled bet ($0.50) returned to LuckyShikari
LuckyShikari collected $1 from pot
LuckyShikari: doesn't show hand 
*** SUMMARY ***
Total pot $1 | Rake $0 
Seat 1: avlee1 (small blind) folded before Flop
Seat 2: LuckyShikari (big blind) collected ($1)
Seat 3: fedevalle folded before Flop (didn't bet)
Seat 4: pokerwarden33 folded before Flop (didn't bet)
Seat 5: NOTfishON folded before Flop (didn't bet)
Seat 6: Fold Your Cats (button) folded before Flop (didn't bet)



PokerStars Hand #254291486674:  Hold'em No Limit ($0.50/$1.00 USD) - 2025/01/10 5:51:37 WET [2025/01/10 0:51:37 ET]
Table 'Herge II' 6-max Seat #1 is the button
Seat 1: avlee1 ($168.65 in chips) 
Seat 2: LuckyShikari ($158.24 in chips) 
Seat 3: fedevalle ($35.50 in chips) 
Seat 4: pokerwarden33 ($100 in chips) 
Seat 5: NOTfishON ($119.59 in chips) 
Seat 6: Fold Your Cats ($112.22 in chips) 
LuckyShikari: posts small blind $0.50
fedevalle: posts big blind $1
*** HOLE CARDS ***
pokerwarden33: calls $1
NOTfishON: folds 
Fold Your Cats: folds 
avlee1: raises $4 to $5
LuckyShikari: folds 
fedevalle: folds 
pokerwarden33: folds 
Uncalled bet ($4) returned to avlee1
avlee1 collected $3.50 from pot
avlee1: doesn't show hand 
*** SUMMARY ***
Total pot $3.50 | Rake $0 
Seat 1: avlee1 (button) collected ($3.50)
Seat 2: LuckyShikari (small blind) folded before Flop
Seat 3: fedevalle (big blind) folded before Flop
Seat 4: pokerwarden33 folded before Flop
Seat 5: NOTfishON folded before Flop (didn't bet)
Seat 6: Fold Your Cats folded before Flop (didn't bet)



PokerStars Hand #254291489510:  Hold'em No Limit ($0.50/$1.00 USD) - 2025/01/10 5:52:11 WET [2025/01/10 0:52:11 ET]
Table 'Herge II' 6-max Seat #2 is the button
Seat 1: avlee1 ($171.15 in chips) 
Seat 2: LuckyShikari ($157.74 in chips) 
Seat 3: fedevalle ($34.50 in chips) 
Seat 4: pokerwarden33 ($99 in chips) 
Seat 5: NOTfishON ($119.59 in chips) 
Seat 6: Fold Your Cats ($112.22 in chips) 
fedevalle: posts small blind $0.50
pokerwarden33: posts big blind $1
*** HOLE CARDS ***
NOTfishON: folds 
Fold Your Cats: folds 
avlee1: folds 
LuckyShikari: folds 
fedevalle: folds 
Uncalled bet ($0.50) returned to pokerwarden33
pokerwarden33 collected $1 from pot
*** SUMMARY ***
Total pot $1 | Rake $0 
Seat 1: avlee1 folded before Flop (didn't bet)
Seat 2: LuckyShikari (button) folded before Flop (didn't bet)
Seat 3: fedevalle (small blind) folded before Flop
Seat 4: pokerwarden33 (big blind) collected ($1)
Seat 5: NOTfishON folded before Flop (didn't bet)
Seat 6: Fold Your Cats folded before Flop (didn't bet)



PokerStars Hand #254291490498:  Hold'em No Limit ($0.50/$1.00 USD) - 2025/01/10 5:52:23 WET [2025/01/10 0:52:23 ET]
Table 'Herge II' 6-max Seat #3 is the button
Seat 5: NOTfishON ($119.59 in chips) is sitting out
Seat 1: avlee1 ($171.15 in chips) 
Seat 2: LuckyShikari ($157.74 in chips) 
Seat 3: fedevalle ($34 in chips) 
Seat 4: pokerwarden33 ($99.50 in chips) 
Seat 6: Fold Your Cats ($112.22 in chips) 
pokerwarden33: posts small blind $0.50
Fold Your Cats: posts big blind $1
*** HOLE CARDS ***
avlee1: folds 
LuckyShikari: raises $2 to $3
fedevalle: folds 
pokerwarden33: folds 
Fold Your Cats: folds 
Uncalled bet ($2) returned to LuckyShikari
LuckyShikari collected $2.50 from pot
LuckyShikari: doesn't show hand 
*** SUMMARY ***
Total pot $2.50 | Rake $0 
Seat 5: NOTfishON
Seat 1: avlee1 folded before Flop (didn't bet)
Seat 2: LuckyShikari collected ($2.50)
Seat 3: fedevalle (button) folded before Flop (didn't bet)
Seat 4: pokerwarden33 (small blind) folded before Flop
Seat 6: Fold Your Cats (big blind) folded before Flop



PokerStars Hand #254291492773:  Hold'em No Limit ($0.50/$1.00 USD) - 2025/01/10 5:52:50 WET [2025/01/10 0:52:50 ET]
Table 'Herge II' 6-max Seat #4 is the button
Seat 5: NOTfishON ($119.59 in chips) is sitting out
Seat 1: avlee1 ($171.15 in chips) 
Seat 2: LuckyShikari ($159.24 in chips) 
Seat 3: fedevalle ($34 in chips) 
Seat 4: pokerwarden33 ($99 in chips) 
Seat 6: Fold Your Cats ($111.22 in chips) 
Fold Your Cats: posts small blind $0.50
avlee1: posts big blind $1
*** HOLE CARDS ***
LuckyShikari: raises $2 to $3
fedevalle: folds 
pokerwarden33: folds 
Fold Your Cats: folds 
avlee1: folds 
Uncalled bet ($2) returned to LuckyShikari
LuckyShikari collected $2.50 from pot
LuckyShikari: doesn't show hand 
*** SUMMARY ***
Total pot $2.50 | Rake $0 
Seat 5: NOTfishON
Seat 1: avlee1 (big blind) folded before Flop
Seat 2: LuckyShikari collected ($2.50)
Seat 3: fedevalle folded before Flop (didn't bet)
Seat 4: pokerwarden33 (button) folded before Flop (didn't bet)
Seat 6: Fold Your Cats (small blind) folded before Flop



PokerStars Hand #254291494575:  Hold'em No Limit ($0.50/$1.00 USD) - 2025/01/10 5:53:11 WET [2025/01/10 0:53:11 ET]
Table 'Herge II' 6-max Seat #6 is the button
Seat 5: NOTfishON ($119.59 in chips) is sitting out
Seat 1: avlee1 ($170.15 in chips) 
Seat 2: LuckyShikari ($160.74 in chips) 
Seat 3: fedevalle ($34 in chips) 
Seat 4: pokerwarden33 ($99 in chips) 
Seat 6: Fold Your Cats ($110.72 in chips) 
avlee1: posts small blind $0.50
LuckyShikari: posts big blind $1
*** HOLE CARDS ***
fedevalle: folds 
pokerwarden33: calls $1
Fold Your Cats: folds 
avlee1: folds 
LuckyShikari: checks 
*** FLOP *** [6h Jd 7d]
LuckyShikari: checks 
pokerwarden33: bets $1
LuckyShikari: folds 
Uncalled bet ($1) returned to pokerwarden33
pokerwarden33 collected $2.38 from pot
*** SUMMARY ***
Total pot $2.50 | Rake $0.12 
Board [6h Jd 7d]
Seat 5: NOTfishON
Seat 1: avlee1 (small blind) folded before Flop
Seat 2: LuckyShikari (big blind) folded on the Flop
Seat 3: fedevalle folded before Flop (didn't bet)
Seat 4: pokerwarden33 collected ($2.38)
Seat 6: Fold Your Cats (button) folded before Flop (didn't bet)



PokerStars Hand #254291497606:  Hold'em No Limit ($0.50/$1.00 USD) - 2025/01/10 5:53:47 WET [2025/01/10 0:53:47 ET]
Table 'Herge II' 6-max Seat #1 is the button
Seat 5: NOTfishON ($119.59 in chips) is sitting out
Seat 1: avlee1 ($169.65 in chips) 
Seat 2: LuckyShikari ($159.74 in chips) 
Seat 3: fedevalle ($34 in chips) 
Seat 4: pokerwarden33 ($100.38 in chips) 
Seat 6: Fold Your Cats ($110.72 in chips) 
LuckyShikari: posts small blind $0.50
fedevalle: posts big blind $1
*** HOLE CARDS ***
pokerwarden33: folds 
Fold Your Cats: raises $1.50 to $2.50
avlee1: raises $5.50 to $8
LuckyShikari: folds 
fedevalle: folds 
Fold Your Cats: folds 
Uncalled bet ($5.50) returned to avlee1
avlee1 collected $6.50 from pot
avlee1: doesn't show hand 
*** SUMMARY ***
Total pot $6.50 | Rake $0 
Seat 5: NOTfishON
Seat 1: avlee1 (button) collected ($6.50)
Seat 2: LuckyShikari (small blind) folded before Flop
Seat 3: fedevalle (big blind) folded before Flop
Seat 4: pokerwarden33 folded before Flop (didn't bet)
Seat 6: Fold Your Cats folded before Flop



PokerStars Hand #254291500176:  Hold'em No Limit ($0.50/$1.00 USD) - 2025/01/10 5:54:17 WET [2025/01/10 0:54:17 ET]
Table 'Herge II' 6-max Seat #2 is the button
Seat 5: NOTfishON ($119.59 in chips) is sitting out
Seat 1: avlee1 ($173.65 in chips) 
Seat 2: LuckyShikari ($159.24 in chips) 
Seat 3: fedevalle ($33 in chips) 
Seat 4: pokerwarden33 ($100.38 in chips) 
Seat 6: Fold Your Cats ($108.22 in chips) 
fedevalle: posts small blind $0.50
pokerwarden33: posts big blind $1
*** HOLE CARDS ***
Fold Your Cats: folds 
avlee1: raises $1.50 to $2.50
LuckyShikari: calls $2.50
fedevalle: folds 
pokerwarden33: calls $1.50
*** FLOP *** [Qs Jh 7s]
pokerwarden33: checks 
avlee1: bets $2.51
LuckyShikari: calls $2.51
pokerwarden33: folds 
*** TURN *** [Qs Jh 7s] [Th]
avlee1: checks 
LuckyShikari: checks 
*** RIVER *** [Qs Jh 7s Th] [Ac]
avlee1: bets $8.16
LuckyShikari: raises $14.35 to $22.51
avlee1: calls $14.35
*** SHOW DOWN ***
LuckyShikari: shows [Qh Ks] (a straight, Ten to Ace)
avlee1: shows [Tc Kh] (a straight, Ten to Ace)
avlee1 collected $27.77 from pot
LuckyShikari collected $27.77 from pot
*** SUMMARY ***
Total pot $58.04 | Rake $2.50 
Board [Qs Jh 7s Th Ac]
Seat 5: NOTfishON
Seat 1: avlee1 showed [Tc Kh] and won ($27.77) with a straight, Ten to Ace
Seat 2: LuckyShikari (button) showed [Qh Ks] and won ($27.77) with a straight, Ten to Ace
Seat 3: fedevalle (small blind) folded before Flop
Seat 4: pokerwarden33 (big blind) folded on the Flop
Seat 6: Fold Your Cats folded before Flop (didn't bet)



PokerStars Hand #254291506393:  Hold'em No Limit ($0.50/$1.00 USD) - 2025/01/10 5:55:34 WET [2025/01/10 0:55:34 ET]
Table 'Herge II' 6-max Seat #3 is the button
Seat 5: NOTfishON ($119.59 in chips) is sitting out
Seat 1: avlee1 ($173.90 in chips) 
Seat 2: LuckyShikari ($159.49 in chips) 
Seat 3: fedevalle ($32.50 in chips) 
Seat 4: pokerwarden33 ($97.88 in chips) 
Seat 6: Fold Your Cats ($108.22 in chips) 
pokerwarden33: posts small blind $0.50
Fold Your Cats: posts big blind $1
*** HOLE CARDS ***
avlee1: folds 
LuckyShikari: raises $2 to $3
fedevalle: folds 
pokerwarden33: calls $2.50
Fold Your Cats: folds 
*** FLOP *** [Jh Kc 2c]
pokerwarden33: checks 
LuckyShikari: bets $3
pokerwarden33: folds 
Uncalled bet ($3) returned to LuckyShikari
LuckyShikari collected $6.65 from pot
LuckyShikari: doesn't show hand 
*** SUMMARY ***
Total pot $7 | Rake $0.35 
Board [Jh Kc 2c]
Seat 5: NOTfishON
Seat 1: avlee1 folded before Flop (didn't bet)
Seat 2: LuckyShikari collected ($6.65)
Seat 3: fedevalle (button) folded before Flop (didn't bet)
Seat 4: pokerwarden33 (small blind) folded on the Flop
Seat 6: Fold Your Cats (big blind) folded before Flop



PokerStars Hand #254291508552:  Hold'em No Limit ($0.50/$1.00 USD) - 2025/01/10 5:56:04 WET [2025/01/10 0:56:04 ET]
Table 'Herge II' 6-max Seat #4 is the button
Seat 5: NOTfishON ($119.59 in chips) is sitting out
Seat 1: avlee1 ($173.90 in chips) 
Seat 2: LuckyShikari ($163.14 in chips) 
Seat 3: fedevalle ($32.50 in chips) 
Seat 4: pokerwarden33 ($94.88 in chips) 
Seat 6: Fold Your Cats ($107.22 in chips) 
Fold Your Cats: posts small blind $0.50
avlee1: posts big blind $1
*** HOLE CARDS ***
LuckyShikari: folds 
fedevalle: folds 
pokerwarden33: folds 
Fold Your Cats: folds 
Uncalled bet ($0.50) returned to avlee1
avlee1 collected $1 from pot
avlee1: doesn't show hand 
*** SUMMARY ***
Total pot $1 | Rake $0 
Seat 5: NOTfishON
Seat 1: avlee1 (big blind) collected ($1)
Seat 2: LuckyShikari folded before Flop (didn't bet)
Seat 3: fedevalle folded before Flop (didn't bet)
Seat 4: pokerwarden33 (button) folded before Flop (didn't bet)
Seat 6: Fold Your Cats (small blind) folded before Flop



PokerStars Hand #254291510806:  Hold'em No Limit ($0.50/$1.00 USD) - 2025/01/10 5:56:35 WET [2025/01/10 0:56:35 ET]
Table 'Herge II' 6-max Seat #6 is the button
Seat 5: NOTfishON ($119.59 in chips) is sitting out
Seat 1: avlee1 ($174.40 in chips) 
Seat 2: LuckyShikari ($163.14 in chips) 
Seat 3: fedevalle ($32.50 in chips) 
Seat 4: pokerwarden33 ($94.88 in chips) 
Seat 6: Fold Your Cats ($106.72 in chips) 
avlee1: posts small blind $0.50
LuckyShikari: posts big blind $1
*** HOLE CARDS ***
fedevalle: folds 
pokerwarden33: raises $2 to $3
fedevalle leaves the table
Fold Your Cats: folds 
avlee1: folds 
LuckyShikari: folds 
Uncalled bet ($2) returned to pokerwarden33
pokerwarden33 collected $2.50 from pot
*** SUMMARY ***
Total pot $2.50 | Rake $0 
Seat 5: NOTfishON
Seat 1: avlee1 (small blind) folded before Flop
Seat 2: LuckyShikari (big blind) folded before Flop
Seat 3: fedevalle folded before Flop (didn't bet)
Seat 4: pokerwarden33 collected ($2.50)
Seat 6: Fold Your Cats (button) folded before Flop (didn't bet)



PokerStars Hand #254291512337:  Hold'em No Limit ($0.50/$1.00 USD) - 2025/01/10 5:56:56 WET [2025/01/10 0:56:56 ET]
Table 'Herge II' 6-max Seat #1 is the button
Seat 5: NOTfishON ($119.59 in chips) is sitting out
Seat 1: avlee1 ($173.90 in chips) 
Seat 2: LuckyShikari ($162.14 in chips) 
Seat 4: pokerwarden33 ($96.38 in chips) 
Seat 6: Fold Your Cats ($106.72 in chips) 
LuckyShikari: posts small blind $0.50
pokerwarden33: posts big blind $1
*** HOLE CARDS ***
Fold Your Cats: folds 
avlee1: folds 
LuckyShikari: folds 
Uncalled bet ($0.50) returned to pokerwarden33
pokerwarden33 collected $1 from pot
*** SUMMARY ***
Total pot $1 | Rake $0 
Seat 5: NOTfishON
Seat 1: avlee1 (button) folded before Flop (didn't bet)
Seat 2: LuckyShikari (small blind) folded before Flop
Seat 4: pokerwarden33 (big blind) collected ($1)
Seat 6: Fold Your Cats folded before Flop (didn't bet)



PokerStars Hand #254291513346:  Hold'em No Limit ($0.50/$1.00 USD) - 2025/01/10 5:57:11 WET [2025/01/10 0:57:11 ET]
Table 'Herge II' 6-max Seat #2 is the button
Seat 5: NOTfishON ($119.59 in chips) is sitting out
Seat 1: avlee1 ($173.90 in chips) 
Seat 2: LuckyShikari ($161.64 in chips) 
Seat 4: pokerwarden33 ($96.88 in chips) 
Seat 6: Fold Your Cats ($106.72 in chips) 
pokerwarden33: posts small blind $0.50
Fold Your Cats: posts big blind $1
*** HOLE CARDS ***
avlee1: folds 
LuckyShikari: folds 
pokerwarden33: calls $0.50
Fold Your Cats: checks 
*** FLOP *** [Td 8s 3c]
DL1B joins the table at seat #3 
pokerwarden33: bets $2
Fold Your Cats: folds 
Uncalled bet ($2) returned to pokerwarden33
pokerwarden33 collected $1.90 from pot
*** SUMMARY ***
Total pot $2 | Rake $0.10 
Board [Td 8s 3c]
Seat 5: NOTfishON
Seat 1: avlee1 folded before Flop (didn't bet)
Seat 2: LuckyShikari (button) folded before Flop (didn't bet)
Seat 4: pokerwarden33 (small blind) collected ($1.90)
Seat 6: Fold Your Cats (big blind) folded on the Flop



PokerStars Hand #254291515257:  Hold'em No Limit ($0.50/$1.00 USD) - 2025/01/10 5:57:38 WET [2025/01/10 0:57:38 ET]
Table 'Herge II' 6-max Seat #4 is the button
Seat 3: DL1B ($100 in chips) is sitting out
Seat 5: NOTfishON ($119.59 in chips) is sitting out
Seat 1: avlee1 ($173.90 in chips) 
Seat 2: LuckyShikari ($161.64 in chips) 
Seat 4: pokerwarden33 ($97.78 in chips) 
Seat 6: Fold Your Cats ($105.72 in chips) 
Fold Your Cats: posts small blind $0.50
avlee1: posts big blind $1
DL1B: sits out 
*** HOLE CARDS ***
LuckyShikari: folds 
pokerwarden33: calls $1
Fold Your Cats: folds 
avlee1: checks 
*** FLOP *** [Kh 7d 8s]
avlee1: checks 
pokerwarden33: checks 
*** TURN *** [Kh 7d 8s] [Qs]
avlee1: checks 
pokerwarden33: checks 
*** RIVER *** [Kh 7d 8s Qs] [7h]
avlee1: checks 
pokerwarden33: checks 
*** SHOW DOWN ***
avlee1: shows [2h 4c] (a pair of Sevens)
pokerwarden33: shows [Ad 2s] (a pair of Sevens - Ace kicker)
pokerwarden33 collected $2.38 from pot
*** SUMMARY ***
Total pot $2.50 | Rake $0.12 
Board [Kh 7d 8s Qs 7h]
Seat 3: DL1B
Seat 5: NOTfishON
Seat 1: avlee1 (big blind) showed [2h 4c] and lost with a pair of Sevens
Seat 2: LuckyShikari folded before Flop (didn't bet)
Seat 4: pokerwarden33 (button) showed [Ad 2s] and won ($2.38) with a pair of Sevens
Seat 6: Fold Your Cats (small blind) folded before Flop



PokerStars Hand #254291517666:  Hold'em No Limit ($0.50/$1.00 USD) - 2025/01/10 5:58:11 WET [2025/01/10 0:58:11 ET]
Table 'Herge II' 6-max Seat #6 is the button
Seat 3: DL1B ($100 in chips) is sitting out
Seat 5: NOTfishON ($119.59 in chips) is sitting out
Seat 1: avlee1 ($172.90 in chips) 
Seat 2: LuckyShikari ($161.64 in chips) 
Seat 4: pokerwarden33 ($99.16 in chips) 
Seat 6: Fold Your Cats ($105.22 in chips) 
avlee1: posts small blind $0.50
LuckyShikari: posts big blind $1
DL1B: sits out 
NOTfishON: sits out 
*** HOLE CARDS ***
pokerwarden33: calls $1
Fold Your Cats: raises $3 to $4
avlee1: folds 
LuckyShikari: folds 
pokerwarden33: calls $3
*** FLOP *** [Kd 7s Ts]
pokerwarden33: checks 
Fold Your Cats: checks 
*** TURN *** [Kd 7s Ts] [2s]
pokerwarden33: checks 
Fold Your Cats: bets $3.50
pokerwarden33: folds 
Uncalled bet ($3.50) returned to Fold Your Cats
Fold Your Cats collected $9.02 from pot
Fold Your Cats: doesn't show hand 
*** SUMMARY ***
Total pot $9.50 | Rake $0.48 
Board [Kd 7s Ts 2s]
Seat 3: DL1B
Seat 5: NOTfishON
Seat 1: avlee1 (small blind) folded before Flop
Seat 2: LuckyShikari (big blind) folded before Flop
Seat 4: pokerwarden33 folded on the Turn
Seat 6: Fold Your Cats (button) collected ($9.02)



PokerStars Hand #254291520834:  Hold'em No Limit ($0.50/$1.00 USD) - 2025/01/10 5:58:54 WET [2025/01/10 0:58:54 ET]
Table 'Herge II' 6-max Seat #1 is the button
Seat 5: NOTfishON ($119.59 in chips) is sitting out
Seat 1: avlee1 ($172.40 in chips) 
Seat 2: LuckyShikari ($160.64 in chips) 
Seat 3: DL1B ($100 in chips) 
Seat 4: pokerwarden33 ($95.16 in chips) 
Seat 6: Fold Your Cats ($110.24 in chips) 
LuckyShikari: posts small blind $0.50
DL1B: posts big blind $1
NOTfishON: sits out 
*** HOLE CARDS ***
pokerwarden33: calls $1
Fold Your Cats: folds 
avlee1: folds 
LuckyShikari: raises $4 to $5
DL1B: folds 
pokerwarden33: calls $4
*** FLOP *** [7d 6d 9h]
LuckyShikari: checks 
pokerwarden33: bets $7
LuckyShikari: folds 
Uncalled bet ($7) returned to pokerwarden33
pokerwarden33 collected $10.45 from pot
*** SUMMARY ***
Total pot $11 | Rake $0.55 
Board [7d 6d 9h]
Seat 5: NOTfishON
Seat 1: avlee1 (button) folded before Flop (didn't bet)
Seat 2: LuckyShikari (small blind) folded on the Flop
Seat 3: DL1B (big blind) folded before Flop
Seat 4: pokerwarden33 collected ($10.45)
Seat 6: Fold Your Cats folded before Flop (didn't bet)



PokerStars Hand #254291525459:  Hold'em No Limit ($0.50/$1.00 USD) - 2025/01/10 5:59:58 WET [2025/01/10 0:59:58 ET]
Table 'Herge II' 6-max Seat #2 is the button
Seat 5: NOTfishON ($119.59 in chips) is sitting out
Seat 1: avlee1 ($172.40 in chips) 
Seat 2: LuckyShikari ($155.64 in chips) 
Seat 3: DL1B ($100 in chips) 
Seat 4: pokerwarden33 ($100.61 in chips) 
Seat 6: Fold Your Cats ($110.24 in chips) 
DL1B: posts small blind $0.50
pokerwarden33: posts big blind $1
NOTfishON: sits out 
*** HOLE CARDS ***
Fold Your Cats: folds 
avlee1: folds 
LuckyShikari: raises $1.50 to $2.50
DL1B: folds 
pokerwarden33: calls $1.50
*** FLOP *** [Kc Ts Qd]
pokerwarden33: checks 
LuckyShikari: bets $1.25
pokerwarden33: calls $1.25
*** TURN *** [Kc Ts Qd] [Td]
pokerwarden33: bets $5
LuckyShikari: folds 
Uncalled bet ($5) returned to pokerwarden33
pokerwarden33 collected $7.60 from pot
*** SUMMARY ***
Total pot $8 | Rake $0.40 
Board [Kc Ts Qd Td]
Seat 5: NOTfishON
Seat 1: avlee1 folded before Flop (didn't bet)
Seat 2: LuckyShikari (button) folded on the Turn
Seat 3: DL1B (small blind) folded before Flop
Seat 4: pokerwarden33 (big blind) collected ($7.60)
Seat 6: Fold Your Cats folded before Flop (didn't bet)



PokerStars Hand #254291528659:  Hold'em No Limit ($0.50/$1.00 USD) - 2025/01/10 6:00:39 WET [2025/01/10 1:00:39 ET]
Table 'Herge II' 6-max Seat #3 is the button
Seat 1: avlee1 ($172.40 in chips) 
Seat 2: LuckyShikari ($151.89 in chips) 
Seat 3: DL1B ($100 in chips) 
Seat 4: pokerwarden33 ($104.46 in chips) 
Seat 5: NOTfishON ($119.59 in chips) 
Seat 6: Fold Your Cats ($110.24 in chips) 
pokerwarden33: posts small blind $0.50
NOTfishON: posts big blind $1
*** HOLE CARDS ***
Fold Your Cats: folds 
avlee1: folds 
LuckyShikari: raises $2.50 to $3.50
DL1B: folds 
pokerwarden33: folds 
NOTfishON: folds 
Uncalled bet ($2.50) returned to LuckyShikari
LuckyShikari collected $2.50 from pot
LuckyShikari: doesn't show hand 
*** SUMMARY ***
Total pot $2.50 | Rake $0 
Seat 1: avlee1 folded before Flop (didn't bet)
Seat 2: LuckyShikari collected ($2.50)
Seat 3: DL1B (button) folded before Flop (didn't bet)
Seat 4: pokerwarden33 (small blind) folded before Flop
Seat 5: NOTfishON (big blind) folded before Flop
Seat 6: Fold Your Cats folded before Flop (didn't bet)



PokerStars Hand #254291530170:  Hold'em No Limit ($0.50/$1.00 USD) - 2025/01/10 6:00:58 WET [2025/01/10 1:00:58 ET]
Table 'Herge II' 6-max Seat #4 is the button
Seat 1: avlee1 ($172.40 in chips) 
Seat 2: LuckyShikari ($153.39 in chips) 
Seat 3: DL1B ($100 in chips) 
Seat 4: pokerwarden33 ($103.96 in chips) 
Seat 5: NOTfishON ($118.59 in chips) 
Seat 6: Fold Your Cats ($110.24 in chips) 
NOTfishON: posts small blind $0.50
Fold Your Cats: posts big blind $1
*** HOLE CARDS ***
avlee1: folds 
LuckyShikari: folds 
DL1B: folds 
pokerwarden33: folds 
NOTfishON: folds 
Uncalled bet ($0.50) returned to Fold Your Cats
Fold Your Cats collected $1 from pot
Fold Your Cats: doesn't show hand 
*** SUMMARY ***
Total pot $1 | Rake $0 
Seat 1: avlee1 folded before Flop (didn't bet)
Seat 2: LuckyShikari folded before Flop (didn't bet)
Seat 3: DL1B folded before Flop (didn't bet)
Seat 4: pokerwarden33 (button) folded before Flop (didn't bet)
Seat 5: NOTfishON (small blind) folded before Flop
Seat 6: Fold Your Cats (big blind) collected ($1)



PokerStars Hand #254291531404:  Hold'em No Limit ($0.50/$1.00 USD) - 2025/01/10 6:01:12 WET [2025/01/10 1:01:12 ET]
Table 'Herge II' 6-max Seat #5 is the button
Seat 1: avlee1 ($172.40 in chips) is sitting out
Seat 2: LuckyShikari ($153.39 in chips) 
Seat 3: DL1B ($100 in chips) 
Seat 4: pokerwarden33 ($103.96 in chips) 
Seat 5: NOTfishON ($118.09 in chips) 
Seat 6: Fold Your Cats ($110.74 in chips) 
Fold Your Cats: posts small blind $0.50
avlee1: is sitting out 
LuckyShikari: posts big blind $1
*** HOLE CARDS ***
DL1B: folds 
pokerwarden33: folds 
NOTfishON: folds 
Fold Your Cats: folds 
Uncalled bet ($0.50) returned to LuckyShikari
LuckyShikari collected $1 from pot
LuckyShikari: doesn't show hand 
*** SUMMARY ***
Total pot $1 | Rake $0 
Seat 1: avlee1
Seat 2: LuckyShikari (big blind) collected ($1)
Seat 3: DL1B folded before Flop (didn't bet)
Seat 4: pokerwarden33 folded before Flop (didn't bet)
Seat 5: NOTfishON (button) folded before Flop (didn't bet)
Seat 6: Fold Your Cats (small blind) folded before Flop



PokerStars Hand #254291532367:  Hold'em No Limit ($0.50/$1.00 USD) - 2025/01/10 6:01:23 WET [2025/01/10 1:01:23 ET]
Table 'Herge II' 6-max Seat #6 is the button
Seat 1: avlee1 ($172.40 in chips) is sitting out
Seat 2: LuckyShikari ($153.89 in chips) 
Seat 3: DL1B ($100 in chips) 
Seat 4: pokerwarden33 ($103.96 in chips) 
Seat 5: NOTfishON ($118.09 in chips) 
Seat 6: Fold Your Cats ($110.24 in chips) 
LuckyShikari: posts small blind $0.50
DL1B: posts big blind $1
*** HOLE CARDS ***
pokerwarden33: calls $1
NOTfishON: folds 
Fold Your Cats: folds 
LuckyShikari: folds 
DL1B: checks 
*** FLOP *** [3s Qs Td]
DL1B: checks 
pokerwarden33: checks 
*** TURN *** [3s Qs Td] [7d]
DL1B: bets $1.81
pokerwarden33: folds 
Uncalled bet ($1.81) returned to DL1B
DL1B collected $2.38 from pot
DL1B: doesn't show hand 
*** SUMMARY ***
Total pot $2.50 | Rake $0.12 
Board [3s Qs Td 7d]
Seat 1: avlee1
Seat 2: LuckyShikari (small blind) folded before Flop
Seat 3: DL1B (big blind) collected ($2.38)
Seat 4: pokerwarden33 folded on the Turn
Seat 5: NOTfishON folded before Flop (didn't bet)
Seat 6: Fold Your Cats (button) folded before Flop (didn't bet)



PokerStars Hand #254291535205:  Hold'em No Limit ($0.50/$1.00 USD) - 2025/01/10 6:01:56 WET [2025/01/10 1:01:56 ET]
Table 'Herge II' 6-max Seat #2 is the button
Seat 1: avlee1 ($172.40 in chips) is sitting out
Seat 2: LuckyShikari ($153.39 in chips) 
Seat 3: DL1B ($101.38 in chips) 
Seat 4: pokerwarden33 ($102.96 in chips) 
Seat 5: NOTfishON ($118.09 in chips) 
Seat 6: Fold Your Cats ($110.24 in chips) 
DL1B: posts small blind $0.50
pokerwarden33: posts big blind $1
avlee1: sits out 
*** HOLE CARDS ***
NOTfishON: folds 
Fold Your Cats: raises $1.50 to $2.50
LuckyShikari: folds 
DL1B: folds 
pokerwarden33: folds 
Uncalled bet ($1.50) returned to Fold Your Cats
Fold Your Cats collected $2.50 from pot
Fold Your Cats: doesn't show hand 
*** SUMMARY ***
Total pot $2.50 | Rake $0 
Seat 1: avlee1
Seat 2: LuckyShikari (button) folded before Flop (didn't bet)
Seat 3: DL1B (small blind) folded before Flop
Seat 4: pokerwarden33 (big blind) folded before Flop
Seat 5: NOTfishON folded before Flop (didn't bet)
Seat 6: Fold Your Cats collected ($2.50)



PokerStars Hand #254291536363:  Hold'em No Limit ($0.50/$1.00 USD) - 2025/01/10 6:02:10 WET [2025/01/10 1:02:10 ET]
Table 'Herge II' 6-max Seat #3 is the button
Seat 1: avlee1 ($172.40 in chips) is sitting out
Seat 2: LuckyShikari ($153.39 in chips) 
Seat 3: DL1B ($100.88 in chips) 
Seat 4: pokerwarden33 ($101.96 in chips) 
Seat 5: NOTfishON ($118.09 in chips) 
Seat 6: Fold Your Cats ($111.74 in chips) 
pokerwarden33: posts small blind $0.50
NOTfishON: posts big blind $1
avlee1: sits out 
*** HOLE CARDS ***
Fold Your Cats: raises $1.50 to $2.50
LuckyShikari: calls $2.50
DL1B: folds 
pokerwarden33: folds 
NOTfishON: folds 
*** FLOP *** [Tc Ts 6c]
Fold Your Cats: checks 
LuckyShikari: checks 
*** TURN *** [Tc Ts 6c] [7d]
Fold Your Cats: bets $3.28
LuckyShikari: raises $12.74 to $16.02
Fold Your Cats: calls $12.74
*** RIVER *** [Tc Ts 6c 7d] [8d]
Fold Your Cats: checks 
LuckyShikari: checks 
*** SHOW DOWN ***
Fold Your Cats: shows [Ks 7s] (two pair, Tens and Sevens)
LuckyShikari: shows [Jh Th] (three of a kind, Tens)
LuckyShikari collected $36.61 from pot
*** SUMMARY ***
Total pot $38.54 | Rake $1.93 
Board [Tc Ts 6c 7d 8d]
Seat 1: avlee1
Seat 2: LuckyShikari showed [Jh Th] and won ($36.61) with three of a kind, Tens
Seat 3: DL1B (button) folded before Flop (didn't bet)
Seat 4: pokerwarden33 (small blind) folded before Flop
Seat 5: NOTfishON (big blind) folded before Flop
Seat 6: Fold Your Cats showed [Ks 7s] and lost with two pair, Tens and Sevens



PokerStars Hand #254291540313:  Hold'em No Limit ($0.50/$1.00 USD) - 2025/01/10 6:02:58 WET [2025/01/10 1:02:58 ET]
Table 'Herge II' 6-max Seat #4 is the button
Seat 1: avlee1 ($172.40 in chips) is sitting out
Seat 2: LuckyShikari ($171.48 in chips) 
Seat 3: DL1B ($100.88 in chips) 
Seat 4: pokerwarden33 ($101.46 in chips) 
Seat 5: NOTfishON ($117.09 in chips) 
Seat 6: Fold Your Cats ($100 in chips) 
NOTfishON: posts small blind $0.50
Fold Your Cats: posts big blind $1
avlee1: sits out 
*** HOLE CARDS ***
LuckyShikari: folds 
DL1B: folds 
pokerwarden33: folds 
NOTfishON: folds 
Uncalled bet ($0.50) returned to Fold Your Cats
Fold Your Cats collected $1 from pot
Fold Your Cats: doesn't show hand 
*** SUMMARY ***
Total pot $1 | Rake $0 
Seat 1: avlee1
Seat 2: LuckyShikari folded before Flop (didn't bet)
Seat 3: DL1B folded before Flop (didn't bet)
Seat 4: pokerwarden33 (button) folded before Flop (didn't bet)
Seat 5: NOTfishON (small blind) folded before Flop
Seat 6: Fold Your Cats (big blind) collected ($1)



PokerStars Hand #254291541590:  Hold'em No Limit ($0.50/$1.00 USD) - 2025/01/10 6:03:13 WET [2025/01/10 1:03:13 ET]
Table 'Herge II' 6-max Seat #5 is the button
Seat 1: avlee1 ($172.40 in chips) 
Seat 2: LuckyShikari ($171.48 in chips) 
Seat 3: DL1B ($100.88 in chips) 
Seat 4: pokerwarden33 ($101.46 in chips) 
Seat 5: NOTfishON ($116.59 in chips) 
Seat 6: Fold Your Cats ($100.50 in chips) 
Fold Your Cats: posts small blind $0.50
avlee1: posts big blind $1
*** HOLE CARDS ***
LuckyShikari: folds 
DL1B: folds 
pokerwarden33: folds 
NOTfishON: raises $1.50 to $2.50
Fold Your Cats: folds 
avlee1: folds 
Uncalled bet ($1.50) returned to NOTfishON
NOTfishON collected $2.50 from pot
*** SUMMARY ***
Total pot $2.50 | Rake $0 
Seat 1: avlee1 (big blind) folded before Flop
Seat 2: LuckyShikari folded before Flop (didn't bet)
Seat 3: DL1B folded before Flop (didn't bet)
Seat 4: pokerwarden33 folded before Flop (didn't bet)
Seat 5: NOTfishON (button) collected ($2.50)
Seat 6: Fold Your Cats (small blind) folded before Flop



PokerStars Hand #254291543666:  Hold'em No Limit ($0.50/$1.00 USD) - 2025/01/10 6:03:37 WET [2025/01/10 1:03:37 ET]
Table 'Herge II' 6-max Seat #6 is the button
Seat 1: avlee1 ($171.40 in chips) 
Seat 2: LuckyShikari ($171.48 in chips) 
Seat 3: DL1B ($100.88 in chips) 
Seat 4: pokerwarden33 ($101.46 in chips) 
Seat 5: NOTfishON ($118.09 in chips) 
Seat 6: Fold Your Cats ($100 in chips) 
avlee1: posts small blind $0.50
LuckyShikari: posts big blind $1
*** HOLE CARDS ***
DL1B: folds 
pokerwarden33: folds 
NOTfishON: folds 
Fold Your Cats: folds 
avlee1: folds 
Uncalled bet ($0.50) returned to LuckyShikari
LuckyShikari collected $1 from pot
LuckyShikari: doesn't show hand 
*** SUMMARY ***
Total pot $1 | Rake $0 
Seat 1: avlee1 (small blind) folded before Flop
Seat 2: LuckyShikari (big blind) collected ($1)
Seat 3: DL1B folded before Flop (didn't bet)
Seat 4: pokerwarden33 folded before Flop (didn't bet)
Seat 5: NOTfishON folded before Flop (didn't bet)
Seat 6: Fold Your Cats (button) folded before Flop (didn't bet)



PokerStars Hand #254291544951:  Hold'em No Limit ($0.50/$1.00 USD) - 2025/01/10 6:03:52 WET [2025/01/10 1:03:52 ET]
Table 'Herge II' 6-max Seat #1 is the button
Seat 1: avlee1 ($170.90 in chips) 
Seat 2: LuckyShikari ($171.98 in chips) 
Seat 3: DL1B ($100.88 in chips) 
Seat 4: pokerwarden33 ($101.46 in chips) 
Seat 5: NOTfishON ($118.09 in chips) 
Seat 6: Fold Your Cats ($100 in chips) 
LuckyShikari: posts small blind $0.50
DL1B: posts big blind $1
*** HOLE CARDS ***
pokerwarden33: folds 
NOTfishON: raises $1.10 to $2.10
Fold Your Cats: folds 
avlee1: folds 
LuckyShikari: raises $8.90 to $11
DL1B: folds 
NOTfishON: folds 
Uncalled bet ($8.90) returned to LuckyShikari
LuckyShikari collected $5.20 from pot
LuckyShikari: doesn't show hand 
*** SUMMARY ***
Total pot $5.20 | Rake $0 
Seat 1: avlee1 (button) folded before Flop (didn't bet)
Seat 2: LuckyShikari (small blind) collected ($5.20)
Seat 3: DL1B (big blind) folded before Flop
Seat 4: pokerwarden33 folded before Flop (didn't bet)
Seat 5: NOTfishON folded before Flop
Seat 6: Fold Your Cats folded before Flop (didn't bet)



PokerStars Hand #254291548809:  Hold'em No Limit ($0.50/$1.00 USD) - 2025/01/10 6:04:36 WET [2025/01/10 1:04:36 ET]
Table 'Herge II' 6-max Seat #2 is the button
Seat 1: avlee1 ($170.90 in chips) 
Seat 2: LuckyShikari ($175.08 in chips) 
Seat 3: DL1B ($100 in chips) 
Seat 4: pokerwarden33 ($101.46 in chips) 
Seat 5: NOTfishON ($115.99 in chips) 
Seat 6: Fold Your Cats ($100 in chips) 
DL1B: posts small blind $0.50
pokerwarden33: posts big blind $1
*** HOLE CARDS ***
NOTfishON: folds 
Fold Your Cats: folds 
avlee1: raises $1.50 to $2.50
LuckyShikari: raises $6.50 to $9
DL1B: folds 
pokerwarden33: folds 
avlee1: folds 
Uncalled bet ($6.50) returned to LuckyShikari
LuckyShikari collected $6.50 from pot
LuckyShikari: doesn't show hand 
*** SUMMARY ***
Total pot $6.50 | Rake $0 
Seat 1: avlee1 folded before Flop
Seat 2: LuckyShikari (button) collected ($6.50)
Seat 3: DL1B (small blind) folded before Flop
Seat 4: pokerwarden33 (big blind) folded before Flop
Seat 5: NOTfishON folded before Flop (didn't bet)
Seat 6: Fold Your Cats folded before Flop (didn't bet)



PokerStars Hand #254291550444:  Hold'em No Limit ($0.50/$1.00 USD) - 2025/01/10 6:04:56 WET [2025/01/10 1:04:56 ET]
Table 'Herge II' 6-max Seat #3 is the button
Seat 1: avlee1 ($168.40 in chips) 
Seat 2: LuckyShikari ($179.08 in chips) 
Seat 3: DL1B ($100 in chips) 
Seat 4: pokerwarden33 ($100.46 in chips) 
Seat 5: NOTfishON ($115.99 in chips) 
Seat 6: Fold Your Cats ($100 in chips) 
pokerwarden33: posts small blind $0.50
NOTfishON: posts big blind $1
*** HOLE CARDS ***
Fold Your Cats: folds 
avlee1: folds 
LuckyShikari: raises $2 to $3
DL1B: folds 
pokerwarden33: folds 
NOTfishON: folds 
Uncalled bet ($2) returned to LuckyShikari
LuckyShikari collected $2.50 from pot
LuckyShikari: doesn't show hand 
*** SUMMARY ***
Total pot $2.50 | Rake $0 
Seat 1: avlee1 folded before Flop (didn't bet)
Seat 2: LuckyShikari collected ($2.50)
Seat 3: DL1B (button) folded before Flop (didn't bet)
Seat 4: pokerwarden33 (small blind) folded before Flop
Seat 5: NOTfishON (big blind) folded before Flop
Seat 6: Fold Your Cats folded before Flop (didn't bet)



PokerStars Hand #254291551431:  Hold'em No Limit ($0.50/$1.00 USD) - 2025/01/10 6:05:08 WET [2025/01/10 1:05:08 ET]
Table 'Herge II' 6-max Seat #4 is the button
Seat 1: avlee1 ($168.40 in chips) 
Seat 2: LuckyShikari ($180.58 in chips) 
Seat 3: DL1B ($100 in chips) 
Seat 4: pokerwarden33 ($99.96 in chips) 
Seat 5: NOTfishON ($114.99 in chips) 
Seat 6: Fold Your Cats ($100 in chips) 
NOTfishON: posts small blind $0.50
Fold Your Cats: posts big blind $1
*** HOLE CARDS ***
avlee1: folds 
LuckyShikari: folds 
DL1B: folds 
pokerwarden33: folds 
NOTfishON: raises $2 to $3
Fold Your Cats: folds 
Uncalled bet ($2) returned to NOTfishON
NOTfishON collected $2 from pot
*** SUMMARY ***
Total pot $2 | Rake $0 
Seat 1: avlee1 folded before Flop (didn't bet)
Seat 2: LuckyShikari folded before Flop (didn't bet)
Seat 3: DL1B folded before Flop (didn't bet)
Seat 4: pokerwarden33 (button) folded before Flop (didn't bet)
Seat 5: NOTfishON (small blind) collected ($2)
Seat 6: Fold Your Cats (big blind) folded before Flop



PokerStars Hand #254291552882:  Hold'em No Limit ($0.50/$1.00 USD) - 2025/01/10 6:05:25 WET [2025/01/10 1:05:25 ET]
Table 'Herge II' 6-max Seat #5 is the button
Seat 1: avlee1 ($168.40 in chips) 
Seat 2: LuckyShikari ($180.58 in chips) 
Seat 3: DL1B ($100 in chips) 
Seat 4: pokerwarden33 ($99.96 in chips) 
Seat 5: NOTfishON ($115.99 in chips) 
Seat 6: Fold Your Cats ($100 in chips) 
Fold Your Cats: posts small blind $0.50
avlee1: posts big blind $1
*** HOLE CARDS ***
LuckyShikari: folds 
DL1B: folds 
pokerwarden33: calls $1
NOTfishON: folds 
Fold Your Cats: folds 
avlee1: checks 
*** FLOP *** [7s 3h Ts]
avlee1: checks 
pokerwarden33: checks 
*** TURN *** [7s 3h Ts] [8d]
avlee1: bets $1.19
pokerwarden33: calls $1.19
*** RIVER *** [7s 3h Ts 8d] [Jc]
avlee1: bets $1.53
pokerwarden33: calls $1.53
*** SHOW DOWN ***
avlee1: shows [Js 5d] (a pair of Jacks)
pokerwarden33: mucks hand 
avlee1 collected $7.54 from pot
*** SUMMARY ***
Total pot $7.94 | Rake $0.40 
Board [7s 3h Ts 8d Jc]
Seat 1: avlee1 (big blind) showed [Js 5d] and won ($7.54) with a pair of Jacks
Seat 2: LuckyShikari folded before Flop (didn't bet)
Seat 3: DL1B folded before Flop (didn't bet)
Seat 4: pokerwarden33 mucked
Seat 5: NOTfishON (button) folded before Flop (didn't bet)
Seat 6: Fold Your Cats (small blind) folded before Flop



PokerStars Hand #254291557210:  Hold'em No Limit ($0.50/$1.00 USD) - 2025/01/10 6:06:17 WET [2025/01/10 1:06:17 ET]
Table 'Herge II' 6-max Seat #6 is the button
Seat 1: avlee1 ($172.22 in chips) 
Seat 2: LuckyShikari ($180.58 in chips) 
Seat 3: DL1B ($100 in chips) 
Seat 4: pokerwarden33 ($96.24 in chips) 
Seat 5: NOTfishON ($115.99 in chips) 
Seat 6: Fold Your Cats ($100 in chips) 
avlee1: posts small blind $0.50
LuckyShikari: posts big blind $1
*** HOLE CARDS ***
DL1B: folds 
pokerwarden33: calls $1
NOTfishON: folds 
Fold Your Cats: folds 
avlee1: folds 
LuckyShikari: checks 
*** FLOP *** [Qs 6d Jd]
LuckyShikari: checks 
pokerwarden33: checks 
*** TURN *** [Qs 6d Jd] [9d]
LuckyShikari: checks 
pokerwarden33: bets $1
LuckyShikari: calls $1
*** RIVER *** [Qs 6d Jd 9d] [4d]
LuckyShikari: checks 
pokerwarden33: checks 
*** SHOW DOWN ***
LuckyShikari: shows [Qh 3h] (a pair of Queens)
pokerwarden33: shows [Qc Ts] (a pair of Queens - Jack+Ten kicker)
pokerwarden33 collected $4.28 from pot
*** SUMMARY ***
Total pot $4.50 | Rake $0.22 
Board [Qs 6d Jd 9d 4d]
Seat 1: avlee1 (small blind) folded before Flop
Seat 2: LuckyShikari (big blind) showed [Qh 3h] and lost with a pair of Queens
Seat 3: DL1B folded before Flop (didn't bet)
Seat 4: pokerwarden33 showed [Qc Ts] and won ($4.28) with a pair of Queens
Seat 5: NOTfishON folded before Flop (didn't bet)
Seat 6: Fold Your Cats (button) folded before Flop (didn't bet)



PokerStars Hand #254291560874:  Hold'em No Limit ($0.50/$1.00 USD) - 2025/01/10 6:07:02 WET [2025/01/10 1:07:02 ET]
Table 'Herge II' 6-max Seat #1 is the button
Seat 1: avlee1 ($171.72 in chips) 
Seat 2: LuckyShikari ($178.58 in chips) 
Seat 3: DL1B ($100 in chips) 
Seat 4: pokerwarden33 ($98.52 in chips) 
Seat 5: NOTfishON ($115.99 in chips) 
Seat 6: Fold Your Cats ($100 in chips) 
LuckyShikari: posts small blind $0.50
DL1B: posts big blind $1
*** HOLE CARDS ***
pokerwarden33: folds 
NOTfishON: folds 
Fold Your Cats: raises $1.50 to $2.50
avlee1: raises $5.50 to $8
LuckyShikari: folds 
DL1B: folds 
Fold Your Cats: folds 
Uncalled bet ($5.50) returned to avlee1
avlee1 collected $6.50 from pot
avlee1: doesn't show hand 
*** SUMMARY ***
Total pot $6.50 | Rake $0 
Seat 1: avlee1 (button) collected ($6.50)
Seat 2: LuckyShikari (small blind) folded before Flop
Seat 3: DL1B (big blind) folded before Flop
Seat 4: pokerwarden33 folded before Flop (didn't bet)
Seat 5: NOTfishON folded before Flop (didn't bet)
Seat 6: Fold Your Cats folded before Flop



PokerStars Hand #254291563318:  Hold'em No Limit ($0.50/$1.00 USD) - 2025/01/10 6:07:32 WET [2025/01/10 1:07:32 ET]
Table 'Herge II' 6-max Seat #2 is the button
Seat 1: avlee1 ($175.72 in chips) 
Seat 2: LuckyShikari ($178.08 in chips) 
Seat 3: DL1B ($100 in chips) 
Seat 4: pokerwarden33 ($98.52 in chips) 
Seat 5: NOTfishON ($115.99 in chips) 
Seat 6: Fold Your Cats ($100 in chips) 
DL1B: posts small blind $0.50
pokerwarden33: posts big blind $1
*** HOLE CARDS ***
NOTfishON: folds 
Fold Your Cats: raises $1.50 to $2.50
avlee1: folds 
LuckyShikari: folds 
DL1B: folds 
pokerwarden33: calls $1.50
*** FLOP *** [Qh 3h As]
pokerwarden33: checks 
Fold Your Cats: checks 
*** TURN *** [Qh 3h As] [4s]
pokerwarden33: checks 
Fold Your Cats: checks 
*** RIVER *** [Qh 3h As 4s] [Ac]
pokerwarden33: bets $1
Fold Your Cats: calls $1
*** SHOW DOWN ***
pokerwarden33: shows [9s 9c] (two pair, Aces and Nines)
Fold Your Cats: mucks hand 
pokerwarden33 collected $7.12 from pot
*** SUMMARY ***
Total pot $7.50 | Rake $0.38 
Board [Qh 3h As 4s Ac]
Seat 1: avlee1 folded before Flop (didn't bet)
Seat 2: LuckyShikari (button) folded before Flop (didn't bet)
Seat 3: DL1B (small blind) folded before Flop
Seat 4: pokerwarden33 (big blind) showed [9s 9c] and won ($7.12) with two pair, Aces and Nines
Seat 5: NOTfishON folded before Flop (didn't bet)
Seat 6: Fold Your Cats mucked



PokerStars Hand #254291566841:  Hold'em No Limit ($0.50/$1.00 USD) - 2025/01/10 6:08:15 WET [2025/01/10 1:08:15 ET]
Table 'Herge II' 6-max Seat #3 is the button
Seat 1: avlee1 ($175.72 in chips) 
Seat 2: LuckyShikari ($178.08 in chips) 
Seat 3: DL1B ($100 in chips) 
Seat 4: pokerwarden33 ($102.14 in chips) 
Seat 5: NOTfishON ($115.99 in chips) 
Seat 6: Fold Your Cats ($100 in chips) 
pokerwarden33: posts small blind $0.50
NOTfishON: posts big blind $1
*** HOLE CARDS ***
Fold Your Cats: folds 
avlee1: folds 
LuckyShikari: folds 
DL1B: raises $1.50 to $2.50
pokerwarden33: calls $2
NOTfishON: folds 
*** FLOP *** [3d Ac 5s]
pokerwarden33: checks 
DL1B: bets $1.88
pokerwarden33: folds 
Uncalled bet ($1.88) returned to DL1B
DL1B collected $5.70 from pot
DL1B: doesn't show hand 
*** SUMMARY ***
Total pot $6 | Rake $0.30 
Board [3d Ac 5s]
Seat 1: avlee1 folded before Flop (didn't bet)
Seat 2: LuckyShikari folded before Flop (didn't bet)
Seat 3: DL1B (button) collected ($5.70)
Seat 4: pokerwarden33 (small blind) folded on the Flop
Seat 5: NOTfishON (big blind) folded before Flop
Seat 6: Fold Your Cats folded before Flop (didn't bet)



PokerStars Hand #254291569358:  Hold'em No Limit ($0.50/$1.00 USD) - 2025/01/10 6:08:46 WET [2025/01/10 1:08:46 ET]
Table 'Herge II' 6-max Seat #4 is the button
Seat 1: avlee1 ($175.72 in chips) 
Seat 2: LuckyShikari ($178.08 in chips) 
Seat 3: DL1B ($103.20 in chips) 
Seat 4: pokerwarden33 ($99.64 in chips) 
Seat 5: NOTfishON ($114.99 in chips) 
Seat 6: Fold Your Cats ($100 in chips) 
NOTfishON: posts small blind $0.50
Fold Your Cats: posts big blind $1
*** HOLE CARDS ***
avlee1: folds 
LuckyShikari: folds 
DL1B: folds 
pokerwarden33: folds 
NOTfishON: folds 
Uncalled bet ($0.50) returned to Fold Your Cats
Fold Your Cats collected $1 from pot
Fold Your Cats: doesn't show hand 
*** SUMMARY ***
Total pot $1 | Rake $0 
Seat 1: avlee1 folded before Flop (didn't bet)
Seat 2: LuckyShikari folded before Flop (didn't bet)
Seat 3: DL1B folded before Flop (didn't bet)
Seat 4: pokerwarden33 (button) folded before Flop (didn't bet)
Seat 5: NOTfishON (small blind) folded before Flop
Seat 6: Fold Your Cats (big blind) collected ($1)



PokerStars Hand #254291570561:  Hold'em No Limit ($0.50/$1.00 USD) - 2025/01/10 6:09:00 WET [2025/01/10 1:09:00 ET]
Table 'Herge II' 6-max Seat #5 is the button
Seat 1: avlee1 ($175.72 in chips) 
Seat 2: LuckyShikari ($178.08 in chips) 
Seat 3: DL1B ($103.20 in chips) 
Seat 4: pokerwarden33 ($99.64 in chips) 
Seat 5: NOTfishON ($114.49 in chips) 
Seat 6: Fold Your Cats ($100.50 in chips) 
Fold Your Cats: posts small blind $0.50
avlee1: posts big blind $1
*** HOLE CARDS ***
LuckyShikari: folds 
DL1B: raises $2 to $3
pokerwarden33: folds 
NOTfishON: folds 
Fold Your Cats: folds 
avlee1: calls $2
*** FLOP *** [6c 5s 8d]
avlee1: bets $1.73
DL1B: folds 
Uncalled bet ($1.73) returned to avlee1
avlee1 collected $6.18 from pot
avlee1: doesn't show hand 
*** SUMMARY ***
Total pot $6.50 | Rake $0.32 
Board [6c 5s 8d]
Seat 1: avlee1 (big blind) collected ($6.18)
Seat 2: LuckyShikari folded before Flop (didn't bet)
Seat 3: DL1B folded on the Flop
Seat 4: pokerwarden33 folded before Flop (didn't bet)
Seat 5: NOTfishON (button) folded before Flop (didn't bet)
Seat 6: Fold Your Cats (small blind) folded before Flop



PokerStars Hand #254291573572:  Hold'em No Limit ($0.50/$1.00 USD) - 2025/01/10 6:09:36 WET [2025/01/10 1:09:36 ET]
Table 'Herge II' 6-max Seat #6 is the button
Seat 1: avlee1 ($178.90 in chips) 
Seat 2: LuckyShikari ($178.08 in chips) 
Seat 3: DL1B ($100.20 in chips) 
Seat 4: pokerwarden33 ($99.64 in chips) 
Seat 5: NOTfishON ($114.49 in chips) 
Seat 6: Fold Your Cats ($100 in chips) 
avlee1: posts small blind $0.50
LuckyShikari: posts big blind $1
*** HOLE CARDS ***
DL1B: folds 
pokerwarden33: calls $1
NOTfishON: folds 
Fold Your Cats: folds 
avlee1: folds 
LuckyShikari: checks 
*** FLOP *** [Js 3c As]
LuckyShikari: checks 
pokerwarden33: checks 
*** TURN *** [Js 3c As] [Ac]
LuckyShikari: checks 
pokerwarden33: bets $1
LuckyShikari: folds 
Uncalled bet ($1) returned to pokerwarden33
pokerwarden33 collected $2.38 from pot
*** SUMMARY ***
Total pot $2.50 | Rake $0.12 
Board [Js 3c As Ac]
Seat 1: avlee1 (small blind) folded before Flop
Seat 2: LuckyShikari (big blind) folded on the Turn
Seat 3: DL1B folded before Flop (didn't bet)
Seat 4: pokerwarden33 collected ($2.38)
Seat 5: NOTfishON folded before Flop (didn't bet)
Seat 6: Fold Your Cats (button) folded before Flop (didn't bet)



PokerStars Hand #254291576417:  Hold'em No Limit ($0.50/$1.00 USD) - 2025/01/10 6:10:11 WET [2025/01/10 1:10:11 ET]
Table 'Herge II' 6-max Seat #1 is the button
Seat 1: avlee1 ($178.40 in chips) 
Seat 2: LuckyShikari ($177.08 in chips) 
Seat 3: DL1B ($100.20 in chips) 
Seat 4: pokerwarden33 ($101.02 in chips) 
Seat 5: NOTfishON ($114.49 in chips) 
Seat 6: Fold Your Cats ($100 in chips) 
LuckyShikari: posts small blind $0.50
DL1B: posts big blind $1
*** HOLE CARDS ***
pokerwarden33: calls $1
NOTfishON: raises $2.90 to $3.90
Fold Your Cats: folds 
avlee1: raises $8.10 to $12
LuckyShikari: folds 
DL1B: folds 
pokerwarden33: folds 
NOTfishON: calls $8.10
*** FLOP *** [Tc 4h 2h]
NOTfishON: checks 
avlee1: bets $12.59
NOTfishON: calls $12.59
*** TURN *** [Tc 4h 2h] [8h]
NOTfishON: checks 
avlee1: checks 
*** RIVER *** [Tc 4h 2h 8h] [Qd]
NOTfishON: checks 
avlee1: bets $32.46
NOTfishON: calls $32.46
*** SHOW DOWN ***
avlee1: shows [4s Ks] (a pair of Fours)
NOTfishON: shows [Qs Qc] (three of a kind, Queens)
NOTfishON collected $114.10 from pot
*** SUMMARY ***
Total pot $116.60 | Rake $2.50 
Board [Tc 4h 2h 8h Qd]
Seat 1: avlee1 (button) showed [4s Ks] and lost with a pair of Fours
Seat 2: LuckyShikari (small blind) folded before Flop
Seat 3: DL1B (big blind) folded before Flop
Seat 4: pokerwarden33 folded before Flop
Seat 5: NOTfishON showed [Qs Qc] and won ($114.10) with three of a kind, Queens
Seat 6: Fold Your Cats folded before Flop (didn't bet)



PokerStars Hand #254291587715:  Hold'em No Limit ($0.50/$1.00 USD) - 2025/01/10 6:12:30 WET [2025/01/10 1:12:30 ET]
Table 'Herge II' 6-max Seat #2 is the button
Seat 1: avlee1 ($121.35 in chips) 
Seat 2: LuckyShikari ($176.58 in chips) 
Seat 3: DL1B ($100 in chips) 
Seat 4: pokerwarden33 ($100.02 in chips) 
Seat 5: NOTfishON ($171.54 in chips) 
Seat 6: Fold Your Cats ($100 in chips) 
DL1B: posts small blind $0.50
pokerwarden33: posts big blind $1
*** HOLE CARDS ***
NOTfishON: folds 
Fold Your Cats: folds 
avlee1: raises $1.50 to $2.50
LuckyShikari: folds 
DL1B: folds 
pokerwarden33: calls $1.50
*** FLOP *** [2h Kc 8s]
pokerwarden33: bets $3
avlee1: folds 
Uncalled bet ($3) returned to pokerwarden33
pokerwarden33 collected $5.22 from pot
*** SUMMARY ***
Total pot $5.50 | Rake $0.28 
Board [2h Kc 8s]
Seat 1: avlee1 folded on the Flop
Seat 2: LuckyShikari (button) folded before Flop (didn't bet)
Seat 3: DL1B (small blind) folded before Flop
Seat 4: pokerwarden33 (big blind) collected ($5.22)
Seat 5: NOTfishON folded before Flop (didn't bet)
Seat 6: Fold Your Cats folded before Flop (didn't bet)



PokerStars Hand #254291589766:  Hold'em No Limit ($0.50/$1.00 USD) - 2025/01/10 6:12:55 WET [2025/01/10 1:12:55 ET]
Table 'Herge II' 6-max Seat #3 is the button
Seat 1: avlee1 ($118.85 in chips) 
Seat 2: LuckyShikari ($176.58 in chips) 
Seat 3: DL1B ($100 in chips) 
Seat 4: pokerwarden33 ($102.74 in chips) 
Seat 5: NOTfishON ($171.54 in chips) 
Seat 6: Fold Your Cats ($100 in chips) 
pokerwarden33: posts small blind $0.50
NOTfishON: posts big blind $1
*** HOLE CARDS ***
Fold Your Cats: folds 
avlee1: folds 
LuckyShikari: raises $2 to $3
DL1B: folds 
pokerwarden33: calls $2.50
NOTfishON: folds 
*** FLOP *** [5d 3h Th]
pokerwarden33: bets $3
LuckyShikari: calls $3
*** TURN *** [5d 3h Th] [5h]
pokerwarden33: bets $5
LuckyShikari: calls $5
*** RIVER *** [5d 3h Th 5h] [Td]
pokerwarden33: bets $15
LuckyShikari: calls $15
*** SHOW DOWN ***
pokerwarden33: shows [9d Qh] (two pair, Tens and Fives)
LuckyShikari: shows [8c 8s] (two pair, Tens and Eights)
LuckyShikari collected $50.50 from pot
*** SUMMARY ***
Total pot $53 | Rake $2.50 
Board [5d 3h Th 5h Td]
Seat 1: avlee1 folded before Flop (didn't bet)
Seat 2: LuckyShikari showed [8c 8s] and won ($50.50) with two pair, Tens and Eights
Seat 3: DL1B (button) folded before Flop (didn't bet)
Seat 4: pokerwarden33 (small blind) showed [9d Qh] and lost with two pair, Tens and Fives
Seat 5: NOTfishON (big blind) folded before Flop
Seat 6: Fold Your Cats folded before Flop (didn't bet)



PokerStars Hand #254291594190:  Hold'em No Limit ($0.50/$1.00 USD) - 2025/01/10 6:13:51 WET [2025/01/10 1:13:51 ET]
Table 'Herge II' 6-max Seat #4 is the button
Seat 1: avlee1 ($118.85 in chips) 
Seat 2: LuckyShikari ($201.08 in chips) 
Seat 3: DL1B ($100 in chips) 
Seat 4: pokerwarden33 ($76.74 in chips) 
Seat 5: NOTfishON ($170.54 in chips) 
Seat 6: Fold Your Cats ($100 in chips) 
NOTfishON: posts small blind $0.50
Fold Your Cats: posts big blind $1
*** HOLE CARDS ***
avlee1: folds 
LuckyShikari: folds 
DL1B: folds 
pokerwarden33: folds 
pokerwarden33 leaves the table
NOTfishON: folds 
Uncalled bet ($0.50) returned to Fold Your Cats
Fold Your Cats collected $1 from pot
Fold Your Cats: doesn't show hand 
*** SUMMARY ***
Total pot $1 | Rake $0 
Seat 1: avlee1 folded before Flop (didn't bet)
Seat 2: LuckyShikari folded before Flop (didn't bet)
Seat 3: DL1B folded before Flop (didn't bet)
Seat 4: pokerwarden33 (button) folded before Flop (didn't bet)
Seat 5: NOTfishON (small blind) folded before Flop
Seat 6: Fold Your Cats (big blind) collected ($1)



PokerStars Hand #254291595951:  Hold'em No Limit ($0.50/$1.00 USD) - 2025/01/10 6:14:13 WET [2025/01/10 1:14:13 ET]
Table 'Herge II' 6-max Seat #5 is the button
Seat 1: avlee1 ($118.85 in chips) 
Seat 2: LuckyShikari ($201.08 in chips) 
Seat 3: DL1B ($100 in chips) 
Seat 5: NOTfishON ($170.04 in chips) 
Seat 6: Fold Your Cats ($100.50 in chips) 
Fold Your Cats: posts small blind $0.50
avlee1: posts big blind $1
*** HOLE CARDS ***
LuckyShikari: folds 
DL1B: folds 
NOTfishON: raises $1.50 to $2.50
Fold Your Cats: folds 
avlee1: folds 
Uncalled bet ($1.50) returned to NOTfishON
NOTfishON collected $2.50 from pot
*** SUMMARY ***
Total pot $2.50 | Rake $0 
Seat 1: avlee1 (big blind) folded before Flop
Seat 2: LuckyShikari folded before Flop (didn't bet)
Seat 3: DL1B folded before Flop (didn't bet)
Seat 5: NOTfishON (button) collected ($2.50)
Seat 6: Fold Your Cats (small blind) folded before Flop



PokerStars Hand #254291597193:  Hold'em No Limit ($0.50/$1.00 USD) - 2025/01/10 6:14:28 WET [2025/01/10 1:14:28 ET]
Table 'Herge II' 6-max Seat #6 is the button
Seat 2: LuckyShikari ($201.08 in chips) is sitting out
Seat 1: avlee1 ($117.85 in chips) 
Seat 3: DL1B ($100 in chips) 
Seat 5: NOTfishON ($171.54 in chips) 
Seat 6: Fold Your Cats ($100 in chips) 
avlee1: posts small blind $0.50
LuckyShikari: is sitting out 
DL1B: posts big blind $1
*** HOLE CARDS ***
NOTfishON: raises $1.30 to $2.30
Fold Your Cats: folds 
avlee1: raises $8.74 to $11.04
DL1B: folds 
NOTfishON: folds 
Uncalled bet ($8.74) returned to avlee1
avlee1 collected $5.60 from pot
avlee1: doesn't show hand 
*** SUMMARY ***
Total pot $5.60 | Rake $0 
Seat 2: LuckyShikari
Seat 1: avlee1 (small blind) collected ($5.60)
Seat 3: DL1B (big blind) folded before Flop
Seat 5: NOTfishON folded before Flop
Seat 6: Fold Your Cats (button) folded before Flop (didn't bet)



PokerStars Hand #254291255235:  Hold'em No Limit ($0.50/$1.00 USD) - 2025/01/10 5:09:34 WET [2025/01/10 0:09:34 ET]
Table 'Herge II' 6-max Seat #1 is the button
Seat 1: avlee1 ($100 in chips) 
Seat 6: Kndela1806 ($58.29 in chips) 
avlee1: posts small blind $0.50
Kndela1806: posts big blind $1
*** HOLE CARDS ***
avlee1: raises $1.50 to $2.50
Kndela1806: folds 
Uncalled bet ($1.50) returned to avlee1
avlee1 collected $2 from pot
avlee1: doesn't show hand 
*** SUMMARY ***
Total pot $2 | Rake $0 
Seat 1: avlee1 (button) (small blind) collected ($2)
Seat 6: Kndela1806 (big blind) folded before Flop



PokerStars Hand #254291256193:  Hold'em No Limit ($0.50/$1.00 USD) - 2025/01/10 5:09:44 WET [2025/01/10 0:09:44 ET]
Table 'Herge II' 6-max Seat #6 is the button
Seat 1: avlee1 ($101 in chips) 
Seat 6: Kndela1806 ($57.29 in chips) 
Kndela1806: posts small blind $0.50
avlee1: posts big blind $1
*** HOLE CARDS ***
Kndela1806: folds 
Uncalled bet ($0.50) returned to avlee1
avlee1 collected $1 from pot
avlee1: doesn't show hand 
*** SUMMARY ***
Total pot $1 | Rake $0 
Seat 1: avlee1 (big blind) collected ($1)
Seat 6: Kndela1806 (button) (small blind) folded before Flop



PokerStars Hand #254291256814:  Hold'em No Limit ($0.50/$1.00 USD) - 2025/01/10 5:09:51 WET [2025/01/10 0:09:51 ET]
Table 'Herge II' 6-max Seat #1 is the button
Seat 1: avlee1 ($101.50 in chips) 
Seat 6: Kndela1806 ($56.79 in chips) 
avlee1: posts small blind $0.50
Kndela1806: posts big blind $1
*** HOLE CARDS ***
avlee1: raises $1.50 to $2.50
Kndela1806: calls $1.50
*** FLOP *** [Qs 6c 2h]
Kndela1806: checks 
avlee1: bets $1.33
Kndela1806: calls $1.33
*** TURN *** [Qs 6c 2h] [6d]
Kndela1806: checks 
avlee1: checks 
*** RIVER *** [Qs 6c 2h 6d] [3d]
Kndela1806: bets $3
avlee1: calls $3
*** SHOW DOWN ***
Kndela1806: shows [Qc Kd] (two pair, Queens and Sixes)
avlee1: mucks hand 
Kndela1806 collected $12.98 from pot
*** SUMMARY ***
Total pot $13.66 | Rake $0.68 
Board [Qs 6c 2h 6d 3d]
Seat 1: avlee1 (button) (small blind) mucked
Seat 6: Kndela1806 (big blind) showed [Qc Kd] and won ($12.98) with two pair, Queens and Sixes



PokerStars Hand #254291261534:  Hold'em No Limit ($0.50/$1.00 USD) - 2025/01/10 5:10:40 WET [2025/01/10 0:10:40 ET]
Table 'Herge II' 6-max Seat #6 is the button
Seat 1: avlee1 ($100 in chips) 
Seat 6: Kndela1806 ($62.94 in chips) 
Kndela1806: posts small blind $0.50
avlee1: posts big blind $1
*** HOLE CARDS ***
Kndela1806: calls $0.50
avlee1: checks 
*** FLOP *** [9s Qh 7h]
avlee1: checks 
Kndela1806: checks 
*** TURN *** [9s Qh 7h] [Ks]
avlee1: bets $1.25
Kndela1806 has timed out
Kndela1806: folds 
Uncalled bet ($1.25) returned to avlee1
avlee1 collected $1.90 from pot
avlee1: doesn't show hand 
*** SUMMARY ***
Total pot $2 | Rake $0.10 
Board [9s Qh 7h Ks]
Seat 1: avlee1 (big blind) collected ($1.90)
Seat 6: Kndela1806 (button) (small blind) folded on the Turn



PokerStars Hand #254291270331:  Hold'em No Limit ($0.50/$1.00 USD) - 2025/01/10 5:12:12 WET [2025/01/10 0:12:12 ET]
Table 'Herge II' 6-max Seat #1 is the button
Seat 1: avlee1 ($100.90 in chips) 
Seat 6: Kndela1806 ($61.94 in chips) 
avlee1: posts small blind $0.50
Kndela1806: posts big blind $1
*** HOLE CARDS ***
avlee1: raises $2 to $3
Kndela1806: calls $2
*** FLOP *** [3h Td Ac]
Kndela1806: checks 
avlee1: checks 
*** TURN *** [3h Td Ac] [3d]
Kndela1806: bets $2
avlee1: calls $2
*** RIVER *** [3h Td Ac 3d] [7d]
Kndela1806: checks 
avlee1: bets $12.35
Kndela1806: folds [Ah Qc]
Uncalled bet ($12.35) returned to avlee1
avlee1 collected $9.50 from pot
avlee1: doesn't show hand 
*** SUMMARY ***
Total pot $10 | Rake $0.50 
Board [3h Td Ac 3d 7d]
Seat 1: avlee1 (button) (small blind) collected ($9.50)
Seat 6: Kndela1806 (big blind) folded on the River



PokerStars Hand #254291276729:  Hold'em No Limit ($0.50/$1.00 USD) - 2025/01/10 5:13:19 WET [2025/01/10 0:13:19 ET]
Table 'Herge II' 6-max Seat #6 is the button
Seat 1: avlee1 ($105.40 in chips) 
Seat 6: Kndela1806 ($56.94 in chips) 
Kndela1806: posts small blind $0.50
avlee1: posts big blind $1
*** HOLE CARDS ***
Kndela1806: folds 
Uncalled bet ($0.50) returned to avlee1
avlee1 collected $1 from pot
avlee1: doesn't show hand 
*** SUMMARY ***
Total pot $1 | Rake $0 
Seat 1: avlee1 (big blind) collected ($1)
Seat 6: Kndela1806 (button) (small blind) folded before Flop



PokerStars Hand #254291277352:  Hold'em No Limit ($0.50/$1.00 USD) - 2025/01/10 5:13:25 WET [2025/01/10 0:13:25 ET]
Table 'Herge II' 6-max Seat #1 is the button
Seat 1: avlee1 ($105.90 in chips) 
Seat 6: Kndela1806 ($56.44 in chips) 
avlee1: posts small blind $0.50
Kndela1806: posts big blind $1
*** HOLE CARDS ***
avlee1: raises $1.50 to $2.50
Kndela1806: folds 
Uncalled bet ($1.50) returned to avlee1
avlee1 collected $2 from pot
avlee1: doesn't show hand 
*** SUMMARY ***
Total pot $2 | Rake $0 
Seat 1: avlee1 (button) (small blind) collected ($2)
Seat 6: Kndela1806 (big blind) folded before Flop



PokerStars Hand #254291278480:  Hold'em No Limit ($0.50/$1.00 USD) - 2025/01/10 5:13:37 WET [2025/01/10 0:13:37 ET]
Table 'Herge II' 6-max Seat #6 is the button
Seat 1: avlee1 ($106.90 in chips) 
Seat 6: Kndela1806 ($55.44 in chips) 
Kndela1806: posts small blind $0.50
avlee1: posts big blind $1
*** HOLE CARDS ***
Kndela1806: folds 
Uncalled bet ($0.50) returned to avlee1
avlee1 collected $1 from pot
avlee1: doesn't show hand 
*** SUMMARY ***
Total pot $1 | Rake $0 
Seat 1: avlee1 (big blind) collected ($1)
Seat 6: Kndela1806 (button) (small blind) folded before Flop



PokerStars Hand #254291279425:  Hold'em No Limit ($0.50/$1.00 USD) - 2025/01/10 5:13:47 WET [2025/01/10 0:13:47 ET]
Table 'Herge II' 6-max Seat #1 is the button
Seat 1: avlee1 ($107.40 in chips) 
Seat 6: Kndela1806 ($54.94 in chips) 
avlee1: posts small blind $0.50
Kndela1806: posts big blind $1
*** HOLE CARDS ***
avlee1: folds 
Uncalled bet ($0.50) returned to Kndela1806
Kndela1806 collected $1 from pot
*** SUMMARY ***
Total pot $1 | Rake $0 
Seat 1: avlee1 (button) (small blind) folded before Flop
Seat 6: Kndela1806 (big blind) collected ($1)



PokerStars Hand #254291280587:  Hold'em No Limit ($0.50/$1.00 USD) - 2025/01/10 5:13:59 WET [2025/01/10 0:13:59 ET]
Table 'Herge II' 6-max Seat #6 is the button
Seat 1: avlee1 ($106.90 in chips) 
Seat 6: Kndela1806 ($55.44 in chips) 
Kndela1806: posts small blind $0.50
avlee1: posts big blind $1
*** HOLE CARDS ***
Kndela1806: calls $0.50
fedevalle joins the table at seat #3 
fedevalle is disconnected 
avlee1: checks 
*** FLOP *** [2c Ks 3c]
avlee1: checks 
Kndela1806: bets $1
avlee1: folds 
Uncalled bet ($1) returned to Kndela1806
Kndela1806 collected $1.90 from pot
*** SUMMARY ***
Total pot $2 | Rake $0.10 
Board [2c Ks 3c]
Seat 1: avlee1 (big blind) folded on the Flop
Seat 6: Kndela1806 (button) (small blind) collected ($1.90)



PokerStars Hand #254291285605:  Hold'em No Limit ($0.50/$1.00 USD) - 2025/01/10 5:14:51 WET [2025/01/10 0:14:51 ET]
Table 'Herge II' 6-max Seat #6 is the button
Seat 1: avlee1 ($105.90 in chips) 
Seat 3: fedevalle ($40 in chips) 
Seat 6: Kndela1806 ($56.34 in chips) 
avlee1: posts small blind $0.50
fedevalle: posts big blind $1
*** HOLE CARDS ***
Kndela1806: calls $1
avlee1: raises $3 to $4
fedevalle: calls $3
Kndela1806: calls $3
*** FLOP *** [9s 7c 5c]
avlee1: checks 
fedevalle: checks 
Kndela1806: checks 
*** TURN *** [9s 7c 5c] [5s]
avlee1: checks 
fedevalle: bets $7.50
Kndela1806: folds 
avlee1: raises $34.32 to $41.82
fedevalle: folds 
Uncalled bet ($34.32) returned to avlee1
avlee1 collected $26 from pot
avlee1: doesn't show hand 
*** SUMMARY ***
Total pot $27 | Rake $1 
Board [9s 7c 5c 5s]
Seat 1: avlee1 (small blind) collected ($26)
Seat 3: fedevalle (big blind) folded on the Turn
Seat 6: Kndela1806 (button) folded on the Turn



PokerStars Hand #254291291408:  Hold'em No Limit ($0.50/$1.00 USD) - 2025/01/10 5:15:53 WET [2025/01/10 0:15:53 ET]
Table 'Herge II' 6-max Seat #1 is the button
Seat 1: avlee1 ($120.40 in chips) 
Seat 3: fedevalle ($28.50 in chips) 
Seat 6: Kndela1806 ($52.34 in chips) 
fedevalle: posts small blind $0.50
Kndela1806: posts big blind $1
*** HOLE CARDS ***
avlee1: folds 
fedevalle: folds 
Uncalled bet ($0.50) returned to Kndela1806
Kndela1806 collected $1 from pot
*** SUMMARY ***
Total pot $1 | Rake $0 
Seat 1: avlee1 (button) folded before Flop (didn't bet)
Seat 3: fedevalle (small blind) folded before Flop
Seat 6: Kndela1806 (big blind) collected ($1)



PokerStars Hand #254291292306:  Hold'em No Limit ($0.50/$1.00 USD) - 2025/01/10 5:16:03 WET [2025/01/10 0:16:03 ET]
Table 'Herge II' 6-max Seat #3 is the button
Seat 1: avlee1 ($120.40 in chips) 
Seat 3: fedevalle ($28 in chips) 
Seat 6: Kndela1806 ($52.84 in chips) 
Kndela1806: posts small blind $0.50
avlee1: posts big blind $1
*** HOLE CARDS ***
fedevalle: raises $1.20 to $2.20
Kndela1806: calls $1.70
LuckyShikari joins the table at seat #2 
avlee1: folds 
*** FLOP *** [9s Kc 3s]
Kndela1806: checks 
fedevalle: bets $2.80
Kndela1806: calls $2.80
*** TURN *** [9s Kc 3s] [Kd]
Kndela1806: checks 
fedevalle: bets $4.50
Kndela1806: calls $4.50
*** RIVER *** [9s Kc 3s Kd] [7c]
pokerwarden33 joins the table at seat #4 
Kndela1806: checks 
pokerwarden33 is disconnected 
NOTfishON joins the table at seat #5 
fedevalle: bets $18.50 and is all-in
Kndela1806: calls $18.50
*** SHOW DOWN ***
fedevalle: shows [Ks Jd] (three of a kind, Kings)
Kndela1806: shows [Td 9c] (two pair, Kings and Nines)
fedevalle collected $56 from pot
*** SUMMARY ***
Total pot $57 | Rake $1 
Board [9s Kc 3s Kd 7c]
Seat 1: avlee1 (big blind) folded before Flop
Seat 3: fedevalle (button) showed [Ks Jd] and won ($56) with three of a kind, Kings
Seat 6: Kndela1806 (small blind) showed [Td 9c] and lost with two pair, Kings and Nines



PokerStars Hand #254291299224:  Hold'em No Limit ($0.50/$1.00 USD) - 2025/01/10 5:17:15 WET [2025/01/10 0:17:15 ET]
Table 'Herge II' 6-max Seat #6 is the button
Seat 4: pokerwarden33 ($80 in chips) is sitting out
Seat 5: NOTfishON ($100 in chips) is sitting out
Seat 1: avlee1 ($119.40 in chips) 
Seat 2: LuckyShikari ($100 in chips) 
Seat 3: fedevalle ($56 in chips) 
Seat 6: Kndela1806 ($24.84 in chips) 
avlee1: posts small blind $0.50
LuckyShikari: posts big blind $1
pokerwarden33: sits out 
NOTfishON: sits out 
*** HOLE CARDS ***
fedevalle: folds 
Kndela1806: folds 
avlee1: raises $2 to $3
Kndela1806 leaves the table
LuckyShikari: folds 
Uncalled bet ($2) returned to avlee1
avlee1 collected $2 from pot
avlee1: doesn't show hand 
*** SUMMARY ***
Total pot $2 | Rake $0 
Seat 4: pokerwarden33
Seat 5: NOTfishON
Seat 1: avlee1 (small blind) collected ($2)
Seat 2: LuckyShikari (big blind) folded before Flop
Seat 3: fedevalle folded before Flop (didn't bet)
Seat 6: Kndela1806 (button) folded before Flop (didn't bet)



PokerStars Hand #254291300708:  Hold'em No Limit ($0.50/$1.00 USD) - 2025/01/10 5:17:31 WET [2025/01/10 0:17:31 ET]
Table 'Herge II' 6-max Seat #1 is the button
Seat 4: pokerwarden33 ($80 in chips) is sitting out
Seat 5: NOTfishON ($100 in chips) is sitting out
Seat 1: avlee1 ($120.40 in chips) 
Seat 2: LuckyShikari ($100 in chips) 
Seat 3: fedevalle ($56 in chips) 
LuckyShikari: posts small blind $0.50
fedevalle: posts big blind $1
pokerwarden33: sits out 
NOTfishON: sits out 
*** HOLE CARDS ***
Fold Your Cats joins the table at seat #6 
avlee1: folds 
LuckyShikari: raises $2 to $3
fedevalle: calls $2
*** FLOP *** [9h 8s 5d]
LuckyShikari: checks 
fedevalle: bets $3.85
LuckyShikari: raises $8.15 to $12
fedevalle: calls $8.15
*** TURN *** [9h 8s 5d] [7s]
LuckyShikari: bets $43.50
fedevalle: folds 
Uncalled bet ($43.50) returned to LuckyShikari
LuckyShikari collected $29 from pot
LuckyShikari: doesn't show hand 
*** SUMMARY ***
Total pot $30 | Rake $1 
Board [9h 8s 5d 7s]
Seat 4: pokerwarden33
Seat 5: NOTfishON
Seat 1: avlee1 (button) folded before Flop (didn't bet)
Seat 2: LuckyShikari (small blind) collected ($29)
Seat 3: fedevalle (big blind) folded on the Turn



PokerStars Hand #254291308539:  Hold'em No Limit ($0.50/$1.00 USD) - 2025/01/10 5:18:54 WET [2025/01/10 0:18:54 ET]
Table 'Herge II' 6-max Seat #2 is the button
Seat 5: NOTfishON ($100 in chips) is sitting out
Seat 6: Fold Your Cats ($100 in chips) is sitting out
Seat 1: avlee1 ($120.40 in chips) 
Seat 2: LuckyShikari ($114 in chips) 
Seat 3: fedevalle ($41 in chips) 
Seat 4: pokerwarden33 ($80 in chips) 
fedevalle: posts small blind $0.50
pokerwarden33: posts big blind $1
NOTfishON: sits out 
Fold Your Cats: sits out 
*** HOLE CARDS ***
avlee1: folds 
LuckyShikari: raises $1 to $2
fedevalle: folds 
pokerwarden33: calls $1
*** FLOP *** [Ac 7c 4h]
pokerwarden33: bets $3
LuckyShikari: calls $3
*** TURN *** [Ac 7c 4h] [4d]
pokerwarden33: bets $5
LuckyShikari: calls $5
*** RIVER *** [Ac 7c 4h 4d] [6d]
pokerwarden33: checks 
LuckyShikari: checks 
*** SHOW DOWN ***
pokerwarden33: shows [7s Js] (two pair, Sevens and Fours)
LuckyShikari: shows [2h Ad] (two pair, Aces and Fours)
LuckyShikari collected $19.50 from pot
*** SUMMARY ***
Total pot $20.50 | Rake $1 
Board [Ac 7c 4h 4d 6d]
Seat 5: NOTfishON
Seat 6: Fold Your Cats
Seat 1: avlee1 folded before Flop (didn't bet)
Seat 2: LuckyShikari (button) showed [2h Ad] and won ($19.50) with two pair, Aces and Fours
Seat 3: fedevalle (small blind) folded before Flop
Seat 4: pokerwarden33 (big blind) showed [7s Js] and lost with two pair, Sevens and Fours



PokerStars Hand #254291312343:  Hold'em No Limit ($0.50/$1.00 USD) - 2025/01/10 5:19:34 WET [2025/01/10 0:19:34 ET]
Table 'Herge II' 6-max Seat #3 is the button
Seat 6: Fold Your Cats ($100 in chips) is sitting out
Seat 1: avlee1 ($120.40 in chips) 
Seat 2: LuckyShikari ($123.50 in chips) 
Seat 3: fedevalle ($40.50 in chips) 
Seat 4: pokerwarden33 ($70 in chips) 
Seat 5: NOTfishON ($100 in chips) 
pokerwarden33: posts small blind $0.50
NOTfishON: posts big blind $1
Fold Your Cats: sits out 
*** HOLE CARDS ***
avlee1: folds 
LuckyShikari: raises $2 to $3
fedevalle: folds 
pokerwarden33: folds 
NOTfishON: folds 
Uncalled bet ($2) returned to LuckyShikari
LuckyShikari collected $2.50 from pot
LuckyShikari: doesn't show hand 
*** SUMMARY ***
Total pot $2.50 | Rake $0 
Seat 6: Fold Your Cats
Seat 1: avlee1 folded before Flop (didn't bet)
Seat 2: LuckyShikari collected ($2.50)
Seat 3: fedevalle (button) folded before Flop (didn't bet)
Seat 4: pokerwarden33 (small blind) folded before Flop
Seat 5: NOTfishON (big blind) folded before Flop



PokerStars Hand #254291315654:  Hold'em No Limit ($0.50/$1.00 USD) - 2025/01/10 5:20:09 WET [2025/01/10 0:20:09 ET]
Table 'Herge II' 6-max Seat #4 is the button
Seat 1: avlee1 ($120.40 in chips) 
Seat 2: LuckyShikari ($125 in chips) 
Seat 3: fedevalle ($40.50 in chips) 
Seat 4: pokerwarden33 ($69.50 in chips) 
Seat 5: NOTfishON ($100 in chips) 
Seat 6: Fold Your Cats ($100 in chips) 
NOTfishON: posts small blind $0.50
Fold Your Cats: posts big blind $1
*** HOLE CARDS ***
avlee1: folds 
LuckyShikari: raises $2 to $3
fedevalle: folds 
pokerwarden33: folds 
NOTfishON: folds 
Fold Your Cats: folds 
Uncalled bet ($2) returned to LuckyShikari
LuckyShikari collected $2.50 from pot
LuckyShikari: doesn't show hand 
*** SUMMARY ***
Total pot $2.50 | Rake $0 
Seat 1: avlee1 folded before Flop (didn't bet)
Seat 2: LuckyShikari collected ($2.50)
Seat 3: fedevalle folded before Flop (didn't bet)
Seat 4: pokerwarden33 (button) folded before Flop (didn't bet)
Seat 5: NOTfishON (small blind) folded before Flop
Seat 6: Fold Your Cats (big blind) folded before Flop



PokerStars Hand #254291317813:  Hold'em No Limit ($0.50/$1.00 USD) - 2025/01/10 5:20:32 WET [2025/01/10 0:20:32 ET]
Table 'Herge II' 6-max Seat #5 is the button
Seat 1: avlee1 ($120.40 in chips) 
Seat 2: LuckyShikari ($126.50 in chips) 
Seat 3: fedevalle ($40.50 in chips) 
Seat 4: pokerwarden33 ($69.50 in chips) 
Seat 5: NOTfishON ($100 in chips) 
Seat 6: Fold Your Cats ($100 in chips) 
Fold Your Cats: posts small blind $0.50
avlee1: posts big blind $1
*** HOLE CARDS ***
LuckyShikari: raises $2 to $3
fedevalle: folds 
pokerwarden33: calls $3
NOTfishON: folds 
Fold Your Cats: folds 
avlee1: folds 
*** FLOP *** [4c 8h 6d]
LuckyShikari: bets $7.12
pokerwarden33: folds 
Uncalled bet ($7.12) returned to LuckyShikari
LuckyShikari collected $7.12 from pot
LuckyShikari: doesn't show hand 
*** SUMMARY ***
Total pot $7.50 | Rake $0.38 
Board [4c 8h 6d]
Seat 1: avlee1 (big blind) folded before Flop
Seat 2: LuckyShikari collected ($7.12)
Seat 3: fedevalle folded before Flop (didn't bet)
Seat 4: pokerwarden33 folded on the Flop
Seat 5: NOTfishON (button) folded before Flop (didn't bet)
Seat 6: Fold Your Cats (small blind) folded before Flop



PokerStars Hand #254291320448:  Hold'em No Limit ($0.50/$1.00 USD) - 2025/01/10 5:20:59 WET [2025/01/10 0:20:59 ET]
Table 'Herge II' 6-max Seat #6 is the button
Seat 1: avlee1 ($119.40 in chips) 
Seat 2: LuckyShikari ($130.62 in chips) 
Seat 3: fedevalle ($40.50 in chips) 
Seat 4: pokerwarden33 ($66.50 in chips) 
Seat 5: NOTfishON ($100 in chips) 
Seat 6: Fold Your Cats ($100 in chips) 
avlee1: posts small blind $0.50
LuckyShikari: posts big blind $1
*** HOLE CARDS ***
fedevalle: folds 
pokerwarden33: folds 
NOTfishON: folds 
Fold Your Cats: folds 
avlee1: folds 
Uncalled bet ($0.50) returned to LuckyShikari
LuckyShikari collected $1 from pot
LuckyShikari: doesn't show hand 
*** SUMMARY ***
Total pot $1 | Rake $0 
Seat 1: avlee1 (small blind) folded before Flop
Seat 2: LuckyShikari (big blind) collected ($1)
Seat 3: fedevalle folded before Flop (didn't bet)
Seat 4: pokerwarden33 folded before Flop (didn't bet)
Seat 5: NOTfishON folded before Flop (didn't bet)
Seat 6: Fold Your Cats (button) folded before Flop (didn't bet)



PokerStars Hand #254291322088:  Hold'em No Limit ($0.50/$1.00 USD) - 2025/01/10 5:21:17 WET [2025/01/10 0:21:17 ET]
Table 'Herge II' 6-max Seat #1 is the button
Seat 1: avlee1 ($118.90 in chips) 
Seat 2: LuckyShikari ($131.12 in chips) 
Seat 3: fedevalle ($40.50 in chips) 
Seat 4: pokerwarden33 ($66.50 in chips) 
Seat 5: NOTfishON ($100 in chips) 
Seat 6: Fold Your Cats ($100 in chips) 
LuckyShikari: posts small blind $0.50
fedevalle: posts big blind $1
*** HOLE CARDS ***
pokerwarden33: calls $1
NOTfishON: folds 
Fold Your Cats: raises $3 to $4
avlee1: folds 
LuckyShikari: folds 
fedevalle: folds 
pokerwarden33: calls $3
*** FLOP *** [6c 4h 2d]
pokerwarden33: bets $2
Fold Your Cats: raises $9.77 to $11.77
pokerwarden33: folds 
Uncalled bet ($9.77) returned to Fold Your Cats
Fold Your Cats collected $12.82 from pot
Fold Your Cats: doesn't show hand 
*** SUMMARY ***
Total pot $13.50 | Rake $0.68 
Board [6c 4h 2d]
Seat 1: avlee1 (button) folded before Flop (didn't bet)
Seat 2: LuckyShikari (small blind) folded before Flop
Seat 3: fedevalle (big blind) folded before Flop
Seat 4: pokerwarden33 folded on the Flop
Seat 5: NOTfishON folded before Flop (didn't bet)
Seat 6: Fold Your Cats collected ($12.82)



PokerStars Hand #254291326084:  Hold'em No Limit ($0.50/$1.00 USD) - 2025/01/10 5:21:59 WET [2025/01/10 0:21:59 ET]
Table 'Herge II' 6-max Seat #2 is the button
Seat 1: avlee1 ($118.90 in chips) 
Seat 2: LuckyShikari ($130.62 in chips) 
Seat 3: fedevalle ($39.50 in chips) 
Seat 4: pokerwarden33 ($60.50 in chips) 
Seat 5: NOTfishON ($100 in chips) 
Seat 6: Fold Your Cats ($106.82 in chips) 
fedevalle: posts small blind $0.50
pokerwarden33: posts big blind $1
*** HOLE CARDS ***
NOTfishON: folds 
Fold Your Cats: raises $1.50 to $2.50
avlee1: folds 
LuckyShikari: folds 
fedevalle: calls $2
pokerwarden33: calls $1.50
*** FLOP *** [6h Kd 7d]
fedevalle: checks 
pokerwarden33: checks 
Fold Your Cats: checks 
*** TURN *** [6h Kd 7d] [Kc]
fedevalle: bets $3.56
pokerwarden33: calls $3.56
Fold Your Cats: folds 
*** RIVER *** [6h Kd 7d Kc] [9s]
fedevalle: checks 
pokerwarden33: checks 
*** SHOW DOWN ***
fedevalle: shows [8s 8c] (two pair, Kings and Eights)
pokerwarden33: mucks hand 
fedevalle collected $13.89 from pot
*** SUMMARY ***
Total pot $14.62 | Rake $0.73 
Board [6h Kd 7d Kc 9s]
Seat 1: avlee1 folded before Flop (didn't bet)
Seat 2: LuckyShikari (button) folded before Flop (didn't bet)
Seat 3: fedevalle (small blind) showed [8s 8c] and won ($13.89) with two pair, Kings and Eights
Seat 4: pokerwarden33 (big blind) mucked
Seat 5: NOTfishON folded before Flop (didn't bet)
Seat 6: Fold Your Cats folded on the Turn



PokerStars Hand #254291331707:  Hold'em No Limit ($0.50/$1.00 USD) - 2025/01/10 5:22:59 WET [2025/01/10 0:22:59 ET]
Table 'Herge II' 6-max Seat #3 is the button
Seat 1: avlee1 ($118.90 in chips) 
Seat 2: LuckyShikari ($130.62 in chips) 
Seat 3: fedevalle ($47.33 in chips) 
Seat 4: pokerwarden33 ($54.44 in chips) 
Seat 5: NOTfishON ($100 in chips) 
Seat 6: Fold Your Cats ($104.32 in chips) 
pokerwarden33: posts small blind $0.50
NOTfishON: posts big blind $1
*** HOLE CARDS ***
Fold Your Cats: folds 
avlee1: folds 
LuckyShikari: raises $2 to $3
fedevalle: folds 
pokerwarden33: raises $3 to $6
NOTfishON: folds 
LuckyShikari: calls $3
*** FLOP *** [3d Td 4d]
pokerwarden33: checks 
LuckyShikari: checks 
*** TURN *** [3d Td 4d] [3c]
pokerwarden33: checks 
LuckyShikari: checks 
*** RIVER *** [3d Td 4d 3c] [3s]
pokerwarden33: checks 
LuckyShikari: checks 
*** SHOW DOWN ***
pokerwarden33: shows [9s 8s] (three of a kind, Threes)
LuckyShikari: shows [Kh Qd] (three of a kind, Threes - King kicker)
LuckyShikari collected $12.35 from pot
*** SUMMARY ***
Total pot $13 | Rake $0.65 
Board [3d Td 4d 3c 3s]
Seat 1: avlee1 folded before Flop (didn't bet)
Seat 2: LuckyShikari showed [Kh Qd] and won ($12.35) with three of a kind, Threes
Seat 3: fedevalle (button) folded before Flop (didn't bet)
Seat 4: pokerwarden33 (small blind) showed [9s 8s] and lost with three of a kind, Threes
Seat 5: NOTfishON (big blind) folded before Flop
Seat 6: Fold Your Cats folded before Flop (didn't bet)



PokerStars Hand #254291337222:  Hold'em No Limit ($0.50/$1.00 USD) - 2025/01/10 5:23:59 WET [2025/01/10 0:23:59 ET]
Table 'Herge II' 6-max Seat #4 is the button
Seat 1: avlee1 ($118.90 in chips) 
Seat 2: LuckyShikari ($136.97 in chips) 
Seat 3: fedevalle ($47.33 in chips) 
Seat 4: pokerwarden33 ($48.44 in chips) 
Seat 5: NOTfishON ($100 in chips) 
Seat 6: Fold Your Cats ($104.32 in chips) 
NOTfishON: posts small blind $0.50
Fold Your Cats: posts big blind $1
*** HOLE CARDS ***
avlee1: folds 
LuckyShikari: raises $2 to $3
fedevalle: folds 
pokerwarden33: folds 
NOTfishON: folds 
Fold Your Cats: folds 
Uncalled bet ($2) returned to LuckyShikari
LuckyShikari collected $2.50 from pot
LuckyShikari: doesn't show hand 
*** SUMMARY ***
Total pot $2.50 | Rake $0 
Seat 1: avlee1 folded before Flop (didn't bet)
Seat 2: LuckyShikari collected ($2.50)
Seat 3: fedevalle folded before Flop (didn't bet)
Seat 4: pokerwarden33 (button) folded before Flop (didn't bet)
Seat 5: NOTfishON (small blind) folded before Flop
Seat 6: Fold Your Cats (big blind) folded before Flop



PokerStars Hand #254291340271:  Hold'em No Limit ($0.50/$1.00 USD) - 2025/01/10 5:24:31 WET [2025/01/10 0:24:31 ET]
Table 'Herge II' 6-max Seat #5 is the button
Seat 1: avlee1 ($118.90 in chips) 
Seat 2: LuckyShikari ($138.47 in chips) 
Seat 3: fedevalle ($47.33 in chips) 
Seat 4: pokerwarden33 ($48.44 in chips) 
Seat 5: NOTfishON ($100 in chips) 
Seat 6: Fold Your Cats ($103.32 in chips) 
Fold Your Cats: posts small blind $0.50
avlee1: posts big blind $1
*** HOLE CARDS ***
LuckyShikari: folds 
fedevalle: folds 
pokerwarden33: raises $2 to $3
NOTfishON: folds 
Fold Your Cats: folds 
avlee1: folds 
Uncalled bet ($2) returned to pokerwarden33
pokerwarden33 collected $2.50 from pot
*** SUMMARY ***
Total pot $2.50 | Rake $0 
Seat 1: avlee1 (big blind) folded before Flop
Seat 2: LuckyShikari folded before Flop (didn't bet)
Seat 3: fedevalle folded before Flop (didn't bet)
Seat 4: pokerwarden33 collected ($2.50)
Seat 5: NOTfishON (button) folded before Flop (didn't bet)
Seat 6: Fold Your Cats (small blind) folded before Flop



PokerStars Hand #254291342463:  Hold'em No Limit ($0.50/$1.00 USD) - 2025/01/10 5:24:55 WET [2025/01/10 0:24:55 ET]
Table 'Herge II' 6-max Seat #6 is the button
Seat 1: avlee1 ($117.90 in chips) 
Seat 2: LuckyShikari ($138.47 in chips) 
Seat 3: fedevalle ($47.33 in chips) 
Seat 4: pokerwarden33 ($49.94 in chips) 
Seat 5: NOTfishON ($100 in chips) 
Seat 6: Fold Your Cats ($102.82 in chips) 
avlee1: posts small blind $0.50
LuckyShikari: posts big blind $1
*** HOLE CARDS ***
fedevalle: folds 
pokerwarden33: folds 
NOTfishON: folds 
Fold Your Cats: folds 
avlee1: raises $2 to $3
LuckyShikari: folds 
Uncalled bet ($2) returned to avlee1
avlee1 collected $2 from pot
avlee1: doesn't show hand 
*** SUMMARY ***
Total pot $2 | Rake $0 
Seat 1: avlee1 (small blind) collected ($2)
Seat 2: LuckyShikari (big blind) folded before Flop
Seat 3: fedevalle folded before Flop (didn't bet)
Seat 4: pokerwarden33 folded before Flop (didn't bet)
Seat 5: NOTfishON folded before Flop (didn't bet)
Seat 6: Fold Your Cats (button) folded before Flop (didn't bet)



PokerStars Hand #254291344653:  Hold'em No Limit ($0.50/$1.00 USD) - 2025/01/10 5:25:18 WET [2025/01/10 0:25:18 ET]
Table 'Herge II' 6-max Seat #1 is the button
Seat 1: avlee1 ($118.90 in chips) 
Seat 2: LuckyShikari ($137.47 in chips) 
Seat 3: fedevalle ($47.33 in chips) 
Seat 4: pokerwarden33 ($49.94 in chips) 
Seat 5: NOTfishON ($100 in chips) 
Seat 6: Fold Your Cats ($102.82 in chips) 
LuckyShikari: posts small blind $0.50
fedevalle: posts big blind $1
*** HOLE CARDS ***
pokerwarden33: raises $2 to $3
NOTfishON: folds 
Fold Your Cats: folds 
avlee1: folds 
LuckyShikari: folds 
fedevalle: calls $2
*** FLOP *** [8d Qh 6h]
fedevalle: checks 
pokerwarden33: bets $7
fedevalle: folds 
Uncalled bet ($7) returned to pokerwarden33
pokerwarden33 collected $6.18 from pot
*** SUMMARY ***
Total pot $6.50 | Rake $0.32 
Board [8d Qh 6h]
Seat 1: avlee1 (button) folded before Flop (didn't bet)
Seat 2: LuckyShikari (small blind) folded before Flop
Seat 3: fedevalle (big blind) folded on the Flop
Seat 4: pokerwarden33 collected ($6.18)
Seat 5: NOTfishON folded before Flop (didn't bet)
Seat 6: Fold Your Cats folded before Flop (didn't bet)



PokerStars Hand #254291348060:  Hold'em No Limit ($0.50/$1.00 USD) - 2025/01/10 5:25:55 WET [2025/01/10 0:25:55 ET]
Table 'Herge II' 6-max Seat #2 is the button
Seat 1: avlee1 ($118.90 in chips) 
Seat 2: LuckyShikari ($136.97 in chips) 
Seat 3: fedevalle ($44.33 in chips) 
Seat 4: pokerwarden33 ($53.12 in chips) 
Seat 5: NOTfishON ($100 in chips) 
Seat 6: Fold Your Cats ($102.82 in chips) 
fedevalle: posts small blind $0.50
pokerwarden33: posts big blind $1
*** HOLE CARDS ***
NOTfishON: folds 
Fold Your Cats: folds 
avlee1: folds 
LuckyShikari: raises $2 to $3
fedevalle: folds 
pokerwarden33: folds 
Uncalled bet ($2) returned to LuckyShikari
LuckyShikari collected $2.50 from pot
LuckyShikari: doesn't show hand 
*** SUMMARY ***
Total pot $2.50 | Rake $0 
Seat 1: avlee1 folded before Flop (didn't bet)
Seat 2: LuckyShikari (button) collected ($2.50)
Seat 3: fedevalle (small blind) folded before Flop
Seat 4: pokerwarden33 (big blind) folded before Flop
Seat 5: NOTfishON folded before Flop (didn't bet)
Seat 6: Fold Your Cats folded before Flop (didn't bet)



PokerStars Hand #254291350364:  Hold'em No Limit ($0.50/$1.00 USD) - 2025/01/10 5:26:20 WET [2025/01/10 0:26:20 ET]
Table 'Herge II' 6-max Seat #3 is the button
Seat 1: avlee1 ($118.90 in chips) 
Seat 2: LuckyShikari ($138.47 in chips) 
Seat 3: fedevalle ($43.83 in chips) 
Seat 4: pokerwarden33 ($52.12 in chips) 
Seat 5: NOTfishON ($100 in chips) 
Seat 6: Fold Your Cats ($102.82 in chips) 
pokerwarden33: posts small blind $0.50
NOTfishON: posts big blind $1
*** HOLE CARDS ***
Fold Your Cats: folds 
avlee1: folds 
LuckyShikari: raises $2 to $3
fedevalle: folds 
pokerwarden33: calls $2.50
NOTfishON: calls $2
*** FLOP *** [Tc 6h 7d]
pokerwarden33: bets $7
NOTfishON: folds 
LuckyShikari: calls $7
*** TURN *** [Tc 6h 7d] [6d]
pokerwarden33: bets $5
LuckyShikari: calls $5
*** RIVER *** [Tc 6h 7d 6d] [8c]
pokerwarden33: checks 
LuckyShikari: checks 
*** SHOW DOWN ***
pokerwarden33: shows [5d 5h] (two pair, Sixes and Fives)
LuckyShikari: shows [7h 8h] (two pair, Eights and Sevens)
LuckyShikari collected $31.35 from pot
*** SUMMARY ***
Total pot $33 | Rake $1.65 
Board [Tc 6h 7d 6d 8c]
Seat 1: avlee1 folded before Flop (didn't bet)
Seat 2: LuckyShikari showed [7h 8h] and won ($31.35) with two pair, Eights and Sevens
Seat 3: fedevalle (button) folded before Flop (didn't bet)
Seat 4: pokerwarden33 (small blind) showed [5d 5h] and lost with two pair, Sixes and Fives
Seat 5: NOTfishON (big blind) folded on the Flop
Seat 6: Fold Your Cats folded before Flop (didn't bet)



PokerStars Hand #254291358327:  Hold'em No Limit ($0.50/$1.00 USD) - 2025/01/10 5:27:43 WET [2025/01/10 0:27:43 ET]
Table 'Herge II' 6-max Seat #4 is the button
Seat 1: avlee1 ($118.90 in chips) 
Seat 2: LuckyShikari ($154.82 in chips) 
Seat 3: fedevalle ($43.83 in chips) 
Seat 4: pokerwarden33 ($37.12 in chips) 
Seat 5: NOTfishON ($100 in chips) 
Seat 6: Fold Your Cats ($102.82 in chips) 
NOTfishON: posts small blind $0.50
Fold Your Cats: posts big blind $1
*** HOLE CARDS ***
avlee1: folds 
LuckyShikari: folds 
fedevalle: folds 
pokerwarden33: calls $1
NOTfishON: folds 
Fold Your Cats: checks 
*** FLOP *** [9h Ad 8s]
Fold Your Cats: checks 
pokerwarden33: checks 
*** TURN *** [9h Ad 8s] [Jd]
Fold Your Cats: bets $4
pokerwarden33: folds 
Uncalled bet ($4) returned to Fold Your Cats
Fold Your Cats collected $2.38 from pot
Fold Your Cats: doesn't show hand 
*** SUMMARY ***
Total pot $2.50 | Rake $0.12 
Board [9h Ad 8s Jd]
Seat 1: avlee1 folded before Flop (didn't bet)
Seat 2: LuckyShikari folded before Flop (didn't bet)
Seat 3: fedevalle folded before Flop (didn't bet)
Seat 4: pokerwarden33 (button) folded on the Turn
Seat 5: NOTfishON (small blind) folded before Flop
Seat 6: Fold Your Cats (big blind) collected ($2.38)



PokerStars Hand #254291373178:  Hold'em No Limit ($0.50/$1.00 USD) - 2025/01/10 5:30:24 WET [2025/01/10 0:30:24 ET]
Table 'Herge II' 6-max Seat #2 is the button
Seat 1: avlee1 ($122.93 in chips) 
Seat 2: LuckyShikari ($148.32 in chips) 
Seat 3: fedevalle ($42.83 in chips) 
Seat 4: pokerwarden33 ($39.01 in chips) 
Seat 5: NOTfishON ($100 in chips) 
Seat 6: Fold Your Cats ($103.70 in chips) 
fedevalle: posts small blind $0.50
pokerwarden33: posts big blind $1
*** HOLE CARDS ***
NOTfishON: raises $2 to $3
Fold Your Cats: folds 
avlee1: folds 
LuckyShikari: folds 
fedevalle: folds 
pokerwarden33: folds 
Uncalled bet ($2) returned to NOTfishON
NOTfishON collected $2.50 from pot
*** SUMMARY ***
Total pot $2.50 | Rake $0 
Seat 1: avlee1 folded before Flop (didn't bet)
Seat 2: LuckyShikari (button) folded before Flop (didn't bet)
Seat 3: fedevalle (small blind) folded before Flop
Seat 4: pokerwarden33 (big blind) folded before Flop
Seat 5: NOTfishON collected ($2.50)
Seat 6: Fold Your Cats folded before Flop (didn't bet)



PokerStars Hand #254291374996:  Hold'em No Limit ($0.50/$1.00 USD) - 2025/01/10 5:30:44 WET [2025/01/10 0:30:44 ET]
Table 'Herge II' 6-max Seat #3 is the button
Seat 1: avlee1 ($122.93 in chips) 
Seat 2: LuckyShikari ($148.32 in chips) 
Seat 3: fedevalle ($42.33 in chips) 
Seat 4: pokerwarden33 ($38.01 in chips) 
Seat 5: NOTfishON ($101.50 in chips) 
Seat 6: Fold Your Cats ($103.70 in chips) 
pokerwarden33: posts small blind $0.50
NOTfishON: posts big blind $1
*** HOLE CARDS ***
Fold Your Cats: raises $1.50 to $2.50
avlee1: folds 
LuckyShikari: folds 
fedevalle: folds 
pokerwarden33: calls $2
NOTfishON: calls $1.50
*** FLOP *** [8h 4c 5h]
pokerwarden33: checks 
NOTfishON: checks 
Fold Your Cats: checks 
*** TURN *** [8h 4c 5h] [2d]
pokerwarden33: checks 
NOTfishON: bets $3.92
Fold Your Cats: calls $3.92
pokerwarden33: folds 
*** RIVER *** [8h 4c 5h 2d] [Qd]
NOTfishON: checks 
Fold Your Cats: checks 
*** SHOW DOWN ***
NOTfishON: shows [4d Ad] (a pair of Fours)
Fold Your Cats: mucks hand 
NOTfishON collected $14.57 from pot
*** SUMMARY ***
Total pot $15.34 | Rake $0.77 
Board [8h 4c 5h 2d Qd]
Seat 1: avlee1 folded before Flop (didn't bet)
Seat 2: LuckyShikari folded before Flop (didn't bet)
Seat 3: fedevalle (button) folded before Flop (didn't bet)
Seat 4: pokerwarden33 (small blind) folded on the Turn
Seat 5: NOTfishON (big blind) showed [4d Ad] and won ($14.57) with a pair of Fours
Seat 6: Fold Your Cats mucked



PokerStars Hand #254291383206:  Hold'em No Limit ($0.50/$1.00 USD) - 2025/01/10 5:32:12 WET [2025/01/10 0:32:12 ET]
Table 'Herge II' 6-max Seat #4 is the button
Seat 1: avlee1 ($122.93 in chips) 
Seat 2: LuckyShikari ($148.32 in chips) 
Seat 3: fedevalle ($42.33 in chips) 
Seat 4: pokerwarden33 ($35.51 in chips) 
Seat 5: NOTfishON ($109.65 in chips) 
Seat 6: Fold Your Cats ($100 in chips) 
NOTfishON: posts small blind $0.50
Fold Your Cats: posts big blind $1
*** HOLE CARDS ***
avlee1: folds 
LuckyShikari: raises $1.50 to $2.50
fedevalle: folds 
pokerwarden33: folds 
NOTfishON: raises $8.50 to $11
Fold Your Cats: folds 
LuckyShikari: folds 
Uncalled bet ($8.50) returned to NOTfishON
NOTfishON collected $6 from pot
*** SUMMARY ***
Total pot $6 | Rake $0 
Seat 1: avlee1 folded before Flop (didn't bet)
Seat 2: LuckyShikari folded before Flop
Seat 3: fedevalle folded before Flop (didn't bet)
Seat 4: pokerwarden33 (button) folded before Flop (didn't bet)
Seat 5: NOTfishON (small blind) collected ($6)
Seat 6: Fold Your Cats (big blind) folded before Flop



PokerStars Hand #254291385246:  Hold'em No Limit ($0.50/$1.00 USD) - 2025/01/10 5:32:34 WET [2025/01/10 0:32:34 ET]
Table 'Herge II' 6-max Seat #5 is the button
Seat 1: avlee1 ($122.93 in chips) 
Seat 2: LuckyShikari ($145.82 in chips) 
Seat 3: fedevalle ($42.33 in chips) 
Seat 4: pokerwarden33 ($35.51 in chips) 
Seat 5: NOTfishON ($113.15 in chips) 
Seat 6: Fold Your Cats ($100 in chips) 
Fold Your Cats: posts small blind $0.50
avlee1: posts big blind $1
*** HOLE CARDS ***
LuckyShikari: folds 
fedevalle: folds 
pokerwarden33: folds 
NOTfishON: folds 
Fold Your Cats: raises $2 to $3
avlee1: folds 
Uncalled bet ($2) returned to Fold Your Cats
Fold Your Cats collected $2 from pot
Fold Your Cats: doesn't show hand 
*** SUMMARY ***
Total pot $2 | Rake $0 
Seat 1: avlee1 (big blind) folded before Flop
Seat 2: LuckyShikari folded before Flop (didn't bet)
Seat 3: fedevalle folded before Flop (didn't bet)
Seat 4: pokerwarden33 folded before Flop (didn't bet)
Seat 5: NOTfishON (button) folded before Flop (didn't bet)
Seat 6: Fold Your Cats (small blind) collected ($2)



PokerStars Hand #254291387984:  Hold'em No Limit ($0.50/$1.00 USD) - 2025/01/10 5:33:04 WET [2025/01/10 0:33:04 ET]
Table 'Herge II' 6-max Seat #6 is the button
Seat 1: avlee1 ($121.93 in chips) 
Seat 2: LuckyShikari ($145.82 in chips) 
Seat 3: fedevalle ($42.33 in chips) 
Seat 4: pokerwarden33 ($35.51 in chips) 
Seat 5: NOTfishON ($113.15 in chips) 
Seat 6: Fold Your Cats ($101 in chips) 
avlee1: posts small blind $0.50
LuckyShikari: posts big blind $1
*** HOLE CARDS ***
fedevalle: folds 
pokerwarden33: raises $4 to $5
NOTfishON: folds 
Fold Your Cats: folds 
avlee1: folds 
LuckyShikari: folds 
Uncalled bet ($4) returned to pokerwarden33
pokerwarden33 collected $2.50 from pot
*** SUMMARY ***
Total pot $2.50 | Rake $0 
Seat 1: avlee1 (small blind) folded before Flop
Seat 2: LuckyShikari (big blind) folded before Flop
Seat 3: fedevalle folded before Flop (didn't bet)
Seat 4: pokerwarden33 collected ($2.50)
Seat 5: NOTfishON folded before Flop (didn't bet)
Seat 6: Fold Your Cats (button) folded before Flop (didn't bet)



PokerStars Hand #254291389974:  Hold'em No Limit ($0.50/$1.00 USD) - 2025/01/10 5:33:26 WET [2025/01/10 0:33:26 ET]
Table 'Herge II' 6-max Seat #1 is the button
Seat 1: avlee1 ($121.43 in chips) 
Seat 2: LuckyShikari ($144.82 in chips) 
Seat 3: fedevalle ($42.33 in chips) 
Seat 4: pokerwarden33 ($37.01 in chips) 
Seat 5: NOTfishON ($113.15 in chips) 
Seat 6: Fold Your Cats ($101 in chips) 
LuckyShikari: posts small blind $0.50
fedevalle: posts big blind $1
*** HOLE CARDS ***
pokerwarden33: calls $1
NOTfishON: folds 
Fold Your Cats: folds 
avlee1: raises $3 to $4
LuckyShikari: folds 
fedevalle: folds 
pokerwarden33: folds 
Uncalled bet ($3) returned to avlee1
avlee1 collected $3.50 from pot
avlee1: doesn't show hand 
*** SUMMARY ***
Total pot $3.50 | Rake $0 
Seat 1: avlee1 (button) collected ($3.50)
Seat 2: LuckyShikari (small blind) folded before Flop
Seat 3: fedevalle (big blind) folded before Flop
Seat 4: pokerwarden33 folded before Flop
Seat 5: NOTfishON folded before Flop (didn't bet)
Seat 6: Fold Your Cats folded before Flop (didn't bet)



PokerStars Hand #254291392682:  Hold'em No Limit ($0.50/$1.00 USD) - 2025/01/10 5:33:55 WET [2025/01/10 0:33:55 ET]
Table 'Herge II' 6-max Seat #2 is the button
Seat 1: avlee1 ($123.93 in chips) 
Seat 2: LuckyShikari ($144.32 in chips) 
Seat 3: fedevalle ($41.33 in chips) 
Seat 4: pokerwarden33 ($36.01 in chips) 
Seat 5: NOTfishON ($113.15 in chips) 
Seat 6: Fold Your Cats ($101 in chips) 
fedevalle: posts small blind $0.50
pokerwarden33: posts big blind $1
*** HOLE CARDS ***
NOTfishON: folds 
Fold Your Cats: folds 
avlee1: folds 
LuckyShikari: raises $1.50 to $2.50
fedevalle: folds 
pokerwarden33: calls $1.50
*** FLOP *** [Kd 8d 5c]
pokerwarden33: checks 
LuckyShikari: bets $1.72
pokerwarden33: calls $1.72
*** TURN *** [Kd 8d 5c] [9d]
pokerwarden33: checks 
LuckyShikari: bets $6
pokerwarden33: folds 
Uncalled bet ($6) returned to LuckyShikari
LuckyShikari collected $8.49 from pot
LuckyShikari: doesn't show hand 
*** SUMMARY ***
Total pot $8.94 | Rake $0.45 
Board [Kd 8d 5c 9d]
Seat 1: avlee1 folded before Flop (didn't bet)
Seat 2: LuckyShikari (button) collected ($8.49)
Seat 3: fedevalle (small blind) folded before Flop
Seat 4: pokerwarden33 (big blind) folded on the Turn
Seat 5: NOTfishON folded before Flop (didn't bet)
Seat 6: Fold Your Cats folded before Flop (didn't bet)



PokerStars Hand #254291396442:  Hold'em No Limit ($0.50/$1.00 USD) - 2025/01/10 5:34:37 WET [2025/01/10 0:34:37 ET]
Table 'Herge II' 6-max Seat #3 is the button
Seat 1: avlee1 ($123.93 in chips) 
Seat 2: LuckyShikari ($148.59 in chips) 
Seat 3: fedevalle ($40.83 in chips) 
Seat 4: pokerwarden33 ($31.79 in chips) 
Seat 5: NOTfishON ($113.15 in chips) 
Seat 6: Fold Your Cats ($101 in chips) 
pokerwarden33: posts small blind $0.50
NOTfishON: posts big blind $1
*** HOLE CARDS ***
Fold Your Cats: folds 
avlee1: folds 
LuckyShikari: folds 
fedevalle: raises $1.20 to $2.20
pokerwarden33: raises $1.20 to $3.40
NOTfishON: folds 
fedevalle: folds 
Uncalled bet ($1.20) returned to pokerwarden33
pokerwarden33 collected $5.40 from pot
*** SUMMARY ***
Total pot $5.40 | Rake $0 
Seat 1: avlee1 folded before Flop (didn't bet)
Seat 2: LuckyShikari folded before Flop (didn't bet)
Seat 3: fedevalle (button) folded before Flop
Seat 4: pokerwarden33 (small blind) collected ($5.40)
Seat 5: NOTfishON (big blind) folded before Flop
Seat 6: Fold Your Cats folded before Flop (didn't bet)



PokerStars Hand #254291398444:  Hold'em No Limit ($0.50/$1.00 USD) - 2025/01/10 5:34:59 WET [2025/01/10 0:34:59 ET]
Table 'Herge II' 6-max Seat #4 is the button
Seat 1: avlee1 ($123.93 in chips) 
Seat 2: LuckyShikari ($148.59 in chips) 
Seat 3: fedevalle ($38.63 in chips) 
Seat 4: pokerwarden33 ($34.99 in chips) 
Seat 5: NOTfishON ($112.15 in chips) 
Seat 6: Fold Your Cats ($101 in chips) 
NOTfishON: posts small blind $0.50
Fold Your Cats: posts big blind $1
*** HOLE CARDS ***
avlee1: folds 
LuckyShikari: raises $1 to $2
fedevalle: folds 
pokerwarden33: folds 
NOTfishON: folds 
Fold Your Cats: folds 
Uncalled bet ($1) returned to LuckyShikari
LuckyShikari collected $2.50 from pot
LuckyShikari: doesn't show hand 
*** SUMMARY ***
Total pot $2.50 | Rake $0 
Seat 1: avlee1 folded before Flop (didn't bet)
Seat 2: LuckyShikari collected ($2.50)
Seat 3: fedevalle folded before Flop (didn't bet)
Seat 4: pokerwarden33 (button) folded before Flop (didn't bet)
Seat 5: NOTfishON (small blind) folded before Flop
Seat 6: Fold Your Cats (big blind) folded before Flop



PokerStars Hand #254291400422:  Hold'em No Limit ($0.50/$1.00 USD) - 2025/01/10 5:35:20 WET [2025/01/10 0:35:20 ET]
Table 'Herge II' 6-max Seat #5 is the button
Seat 1: avlee1 ($123.93 in chips) 
Seat 2: LuckyShikari ($150.09 in chips) 
Seat 3: fedevalle ($38.63 in chips) 
Seat 4: pokerwarden33 ($34.99 in chips) 
Seat 5: NOTfishON ($111.65 in chips) 
Seat 6: Fold Your Cats ($100 in chips) 
Fold Your Cats: posts small blind $0.50
avlee1: posts big blind $1
*** HOLE CARDS ***
LuckyShikari: raises $1 to $2
fedevalle: folds 
pokerwarden33: folds 
NOTfishON: raises $5.30 to $7.30
Fold Your Cats: folds 
avlee1: folds 
LuckyShikari: folds 
Uncalled bet ($5.30) returned to NOTfishON
NOTfishON collected $5.50 from pot
*** SUMMARY ***
Total pot $5.50 | Rake $0 
Seat 1: avlee1 (big blind) folded before Flop
Seat 2: LuckyShikari folded before Flop
Seat 3: fedevalle folded before Flop (didn't bet)
Seat 4: pokerwarden33 folded before Flop (didn't bet)
Seat 5: NOTfishON (button) collected ($5.50)
Seat 6: Fold Your Cats (small blind) folded before Flop



PokerStars Hand #254291404243:  Hold'em No Limit ($0.50/$1.00 USD) - 2025/01/10 5:36:03 WET [2025/01/10 0:36:03 ET]
Table 'Herge II' 6-max Seat #6 is the button
Seat 1: avlee1 ($122.93 in chips) 
Seat 2: LuckyShikari ($148.09 in chips) 
Seat 3: fedevalle ($38.63 in chips) 
Seat 4: pokerwarden33 ($34.99 in chips) 
Seat 5: NOTfishON ($115.15 in chips) 
Seat 6: Fold Your Cats ($100 in chips) 
avlee1: posts small blind $0.50
LuckyShikari: posts big blind $1
*** HOLE CARDS ***
fedevalle: folds 
pokerwarden33: folds 
NOTfishON: folds 
Fold Your Cats: folds 
avlee1: folds 
Uncalled bet ($0.50) returned to LuckyShikari
LuckyShikari collected $1 from pot
LuckyShikari: doesn't show hand 
*** SUMMARY ***
Total pot $1 | Rake $0 
Seat 1: avlee1 (small blind) folded before Flop
Seat 2: LuckyShikari (big blind) collected ($1)
Seat 3: fedevalle folded before Flop (didn't bet)
Seat 4: pokerwarden33 folded before Flop (didn't bet)
Seat 5: NOTfishON folded before Flop (didn't bet)
Seat 6: Fold Your Cats (button) folded before Flop (didn't bet)



PokerStars Hand #254291407014:  Hold'em No Limit ($0.50/$1.00 USD) - 2025/01/10 5:36:34 WET [2025/01/10 0:36:34 ET]
Table 'Herge II' 6-max Seat #1 is the button
Seat 1: avlee1 ($122.43 in chips) 
Seat 2: LuckyShikari ($148.59 in chips) 
Seat 3: fedevalle ($38.63 in chips) 
Seat 4: pokerwarden33 ($34.99 in chips) 
Seat 5: NOTfishON ($115.15 in chips) 
Seat 6: Fold Your Cats ($100 in chips) 
LuckyShikari: posts small blind $0.50
fedevalle: posts big blind $1
*** HOLE CARDS ***
pokerwarden33: calls $1
NOTfishON: folds 
Fold Your Cats: raises $3 to $4
avlee1: folds 
LuckyShikari: folds 
fedevalle: folds 
pokerwarden33: calls $3
*** FLOP *** [4h 5h Kc]
pokerwarden33: bets $11
Fold Your Cats: folds 
Uncalled bet ($11) returned to pokerwarden33
pokerwarden33 collected $9.02 from pot
*** SUMMARY ***
Total pot $9.50 | Rake $0.48 
Board [4h 5h Kc]
Seat 1: avlee1 (button) folded before Flop (didn't bet)
Seat 2: LuckyShikari (small blind) folded before Flop
Seat 3: fedevalle (big blind) folded before Flop
Seat 4: pokerwarden33 collected ($9.02)
Seat 5: NOTfishON folded before Flop (didn't bet)
Seat 6: Fold Your Cats folded on the Flop



PokerStars Hand #254291409657:  Hold'em No Limit ($0.50/$1.00 USD) - 2025/01/10 5:37:04 WET [2025/01/10 0:37:04 ET]
Table 'Herge II' 6-max Seat #2 is the button
Seat 1: avlee1 ($122.43 in chips) 
Seat 2: LuckyShikari ($148.09 in chips) 
Seat 3: fedevalle ($37.63 in chips) 
Seat 4: pokerwarden33 ($40.01 in chips) 
Seat 5: NOTfishON ($115.15 in chips) 
Seat 6: Fold Your Cats ($100 in chips) 
fedevalle: posts small blind $0.50
pokerwarden33: posts big blind $1
*** HOLE CARDS ***
NOTfishON: folds 
Fold Your Cats: folds 
avlee1: folds 
LuckyShikari: raises $2 to $3
fedevalle: calls $2.50
pokerwarden33: folds 
*** FLOP *** [7c 4c 3h]
fedevalle: checks 
LuckyShikari: checks 
*** TURN *** [7c 4c 3h] [3s]
fedevalle: bets $4.60
LuckyShikari: folds 
Uncalled bet ($4.60) returned to fedevalle
fedevalle collected $6.65 from pot
*** SUMMARY ***
Total pot $7 | Rake $0.35 
Board [7c 4c 3h 3s]
Seat 1: avlee1 folded before Flop (didn't bet)
Seat 2: LuckyShikari (button) folded on the Turn
Seat 3: fedevalle (small blind) collected ($6.65)
Seat 4: pokerwarden33 (big blind) folded before Flop
Seat 5: NOTfishON folded before Flop (didn't bet)
Seat 6: Fold Your Cats folded before Flop (didn't bet)



PokerStars Hand #254291413468:  Hold'em No Limit ($0.50/$1.00 USD) - 2025/01/10 5:37:46 WET [2025/01/10 0:37:46 ET]
Table 'Herge II' 6-max Seat #3 is the button
Seat 1: avlee1 ($122.43 in chips) 
Seat 2: LuckyShikari ($145.09 in chips) 
Seat 3: fedevalle ($41.28 in chips) 
Seat 4: pokerwarden33 ($39.01 in chips) 
Seat 5: NOTfishON ($115.15 in chips) 
Seat 6: Fold Your Cats ($100 in chips) 
pokerwarden33: posts small blind $0.50
NOTfishON: posts big blind $1
*** HOLE CARDS ***
Fold Your Cats: folds 
avlee1: raises $1.50 to $2.50
LuckyShikari: folds 
fedevalle: folds 
pokerwarden33: folds 
NOTfishON: folds 
Uncalled bet ($1.50) returned to avlee1
avlee1 collected $2.50 from pot
avlee1: doesn't show hand 
*** SUMMARY ***
Total pot $2.50 | Rake $0 
Seat 1: avlee1 collected ($2.50)
Seat 2: LuckyShikari folded before Flop (didn't bet)
Seat 3: fedevalle (button) folded before Flop (didn't bet)
Seat 4: pokerwarden33 (small blind) folded before Flop
Seat 5: NOTfishON (big blind) folded before Flop
Seat 6: Fold Your Cats folded before Flop (didn't bet)



PokerStars Hand #254291416402:  Hold'em No Limit ($0.50/$1.00 USD) - 2025/01/10 5:38:19 WET [2025/01/10 0:38:19 ET]
Table 'Herge II' 6-max Seat #4 is the button
Seat 1: avlee1 ($123.93 in chips) 
Seat 2: LuckyShikari ($145.09 in chips) 
Seat 3: fedevalle ($41.28 in chips) 
Seat 4: pokerwarden33 ($38.51 in chips) 
Seat 5: NOTfishON ($114.15 in chips) 
Seat 6: Fold Your Cats ($100 in chips) 
NOTfishON: posts small blind $0.50
Fold Your Cats: posts big blind $1
*** HOLE CARDS ***
avlee1: folds 
LuckyShikari: folds 
fedevalle: folds 
pokerwarden33: calls $1
NOTfishON: folds 
Fold Your Cats: checks 
*** FLOP *** [4d Js Ks]
Fold Your Cats: checks 
pokerwarden33: checks 
*** TURN *** [4d Js Ks] [8d]
Fold Your Cats: checks 
pokerwarden33: checks 
*** RIVER *** [4d Js Ks 8d] [9d]
Fold Your Cats: checks 
pokerwarden33: bets $2
Fold Your Cats: folds 
Uncalled bet ($2) returned to pokerwarden33
pokerwarden33 collected $2.38 from pot
*** SUMMARY ***
Total pot $2.50 | Rake $0.12 
Board [4d Js Ks 8d 9d]
Seat 1: avlee1 folded before Flop (didn't bet)
Seat 2: LuckyShikari folded before Flop (didn't bet)
Seat 3: fedevalle folded before Flop (didn't bet)
Seat 4: pokerwarden33 (button) collected ($2.38)
Seat 5: NOTfishON (small blind) folded before Flop
Seat 6: Fold Your Cats (big blind) folded on the River



PokerStars Hand #254291420898:  Hold'em No Limit ($0.50/$1.00 USD) - 2025/01/10 5:39:09 WET [2025/01/10 0:39:09 ET]
Table 'Herge II' 6-max Seat #5 is the button
Seat 1: avlee1 ($123.93 in chips) 
Seat 2: LuckyShikari ($145.09 in chips) 
Seat 3: fedevalle ($41.28 in chips) 
Seat 4: pokerwarden33 ($39.89 in chips) 
Seat 5: NOTfishON ($113.65 in chips) 
Seat 6: Fold Your Cats ($100 in chips) 
Fold Your Cats: posts small blind $0.50
avlee1: posts big blind $1
*** HOLE CARDS ***
LuckyShikari: folds 
fedevalle: folds 
pokerwarden33: folds 
NOTfishON: raises $1.50 to $2.50
Fold Your Cats: raises $7.50 to $10
avlee1: folds 
NOTfishON: folds 
Uncalled bet ($7.50) returned to Fold Your Cats
Fold Your Cats collected $6 from pot
Fold Your Cats: doesn't show hand 
*** SUMMARY ***
Total pot $6 | Rake $0 
Seat 1: avlee1 (big blind) folded before Flop
Seat 2: LuckyShikari folded before Flop (didn't bet)
Seat 3: fedevalle folded before Flop (didn't bet)
Seat 4: pokerwarden33 folded before Flop (didn't bet)
Seat 5: NOTfishON (button) folded before Flop
Seat 6: Fold Your Cats (small blind) collected ($6)



PokerStars Hand #254291423498:  Hold'em No Limit ($0.50/$1.00 USD) - 2025/01/10 5:39:38 WET [2025/01/10 0:39:38 ET]
Table 'Herge II' 6-max Seat #6 is the button
Seat 1: avlee1 ($122.93 in chips) 
Seat 2: LuckyShikari ($145.09 in chips) 
Seat 3: fedevalle ($41.28 in chips) 
Seat 4: pokerwarden33 ($39.89 in chips) 
Seat 5: NOTfishON ($111.15 in chips) 
Seat 6: Fold Your Cats ($103.50 in chips) 
avlee1: posts small blind $0.50
LuckyShikari: posts big blind $1
*** HOLE CARDS ***
fedevalle: folds 
pokerwarden33: calls $1
NOTfishON: raises $2.50 to $3.50
Fold Your Cats: folds 
avlee1: folds 
LuckyShikari: folds 
pokerwarden33: calls $2.50
*** FLOP *** [6d 2h 9h]
pokerwarden33: checks 
NOTfishON: checks 
*** TURN *** [6d 2h 9h] [2s]
pokerwarden33: checks 
NOTfishON: checks 
*** RIVER *** [6d 2h 9h 2s] [8s]
pokerwarden33: checks 
NOTfishON: checks 
*** SHOW DOWN ***
pokerwarden33: shows [As Ts] (a pair of Deuces)
NOTfishON: shows [Ac Th] (a pair of Deuces)
pokerwarden33 collected $4.04 from pot
NOTfishON collected $4.04 from pot
*** SUMMARY ***
Total pot $8.50 | Rake $0.42 
Board [6d 2h 9h 2s 8s]
Seat 1: avlee1 (small blind) folded before Flop
Seat 2: LuckyShikari (big blind) folded before Flop
Seat 3: fedevalle folded before Flop (didn't bet)
Seat 4: pokerwarden33 showed [As Ts] and won ($4.04) with a pair of Deuces
Seat 5: NOTfishON showed [Ac Th] and won ($4.04) with a pair of Deuces
Seat 6: Fold Your Cats (button) folded before Flop (didn't bet)



PokerStars Hand #254291427771:  Hold'em No Limit ($0.50/$1.00 USD) - 2025/01/10 5:40:26 WET [2025/01/10 0:40:26 ET]
Table 'Herge II' 6-max Seat #1 is the button
Seat 1: avlee1 ($122.43 in chips) 
Seat 2: LuckyShikari ($144.09 in chips) 
Seat 3: fedevalle ($41.28 in chips) 
Seat 4: pokerwarden33 ($40.43 in chips) 
Seat 5: NOTfishON ($111.69 in chips) 
Seat 6: Fold Your Cats ($103.50 in chips) 
LuckyShikari: posts small blind $0.50
fedevalle: posts big blind $1
*** HOLE CARDS ***
pokerwarden33: folds 
NOTfishON: raises $1.10 to $2.10
Fold Your Cats: folds 
avlee1: folds 
LuckyShikari: folds 
fedevalle: folds 
Uncalled bet ($1.10) returned to NOTfishON
NOTfishON collected $2.50 from pot
*** SUMMARY ***
Total pot $2.50 | Rake $0 
Seat 1: avlee1 (button) folded before Flop (didn't bet)
Seat 2: LuckyShikari (small blind) folded before Flop
Seat 3: fedevalle (big blind) folded before Flop
Seat 4: pokerwarden33 folded before Flop (didn't bet)
Seat 5: NOTfishON collected ($2.50)
Seat 6: Fold Your Cats folded before Flop (didn't bet)



PokerStars Hand #254291430361:  Hold'em No Limit ($0.50/$1.00 USD) - 2025/01/10 5:40:56 WET [2025/01/10 0:40:56 ET]
Table 'Herge II' 6-max Seat #2 is the button
Seat 1: avlee1 ($122.43 in chips) 
Seat 2: LuckyShikari ($143.59 in chips) 
Seat 3: fedevalle ($40.28 in chips) 
Seat 4: pokerwarden33 ($40.43 in chips) 
Seat 5: NOTfishON ($113.19 in chips) 
Seat 6: Fold Your Cats ($103.50 in chips) 
fedevalle: posts small blind $0.50
pokerwarden33: posts big blind $1
*** HOLE CARDS ***
NOTfishON: folds 
Fold Your Cats: folds 
avlee1: raises $1.50 to $2.50
LuckyShikari: folds 
fedevalle: folds 
pokerwarden33: calls $1.50
*** FLOP *** [Ah As Qh]
pokerwarden33: bets $1
avlee1: calls $1
*** TURN *** [Ah As Qh] [Jc]
pokerwarden33: bets $1
avlee1: raises $2 to $3
pokerwarden33: calls $2
*** RIVER *** [Ah As Qh Jc] [5d]
pokerwarden33: checks 
avlee1: bets $6.41
pokerwarden33: folds 
Uncalled bet ($6.41) returned to avlee1
avlee1 collected $12.82 from pot
avlee1: doesn't show hand 
*** SUMMARY ***
Total pot $13.50 | Rake $0.68 
Board [Ah As Qh Jc 5d]
Seat 1: avlee1 collected ($12.82)
Seat 2: LuckyShikari (button) folded before Flop (didn't bet)
Seat 3: fedevalle (small blind) folded before Flop
Seat 4: pokerwarden33 (big blind) folded on the River
Seat 5: NOTfishON folded before Flop (didn't bet)
Seat 6: Fold Your Cats folded before Flop (didn't bet)



PokerStars Hand #254291436640:  Hold'em No Limit ($0.50/$1.00 USD) - 2025/01/10 5:42:07 WET [2025/01/10 0:42:07 ET]
Table 'Herge II' 6-max Seat #3 is the button
Seat 1: avlee1 ($128.75 in chips) 
Seat 2: LuckyShikari ($143.59 in chips) 
Seat 3: fedevalle ($39.78 in chips) 
Seat 4: pokerwarden33 ($33.93 in chips) 
Seat 5: NOTfishON ($113.19 in chips) 
Seat 6: Fold Your Cats ($103.50 in chips) 
pokerwarden33: posts small blind $0.50
NOTfishON: posts big blind $1
*** HOLE CARDS ***
Fold Your Cats: folds 
avlee1: folds 
LuckyShikari: folds 
fedevalle: folds 
pokerwarden33: raises $2 to $3
NOTfishON: calls $2
*** FLOP *** [3s Js 5s]
pokerwarden33: bets $3
NOTfishON: calls $3
*** TURN *** [3s Js 5s] [Ah]
pokerwarden33: bets $5
NOTfishON: calls $5
*** RIVER *** [3s Js 5s Ah] [9s]
pokerwarden33: checks 
NOTfishON: checks 
*** SHOW DOWN ***
pokerwarden33: shows [7c Ac] (a pair of Aces)
NOTfishON: shows [Jh 9h] (two pair, Jacks and Nines)
NOTfishON collected $20.90 from pot
*** SUMMARY ***
Total pot $22 | Rake $1.10 
Board [3s Js 5s Ah 9s]
Seat 1: avlee1 folded before Flop (didn't bet)
Seat 2: LuckyShikari folded before Flop (didn't bet)
Seat 3: fedevalle (button) folded before Flop (didn't bet)
Seat 4: pokerwarden33 (small blind) showed [7c Ac] and lost with a pair of Aces
Seat 5: NOTfishON (big blind) showed [Jh 9h] and won ($20.90) with two pair, Jacks and Nines
Seat 6: Fold Your Cats folded before Flop (didn't bet)



PokerStars Hand #254291439830:  Hold'em No Limit ($0.50/$1.00 USD) - 2025/01/10 5:42:43 WET [2025/01/10 0:42:43 ET]
Table 'Herge II' 6-max Seat #4 is the button
Seat 1: avlee1 ($128.75 in chips) 
Seat 2: LuckyShikari ($143.59 in chips) 
Seat 3: fedevalle ($39.78 in chips) 
Seat 4: pokerwarden33 ($22.93 in chips) 
Seat 5: NOTfishON ($123.09 in chips) 
Seat 6: Fold Your Cats ($103.50 in chips) 
NOTfishON: posts small blind $0.50
Fold Your Cats: posts big blind $1
*** HOLE CARDS ***
avlee1: folds 
LuckyShikari: folds 
fedevalle: folds 
pokerwarden33: raises $21.93 to $22.93 and is all-in
NOTfishON: folds 
Fold Your Cats: folds 
Uncalled bet ($21.93) returned to pokerwarden33
pokerwarden33 collected $2.50 from pot
*** SUMMARY ***
Total pot $2.50 | Rake $0 
Seat 1: avlee1 folded before Flop (didn't bet)
Seat 2: LuckyShikari folded before Flop (didn't bet)
Seat 3: fedevalle folded before Flop (didn't bet)
Seat 4: pokerwarden33 (button) collected ($2.50)
Seat 5: NOTfishON (small blind) folded before Flop
Seat 6: Fold Your Cats (big blind) folded before Flop



PokerStars Hand #254291442239:  Hold'em No Limit ($0.50/$1.00 USD) - 2025/01/10 5:43:10 WET [2025/01/10 0:43:10 ET]
Table 'Herge II' 6-max Seat #5 is the button
Seat 1: avlee1 ($128.75 in chips) 
Seat 2: LuckyShikari ($143.59 in chips) 
Seat 3: fedevalle ($39.78 in chips) 
Seat 4: pokerwarden33 ($24.43 in chips) 
Seat 5: NOTfishON ($122.59 in chips) 
Seat 6: Fold Your Cats ($102.50 in chips) 
Fold Your Cats: posts small blind $0.50
avlee1: posts big blind $1
*** HOLE CARDS ***
LuckyShikari: folds 
fedevalle: folds 
pokerwarden33: folds 
NOTfishON: folds 
Fold Your Cats: folds 
Uncalled bet ($0.50) returned to avlee1
avlee1 collected $1 from pot
avlee1: doesn't show hand 
*** SUMMARY ***
Total pot $1 | Rake $0 
Seat 1: avlee1 (big blind) collected ($1)
Seat 2: LuckyShikari folded before Flop (didn't bet)
Seat 3: fedevalle folded before Flop (didn't bet)
Seat 4: pokerwarden33 folded before Flop (didn't bet)
Seat 5: NOTfishON (button) folded before Flop (didn't bet)
Seat 6: Fold Your Cats (small blind) folded before Flop



