PokerStars Hand #254294926086:  Hold'em No Limit ($0.50/$1.00 USD) - 2025/01/10 14:16:41 WET [2025/01/10 9:16:41 ET]
Table 'Cremona III' 6-max Seat #1 is the button
Seat 1: nastja336 ($100 in chips) 
Seat 2: Joker007r ($100 in chips) 
Seat 3: v.sting ($100 in chips) 
Seat 4: easy_sarcasm ($100 in chips) 
Joker007r: posts small blind $0.50
v.sting: posts big blind $1
*** HOLE CARDS ***
easy_sarcasm: folds 
nastja336: folds 
Joker007r: folds 
Uncalled bet ($0.50) returned to v.sting
krypton1512 joins the table at seat #5 
krypton1512 is disconnected 
v.sting collected $1 from pot
v.sting: doesn't show hand 
whlzor joins the table at seat #6 
*** SUMMARY ***
Total pot $1 | Rake $0 
Seat 1: nastja336 (button) folded before Flop (didn't bet)
Seat 2: Joker007r (small blind) folded before Flop
Seat 3: v.sting (big blind) collected ($1)
Seat 4: easy_sarcasm folded before Flop (didn't bet)



PokerStars Hand #254294927558:  Hold'em No Limit ($0.50/$1.00 USD) - 2025/01/10 14:16:49 WET [2025/01/10 9:16:49 ET]
Table 'Cremona III' 6-max Seat #2 is the button
Seat 5: krypton1512 ($100 in chips) is sitting out
Seat 6: whlzor ($100 in chips) is sitting out
Seat 1: nastja336 ($100 in chips) 
Seat 2: Joker007r ($100 in chips) 
Seat 3: v.sting ($100.50 in chips) 
Seat 4: easy_sarcasm ($100 in chips) 
v.sting: posts small blind $0.50
easy_sarcasm: posts big blind $1
krypton1512: sits out 
whlzor: sits out 
*** HOLE CARDS ***
nastja336: folds 
Joker007r: folds 
v.sting: folds 
Uncalled bet ($0.50) returned to easy_sarcasm
easy_sarcasm collected $1 from pot
*** SUMMARY ***
Total pot $1 | Rake $0 
Seat 5: krypton1512
Seat 6: whlzor
Seat 1: nastja336 folded before Flop (didn't bet)
Seat 2: Joker007r (button) folded before Flop (didn't bet)
Seat 3: v.sting (small blind) folded before Flop
Seat 4: easy_sarcasm (big blind) collected ($1)



PokerStars Hand #254294931309:  Hold'em No Limit ($0.50/$1.00 USD) - 2025/01/10 14:17:09 WET [2025/01/10 9:17:09 ET]
Table 'Cremona III' 6-max Seat #3 is the button
Seat 6: whlzor ($100 in chips) is sitting out
Seat 1: nastja336 ($100 in chips) 
Seat 2: Joker007r ($100 in chips) 
Seat 3: v.sting ($100 in chips) 
Seat 4: easy_sarcasm ($100.50 in chips) 
Seat 5: krypton1512 ($100 in chips) 
easy_sarcasm: posts small blind $0.50
krypton1512: posts big blind $1
whlzor: sits out 
*** HOLE CARDS ***
nastja336: raises $1.50 to $2.50
Joker007r: folds 
v.sting: folds 
easy_sarcasm: raises $8.50 to $11
krypton1512: folds 
nastja336: folds 
Uncalled bet ($8.50) returned to easy_sarcasm
easy_sarcasm collected $6 from pot
*** SUMMARY ***
Total pot $6 | Rake $0 
Seat 6: whlzor
Seat 1: nastja336 folded before Flop
Seat 2: Joker007r folded before Flop (didn't bet)
Seat 3: v.sting (button) folded before Flop (didn't bet)
Seat 4: easy_sarcasm (small blind) collected ($6)
Seat 5: krypton1512 (big blind) folded before Flop



PokerStars Hand #254294935932:  Hold'em No Limit ($0.50/$1.00 USD) - 2025/01/10 14:17:35 WET [2025/01/10 9:17:35 ET]
Table 'Cremona III' 6-max Seat #4 is the button
Seat 1: nastja336 ($100 in chips) 
Seat 2: Joker007r ($100 in chips) 
Seat 3: v.sting ($100 in chips) 
Seat 4: easy_sarcasm ($104 in chips) 
Seat 5: krypton1512 ($99 in chips) 
Seat 6: whlzor ($100 in chips) 
krypton1512: posts small blind $0.50
whlzor: posts big blind $1
*** HOLE CARDS ***
nastja336: raises $1.50 to $2.50
Joker007r: folds 
v.sting: folds 
easy_sarcasm: folds 
krypton1512: calls $2
whlzor: folds 
*** FLOP *** [Ac 9c 6c]
krypton1512: bets $5.70
nastja336: folds 
Uncalled bet ($5.70) returned to krypton1512
krypton1512 collected $5.70 from pot
*** SUMMARY ***
Total pot $6 | Rake $0.30 
Board [Ac 9c 6c]
Seat 1: nastja336 folded on the Flop
Seat 2: Joker007r folded before Flop (didn't bet)
Seat 3: v.sting folded before Flop (didn't bet)
Seat 4: easy_sarcasm (button) folded before Flop (didn't bet)
Seat 5: krypton1512 (small blind) collected ($5.70)
Seat 6: whlzor (big blind) folded before Flop



PokerStars Hand #254294941992:  Hold'em No Limit ($0.50/$1.00 USD) - 2025/01/10 14:18:09 WET [2025/01/10 9:18:09 ET]
Table 'Cremona III' 6-max Seat #5 is the button
Seat 1: nastja336 ($100 in chips) 
Seat 2: Joker007r ($100 in chips) 
Seat 3: v.sting ($100 in chips) 
Seat 4: easy_sarcasm ($104 in chips) 
Seat 5: krypton1512 ($102.20 in chips) 
Seat 6: whlzor ($100 in chips) 
whlzor: posts small blind $0.50
nastja336: posts big blind $1
*** HOLE CARDS ***
Joker007r: folds 
v.sting: folds 
easy_sarcasm: raises $2 to $3
krypton1512: calls $3
whlzor: raises $12 to $15
nastja336: folds 
easy_sarcasm: folds 
krypton1512: calls $12
*** FLOP *** [Ts 8d 3s]
whlzor: checks 
krypton1512: bets $16.15
whlzor: raises $38.85 to $55
krypton1512: folds 
Uncalled bet ($38.85) returned to whlzor
whlzor collected $63.80 from pot
whlzor: doesn't show hand 
*** SUMMARY ***
Total pot $66.30 | Rake $2.50 
Board [Ts 8d 3s]
Seat 1: nastja336 (big blind) folded before Flop
Seat 2: Joker007r folded before Flop (didn't bet)
Seat 3: v.sting folded before Flop (didn't bet)
Seat 4: easy_sarcasm folded before Flop
Seat 5: krypton1512 (button) folded on the Flop
Seat 6: whlzor (small blind) collected ($63.80)



PokerStars Hand #254294951993:  Hold'em No Limit ($0.50/$1.00 USD) - 2025/01/10 14:19:04 WET [2025/01/10 9:19:04 ET]
Table 'Cremona III' 6-max Seat #6 is the button
Seat 1: nastja336 ($100 in chips) 
Seat 2: Joker007r ($100 in chips) 
Seat 3: v.sting ($100 in chips) 
Seat 4: easy_sarcasm ($101 in chips) 
Seat 5: krypton1512 ($71.05 in chips) 
Seat 6: whlzor ($132.65 in chips) 
nastja336: posts small blind $0.50
Joker007r: posts big blind $1
*** HOLE CARDS ***
v.sting: folds 
easy_sarcasm: folds 
krypton1512: folds 
whlzor: folds 
nastja336: folds 
Uncalled bet ($0.50) returned to Joker007r
Joker007r collected $1 from pot
Joker007r: doesn't show hand 
*** SUMMARY ***
Total pot $1 | Rake $0 
Seat 1: nastja336 (small blind) folded before Flop
Seat 2: Joker007r (big blind) collected ($1)
Seat 3: v.sting folded before Flop (didn't bet)
Seat 4: easy_sarcasm folded before Flop (didn't bet)
Seat 5: krypton1512 folded before Flop (didn't bet)
Seat 6: whlzor (button) folded before Flop (didn't bet)



PokerStars Hand #254294954185:  Hold'em No Limit ($0.50/$1.00 USD) - 2025/01/10 14:19:16 WET [2025/01/10 9:19:16 ET]
Table 'Cremona III' 6-max Seat #1 is the button
Seat 1: nastja336 ($100 in chips) 
Seat 2: Joker007r ($100.50 in chips) 
Seat 3: v.sting ($100 in chips) 
Seat 4: easy_sarcasm ($101 in chips) 
Seat 5: krypton1512 ($71.05 in chips) 
Seat 6: whlzor ($132.65 in chips) 
Joker007r: posts small blind $0.50
v.sting: posts big blind $1
*** HOLE CARDS ***
easy_sarcasm: folds 
krypton1512: calls $1
whlzor: folds 
nastja336: raises $3 to $4
Joker007r: raises $12 to $16
v.sting: folds 
krypton1512: folds 
nastja336: folds 
Uncalled bet ($12) returned to Joker007r
Joker007r collected $10 from pot
Joker007r: doesn't show hand 
*** SUMMARY ***
Total pot $10 | Rake $0 
Seat 1: nastja336 (button) folded before Flop
Seat 2: Joker007r (small blind) collected ($10)
Seat 3: v.sting (big blind) folded before Flop
Seat 4: easy_sarcasm folded before Flop (didn't bet)
Seat 5: krypton1512 folded before Flop
Seat 6: whlzor folded before Flop (didn't bet)



PokerStars Hand #254294961363:  Hold'em No Limit ($0.50/$1.00 USD) - 2025/01/10 14:19:55 WET [2025/01/10 9:19:55 ET]
Table 'Cremona III' 6-max Seat #2 is the button
Seat 1: nastja336 ($100 in chips) 
Seat 2: Joker007r ($106.50 in chips) 
Seat 3: v.sting ($100 in chips) 
Seat 4: easy_sarcasm ($101 in chips) 
Seat 5: krypton1512 ($70.05 in chips) 
Seat 6: whlzor ($132.65 in chips) 
v.sting: posts small blind $0.50
easy_sarcasm: posts big blind $1
*** HOLE CARDS ***
krypton1512: raises $1 to $2
whlzor: folds 
nastja336: folds 
Joker007r: raises $4 to $6
v.sting: folds 
easy_sarcasm: folds 
krypton1512: calls $4
*** FLOP *** [7c 5c 3s]
krypton1512: checks 
Joker007r: bets $4.23
krypton1512: calls $4.23
*** TURN *** [7c 5c 3s] [4h]
krypton1512: checks 
Joker007r: checks 
*** RIVER *** [7c 5c 3s 4h] [8h]
krypton1512: checks 
Joker007r: checks 
*** SHOW DOWN ***
krypton1512: shows [Ts Ac] (high card Ace)
Joker007r: mucks hand 
krypton1512 collected $20.86 from pot
*** SUMMARY ***
Total pot $21.96 | Rake $1.10 
Board [7c 5c 3s 4h 8h]
Seat 1: nastja336 folded before Flop (didn't bet)
Seat 2: Joker007r (button) mucked
Seat 3: v.sting (small blind) folded before Flop
Seat 4: easy_sarcasm (big blind) folded before Flop
Seat 5: krypton1512 showed [Ts Ac] and won ($20.86) with high card Ace
Seat 6: whlzor folded before Flop (didn't bet)



PokerStars Hand #254294969819:  Hold'em No Limit ($0.50/$1.00 USD) - 2025/01/10 14:20:41 WET [2025/01/10 9:20:41 ET]
Table 'Cremona III' 6-max Seat #3 is the button
Seat 1: nastja336 ($100 in chips) 
Seat 2: Joker007r ($100 in chips) 
Seat 3: v.sting ($100 in chips) 
Seat 4: easy_sarcasm ($100 in chips) 
Seat 5: krypton1512 ($80.68 in chips) 
Seat 6: whlzor ($132.65 in chips) 
easy_sarcasm: posts small blind $0.50
krypton1512: posts big blind $1
*** HOLE CARDS ***
whlzor: raises $1.50 to $2.50
nastja336: folds 
Joker007r: folds 
v.sting: folds 
easy_sarcasm: folds 
krypton1512: calls $1.50
*** FLOP *** [4s 9s Kc]
krypton1512: checks 
whlzor: checks 
*** TURN *** [4s 9s Kc] [7d]
krypton1512: bets $2.61
whlzor: calls $2.61
*** RIVER *** [4s 9s Kc 7d] [9c]
krypton1512: bets $5.09
whlzor: calls $5.09
*** SHOW DOWN ***
krypton1512: shows [9d 8d] (three of a kind, Nines)
whlzor: mucks hand 
krypton1512 collected $19.86 from pot
*** SUMMARY ***
Total pot $20.90 | Rake $1.04 
Board [4s 9s Kc 7d 9c]
Seat 1: nastja336 folded before Flop (didn't bet)
Seat 2: Joker007r folded before Flop (didn't bet)
Seat 3: v.sting (button) folded before Flop (didn't bet)
Seat 4: easy_sarcasm (small blind) folded before Flop
Seat 5: krypton1512 (big blind) showed [9d 8d] and won ($19.86) with three of a kind, Nines
Seat 6: whlzor mucked



PokerStars Hand #254294975442:  Hold'em No Limit ($0.50/$1.00 USD) - 2025/01/10 14:21:11 WET [2025/01/10 9:21:11 ET]
Table 'Cremona III' 6-max Seat #4 is the button
Seat 1: nastja336 ($100 in chips) 
Seat 2: Joker007r ($100 in chips) 
Seat 3: v.sting ($100 in chips) 
Seat 4: easy_sarcasm ($100 in chips) 
Seat 5: krypton1512 ($90.34 in chips) 
Seat 6: whlzor ($122.45 in chips) 
krypton1512: posts small blind $0.50
whlzor: posts big blind $1
*** HOLE CARDS ***
nastja336: folds 
Joker007r: folds 
v.sting: folds 
easy_sarcasm: raises $1.20 to $2.20
krypton1512: calls $1.70
whlzor: folds 
*** FLOP *** [8c 9d 5s]
krypton1512: checks 
easy_sarcasm: bets $2.56
krypton1512: calls $2.56
*** TURN *** [8c 9d 5s] [2s]
krypton1512: checks 
easy_sarcasm: checks 
*** RIVER *** [8c 9d 5s 2s] [3h]
krypton1512: checks 
easy_sarcasm: checks 
*** SHOW DOWN ***
krypton1512: shows [8s Qd] (a pair of Eights)
easy_sarcasm: mucks hand 
krypton1512 collected $9.99 from pot
*** SUMMARY ***
Total pot $10.52 | Rake $0.53 
Board [8c 9d 5s 2s 3h]
Seat 1: nastja336 folded before Flop (didn't bet)
Seat 2: Joker007r folded before Flop (didn't bet)
Seat 3: v.sting folded before Flop (didn't bet)
Seat 4: easy_sarcasm (button) mucked
Seat 5: krypton1512 (small blind) showed [8s Qd] and won ($9.99) with a pair of Eights
Seat 6: whlzor (big blind) folded before Flop



PokerStars Hand #254294980745:  Hold'em No Limit ($0.50/$1.00 USD) - 2025/01/10 14:21:40 WET [2025/01/10 9:21:40 ET]
Table 'Cremona III' 6-max Seat #5 is the button
Seat 1: nastja336 ($100 in chips) 
Seat 2: Joker007r ($100 in chips) 
Seat 3: v.sting ($100 in chips) 
Seat 4: easy_sarcasm ($100 in chips) 
Seat 5: krypton1512 ($95.57 in chips) 
Seat 6: whlzor ($121.45 in chips) 
whlzor: posts small blind $0.50
nastja336: posts big blind $1
*** HOLE CARDS ***
Joker007r: raises $2 to $3
v.sting: folds 
easy_sarcasm: calls $3
krypton1512: folds 
whlzor: folds 
nastja336: folds 
*** FLOP *** [Kd Kh Qc]
Joker007r: bets $2.35
easy_sarcasm: folds 
Uncalled bet ($2.35) returned to Joker007r
Joker007r collected $7.12 from pot
Joker007r: doesn't show hand 
*** SUMMARY ***
Total pot $7.50 | Rake $0.38 
Board [Kd Kh Qc]
Seat 1: nastja336 (big blind) folded before Flop
Seat 2: Joker007r collected ($7.12)
Seat 3: v.sting folded before Flop (didn't bet)
Seat 4: easy_sarcasm folded on the Flop
Seat 5: krypton1512 (button) folded before Flop (didn't bet)
Seat 6: whlzor (small blind) folded before Flop



PokerStars Hand #254294985710:  Hold'em No Limit ($0.50/$1.00 USD) - 2025/01/10 14:22:07 WET [2025/01/10 9:22:07 ET]
Table 'Cremona III' 6-max Seat #6 is the button
Seat 1: nastja336 ($100 in chips) 
Seat 2: Joker007r ($104.12 in chips) 
Seat 3: v.sting ($100 in chips) 
Seat 4: easy_sarcasm ($100 in chips) 
Seat 5: krypton1512 ($95.57 in chips) 
Seat 6: whlzor ($120.95 in chips) 
nastja336: posts small blind $0.50
Joker007r: posts big blind $1
*** HOLE CARDS ***
v.sting: folds 
easy_sarcasm: folds 
krypton1512: folds 
whlzor: raises $2 to $3
nastja336: folds 
Joker007r: raises $10 to $13
whlzor: folds 
Uncalled bet ($10) returned to Joker007r
Joker007r collected $6.50 from pot
Joker007r: doesn't show hand 
*** SUMMARY ***
Total pot $6.50 | Rake $0 
Seat 1: nastja336 (small blind) folded before Flop
Seat 2: Joker007r (big blind) collected ($6.50)
Seat 3: v.sting folded before Flop (didn't bet)
Seat 4: easy_sarcasm folded before Flop (didn't bet)
Seat 5: krypton1512 folded before Flop (didn't bet)
Seat 6: whlzor (button) folded before Flop



PokerStars Hand #254294990495:  Hold'em No Limit ($0.50/$1.00 USD) - 2025/01/10 14:22:33 WET [2025/01/10 9:22:33 ET]
Table 'Cremona III' 6-max Seat #1 is the button
Seat 1: nastja336 ($100 in chips) 
Seat 2: Joker007r ($107.62 in chips) 
Seat 3: v.sting ($100 in chips) 
Seat 4: easy_sarcasm ($100 in chips) 
Seat 5: krypton1512 ($95.57 in chips) 
Seat 6: whlzor ($117.95 in chips) 
Joker007r: posts small blind $0.50
v.sting: posts big blind $1
*** HOLE CARDS ***
easy_sarcasm: folds 
krypton1512: folds 
whlzor: raises $2 to $3
nastja336: folds 
Joker007r: folds 
v.sting: folds 
Uncalled bet ($2) returned to whlzor
whlzor collected $2.50 from pot
whlzor: doesn't show hand 
*** SUMMARY ***
Total pot $2.50 | Rake $0 
Seat 1: nastja336 (button) folded before Flop (didn't bet)
Seat 2: Joker007r (small blind) folded before Flop
Seat 3: v.sting (big blind) folded before Flop
Seat 4: easy_sarcasm folded before Flop (didn't bet)
Seat 5: krypton1512 folded before Flop (didn't bet)
Seat 6: whlzor collected ($2.50)



PokerStars Hand #254294993979:  Hold'em No Limit ($0.50/$1.00 USD) - 2025/01/10 14:22:52 WET [2025/01/10 9:22:52 ET]
Table 'Cremona III' 6-max Seat #2 is the button
Seat 1: nastja336 ($100 in chips) 
Seat 2: Joker007r ($107.12 in chips) 
Seat 3: v.sting ($100 in chips) 
Seat 4: easy_sarcasm ($100 in chips) 
Seat 5: krypton1512 ($95.57 in chips) 
Seat 6: whlzor ($119.45 in chips) 
v.sting: posts small blind $0.50
easy_sarcasm: posts big blind $1
*** HOLE CARDS ***
krypton1512: raises $1 to $2
whlzor: folds 
nastja336: folds 
Joker007r: folds 
v.sting: folds 
easy_sarcasm: calls $1
*** FLOP *** [5d 7s 8d]
easy_sarcasm: checks 
krypton1512: bets $2.14
easy_sarcasm: folds 
Uncalled bet ($2.14) returned to krypton1512
krypton1512 collected $4.28 from pot
*** SUMMARY ***
Total pot $4.50 | Rake $0.22 
Board [5d 7s 8d]
Seat 1: nastja336 folded before Flop (didn't bet)
Seat 2: Joker007r (button) folded before Flop (didn't bet)
Seat 3: v.sting (small blind) folded before Flop
Seat 4: easy_sarcasm (big blind) folded on the Flop
Seat 5: krypton1512 collected ($4.28)
Seat 6: whlzor folded before Flop (didn't bet)



PokerStars Hand #254294999213:  Hold'em No Limit ($0.50/$1.00 USD) - 2025/01/10 14:23:21 WET [2025/01/10 9:23:21 ET]
Table 'Cremona III' 6-max Seat #3 is the button
Seat 1: nastja336 ($100 in chips) 
Seat 2: Joker007r ($107.12 in chips) 
Seat 3: v.sting ($100 in chips) 
Seat 4: easy_sarcasm ($100 in chips) 
Seat 5: krypton1512 ($97.85 in chips) 
Seat 6: whlzor ($119.45 in chips) 
easy_sarcasm: posts small blind $0.50
krypton1512: posts big blind $1
*** HOLE CARDS ***
whlzor: folds 
nastja336: folds 
Joker007r: folds 
v.sting: folds 
easy_sarcasm: raises $2 to $3
krypton1512: folds 
Uncalled bet ($2) returned to easy_sarcasm
easy_sarcasm collected $2 from pot
*** SUMMARY ***
Total pot $2 | Rake $0 
Seat 1: nastja336 folded before Flop (didn't bet)
Seat 2: Joker007r folded before Flop (didn't bet)
Seat 3: v.sting (button) folded before Flop (didn't bet)
Seat 4: easy_sarcasm (small blind) collected ($2)
Seat 5: krypton1512 (big blind) folded before Flop
Seat 6: whlzor folded before Flop (didn't bet)



PokerStars Hand #254295002355:  Hold'em No Limit ($0.50/$1.00 USD) - 2025/01/10 14:23:38 WET [2025/01/10 9:23:38 ET]
Table 'Cremona III' 6-max Seat #4 is the button
Seat 1: nastja336 ($100 in chips) 
Seat 2: Joker007r ($107.12 in chips) 
Seat 3: v.sting ($100 in chips) 
Seat 4: easy_sarcasm ($101 in chips) 
Seat 5: krypton1512 ($96.85 in chips) 
Seat 6: whlzor ($119.45 in chips) 
krypton1512: posts small blind $0.50
whlzor: posts big blind $1
*** HOLE CARDS ***
nastja336: folds 
Joker007r: raises $2 to $3
v.sting: folds 
easy_sarcasm: raises $5 to $8
krypton1512: folds 
whlzor: folds 
Joker007r: raises $17.20 to $25.20
easy_sarcasm: folds 
Uncalled bet ($17.20) returned to Joker007r
Joker007r collected $17.50 from pot
Joker007r: doesn't show hand 
*** SUMMARY ***
Total pot $17.50 | Rake $0 
Seat 1: nastja336 folded before Flop (didn't bet)
Seat 2: Joker007r collected ($17.50)
Seat 3: v.sting folded before Flop (didn't bet)
Seat 4: easy_sarcasm (button) folded before Flop
Seat 5: krypton1512 (small blind) folded before Flop
Seat 6: whlzor (big blind) folded before Flop



PokerStars Hand #254295008187:  Hold'em No Limit ($0.50/$1.00 USD) - 2025/01/10 14:24:10 WET [2025/01/10 9:24:10 ET]
Table 'Cremona III' 6-max Seat #5 is the button
Seat 1: nastja336 ($100 in chips) 
Seat 2: Joker007r ($116.62 in chips) 
Seat 3: v.sting ($100 in chips) 
Seat 4: easy_sarcasm ($100 in chips) 
Seat 5: krypton1512 ($96.35 in chips) 
Seat 6: whlzor ($118.45 in chips) 
whlzor: posts small blind $0.50
nastja336: posts big blind $1
*** HOLE CARDS ***
Joker007r: folds 
v.sting: folds 
easy_sarcasm: folds 
krypton1512: raises $2.50 to $3.50
whlzor: folds 
nastja336: folds 
Uncalled bet ($2.50) returned to krypton1512
krypton1512 collected $2.50 from pot
*** SUMMARY ***
Total pot $2.50 | Rake $0 
Seat 1: nastja336 (big blind) folded before Flop
Seat 2: Joker007r folded before Flop (didn't bet)
Seat 3: v.sting folded before Flop (didn't bet)
Seat 4: easy_sarcasm folded before Flop (didn't bet)
Seat 5: krypton1512 (button) collected ($2.50)
Seat 6: whlzor (small blind) folded before Flop



PokerStars Hand #254295010347:  Hold'em No Limit ($0.50/$1.00 USD) - 2025/01/10 14:24:21 WET [2025/01/10 9:24:21 ET]
Table 'Cremona III' 6-max Seat #6 is the button
Seat 1: nastja336 ($100 in chips) 
Seat 2: Joker007r ($116.62 in chips) 
Seat 3: v.sting ($100 in chips) 
Seat 4: easy_sarcasm ($100 in chips) 
Seat 5: krypton1512 ($97.85 in chips) 
Seat 6: whlzor ($117.95 in chips) 
nastja336: posts small blind $0.50
Joker007r: posts big blind $1
*** HOLE CARDS ***
v.sting: folds 
easy_sarcasm: folds 
krypton1512: calls $1
whlzor: folds 
nastja336: calls $0.50
Joker007r: checks 
*** FLOP *** [9c 5s 6h]
nastja336: checks 
Joker007r: checks 
krypton1512: bets $1.43
nastja336: folds 
Joker007r: folds 
Uncalled bet ($1.43) returned to krypton1512
krypton1512 collected $2.85 from pot
*** SUMMARY ***
Total pot $3 | Rake $0.15 
Board [9c 5s 6h]
Seat 1: nastja336 (small blind) folded on the Flop
Seat 2: Joker007r (big blind) folded on the Flop
Seat 3: v.sting folded before Flop (didn't bet)
Seat 4: easy_sarcasm folded before Flop (didn't bet)
Seat 5: krypton1512 collected ($2.85)
Seat 6: whlzor (button) folded before Flop (didn't bet)



PokerStars Hand #254295015132:  Hold'em No Limit ($0.50/$1.00 USD) - 2025/01/10 14:24:47 WET [2025/01/10 9:24:47 ET]
Table 'Cremona III' 6-max Seat #1 is the button
Seat 1: nastja336 ($100 in chips) 
Seat 2: Joker007r ($115.62 in chips) 
Seat 3: v.sting ($100 in chips) 
Seat 4: easy_sarcasm ($100 in chips) 
Seat 5: krypton1512 ($99.70 in chips) 
Seat 6: whlzor ($117.95 in chips) 
Joker007r: posts small blind $0.50
v.sting: posts big blind $1
*** HOLE CARDS ***
easy_sarcasm: folds 
krypton1512: raises $1 to $2
whlzor: folds 
nastja336: folds 
Joker007r: folds 
v.sting: folds 
Uncalled bet ($1) returned to krypton1512
krypton1512 collected $2.50 from pot
*** SUMMARY ***
Total pot $2.50 | Rake $0 
Seat 1: nastja336 (button) folded before Flop (didn't bet)
Seat 2: Joker007r (small blind) folded before Flop
Seat 3: v.sting (big blind) folded before Flop
Seat 4: easy_sarcasm folded before Flop (didn't bet)
Seat 5: krypton1512 collected ($2.50)
Seat 6: whlzor folded before Flop (didn't bet)



PokerStars Hand #254295017268:  Hold'em No Limit ($0.50/$1.00 USD) - 2025/01/10 14:24:59 WET [2025/01/10 9:24:59 ET]
Table 'Cremona III' 6-max Seat #2 is the button
Seat 1: nastja336 ($100 in chips) 
Seat 2: Joker007r ($115.12 in chips) 
Seat 3: v.sting ($100 in chips) 
Seat 4: easy_sarcasm ($100 in chips) 
Seat 5: krypton1512 ($101.20 in chips) 
Seat 6: whlzor ($117.95 in chips) 
v.sting: posts small blind $0.50
easy_sarcasm: posts big blind $1
*** HOLE CARDS ***
krypton1512: folds 
whlzor: folds 
nastja336: folds 
Joker007r: folds 
v.sting: raises $2 to $3
easy_sarcasm: folds 
Uncalled bet ($2) returned to v.sting
v.sting collected $2 from pot
v.sting: doesn't show hand 
*** SUMMARY ***
Total pot $2 | Rake $0 
Seat 1: nastja336 folded before Flop (didn't bet)
Seat 2: Joker007r (button) folded before Flop (didn't bet)
Seat 3: v.sting (small blind) collected ($2)
Seat 4: easy_sarcasm (big blind) folded before Flop
Seat 5: krypton1512 folded before Flop (didn't bet)
Seat 6: whlzor folded before Flop (didn't bet)



PokerStars Hand #254295020189:  Hold'em No Limit ($0.50/$1.00 USD) - 2025/01/10 14:25:15 WET [2025/01/10 9:25:15 ET]
Table 'Cremona III' 6-max Seat #3 is the button
Seat 1: nastja336 ($100 in chips) 
Seat 2: Joker007r ($115.12 in chips) 
Seat 3: v.sting ($101 in chips) 
Seat 4: easy_sarcasm ($100 in chips) 
Seat 5: krypton1512 ($101.20 in chips) 
Seat 6: whlzor ($117.95 in chips) 
easy_sarcasm: posts small blind $0.50
krypton1512: posts big blind $1
*** HOLE CARDS ***
whlzor: folds 
nastja336: folds 
Joker007r: folds 
v.sting: folds 
easy_sarcasm: folds 
Uncalled bet ($0.50) returned to krypton1512
krypton1512 collected $1 from pot
*** SUMMARY ***
Total pot $1 | Rake $0 
Seat 1: nastja336 folded before Flop (didn't bet)
Seat 2: Joker007r folded before Flop (didn't bet)
Seat 3: v.sting (button) folded before Flop (didn't bet)
Seat 4: easy_sarcasm (small blind) folded before Flop
Seat 5: krypton1512 (big blind) collected ($1)
Seat 6: whlzor folded before Flop (didn't bet)



PokerStars Hand #254295022196:  Hold'em No Limit ($0.50/$1.00 USD) - 2025/01/10 14:25:26 WET [2025/01/10 9:25:26 ET]
Table 'Cremona III' 6-max Seat #4 is the button
Seat 1: nastja336 ($100 in chips) 
Seat 2: Joker007r ($115.12 in chips) 
Seat 3: v.sting ($101 in chips) 
Seat 4: easy_sarcasm ($100 in chips) 
Seat 5: krypton1512 ($101.70 in chips) 
Seat 6: whlzor ($117.95 in chips) 
krypton1512: posts small blind $0.50
whlzor: posts big blind $1
*** HOLE CARDS ***
nastja336: folds 
Joker007r: folds 
v.sting: folds 
easy_sarcasm: folds 
krypton1512: raises $1 to $2
whlzor: folds 
Uncalled bet ($1) returned to krypton1512
krypton1512 collected $2 from pot
*** SUMMARY ***
Total pot $2 | Rake $0 
Seat 1: nastja336 folded before Flop (didn't bet)
Seat 2: Joker007r folded before Flop (didn't bet)
Seat 3: v.sting folded before Flop (didn't bet)
Seat 4: easy_sarcasm (button) folded before Flop (didn't bet)
Seat 5: krypton1512 (small blind) collected ($2)
Seat 6: whlzor (big blind) folded before Flop



PokerStars Hand #254295024850:  Hold'em No Limit ($0.50/$1.00 USD) - 2025/01/10 14:25:40 WET [2025/01/10 9:25:40 ET]
Table 'Cremona III' 6-max Seat #5 is the button
Seat 1: nastja336 ($100 in chips) 
Seat 2: Joker007r ($115.12 in chips) 
Seat 3: v.sting ($101 in chips) 
Seat 4: easy_sarcasm ($100 in chips) 
Seat 5: krypton1512 ($102.70 in chips) 
Seat 6: whlzor ($116.95 in chips) 
whlzor: posts small blind $0.50
nastja336: posts big blind $1
*** HOLE CARDS ***
Joker007r: folds 
v.sting: folds 
easy_sarcasm: folds 
krypton1512: folds 
whlzor: raises $2 to $3
krypton1512 leaves the table
nastja336: folds 
Uncalled bet ($2) returned to whlzor
whlzor collected $2 from pot
whlzor: doesn't show hand 
*** SUMMARY ***
Total pot $2 | Rake $0 
Seat 1: nastja336 (big blind) folded before Flop
Seat 2: Joker007r folded before Flop (didn't bet)
Seat 3: v.sting folded before Flop (didn't bet)
Seat 4: easy_sarcasm folded before Flop (didn't bet)
Seat 5: krypton1512 (button) folded before Flop (didn't bet)
Seat 6: whlzor (small blind) collected ($2)



PokerStars Hand #254295027592:  Hold'em No Limit ($0.50/$1.00 USD) - 2025/01/10 14:25:55 WET [2025/01/10 9:25:55 ET]
Table 'Cremona III' 6-max Seat #6 is the button
Seat 1: nastja336 ($100 in chips) 
Seat 2: Joker007r ($115.12 in chips) 
Seat 3: v.sting ($101 in chips) 
Seat 4: easy_sarcasm ($100 in chips) 
Seat 6: whlzor ($117.95 in chips) 
nastja336: posts small blind $0.50
Joker007r: posts big blind $1
*** HOLE CARDS ***
v.sting: folds 
easy_sarcasm: raises $2 to $3
whlzor: folds 
oneduo joins the table at seat #5 
nastja336: folds 
Joker007r: folds 
Uncalled bet ($2) returned to easy_sarcasm
easy_sarcasm collected $2.50 from pot
*** SUMMARY ***
Total pot $2.50 | Rake $0 
Seat 1: nastja336 (small blind) folded before Flop
Seat 2: Joker007r (big blind) folded before Flop
Seat 3: v.sting folded before Flop (didn't bet)
Seat 4: easy_sarcasm collected ($2.50)
Seat 6: whlzor (button) folded before Flop (didn't bet)



