PokerStars Hand #254306426962:  Hold'em No Limit ($0.50/$1.00 USD) - 2025/01/10 2:06:36 WET [2025/01/10 21:06:36 ET]
Table 'Rusthawelia II' 6-max Seat #5 is the button
Seat 3: RT RT960 ($63.27 in chips) 
Seat 5: Unipoker11 ($101.50 in chips) 
Unipoker11: posts small blind $0.50
RT RT960: posts big blind $1
*** HOLE CARDS ***
Unipoker11: folds 
Uncalled bet ($0.50) returned to RT RT960
RT RT960 collected $1 from pot
RT RT960: doesn't show hand 
*** SUMMARY ***
Total pot $1 | Rake $0 
Seat 3: RT RT960 (big blind) collected ($1)
Seat 5: Unipoker11 (button) (small blind) folded before Flop



PokerStars Hand #254306202148:  Hold'em No Limit ($0.50/$1.00 USD) - 2025/01/10 1:46:12 WET [2025/01/10 20:46:12 ET]
Table 'Rusthawelia II' 6-max Seat #4 is the button
Seat 1: jeilsons ($100 in chips) is sitting out
Seat 4: m0nTTu ($10 in chips) 
Seat 6: XneferX ($100 in chips) 
m0nTTu: posts small blind $0.50
XneferX: posts big blind $1
*** HOLE CARDS ***
m0nTTu: folds 
Uncalled bet ($0.50) returned to XneferX
XneferX collected $1 from pot
XneferX: doesn't show hand 
*** SUMMARY ***
Total pot $1 | Rake $0 
Seat 1: jeilsons
Seat 4: m0nTTu (button) (small blind) folded before Flop
Seat 6: XneferX (big blind) collected ($1)



PokerStars Hand #254306245913:  Hold'em No Limit ($0.50/$1.00 USD) - 2025/01/10 1:49:53 WET [2025/01/10 20:49:53 ET]
Table 'Rusthawelia II' 6-max Seat #1 is the button
Seat 1: jeilsons ($100 in chips) 
Seat 2: BrandonKelly99 ($24.41 in chips) 
Seat 3: An1an1 ($100 in chips) 
BrandonKelly99: posts small blind $0.50
An1an1: posts big blind $1
*** HOLE CARDS ***
jeilsons: raises $1.50 to $2.50
BrandonKelly99: folds 
Tibibacsi joins the table at seat #5 
An1an1: folds 
Uncalled bet ($1.50) returned to jeilsons
jeilsons collected $2.50 from pot
jeilsons: doesn't show hand 
4ihKZ joins the table at seat #6 
*** SUMMARY ***
Total pot $2.50 | Rake $0 
Seat 1: jeilsons (button) collected ($2.50)
Seat 2: BrandonKelly99 (small blind) folded before Flop
Seat 3: An1an1 (big blind) folded before Flop



PokerStars Hand #254306247886:  Hold'em No Limit ($0.50/$1.00 USD) - 2025/01/10 1:50:03 WET [2025/01/10 20:50:03 ET]
Table 'Rusthawelia II' 6-max Seat #2 is the button
Seat 6: 4ihKZ ($100 in chips) is sitting out
Seat 1: jeilsons ($101.50 in chips) 
Seat 2: BrandonKelly99 ($23.91 in chips) 
Seat 3: An1an1 ($100 in chips) 
Seat 5: Tibibacsi ($100 in chips) 
An1an1: posts small blind $0.50
Tibibacsi: posts big blind $1
4ihKZ: sits out 
*** HOLE CARDS ***
equilibrium_tv joins the table at seat #4 
jeilsons: raises $1.30 to $2.30
BrandonKelly99: folds 
An1an1: raises $10.20 to $12.50
Tibibacsi: folds 
jeilsons: calls $10.20
*** FLOP *** [8c Td 3c]
An1an1: checks 
jeilsons: bets $6.50
An1an1: raises $15.20 to $21.70
jeilsons: calls $15.20
*** TURN *** [8c Td 3c] [Jh]
An1an1: bets $65.80 and is all-in
jeilsons: folds 
Uncalled bet ($65.80) returned to An1an1
An1an1 collected $68.40 from pot
An1an1: doesn't show hand 
*** SUMMARY ***
Total pot $69.40 | Rake $1 
Board [8c Td 3c Jh]
Seat 6: 4ihKZ
Seat 1: jeilsons folded on the Turn
Seat 2: BrandonKelly99 (button) folded before Flop (didn't bet)
Seat 3: An1an1 (small blind) collected ($68.40)
Seat 5: Tibibacsi (big blind) folded before Flop



PokerStars Hand #254306259859:  Hold'em No Limit ($0.50/$1.00 USD) - 2025/01/10 1:51:03 WET [2025/01/10 20:51:03 ET]
Table 'Rusthawelia II' 6-max Seat #3 is the button
Seat 4: equilibrium_tv ($10 in chips) is sitting out
Seat 1: jeilsons ($100 in chips) 
Seat 2: BrandonKelly99 ($23.91 in chips) 
Seat 3: An1an1 ($134.20 in chips) 
Seat 5: Tibibacsi ($100 in chips) 
Seat 6: 4ihKZ ($100 in chips) 
Tibibacsi: posts small blind $0.50
4ihKZ: posts big blind $1
*** HOLE CARDS ***
jeilsons: raises $1 to $2
BrandonKelly99: calls $2
An1an1: folds 
Tibibacsi: folds 
4ihKZ: folds 
*** FLOP *** [7s 7d 7c]
jeilsons: checks 
BrandonKelly99: bets $1
jeilsons: raises $3.61 to $4.61
BrandonKelly99: calls $3.61
*** TURN *** [7s 7d 7c] [Kh]
jeilsons: checks 
BrandonKelly99: bets $6.99
jeilsons: calls $6.99
*** RIVER *** [7s 7d 7c Kh] [5h]
jeilsons: checks 
BrandonKelly99: bets $10.31 and is all-in
jeilsons: calls $10.31
*** SHOW DOWN ***
BrandonKelly99: shows [Kc 8s] (a full house, Sevens full of Kings)
jeilsons: shows [Jh Jc] (a full house, Sevens full of Jacks)
BrandonKelly99 collected $46.85 from pot
*** SUMMARY ***
Total pot $49.32 | Rake $2.47 
Board [7s 7d 7c Kh 5h]
Seat 4: equilibrium_tv
Seat 1: jeilsons showed [Jh Jc] and lost with a full house, Sevens full of Jacks
Seat 2: BrandonKelly99 showed [Kc 8s] and won ($46.85) with a full house, Sevens full of Kings
Seat 3: An1an1 (button) folded before Flop (didn't bet)
Seat 5: Tibibacsi (small blind) folded before Flop
Seat 6: 4ihKZ (big blind) folded before Flop



PokerStars Hand #254306273382:  Hold'em No Limit ($0.50/$1.00 USD) - 2025/01/10 1:52:12 WET [2025/01/10 20:52:12 ET]
Table 'Rusthawelia II' 6-max Seat #5 is the button
Seat 4: equilibrium_tv ($10 in chips) is sitting out
Seat 1: jeilsons ($100 in chips) 
Seat 2: BrandonKelly99 ($46.85 in chips) 
Seat 3: An1an1 ($134.20 in chips) 
Seat 5: Tibibacsi ($100 in chips) 
Seat 6: 4ihKZ ($100 in chips) 
4ihKZ: posts small blind $0.50
jeilsons: posts big blind $1
equilibrium_tv: sits out 
*** HOLE CARDS ***
BrandonKelly99: folds 
An1an1: raises $1 to $2
Tibibacsi: folds 
4ihKZ: folds 
jeilsons: calls $1
*** FLOP *** [7c 5s Jd]
jeilsons: checks 
An1an1: checks 
*** TURN *** [7c 5s Jd] [4d]
jeilsons: bets $2.14
An1an1: raises $6.42 to $8.56
jeilsons: folds 
Uncalled bet ($6.42) returned to An1an1
An1an1 collected $8.34 from pot
An1an1: doesn't show hand 
*** SUMMARY ***
Total pot $8.78 | Rake $0.44 
Board [7c 5s Jd 4d]
Seat 4: equilibrium_tv
Seat 1: jeilsons (big blind) folded on the Turn
Seat 2: BrandonKelly99 folded before Flop (didn't bet)
Seat 3: An1an1 collected ($8.34)
Seat 5: Tibibacsi (button) folded before Flop (didn't bet)
Seat 6: 4ihKZ (small blind) folded before Flop



PokerStars Hand #254306285662:  Hold'em No Limit ($0.50/$1.00 USD) - 2025/01/10 1:53:15 WET [2025/01/10 20:53:15 ET]
Table 'Rusthawelia II' 6-max Seat #6 is the button
Seat 4: equilibrium_tv ($10 in chips) is sitting out
Seat 1: jeilsons ($100 in chips) 
Seat 2: BrandonKelly99 ($46.85 in chips) 
Seat 3: An1an1 ($138.40 in chips) 
Seat 5: Tibibacsi ($100 in chips) 
Seat 6: 4ihKZ ($100 in chips) 
jeilsons: posts small blind $0.50
BrandonKelly99: posts big blind $1
equilibrium_tv: sits out 
*** HOLE CARDS ***
An1an1: folds 
Tibibacsi: raises $1.50 to $2.50
4ihKZ: folds 
jeilsons: folds 
BrandonKelly99: calls $1.50
*** FLOP *** [9d Kd 2d]
BrandonKelly99: checks 
Tibibacsi: bets $1.31
BrandonKelly99: raises $7.84 to $9.15
Tibibacsi: folds 
Uncalled bet ($7.84) returned to BrandonKelly99
BrandonKelly99 collected $7.71 from pot
*** SUMMARY ***
Total pot $8.12 | Rake $0.41 
Board [9d Kd 2d]
Seat 4: equilibrium_tv
Seat 1: jeilsons (small blind) folded before Flop
Seat 2: BrandonKelly99 (big blind) collected ($7.71)
Seat 3: An1an1 folded before Flop (didn't bet)
Seat 5: Tibibacsi folded on the Flop
Seat 6: 4ihKZ (button) folded before Flop (didn't bet)



PokerStars Hand #254306294903:  Hold'em No Limit ($0.50/$1.00 USD) - 2025/01/10 1:54:01 WET [2025/01/10 20:54:01 ET]
Table 'Rusthawelia II' 6-max Seat #1 is the button
Seat 4: equilibrium_tv ($10 in chips) is sitting out
Seat 1: jeilsons ($100 in chips) 
Seat 2: BrandonKelly99 ($50.75 in chips) 
Seat 3: An1an1 ($138.40 in chips) 
Seat 5: Tibibacsi ($100 in chips) 
Seat 6: 4ihKZ ($100 in chips) 
BrandonKelly99: posts small blind $0.50
An1an1: posts big blind $1
equilibrium_tv: sits out 
*** HOLE CARDS ***
Tibibacsi: folds 
4ihKZ: folds 
jeilsons: folds 
BrandonKelly99: folds 
Uncalled bet ($0.50) returned to An1an1
An1an1 collected $1 from pot
An1an1: doesn't show hand 
*** SUMMARY ***
Total pot $1 | Rake $0 
Seat 4: equilibrium_tv
Seat 1: jeilsons (button) folded before Flop (didn't bet)
Seat 2: BrandonKelly99 (small blind) folded before Flop
Seat 3: An1an1 (big blind) collected ($1)
Seat 5: Tibibacsi folded before Flop (didn't bet)
Seat 6: 4ihKZ folded before Flop (didn't bet)



PokerStars Hand #254306297991:  Hold'em No Limit ($0.50/$1.00 USD) - 2025/01/10 1:54:17 WET [2025/01/10 20:54:17 ET]
Table 'Rusthawelia II' 6-max Seat #2 is the button
Seat 1: jeilsons ($100 in chips) 
Seat 2: BrandonKelly99 ($50.25 in chips) 
Seat 3: An1an1 ($138.90 in chips) 
Seat 4: equilibrium_tv ($10 in chips) 
Seat 5: Tibibacsi ($100 in chips) 
Seat 6: 4ihKZ ($100 in chips) 
An1an1: posts small blind $0.50
equilibrium_tv: posts big blind $1
*** HOLE CARDS ***
Tibibacsi: folds 
4ihKZ: folds 
jeilsons: folds 
BrandonKelly99: calls $1
An1an1: folds 
equilibrium_tv: checks 
*** FLOP *** [4h Ac Jh]
equilibrium_tv: checks 
BrandonKelly99: checks 
*** TURN *** [4h Ac Jh] [8s]
equilibrium_tv: bets $1
BrandonKelly99: calls $1
*** RIVER *** [4h Ac Jh 8s] [5h]
equilibrium_tv: bets $8 and is all-in
BrandonKelly99: calls $8
*** SHOW DOWN ***
equilibrium_tv: shows [2h 6h] (a flush, Jack high)
BrandonKelly99: shows [Js 2s] (a pair of Jacks)
equilibrium_tv collected $19.48 from pot
*** SUMMARY ***
Total pot $20.50 | Rake $1.02 
Board [4h Ac Jh 8s 5h]
Seat 1: jeilsons folded before Flop (didn't bet)
Seat 2: BrandonKelly99 (button) showed [Js 2s] and lost with a pair of Jacks
Seat 3: An1an1 (small blind) folded before Flop
Seat 4: equilibrium_tv (big blind) showed [2h 6h] and won ($19.48) with a flush, Jack high
Seat 5: Tibibacsi folded before Flop (didn't bet)
Seat 6: 4ihKZ folded before Flop (didn't bet)



PokerStars Hand #254306305702:  Hold'em No Limit ($0.50/$1.00 USD) - 2025/01/10 1:54:57 WET [2025/01/10 20:54:57 ET]
Table 'Rusthawelia II' 6-max Seat #3 is the button
Seat 1: jeilsons ($100 in chips) 
Seat 2: BrandonKelly99 ($40.25 in chips) 
Seat 3: An1an1 ($138.40 in chips) 
Seat 4: equilibrium_tv ($59.48 in chips) 
Seat 5: Tibibacsi ($100 in chips) 
Seat 6: 4ihKZ ($100 in chips) 
equilibrium_tv: posts small blind $0.50
Tibibacsi: posts big blind $1
*** HOLE CARDS ***
4ihKZ: folds 
jeilsons: folds 
BrandonKelly99: folds 
An1an1: folds 
equilibrium_tv: raises $2 to $3
Tibibacsi: calls $2
*** FLOP *** [8d Td 8c]
equilibrium_tv: checks 
Tibibacsi: checks 
*** TURN *** [8d Td 8c] [Ad]
equilibrium_tv: bets $2.85
Tibibacsi: folds 
Uncalled bet ($2.85) returned to equilibrium_tv
equilibrium_tv collected $5.70 from pot
*** SUMMARY ***
Total pot $6 | Rake $0.30 
Board [8d Td 8c Ad]
Seat 1: jeilsons folded before Flop (didn't bet)
Seat 2: BrandonKelly99 folded before Flop (didn't bet)
Seat 3: An1an1 (button) folded before Flop (didn't bet)
Seat 4: equilibrium_tv (small blind) collected ($5.70)
Seat 5: Tibibacsi (big blind) folded on the Turn
Seat 6: 4ihKZ folded before Flop (didn't bet)



PokerStars Hand #254306315097:  Hold'em No Limit ($0.50/$1.00 USD) - 2025/01/10 1:55:57 WET [2025/01/10 20:55:57 ET]
Table 'Rusthawelia II' 6-max Seat #4 is the button
Seat 1: jeilsons ($100 in chips) 
Seat 2: BrandonKelly99 ($40.25 in chips) 
Seat 3: An1an1 ($138.40 in chips) 
Seat 4: equilibrium_tv ($62.18 in chips) 
Seat 5: Tibibacsi ($100 in chips) 
Seat 6: 4ihKZ ($100 in chips) 
Tibibacsi: posts small blind $0.50
4ihKZ: posts big blind $1
*** HOLE CARDS ***
jeilsons: folds 
BrandonKelly99: folds 
An1an1: folds 
equilibrium_tv: folds 
Tibibacsi: folds 
Uncalled bet ($0.50) returned to 4ihKZ
4ihKZ collected $1 from pot
4ihKZ: doesn't show hand 
*** SUMMARY ***
Total pot $1 | Rake $0 
Seat 1: jeilsons folded before Flop (didn't bet)
Seat 2: BrandonKelly99 folded before Flop (didn't bet)
Seat 3: An1an1 folded before Flop (didn't bet)
Seat 4: equilibrium_tv (button) folded before Flop (didn't bet)
Seat 5: Tibibacsi (small blind) folded before Flop
Seat 6: 4ihKZ (big blind) collected ($1)



PokerStars Hand #254306318292:  Hold'em No Limit ($0.50/$1.00 USD) - 2025/01/10 1:56:17 WET [2025/01/10 20:56:17 ET]
Table 'Rusthawelia II' 6-max Seat #5 is the button
Seat 1: jeilsons ($100 in chips) 
Seat 2: BrandonKelly99 ($40.25 in chips) 
Seat 3: An1an1 ($138.40 in chips) 
Seat 4: equilibrium_tv ($62.18 in chips) 
Seat 5: Tibibacsi ($100 in chips) 
Seat 6: 4ihKZ ($100.50 in chips) 
4ihKZ: posts small blind $0.50
jeilsons: posts big blind $1
*** HOLE CARDS ***
BrandonKelly99: calls $1
An1an1: raises $3 to $4
equilibrium_tv: folds 
Tibibacsi: folds 
4ihKZ: folds 
jeilsons: folds 
BrandonKelly99: raises $3 to $7
An1an1: calls $3
*** FLOP *** [Ts 9h Qh]
BrandonKelly99: bets $7.36
An1an1: calls $7.36
*** TURN *** [Ts 9h Qh] [Ad]
BrandonKelly99: bets $25.89 and is all-in
An1an1: folds 
Uncalled bet ($25.89) returned to BrandonKelly99
BrandonKelly99 collected $28.71 from pot
*** SUMMARY ***
Total pot $30.22 | Rake $1.51 
Board [Ts 9h Qh Ad]
Seat 1: jeilsons (big blind) folded before Flop
Seat 2: BrandonKelly99 collected ($28.71)
Seat 3: An1an1 folded on the Turn
Seat 4: equilibrium_tv folded before Flop (didn't bet)
Seat 5: Tibibacsi (button) folded before Flop (didn't bet)
Seat 6: 4ihKZ (small blind) folded before Flop



PokerStars Hand #254306326282:  Hold'em No Limit ($0.50/$1.00 USD) - 2025/01/10 1:57:09 WET [2025/01/10 20:57:09 ET]
Table 'Rusthawelia II' 6-max Seat #6 is the button
Seat 1: jeilsons ($100 in chips) 
Seat 2: BrandonKelly99 ($54.60 in chips) 
Seat 3: An1an1 ($124.04 in chips) 
Seat 4: equilibrium_tv ($62.18 in chips) 
Seat 5: Tibibacsi ($100 in chips) 
Seat 6: 4ihKZ ($100 in chips) 
jeilsons: posts small blind $0.50
BrandonKelly99: posts big blind $1
*** HOLE CARDS ***
An1an1: calls $1
equilibrium_tv: folds 
Tibibacsi: folds 
4ihKZ: calls $1
jeilsons: raises $4 to $5
BrandonKelly99: folds 
An1an1: raises $12.50 to $17.50
4ihKZ: folds 
jeilsons: folds 
Uncalled bet ($12.50) returned to An1an1
An1an1 collected $12 from pot
An1an1: doesn't show hand 
*** SUMMARY ***
Total pot $12 | Rake $0 
Seat 1: jeilsons (small blind) folded before Flop
Seat 2: BrandonKelly99 (big blind) folded before Flop
Seat 3: An1an1 collected ($12)
Seat 4: equilibrium_tv folded before Flop (didn't bet)
Seat 5: Tibibacsi folded before Flop (didn't bet)
Seat 6: 4ihKZ (button) folded before Flop



PokerStars Hand #254306333133:  Hold'em No Limit ($0.50/$1.00 USD) - 2025/01/10 1:57:53 WET [2025/01/10 20:57:53 ET]
Table 'Rusthawelia II' 6-max Seat #1 is the button
Seat 1: jeilsons ($100 in chips) 
Seat 2: BrandonKelly99 ($53.60 in chips) 
Seat 3: An1an1 ($131.04 in chips) 
Seat 4: equilibrium_tv ($62.18 in chips) 
Seat 5: Tibibacsi ($100 in chips) 
Seat 6: 4ihKZ ($100 in chips) 
BrandonKelly99: posts small blind $0.50
An1an1: posts big blind $1
*** HOLE CARDS ***
equilibrium_tv: folds 
Tibibacsi: folds 
4ihKZ: folds 
jeilsons: raises $1.50 to $2.50
BrandonKelly99: folds 
An1an1: calls $1.50
*** FLOP *** [9c Ad 7s]
An1an1: checks 
BrandonKelly99 leaves the table
jeilsons: checks 
*** TURN *** [9c Ad 7s] [8s]
An1an1: bets $3.48
jeilsons: raises $12.18 to $15.66
equilibrium_tv leaves the table
An1an1: folds 
Uncalled bet ($12.18) returned to jeilsons
jeilsons collected $11.84 from pot
jeilsons: doesn't show hand 
*** SUMMARY ***
Total pot $12.46 | Rake $0.62 
Board [9c Ad 7s 8s]
Seat 1: jeilsons (button) collected ($11.84)
Seat 2: BrandonKelly99 (small blind) folded before Flop
Seat 3: An1an1 (big blind) folded on the Turn
Seat 4: equilibrium_tv folded before Flop (didn't bet)
Seat 5: Tibibacsi folded before Flop (didn't bet)
Seat 6: 4ihKZ folded before Flop (didn't bet)



