PokerStars Hand #254294057131:  Hold'em No Limit ($0.50/$1.00 USD) - 2025/01/10 12:49:26 WET [2025/01/10 7:49:26 ET]
Table 'Gacrux II' 6-max Seat #5 is the button
Seat 1: blistein ($106.96 in chips) 
Seat 2: yzuk ($100 in chips) 
Seat 3: Evelexy1 ($100 in chips) 
Seat 4: chinokevin13 ($100 in chips) 
Seat 5: Farouk1393 ($112.25 in chips) 
Seat 6: easy_sarcasm ($100 in chips) 
easy_sarcasm: posts small blind $0.50
blistein: posts big blind $1
*** HOLE CARDS ***
yzuk: folds 
Evelexy1: folds 
chinokevin13: folds 
Farouk1393: calls $1
easy_sarcasm: calls $0.50
blistein: checks 
*** FLOP *** [3c 6h Jc]
easy_sarcasm: checks 
blistein: checks 
Farouk1393 is disconnected 
Farouk1393 has timed out while disconnected
Farouk1393: checks 
*** TURN *** [3c 6h Jc] [Ah]
easy_sarcasm: checks 
blistein: checks 
Farouk1393 is connected 
Farouk1393: bets $1
easy_sarcasm: calls $1
blistein: folds 
*** RIVER *** [3c 6h Jc Ah] [Ts]
easy_sarcasm: checks 
Farouk1393: checks 
*** SHOW DOWN ***
easy_sarcasm: shows [4h 2h] (high card Ace)
Farouk1393: shows [Js Ks] (a pair of Jacks)
Farouk1393 collected $4.75 from pot
*** SUMMARY ***
Total pot $5 | Rake $0.25 
Board [3c 6h Jc Ah Ts]
Seat 1: blistein (big blind) folded on the Turn
Seat 2: yzuk folded before Flop (didn't bet)
Seat 3: Evelexy1 folded before Flop (didn't bet)
Seat 4: chinokevin13 folded before Flop (didn't bet)
Seat 5: Farouk1393 (button) showed [Js Ks] and won ($4.75) with a pair of Jacks
Seat 6: easy_sarcasm (small blind) showed [4h 2h] and lost with high card Ace



PokerStars Hand #254294065534:  Hold'em No Limit ($0.50/$1.00 USD) - 2025/01/10 12:50:19 WET [2025/01/10 7:50:19 ET]
Table 'Gacrux II' 6-max Seat #6 is the button
Seat 1: blistein ($105.96 in chips) 
Seat 2: yzuk ($100 in chips) 
Seat 3: Evelexy1 ($100 in chips) 
Seat 4: chinokevin13 ($100 in chips) 
Seat 5: Farouk1393 ($115 in chips) 
Seat 6: easy_sarcasm ($100 in chips) 
blistein: posts small blind $0.50
yzuk: posts big blind $1
*** HOLE CARDS ***
Evelexy1: folds 
chinokevin13: raises $1.20 to $2.20
Farouk1393: calls $2.20
easy_sarcasm: folds 
blistein: folds 
yzuk: calls $1.20
*** FLOP *** [2h 6h Jh]
yzuk: checks 
chinokevin13: checks 
Farouk1393: bets $3.37
yzuk: folds 
chinokevin13: calls $3.37
*** TURN *** [2h 6h Jh] [3c]
chinokevin13: checks 
Farouk1393: bets $4.58
chinokevin13: calls $4.58
*** RIVER *** [2h 6h Jh 3c] [8h]
chinokevin13: bets $19
Farouk1393: folds 
Uncalled bet ($19) returned to chinokevin13
chinokevin13 collected $21.85 from pot
chinokevin13: doesn't show hand 
*** SUMMARY ***
Total pot $23 | Rake $1.15 
Board [2h 6h Jh 3c 8h]
Seat 1: blistein (small blind) folded before Flop
Seat 2: yzuk (big blind) folded on the Flop
Seat 3: Evelexy1 folded before Flop (didn't bet)
Seat 4: chinokevin13 collected ($21.85)
Seat 5: Farouk1393 folded on the River
Seat 6: easy_sarcasm (button) folded before Flop (didn't bet)



PokerStars Hand #254294084915:  Hold'em No Limit ($0.50/$1.00 USD) - 2025/01/10 12:52:23 WET [2025/01/10 7:52:23 ET]
Table 'Gacrux II' 6-max Seat #1 is the button
Seat 1: blistein ($105.46 in chips) 
Seat 2: yzuk ($100 in chips) 
Seat 3: Evelexy1 ($100 in chips) 
Seat 4: chinokevin13 ($111.70 in chips) 
Seat 5: Farouk1393 ($104.85 in chips) 
Seat 6: easy_sarcasm ($100 in chips) 
yzuk: posts small blind $0.50
Evelexy1: posts big blind $1
*** HOLE CARDS ***
chinokevin13: folds 
Farouk1393: calls $1
easy_sarcasm: folds 
blistein: folds 
yzuk: raises $3 to $4
Evelexy1: folds 
Farouk1393: raises $9 to $13
yzuk: folds 
Uncalled bet ($9) returned to Farouk1393
Farouk1393 collected $9 from pot
*** SUMMARY ***
Total pot $9 | Rake $0 
Seat 1: blistein (button) folded before Flop (didn't bet)
Seat 2: yzuk (small blind) folded before Flop
Seat 3: Evelexy1 (big blind) folded before Flop
Seat 4: chinokevin13 folded before Flop (didn't bet)
Seat 5: Farouk1393 collected ($9)
Seat 6: easy_sarcasm folded before Flop (didn't bet)



PokerStars Hand #254294089221:  Hold'em No Limit ($0.50/$1.00 USD) - 2025/01/10 12:52:51 WET [2025/01/10 7:52:51 ET]
Table 'Gacrux II' 6-max Seat #2 is the button
Seat 1: blistein ($105.46 in chips) 
Seat 2: yzuk ($100 in chips) 
Seat 3: Evelexy1 ($100 in chips) 
Seat 4: chinokevin13 ($111.70 in chips) 
Seat 5: Farouk1393 ($109.85 in chips) 
Seat 6: easy_sarcasm ($100 in chips) 
Evelexy1: posts small blind $0.50
chinokevin13: posts big blind $1
*** HOLE CARDS ***
Farouk1393: calls $1
easy_sarcasm: raises $3.50 to $4.50
blistein: folds 
yzuk: folds 
Evelexy1: folds 
chinokevin13: folds 
Farouk1393: calls $3.50
*** FLOP *** [2s 9d Qs]
Farouk1393: checks 
easy_sarcasm: bets $4.50
Farouk1393: folds 
Uncalled bet ($4.50) returned to easy_sarcasm
easy_sarcasm collected $9.98 from pot
*** SUMMARY ***
Total pot $10.50 | Rake $0.52 
Board [2s 9d Qs]
Seat 1: blistein folded before Flop (didn't bet)
Seat 2: yzuk (button) folded before Flop (didn't bet)
Seat 3: Evelexy1 (small blind) folded before Flop
Seat 4: chinokevin13 (big blind) folded before Flop
Seat 5: Farouk1393 folded on the Flop
Seat 6: easy_sarcasm collected ($9.98)



PokerStars Hand #254294094134:  Hold'em No Limit ($0.50/$1.00 USD) - 2025/01/10 12:53:22 WET [2025/01/10 7:53:22 ET]
Table 'Gacrux II' 6-max Seat #3 is the button
Seat 1: blistein ($105.46 in chips) 
Seat 2: yzuk ($100 in chips) 
Seat 3: Evelexy1 ($100 in chips) 
Seat 4: chinokevin13 ($110.70 in chips) 
Seat 5: Farouk1393 ($105.35 in chips) 
Seat 6: easy_sarcasm ($105.48 in chips) 
chinokevin13: posts small blind $0.50
Farouk1393: posts big blind $1
*** HOLE CARDS ***
easy_sarcasm: raises $2 to $3
blistein: folds 
yzuk: folds 
Evelexy1: folds 
chinokevin13: folds 
Farouk1393: raises $11.50 to $14.50
easy_sarcasm: calls $11.50
*** FLOP *** [4h 5s Tc]
Farouk1393: bets $90.85 and is all-in
easy_sarcasm: folds 
Uncalled bet ($90.85) returned to Farouk1393
Farouk1393 collected $28.02 from pot
*** SUMMARY ***
Total pot $29.50 | Rake $1.48 
Board [4h 5s Tc]
Seat 1: blistein folded before Flop (didn't bet)
Seat 2: yzuk folded before Flop (didn't bet)
Seat 3: Evelexy1 (button) folded before Flop (didn't bet)
Seat 4: chinokevin13 (small blind) folded before Flop
Seat 5: Farouk1393 (big blind) collected ($28.02)
Seat 6: easy_sarcasm folded on the Flop



PokerStars Hand #254294098631:  Hold'em No Limit ($0.50/$1.00 USD) - 2025/01/10 12:53:50 WET [2025/01/10 7:53:50 ET]
Table 'Gacrux II' 6-max Seat #4 is the button
Seat 1: blistein ($105.46 in chips) 
Seat 2: yzuk ($100 in chips) 
Seat 3: Evelexy1 ($100 in chips) 
Seat 4: chinokevin13 ($110.20 in chips) 
Seat 5: Farouk1393 ($118.87 in chips) 
Seat 6: easy_sarcasm ($100 in chips) 
Farouk1393: posts small blind $0.50
easy_sarcasm: posts big blind $1
*** HOLE CARDS ***
blistein: folds 
yzuk: folds 
Evelexy1: raises $2 to $3
chinokevin13: folds 
Farouk1393: calls $2.50
easy_sarcasm: folds 
*** FLOP *** [4c 9d Ad]
Farouk1393: checks 
Evelexy1: bets $2.22
Farouk1393: folds 
Uncalled bet ($2.22) returned to Evelexy1
Evelexy1 collected $6.65 from pot
Evelexy1: doesn't show hand 
*** SUMMARY ***
Total pot $7 | Rake $0.35 
Board [4c 9d Ad]
Seat 1: blistein folded before Flop (didn't bet)
Seat 2: yzuk folded before Flop (didn't bet)
Seat 3: Evelexy1 collected ($6.65)
Seat 4: chinokevin13 (button) folded before Flop (didn't bet)
Seat 5: Farouk1393 (small blind) folded on the Flop
Seat 6: easy_sarcasm (big blind) folded before Flop



PokerStars Hand #254294106813:  Hold'em No Limit ($0.50/$1.00 USD) - 2025/01/10 12:54:42 WET [2025/01/10 7:54:42 ET]
Table 'Gacrux II' 6-max Seat #5 is the button
Seat 1: blistein ($105.46 in chips) 
Seat 2: yzuk ($100 in chips) 
Seat 3: Evelexy1 ($103.65 in chips) 
Seat 4: chinokevin13 ($110.20 in chips) 
Seat 5: Farouk1393 ($115.87 in chips) 
Seat 6: easy_sarcasm ($100 in chips) 
easy_sarcasm: posts small blind $0.50
blistein: posts big blind $1
*** HOLE CARDS ***
yzuk: folds 
Evelexy1: folds 
chinokevin13: folds 
Farouk1393: calls $1
easy_sarcasm: folds 
blistein: checks 
*** FLOP *** [Ah 8d 6d]
blistein: checks 
Farouk1393 has timed out
Farouk1393: checks 
*** TURN *** [Ah 8d 6d] [Ac]
blistein: checks 
Farouk1393: checks 
*** RIVER *** [Ah 8d 6d Ac] [5d]
blistein: checks 
Farouk1393 has timed out
Farouk1393: checks 
*** SHOW DOWN ***
blistein: shows [6c Qc] (two pair, Aces and Sixes)
Farouk1393: mucks hand 
blistein collected $2.38 from pot
*** SUMMARY ***
Total pot $2.50 | Rake $0.12 
Board [Ah 8d 6d Ac 5d]
Seat 1: blistein (big blind) showed [6c Qc] and won ($2.38) with two pair, Aces and Sixes
Seat 2: yzuk folded before Flop (didn't bet)
Seat 3: Evelexy1 folded before Flop (didn't bet)
Seat 4: chinokevin13 folded before Flop (didn't bet)
Seat 5: Farouk1393 (button) mucked
Seat 6: easy_sarcasm (small blind) folded before Flop



PokerStars Hand #254294118218:  Hold'em No Limit ($0.50/$1.00 USD) - 2025/01/10 12:56:07 WET [2025/01/10 7:56:07 ET]
Table 'Gacrux II' 6-max Seat #6 is the button
Seat 1: blistein ($106.84 in chips) 
Seat 2: yzuk ($100 in chips) 
Seat 3: Evelexy1 ($103.65 in chips) 
Seat 4: chinokevin13 ($110.20 in chips) 
Seat 5: Farouk1393 ($114.87 in chips) 
Seat 6: easy_sarcasm ($100 in chips) 
blistein: posts small blind $0.50
yzuk: posts big blind $1
*** HOLE CARDS ***
Evelexy1: folds 
chinokevin13: folds 
Farouk1393: calls $1
easy_sarcasm: raises $3.50 to $4.50
blistein: folds 
yzuk: folds 
Farouk1393: raises $12.50 to $17
easy_sarcasm: folds 
Uncalled bet ($12.50) returned to Farouk1393
Farouk1393 collected $10.50 from pot
*** SUMMARY ***
Total pot $10.50 | Rake $0 
Seat 1: blistein (small blind) folded before Flop
Seat 2: yzuk (big blind) folded before Flop
Seat 3: Evelexy1 folded before Flop (didn't bet)
Seat 4: chinokevin13 folded before Flop (didn't bet)
Seat 5: Farouk1393 collected ($10.50)
Seat 6: easy_sarcasm (button) folded before Flop



PokerStars Hand #254294120773:  Hold'em No Limit ($0.50/$1.00 USD) - 2025/01/10 12:56:27 WET [2025/01/10 7:56:27 ET]
Table 'Gacrux II' 6-max Seat #1 is the button
Seat 1: blistein ($106.34 in chips) 
Seat 2: yzuk ($100 in chips) 
Seat 3: Evelexy1 ($103.65 in chips) 
Seat 4: chinokevin13 ($110.20 in chips) 
Seat 5: Farouk1393 ($120.87 in chips) 
Seat 6: easy_sarcasm ($100 in chips) 
yzuk: posts small blind $0.50
Evelexy1: posts big blind $1
*** HOLE CARDS ***
chinokevin13: folds 
Farouk1393: folds 
easy_sarcasm: folds 
blistein: folds 
yzuk: folds 
Uncalled bet ($0.50) returned to Evelexy1
Evelexy1 collected $1 from pot
Evelexy1: doesn't show hand 
*** SUMMARY ***
Total pot $1 | Rake $0 
Seat 1: blistein (button) folded before Flop (didn't bet)
Seat 2: yzuk (small blind) folded before Flop
Seat 3: Evelexy1 (big blind) collected ($1)
Seat 4: chinokevin13 folded before Flop (didn't bet)
Seat 5: Farouk1393 folded before Flop (didn't bet)
Seat 6: easy_sarcasm folded before Flop (didn't bet)



PokerStars Hand #254294122371:  Hold'em No Limit ($0.50/$1.00 USD) - 2025/01/10 12:56:40 WET [2025/01/10 7:56:40 ET]
Table 'Gacrux II' 6-max Seat #2 is the button
Seat 1: blistein ($106.34 in chips) 
Seat 2: yzuk ($100 in chips) 
Seat 3: Evelexy1 ($104.15 in chips) 
Seat 4: chinokevin13 ($110.20 in chips) 
Seat 5: Farouk1393 ($120.87 in chips) 
Seat 6: easy_sarcasm ($100 in chips) 
Evelexy1: posts small blind $0.50
chinokevin13: posts big blind $1
*** HOLE CARDS ***
Farouk1393: calls $1
easy_sarcasm: folds 
blistein: folds 
yzuk: folds 
Evelexy1: raises $3.50 to $4.50
chinokevin13: folds 
Farouk1393: calls $3.50
*** FLOP *** [As Qh 6h]
Evelexy1: bets $3.17
Farouk1393: folds 
Uncalled bet ($3.17) returned to Evelexy1
Evelexy1 collected $9.50 from pot
Evelexy1: doesn't show hand 
*** SUMMARY ***
Total pot $10 | Rake $0.50 
Board [As Qh 6h]
Seat 1: blistein folded before Flop (didn't bet)
Seat 2: yzuk (button) folded before Flop (didn't bet)
Seat 3: Evelexy1 (small blind) collected ($9.50)
Seat 4: chinokevin13 (big blind) folded before Flop
Seat 5: Farouk1393 folded on the Flop
Seat 6: easy_sarcasm folded before Flop (didn't bet)



PokerStars Hand #254294130026:  Hold'em No Limit ($0.50/$1.00 USD) - 2025/01/10 12:57:38 WET [2025/01/10 7:57:38 ET]
Table 'Gacrux II' 6-max Seat #3 is the button
Seat 1: blistein ($106.34 in chips) 
Seat 2: yzuk ($100 in chips) 
Seat 3: Evelexy1 ($109.15 in chips) 
Seat 4: chinokevin13 ($109.20 in chips) 
Seat 5: Farouk1393 ($116.37 in chips) 
Seat 6: easy_sarcasm ($100 in chips) 
chinokevin13: posts small blind $0.50
Farouk1393: posts big blind $1
*** HOLE CARDS ***
easy_sarcasm: folds 
blistein: folds 
yzuk: folds 
Evelexy1: raises $2 to $3
chinokevin13: raises $8 to $11
Farouk1393: folds 
Evelexy1: raises $14.50 to $25.50
chinokevin13: folds 
Uncalled bet ($14.50) returned to Evelexy1
Evelexy1 collected $23 from pot
Evelexy1: doesn't show hand 
*** SUMMARY ***
Total pot $23 | Rake $0 
Seat 1: blistein folded before Flop (didn't bet)
Seat 2: yzuk folded before Flop (didn't bet)
Seat 3: Evelexy1 (button) collected ($23)
Seat 4: chinokevin13 (small blind) folded before Flop
Seat 5: Farouk1393 (big blind) folded before Flop
Seat 6: easy_sarcasm folded before Flop (didn't bet)



PokerStars Hand #254294135581:  Hold'em No Limit ($0.50/$1.00 USD) - 2025/01/10 12:58:21 WET [2025/01/10 7:58:21 ET]
Table 'Gacrux II' 6-max Seat #4 is the button
Seat 1: blistein ($106.34 in chips) 
Seat 2: yzuk ($100 in chips) 
Seat 3: Evelexy1 ($121.15 in chips) 
Seat 4: chinokevin13 ($100 in chips) 
Seat 5: Farouk1393 ($115.37 in chips) 
Seat 6: easy_sarcasm ($100 in chips) 
Farouk1393: posts small blind $0.50
easy_sarcasm: posts big blind $1
*** HOLE CARDS ***
blistein: folds 
yzuk: folds 
Evelexy1: raises $1.50 to $2.50
chinokevin13: folds 
Farouk1393: calls $2
easy_sarcasm: folds 
*** FLOP *** [4s 4c 8h]
Farouk1393: checks 
Evelexy1: checks 
*** TURN *** [4s 4c 8h] [Ah]
Farouk1393: bets $2.85
Evelexy1: folds 
Uncalled bet ($2.85) returned to Farouk1393
Farouk1393 collected $5.70 from pot
*** SUMMARY ***
Total pot $6 | Rake $0.30 
Board [4s 4c 8h Ah]
Seat 1: blistein folded before Flop (didn't bet)
Seat 2: yzuk folded before Flop (didn't bet)
Seat 3: Evelexy1 folded on the Turn
Seat 4: chinokevin13 (button) folded before Flop (didn't bet)
Seat 5: Farouk1393 (small blind) collected ($5.70)
Seat 6: easy_sarcasm (big blind) folded before Flop



PokerStars Hand #254294138488:  Hold'em No Limit ($0.50/$1.00 USD) - 2025/01/10 12:58:44 WET [2025/01/10 7:58:44 ET]
Table 'Gacrux II' 6-max Seat #5 is the button
Seat 1: blistein ($106.34 in chips) 
Seat 2: yzuk ($100 in chips) 
Seat 3: Evelexy1 ($118.65 in chips) 
Seat 4: chinokevin13 ($100 in chips) 
Seat 5: Farouk1393 ($118.57 in chips) 
Seat 6: easy_sarcasm ($100 in chips) 
easy_sarcasm: posts small blind $0.50
blistein: posts big blind $1
*** HOLE CARDS ***
yzuk: folds 
Evelexy1: folds 
chinokevin13: folds 
Farouk1393: folds 
easy_sarcasm: raises $2 to $3
blistein: calls $2
*** FLOP *** [4c Qd Td]
easy_sarcasm: bets $2
blistein: calls $2
*** TURN *** [4c Qd Td] [5c]
easy_sarcasm: bets $5.50
blistein: calls $5.50
*** RIVER *** [4c Qd Td 5c] [9d]
easy_sarcasm: checks 
blistein: checks 
*** SHOW DOWN ***
easy_sarcasm: shows [8c 9c] (a pair of Nines)
blistein: shows [Ts Kd] (a pair of Tens)
blistein collected $19.95 from pot
*** SUMMARY ***
Total pot $21 | Rake $1.05 
Board [4c Qd Td 5c 9d]
Seat 1: blistein (big blind) showed [Ts Kd] and won ($19.95) with a pair of Tens
Seat 2: yzuk folded before Flop (didn't bet)
Seat 3: Evelexy1 folded before Flop (didn't bet)
Seat 4: chinokevin13 folded before Flop (didn't bet)
Seat 5: Farouk1393 (button) folded before Flop (didn't bet)
Seat 6: easy_sarcasm (small blind) showed [8c 9c] and lost with a pair of Nines



PokerStars Hand #254294146165:  Hold'em No Limit ($0.50/$1.00 USD) - 2025/01/10 12:59:43 WET [2025/01/10 7:59:43 ET]
Table 'Gacrux II' 6-max Seat #6 is the button
Seat 1: blistein ($115.79 in chips) 
Seat 2: yzuk ($100 in chips) 
Seat 3: Evelexy1 ($118.65 in chips) 
Seat 4: chinokevin13 ($100 in chips) 
Seat 5: Farouk1393 ($118.57 in chips) 
Seat 6: easy_sarcasm ($100 in chips) 
blistein: posts small blind $0.50
yzuk: posts big blind $1
*** HOLE CARDS ***
Evelexy1: folds 
chinokevin13: raises $1.20 to $2.20
Farouk1393 is disconnected 
Farouk1393 has timed out while disconnected
Farouk1393: folds 
easy_sarcasm: raises $5.80 to $8
blistein: folds 
yzuk: folds 
chinokevin13: calls $5.80
*** FLOP *** [3s 4d 8h]
chinokevin13: checks 
easy_sarcasm: bets $8.50
chinokevin13: calls $8.50
*** TURN *** [3s 4d 8h] [Kc]
chinokevin13: checks 
easy_sarcasm: bets $17.50
chinokevin13: calls $17.50
*** RIVER *** [3s 4d 8h Kc] [Tc]
chinokevin13: checks 
easy_sarcasm: checks 
*** SHOW DOWN ***
chinokevin13: shows [9s 9c] (a pair of Nines)
easy_sarcasm: shows [Td Qd] (a pair of Tens)
easy_sarcasm collected $67 from pot
*** SUMMARY ***
Total pot $69.50 | Rake $2.50 
Board [3s 4d 8h Kc Tc]
Seat 1: blistein (small blind) folded before Flop
Seat 2: yzuk (big blind) folded before Flop
Seat 3: Evelexy1 folded before Flop (didn't bet)
Seat 4: chinokevin13 showed [9s 9c] and lost with a pair of Nines
Seat 5: Farouk1393 folded before Flop (didn't bet)
Seat 6: easy_sarcasm (button) showed [Td Qd] and won ($67) with a pair of Tens



PokerStars Hand #254294160369:  Hold'em No Limit ($0.50/$1.00 USD) - 2025/01/10 13:01:21 WET [2025/01/10 8:01:21 ET]
Table 'Gacrux II' 6-max Seat #1 is the button
Seat 1: blistein ($115.29 in chips) 
Seat 2: yzuk ($100 in chips) 
Seat 3: Evelexy1 ($118.65 in chips) 
Seat 4: chinokevin13 ($100 in chips) 
Seat 5: Farouk1393 ($118.57 in chips) 
Seat 6: easy_sarcasm ($133 in chips) 
yzuk: posts small blind $0.50
Evelexy1: posts big blind $1
*** HOLE CARDS ***
chinokevin13: folds 
Farouk1393: folds 
easy_sarcasm: folds 
blistein: folds 
yzuk: folds 
Uncalled bet ($0.50) returned to Evelexy1
Evelexy1 collected $1 from pot
Evelexy1: doesn't show hand 
*** SUMMARY ***
Total pot $1 | Rake $0 
Seat 1: blistein (button) folded before Flop (didn't bet)
Seat 2: yzuk (small blind) folded before Flop
Seat 3: Evelexy1 (big blind) collected ($1)
Seat 4: chinokevin13 folded before Flop (didn't bet)
Seat 5: Farouk1393 folded before Flop (didn't bet)
Seat 6: easy_sarcasm folded before Flop (didn't bet)



PokerStars Hand #254294163421:  Hold'em No Limit ($0.50/$1.00 USD) - 2025/01/10 13:01:40 WET [2025/01/10 8:01:40 ET]
Table 'Gacrux II' 6-max Seat #2 is the button
Seat 1: blistein ($115.29 in chips) 
Seat 2: yzuk ($100 in chips) 
Seat 3: Evelexy1 ($119.15 in chips) 
Seat 4: chinokevin13 ($100 in chips) 
Seat 5: Farouk1393 ($118.57 in chips) 
Seat 6: easy_sarcasm ($133 in chips) 
Evelexy1: posts small blind $0.50
chinokevin13: posts big blind $1
*** HOLE CARDS ***
Farouk1393: calls $1
easy_sarcasm: folds 
blistein: raises $2.50 to $3.50
yzuk: folds 
Evelexy1: folds 
chinokevin13: folds 
Farouk1393: calls $2.50
*** FLOP *** [4c Th Qh]
Farouk1393: checks 
blistein: checks 
*** TURN *** [4c Th Qh] [3h]
Farouk1393: checks 
blistein: checks 
*** RIVER *** [4c Th Qh 3h] [Js]
Farouk1393: bets $4.04
blistein: calls $4.04
*** SHOW DOWN ***
Farouk1393: shows [Qd Ks] (a pair of Queens)
blistein: mucks hand 
Farouk1393 collected $15.75 from pot
*** SUMMARY ***
Total pot $16.58 | Rake $0.83 
Board [4c Th Qh 3h Js]
Seat 1: blistein mucked
Seat 2: yzuk (button) folded before Flop (didn't bet)
Seat 3: Evelexy1 (small blind) folded before Flop
Seat 4: chinokevin13 (big blind) folded before Flop
Seat 5: Farouk1393 showed [Qd Ks] and won ($15.75) with a pair of Queens
Seat 6: easy_sarcasm folded before Flop (didn't bet)



PokerStars Hand #254294170525:  Hold'em No Limit ($0.50/$1.00 USD) - 2025/01/10 13:02:25 WET [2025/01/10 8:02:25 ET]
Table 'Gacrux II' 6-max Seat #3 is the button
Seat 1: blistein ($107.75 in chips) 
Seat 2: yzuk ($100 in chips) 
Seat 3: Evelexy1 ($118.65 in chips) 
Seat 4: chinokevin13 ($100 in chips) 
Seat 5: Farouk1393 ($126.78 in chips) 
Seat 6: easy_sarcasm ($133 in chips) 
chinokevin13: posts small blind $0.50
Farouk1393: posts big blind $1
*** HOLE CARDS ***
easy_sarcasm: folds 
blistein: folds 
yzuk: raises $1.50 to $2.50
Evelexy1: raises $5 to $7.50
chinokevin13: folds 
Farouk1393: folds 
yzuk: calls $5
*** FLOP *** [As Th 8h]
yzuk: checks 
Evelexy1: bets $3.92
yzuk: raises $12 to $15.92
Evelexy1: folds 
Uncalled bet ($12) returned to yzuk
yzuk collected $23.12 from pot
yzuk: doesn't show hand 
*** SUMMARY ***
Total pot $24.34 | Rake $1.22 
Board [As Th 8h]
Seat 1: blistein folded before Flop (didn't bet)
Seat 2: yzuk collected ($23.12)
Seat 3: Evelexy1 (button) folded on the Flop
Seat 4: chinokevin13 (small blind) folded before Flop
Seat 5: Farouk1393 (big blind) folded before Flop
Seat 6: easy_sarcasm folded before Flop (didn't bet)



PokerStars Hand #254294177434:  Hold'em No Limit ($0.50/$1.00 USD) - 2025/01/10 13:03:08 WET [2025/01/10 8:03:08 ET]
Table 'Gacrux II' 6-max Seat #4 is the button
Seat 1: blistein ($107.75 in chips) 
Seat 2: yzuk ($111.70 in chips) 
Seat 3: Evelexy1 ($107.23 in chips) 
Seat 4: chinokevin13 ($100 in chips) 
Seat 5: Farouk1393 ($125.78 in chips) 
Seat 6: easy_sarcasm ($133 in chips) 
Farouk1393: posts small blind $0.50
easy_sarcasm: posts big blind $1
*** HOLE CARDS ***
blistein: folds 
yzuk: folds 
Evelexy1: folds 
chinokevin13: folds 
Farouk1393: calls $0.50
easy_sarcasm: raises $3.50 to $4.50
Farouk1393: folds 
Uncalled bet ($3.50) returned to easy_sarcasm
easy_sarcasm collected $2 from pot
*** SUMMARY ***
Total pot $2 | Rake $0 
Seat 1: blistein folded before Flop (didn't bet)
Seat 2: yzuk folded before Flop (didn't bet)
Seat 3: Evelexy1 folded before Flop (didn't bet)
Seat 4: chinokevin13 (button) folded before Flop (didn't bet)
Seat 5: Farouk1393 (small blind) folded before Flop
Seat 6: easy_sarcasm (big blind) collected ($2)



PokerStars Hand #254294183507:  Hold'em No Limit ($0.50/$1.00 USD) - 2025/01/10 13:03:46 WET [2025/01/10 8:03:46 ET]
Table 'Gacrux II' 6-max Seat #5 is the button
Seat 1: blistein ($107.75 in chips) 
Seat 2: yzuk ($111.70 in chips) 
Seat 3: Evelexy1 ($107.23 in chips) 
Seat 4: chinokevin13 ($100 in chips) 
Seat 5: Farouk1393 ($124.78 in chips) 
Seat 6: easy_sarcasm ($134 in chips) 
easy_sarcasm: posts small blind $0.50
blistein: posts big blind $1
*** HOLE CARDS ***
yzuk: folds 
Evelexy1: raises $1 to $2
chinokevin13: folds 
Farouk1393: calls $2
easy_sarcasm: folds 
blistein: folds 
*** FLOP *** [As 7c 2d]
Evelexy1: bets $1.74
Farouk1393: folds 
Uncalled bet ($1.74) returned to Evelexy1
Farouk1393 leaves the table
Evelexy1 collected $5.22 from pot
Evelexy1: doesn't show hand 
*** SUMMARY ***
Total pot $5.50 | Rake $0.28 
Board [As 7c 2d]
Seat 1: blistein (big blind) folded before Flop
Seat 2: yzuk folded before Flop (didn't bet)
Seat 3: Evelexy1 collected ($5.22)
Seat 4: chinokevin13 folded before Flop (didn't bet)
Seat 5: Farouk1393 (button) folded on the Flop
Seat 6: easy_sarcasm (small blind) folded before Flop



PokerStars Hand #254294188321:  Hold'em No Limit ($0.50/$1.00 USD) - 2025/01/10 13:04:16 WET [2025/01/10 8:04:16 ET]
Table 'Gacrux II' 6-max Seat #6 is the button
Seat 1: blistein ($106.75 in chips) 
Seat 2: yzuk ($111.70 in chips) 
Seat 3: Evelexy1 ($110.45 in chips) 
Seat 4: chinokevin13 ($100 in chips) 
Seat 6: easy_sarcasm ($133.50 in chips) 
blistein: posts small blind $0.50
yzuk: posts big blind $1
*** HOLE CARDS ***
Evelexy1: raises $1 to $2
Edi131313 joins the table at seat #5 
chinokevin13: raises $5 to $7
easy_sarcasm: folds 
blistein: folds 
yzuk: folds 
Evelexy1: folds 
Uncalled bet ($5) returned to chinokevin13
chinokevin13 collected $5.50 from pot
chinokevin13: doesn't show hand 
*** SUMMARY ***
Total pot $5.50 | Rake $0 
Seat 1: blistein (small blind) folded before Flop
Seat 2: yzuk (big blind) folded before Flop
Seat 3: Evelexy1 folded before Flop
Seat 4: chinokevin13 collected ($5.50)
Seat 6: easy_sarcasm (button) folded before Flop (didn't bet)



PokerStars Hand #254294190736:  Hold'em No Limit ($0.50/$1.00 USD) - 2025/01/10 13:04:31 WET [2025/01/10 8:04:31 ET]
Table 'Gacrux II' 6-max Seat #1 is the button
Seat 5: Edi131313 ($90 in chips) is sitting out
Seat 1: blistein ($106.25 in chips) 
Seat 2: yzuk ($110.70 in chips) 
Seat 3: Evelexy1 ($108.45 in chips) 
Seat 4: chinokevin13 ($103.50 in chips) 
Seat 6: easy_sarcasm ($133.50 in chips) 
yzuk: posts small blind $0.50
Evelexy1: posts big blind $1
Edi131313: sits out 
*** HOLE CARDS ***
chinokevin13: folds 
easy_sarcasm: folds 
blistein: folds 
yzuk: folds 
Uncalled bet ($0.50) returned to Evelexy1
Evelexy1 collected $1 from pot
Evelexy1: doesn't show hand 
*** SUMMARY ***
Total pot $1 | Rake $0 
Seat 5: Edi131313
Seat 1: blistein (button) folded before Flop (didn't bet)
Seat 2: yzuk (small blind) folded before Flop
Seat 3: Evelexy1 (big blind) collected ($1)
Seat 4: chinokevin13 folded before Flop (didn't bet)
Seat 6: easy_sarcasm folded before Flop (didn't bet)



PokerStars Hand #254294192277:  Hold'em No Limit ($0.50/$1.00 USD) - 2025/01/10 13:04:41 WET [2025/01/10 8:04:41 ET]
Table 'Gacrux II' 6-max Seat #2 is the button
Seat 5: Edi131313 ($100 in chips) is sitting out
Seat 1: blistein ($106.25 in chips) 
Seat 2: yzuk ($110.20 in chips) 
Seat 3: Evelexy1 ($108.95 in chips) 
Seat 4: chinokevin13 ($103.50 in chips) 
Seat 6: easy_sarcasm ($133.50 in chips) 
Evelexy1: posts small blind $0.50
chinokevin13: posts big blind $1
Edi131313: sits out 
*** HOLE CARDS ***
easy_sarcasm: folds 
blistein: folds 
yzuk: raises $1.50 to $2.50
Evelexy1: folds 
chinokevin13: folds 
Uncalled bet ($1.50) returned to yzuk
yzuk collected $2.50 from pot
yzuk: doesn't show hand 
*** SUMMARY ***
Total pot $2.50 | Rake $0 
Seat 5: Edi131313
Seat 1: blistein folded before Flop (didn't bet)
Seat 2: yzuk (button) collected ($2.50)
Seat 3: Evelexy1 (small blind) folded before Flop
Seat 4: chinokevin13 (big blind) folded before Flop
Seat 6: easy_sarcasm folded before Flop (didn't bet)



PokerStars Hand #254294194771:  Hold'em No Limit ($0.50/$1.00 USD) - 2025/01/10 13:04:56 WET [2025/01/10 8:04:56 ET]
Table 'Gacrux II' 6-max Seat #3 is the button
Seat 1: blistein ($106.25 in chips) 
Seat 2: yzuk ($111.70 in chips) 
Seat 3: Evelexy1 ($108.45 in chips) 
Seat 4: chinokevin13 ($102.50 in chips) 
Seat 5: Edi131313 ($100 in chips) 
Seat 6: easy_sarcasm ($133.50 in chips) 
chinokevin13: posts small blind $0.50
Edi131313: posts big blind $1
*** HOLE CARDS ***
easy_sarcasm: folds 
blistein: folds 
yzuk: folds 
Evelexy1: raises $1.50 to $2.50
chinokevin13: folds 
Edi131313: calls $1.50
*** FLOP *** [4d 8h 8c]
Edi131313: checks 
Evelexy1: bets $1.74
easy_sarcasm leaves the table
Edi131313: calls $1.74
*** TURN *** [4d 8h 8c] [6h]
Edi131313: checks 
Evelexy1: bets $17.50
Edi131313: folds 
Uncalled bet ($17.50) returned to Evelexy1
Evelexy1 collected $8.53 from pot
Evelexy1: doesn't show hand 
*** SUMMARY ***
Total pot $8.98 | Rake $0.45 
Board [4d 8h 8c 6h]
Seat 1: blistein folded before Flop (didn't bet)
Seat 2: yzuk folded before Flop (didn't bet)
Seat 3: Evelexy1 (button) collected ($8.53)
Seat 4: chinokevin13 (small blind) folded before Flop
Seat 5: Edi131313 (big blind) folded on the Turn
Seat 6: easy_sarcasm folded before Flop (didn't bet)



PokerStars Hand #254294199849:  Hold'em No Limit ($0.50/$1.00 USD) - 2025/01/10 13:05:27 WET [2025/01/10 8:05:27 ET]
Table 'Gacrux II' 6-max Seat #4 is the button
Seat 1: blistein ($106.25 in chips) 
Seat 2: yzuk ($111.70 in chips) 
Seat 3: Evelexy1 ($112.74 in chips) 
Seat 4: chinokevin13 ($102 in chips) 
Seat 5: Edi131313 ($95.76 in chips) 
Edi131313: posts small blind $0.50
blistein: posts big blind $1
*** HOLE CARDS ***
yzuk: folds 
Evelexy1: folds 
chinokevin13: raises $1.50 to $2.50
Edi131313: folds 
blistein: folds 
Uncalled bet ($1.50) returned to chinokevin13
chinokevin13 collected $2.50 from pot
chinokevin13: doesn't show hand 
*** SUMMARY ***
Total pot $2.50 | Rake $0 
Seat 1: blistein (big blind) folded before Flop
Seat 2: yzuk folded before Flop (didn't bet)
Seat 3: Evelexy1 folded before Flop (didn't bet)
Seat 4: chinokevin13 (button) collected ($2.50)
Seat 5: Edi131313 (small blind) folded before Flop



PokerStars Hand #254294201732:  Hold'em No Limit ($0.50/$1.00 USD) - 2025/01/10 13:05:39 WET [2025/01/10 8:05:39 ET]
Table 'Gacrux II' 6-max Seat #5 is the button
Seat 2: yzuk ($111.70 in chips) is sitting out
Seat 1: blistein ($105.25 in chips) 
Seat 3: Evelexy1 ($112.74 in chips) 
Seat 4: chinokevin13 ($103.50 in chips) 
Seat 5: Edi131313 ($95.26 in chips) 
blistein: posts small blind $0.50
yzuk: is sitting out 
Evelexy1: posts big blind $1
*** HOLE CARDS ***
chinokevin13: folds 
Edi131313: folds 
blistein: folds 
Uncalled bet ($0.50) returned to Evelexy1
Evelexy1 collected $1 from pot
Evelexy1: doesn't show hand 
*** SUMMARY ***
Total pot $1 | Rake $0 
Seat 2: yzuk
Seat 1: blistein (small blind) folded before Flop
Seat 3: Evelexy1 (big blind) collected ($1)
Seat 4: chinokevin13 folded before Flop (didn't bet)
Seat 5: Edi131313 (button) folded before Flop (didn't bet)



PokerStars Hand #254294202984:  Hold'em No Limit ($0.50/$1.00 USD) - 2025/01/10 13:05:46 WET [2025/01/10 8:05:46 ET]
Table 'Gacrux II' 6-max Seat #1 is the button
Seat 2: yzuk ($111.70 in chips) is sitting out
Seat 1: blistein ($104.75 in chips) 
Seat 3: Evelexy1 ($113.24 in chips) 
Seat 4: chinokevin13 ($103.50 in chips) 
Seat 5: Edi131313 ($95.26 in chips) 
Evelexy1: posts small blind $0.50
chinokevin13: posts big blind $1
*** HOLE CARDS ***
Edi131313: raises $1 to $2
blistein: folds 
Evelexy1: folds 
chinokevin13: folds 
Uncalled bet ($1) returned to Edi131313
Edi131313 collected $2.50 from pot
Edi131313: doesn't show hand 
*** SUMMARY ***
Total pot $2.50 | Rake $0 
Seat 2: yzuk
Seat 1: blistein (button) folded before Flop (didn't bet)
Seat 3: Evelexy1 (small blind) folded before Flop
Seat 4: chinokevin13 (big blind) folded before Flop
Seat 5: Edi131313 collected ($2.50)



PokerStars Hand #254294204802:  Hold'em No Limit ($0.50/$1.00 USD) - 2025/01/10 13:05:57 WET [2025/01/10 8:05:57 ET]
Table 'Gacrux II' 6-max Seat #3 is the button
Seat 2: yzuk ($111.70 in chips) is sitting out
Seat 1: blistein ($104.75 in chips) 
Seat 3: Evelexy1 ($112.74 in chips) 
Seat 4: chinokevin13 ($102.50 in chips) 
Seat 5: Edi131313 ($96.76 in chips) 
chinokevin13: posts small blind $0.50
Edi131313: posts big blind $1
*** HOLE CARDS ***
blistein: folds 
Evelexy1: folds 
chinokevin13: raises $2 to $3
Edi131313: calls $2
*** FLOP *** [5c 4s 6h]
yzuk leaves the table
chinokevin13: checks 
Edi131313: checks 
*** TURN *** [5c 4s 6h] [7s]
chinokevin13: checks 
Edi131313: checks 
*** RIVER *** [5c 4s 6h 7s] [As]
chinokevin13: bets $1
Edi131313: folds 
Uncalled bet ($1) returned to chinokevin13
chinokevin13 collected $5.70 from pot
chinokevin13: doesn't show hand 
*** SUMMARY ***
Total pot $6 | Rake $0.30 
Board [5c 4s 6h 7s As]
Seat 2: yzuk
Seat 1: blistein folded before Flop (didn't bet)
Seat 3: Evelexy1 (button) folded before Flop (didn't bet)
Seat 4: chinokevin13 (small blind) collected ($5.70)
Seat 5: Edi131313 (big blind) folded on the River



PokerStars Hand #254294213878:  Hold'em No Limit ($0.50/$1.00 USD) - 2025/01/10 13:06:54 WET [2025/01/10 8:06:54 ET]
Table 'Gacrux II' 6-max Seat #4 is the button
Seat 1: blistein ($104.75 in chips) 
Seat 3: Evelexy1 ($112.74 in chips) 
Seat 4: chinokevin13 ($105.20 in chips) 
Seat 5: Edi131313 ($93.76 in chips) 
Edi131313: posts small blind $0.50
blistein: posts big blind $1
*** HOLE CARDS ***
Evelexy1: folds 
chinokevin13: folds 
Edi131313: folds 
Uncalled bet ($0.50) returned to blistein
blistein collected $1 from pot
blistein: doesn't show hand 
*** SUMMARY ***
Total pot $1 | Rake $0 
Seat 1: blistein (big blind) collected ($1)
Seat 3: Evelexy1 folded before Flop (didn't bet)
Seat 4: chinokevin13 (button) folded before Flop (didn't bet)
Seat 5: Edi131313 (small blind) folded before Flop



PokerStars Hand #254294215210:  Hold'em No Limit ($0.50/$1.00 USD) - 2025/01/10 13:07:02 WET [2025/01/10 8:07:02 ET]
Table 'Gacrux II' 6-max Seat #5 is the button
Seat 1: blistein ($105.25 in chips) 
Seat 3: Evelexy1 ($112.74 in chips) 
Seat 4: chinokevin13 ($105.20 in chips) 
Seat 5: Edi131313 ($93.26 in chips) 
blistein: posts small blind $0.50
Evelexy1: posts big blind $1
*** HOLE CARDS ***
chinokevin13: folds 
Edi131313: folds 
blistein: raises $2 to $3
Evelexy1: folds 
Uncalled bet ($2) returned to blistein
blistein collected $2 from pot
blistein: doesn't show hand 
*** SUMMARY ***
Total pot $2 | Rake $0 
Seat 1: blistein (small blind) collected ($2)
Seat 3: Evelexy1 (big blind) folded before Flop
Seat 4: chinokevin13 folded before Flop (didn't bet)
Seat 5: Edi131313 (button) folded before Flop (didn't bet)



PokerStars Hand #254294217841:  Hold'em No Limit ($0.50/$1.00 USD) - 2025/01/10 13:07:18 WET [2025/01/10 8:07:18 ET]
Table 'Gacrux II' 6-max Seat #1 is the button
Seat 1: blistein ($106.25 in chips) 
Seat 3: Evelexy1 ($111.74 in chips) 
Seat 4: chinokevin13 ($105.20 in chips) 
Seat 5: Edi131313 ($93.26 in chips) 
Evelexy1: posts small blind $0.50
chinokevin13: posts big blind $1
*** HOLE CARDS ***
Edi131313: folds 
blistein: folds 
Evelexy1: folds 
Uncalled bet ($0.50) returned to chinokevin13
chinokevin13 collected $1 from pot
chinokevin13: doesn't show hand 
*** SUMMARY ***
Total pot $1 | Rake $0 
Seat 1: blistein (button) folded before Flop (didn't bet)
Seat 3: Evelexy1 (small blind) folded before Flop
Seat 4: chinokevin13 (big blind) collected ($1)
Seat 5: Edi131313 folded before Flop (didn't bet)



PokerStars Hand #254294219055:  Hold'em No Limit ($0.50/$1.00 USD) - 2025/01/10 13:07:26 WET [2025/01/10 8:07:26 ET]
Table 'Gacrux II' 6-max Seat #3 is the button
Seat 1: blistein ($106.25 in chips) 
Seat 3: Evelexy1 ($111.24 in chips) 
Seat 4: chinokevin13 ($105.70 in chips) 
Seat 5: Edi131313 ($93.26 in chips) 
chinokevin13: posts small blind $0.50
Edi131313: posts big blind $1
*** HOLE CARDS ***
blistein: folds 
Evelexy1: raises $1.50 to $2.50
chinokevin13: folds 
Edi131313: raises $5.50 to $8
Evelexy1: calls $5.50
*** FLOP *** [Qd 5c 8s]
Edi131313: bets $12.49
Evelexy1: folds 
Uncalled bet ($12.49) returned to Edi131313
Edi131313 collected $15.68 from pot
Edi131313: doesn't show hand 
*** SUMMARY ***
Total pot $16.50 | Rake $0.82 
Board [Qd 5c 8s]
Seat 1: blistein folded before Flop (didn't bet)
Seat 3: Evelexy1 (button) folded on the Flop
Seat 4: chinokevin13 (small blind) folded before Flop
Seat 5: Edi131313 (big blind) collected ($15.68)



PokerStars Hand #254294223004:  Hold'em No Limit ($0.50/$1.00 USD) - 2025/01/10 13:07:50 WET [2025/01/10 8:07:50 ET]
Table 'Gacrux II' 6-max Seat #4 is the button
Seat 1: blistein ($106.25 in chips) 
Seat 3: Evelexy1 ($103.24 in chips) 
Seat 4: chinokevin13 ($105.20 in chips) 
Seat 5: Edi131313 ($100.94 in chips) 
Edi131313: posts small blind $0.50
blistein: posts big blind $1
*** HOLE CARDS ***
Evelexy1: folds 
chinokevin13: folds 
Edi131313: raises $1 to $2
blistein: folds 
Uncalled bet ($1) returned to Edi131313
Edi131313 collected $2 from pot
Edi131313: doesn't show hand 
*** SUMMARY ***
Total pot $2 | Rake $0 
Seat 1: blistein (big blind) folded before Flop
Seat 3: Evelexy1 folded before Flop (didn't bet)
Seat 4: chinokevin13 (button) folded before Flop (didn't bet)
Seat 5: Edi131313 (small blind) collected ($2)



PokerStars Hand #254294224649:  Hold'em No Limit ($0.50/$1.00 USD) - 2025/01/10 13:08:00 WET [2025/01/10 8:08:00 ET]
Table 'Gacrux II' 6-max Seat #5 is the button
Seat 1: blistein ($105.25 in chips) 
Seat 3: Evelexy1 ($103.24 in chips) 
Seat 4: chinokevin13 ($105.20 in chips) 
Seat 5: Edi131313 ($101.94 in chips) 
blistein: posts small blind $0.50
Evelexy1: posts big blind $1
*** HOLE CARDS ***
chinokevin13: folds 
ChuckNorrisQ joins the table at seat #6 
Edi131313: raises $1 to $2
blistein: folds 
Evelexy1: calls $1
*** FLOP *** [Js Qh 9c]
Evelexy1: checks 
Edi131313: checks 
*** TURN *** [Js Qh 9c] [2c]
Evelexy1: checks 
Edi131313: bets $2.14
Evelexy1: folds 
Uncalled bet ($2.14) returned to Edi131313
Evelexy1 leaves the table
Edi131313 collected $4.28 from pot
Edi131313: doesn't show hand 
*** SUMMARY ***
Total pot $4.50 | Rake $0.22 
Board [Js Qh 9c 2c]
Seat 1: blistein (small blind) folded before Flop
Seat 3: Evelexy1 (big blind) folded on the Turn
Seat 4: chinokevin13 folded before Flop (didn't bet)
Seat 5: Edi131313 (button) collected ($4.28)



PokerStars Hand #254294227996:  Hold'em No Limit ($0.50/$1.00 USD) - 2025/01/10 13:08:21 WET [2025/01/10 8:08:21 ET]
Table 'Gacrux II' 6-max Seat #1 is the button
Seat 6: ChuckNorrisQ ($100 in chips) is sitting out
Seat 1: blistein ($104.75 in chips) 
Seat 4: chinokevin13 ($105.20 in chips) 
Seat 5: Edi131313 ($104.22 in chips) 
chinokevin13: posts small blind $0.50
Edi131313: posts big blind $1
ChuckNorrisQ: sits out 
*** HOLE CARDS ***
iNeverBluff398 joins the table at seat #2 
blistein: folds 
chinokevin13: folds 
Uncalled bet ($0.50) returned to Edi131313
Edi131313 collected $1 from pot
Edi131313: doesn't show hand 
*** SUMMARY ***
Total pot $1 | Rake $0 
Seat 6: ChuckNorrisQ
Seat 1: blistein (button) folded before Flop (didn't bet)
Seat 4: chinokevin13 (small blind) folded before Flop
Seat 5: Edi131313 (big blind) collected ($1)



PokerStars Hand #254294229250:  Hold'em No Limit ($0.50/$1.00 USD) - 2025/01/10 13:08:29 WET [2025/01/10 8:08:29 ET]
Table 'Gacrux II' 6-max Seat #4 is the button
Seat 2: iNeverBluff398 ($100 in chips) is sitting out
Seat 1: blistein ($104.75 in chips) 
Seat 4: chinokevin13 ($104.70 in chips) 
Seat 5: Edi131313 ($104.72 in chips) 
Seat 6: ChuckNorrisQ ($100 in chips) 
Edi131313: posts small blind $0.50
ChuckNorrisQ: posts big blind $1
iNeverBluff398: sits out 
*** HOLE CARDS ***
blistein: raises $1.30 to $2.30
chinokevin13: folds 
Edi131313: folds 
ChuckNorrisQ: folds 
Uncalled bet ($1.30) returned to blistein
blistein collected $2.50 from pot
blistein: doesn't show hand 
*** SUMMARY ***
Total pot $2.50 | Rake $0 
Seat 2: iNeverBluff398
Seat 1: blistein collected ($2.50)
Seat 4: chinokevin13 (button) folded before Flop (didn't bet)
Seat 5: Edi131313 (small blind) folded before Flop
Seat 6: ChuckNorrisQ (big blind) folded before Flop



PokerStars Hand #254294231702:  Hold'em No Limit ($0.50/$1.00 USD) - 2025/01/10 13:08:44 WET [2025/01/10 8:08:44 ET]
Table 'Gacrux II' 6-max Seat #5 is the button
Seat 2: iNeverBluff398 ($100 in chips) is sitting out
Seat 1: blistein ($106.25 in chips) 
Seat 4: chinokevin13 ($104.70 in chips) 
Seat 5: Edi131313 ($104.22 in chips) 
Seat 6: ChuckNorrisQ ($100 in chips) 
ChuckNorrisQ: posts small blind $0.50
blistein: posts big blind $1
iNeverBluff398: sits out 
*** HOLE CARDS ***
chinokevin13: folds 
Edi131313: folds 
ChuckNorrisQ: raises $2 to $3
blistein: folds 
Uncalled bet ($2) returned to ChuckNorrisQ
ChuckNorrisQ collected $2 from pot
ChuckNorrisQ: doesn't show hand 
*** SUMMARY ***
Total pot $2 | Rake $0 
Seat 2: iNeverBluff398
Seat 1: blistein (big blind) folded before Flop
Seat 4: chinokevin13 folded before Flop (didn't bet)
Seat 5: Edi131313 (button) folded before Flop (didn't bet)
Seat 6: ChuckNorrisQ (small blind) collected ($2)



PokerStars Hand #254294233806:  Hold'em No Limit ($0.50/$1.00 USD) - 2025/01/10 13:08:56 WET [2025/01/10 8:08:56 ET]
Table 'Gacrux II' 6-max Seat #6 is the button
Seat 1: blistein ($105.25 in chips) 
Seat 2: iNeverBluff398 ($100 in chips) 
Seat 4: chinokevin13 ($104.70 in chips) 
Seat 5: Edi131313 ($104.22 in chips) 
Seat 6: ChuckNorrisQ ($101 in chips) 
blistein: posts small blind $0.50
iNeverBluff398: posts big blind $1
*** HOLE CARDS ***
chinokevin13: folds 
Edi131313: folds 
ChuckNorrisQ: folds 
blistein: folds 
Uncalled bet ($0.50) returned to iNeverBluff398
iNeverBluff398 collected $1 from pot
iNeverBluff398: doesn't show hand 
*** SUMMARY ***
Total pot $1 | Rake $0 
Seat 1: blistein (small blind) folded before Flop
Seat 2: iNeverBluff398 (big blind) collected ($1)
Seat 4: chinokevin13 folded before Flop (didn't bet)
Seat 5: Edi131313 folded before Flop (didn't bet)
Seat 6: ChuckNorrisQ (button) folded before Flop (didn't bet)



PokerStars Hand #254294236181:  Hold'em No Limit ($0.50/$1.00 USD) - 2025/01/10 13:09:11 WET [2025/01/10 8:09:11 ET]
Table 'Gacrux II' 6-max Seat #1 is the button
Seat 1: blistein ($104.75 in chips) 
Seat 2: iNeverBluff398 ($100.50 in chips) 
Seat 4: chinokevin13 ($104.70 in chips) 
Seat 5: Edi131313 ($104.22 in chips) 
Seat 6: ChuckNorrisQ ($101 in chips) 
iNeverBluff398: posts small blind $0.50
chinokevin13: posts big blind $1
*** HOLE CARDS ***
Edi131313: folds 
ChuckNorrisQ: raises $1.30 to $2.30
blistein: raises $4.70 to $7
iNeverBluff398: folds 
chinokevin13: folds 
ChuckNorrisQ: raises $14 to $21
blistein: calls $14
*** FLOP *** [As Ah 7s]
ChuckNorrisQ: bets $10
blistein: folds 
Uncalled bet ($10) returned to ChuckNorrisQ
ChuckNorrisQ collected $41.32 from pot
ChuckNorrisQ: doesn't show hand 
*** SUMMARY ***
Total pot $43.50 | Rake $2.18 
Board [As Ah 7s]
Seat 1: blistein (button) folded on the Flop
Seat 2: iNeverBluff398 (small blind) folded before Flop
Seat 4: chinokevin13 (big blind) folded before Flop
Seat 5: Edi131313 folded before Flop (didn't bet)
Seat 6: ChuckNorrisQ collected ($41.32)



PokerStars Hand #254294246271:  Hold'em No Limit ($0.50/$1.00 USD) - 2025/01/10 13:10:13 WET [2025/01/10 8:10:13 ET]
Table 'Gacrux II' 6-max Seat #2 is the button
Seat 1: blistein ($100 in chips) 
Seat 2: iNeverBluff398 ($100 in chips) 
Seat 4: chinokevin13 ($103.70 in chips) 
Seat 5: Edi131313 ($104.22 in chips) 
Seat 6: ChuckNorrisQ ($121.32 in chips) 
chinokevin13: posts small blind $0.50
Edi131313: posts big blind $1
*** HOLE CARDS ***
ChuckNorrisQ: folds 
blistein: folds 
iNeverBluff398: raises $1.20 to $2.20
chinokevin13: folds 
Edi131313: folds 
Uncalled bet ($1.20) returned to iNeverBluff398
iNeverBluff398 collected $2.50 from pot
iNeverBluff398: doesn't show hand 
*** SUMMARY ***
Total pot $2.50 | Rake $0 
Seat 1: blistein folded before Flop (didn't bet)
Seat 2: iNeverBluff398 (button) collected ($2.50)
Seat 4: chinokevin13 (small blind) folded before Flop
Seat 5: Edi131313 (big blind) folded before Flop
Seat 6: ChuckNorrisQ folded before Flop (didn't bet)



PokerStars Hand #254294248970:  Hold'em No Limit ($0.50/$1.00 USD) - 2025/01/10 13:10:30 WET [2025/01/10 8:10:30 ET]
Table 'Gacrux II' 6-max Seat #4 is the button
Seat 1: blistein ($100 in chips) 
Seat 2: iNeverBluff398 ($101.50 in chips) 
Seat 4: chinokevin13 ($103.20 in chips) 
Seat 5: Edi131313 ($103.22 in chips) 
Seat 6: ChuckNorrisQ ($121.32 in chips) 
Edi131313: posts small blind $0.50
ChuckNorrisQ: posts big blind $1
*** HOLE CARDS ***
blistein: folds 
iNeverBluff398: raises $1.20 to $2.20
chinokevin13: folds 
Edi131313: folds 
ChuckNorrisQ: folds 
Uncalled bet ($1.20) returned to iNeverBluff398
iNeverBluff398 collected $2.50 from pot
iNeverBluff398: doesn't show hand 
*** SUMMARY ***
Total pot $2.50 | Rake $0 
Seat 1: blistein folded before Flop (didn't bet)
Seat 2: iNeverBluff398 collected ($2.50)
Seat 4: chinokevin13 (button) folded before Flop (didn't bet)
Seat 5: Edi131313 (small blind) folded before Flop
Seat 6: ChuckNorrisQ (big blind) folded before Flop



PokerStars Hand #254294251099:  Hold'em No Limit ($0.50/$1.00 USD) - 2025/01/10 13:10:43 WET [2025/01/10 8:10:43 ET]
Table 'Gacrux II' 6-max Seat #5 is the button
Seat 1: blistein ($100 in chips) 
Seat 2: iNeverBluff398 ($103 in chips) 
Seat 4: chinokevin13 ($103.20 in chips) 
Seat 5: Edi131313 ($102.72 in chips) 
Seat 6: ChuckNorrisQ ($120.32 in chips) 
ChuckNorrisQ: posts small blind $0.50
blistein: posts big blind $1
*** HOLE CARDS ***
iNeverBluff398: raises $1.20 to $2.20
chinokevin13: folds 
Edi131313: folds 
ChuckNorrisQ: folds 
blistein: calls $1.20
*** FLOP *** [Qc Jc 2c]
blistein: checks 
iNeverBluff398: bets $1.17
blistein: calls $1.17
*** TURN *** [Qc Jc 2c] [Jh]
blistein: checks 
iNeverBluff398: checks 
*** RIVER *** [Qc Jc 2c Jh] [8d]
blistein: checks 
iNeverBluff398: checks 
*** SHOW DOWN ***
blistein: shows [Qs Kh] (two pair, Queens and Jacks)
iNeverBluff398: shows [Ad Qd] (two pair, Queens and Jacks - Ace kicker)
iNeverBluff398 collected $6.88 from pot
*** SUMMARY ***
Total pot $7.24 | Rake $0.36 
Board [Qc Jc 2c Jh 8d]
Seat 1: blistein (big blind) showed [Qs Kh] and lost with two pair, Queens and Jacks
Seat 2: iNeverBluff398 showed [Ad Qd] and won ($6.88) with two pair, Queens and Jacks
Seat 4: chinokevin13 folded before Flop (didn't bet)
Seat 5: Edi131313 (button) folded before Flop (didn't bet)
Seat 6: ChuckNorrisQ (small blind) folded before Flop



PokerStars Hand #254294259329:  Hold'em No Limit ($0.50/$1.00 USD) - 2025/01/10 13:11:34 WET [2025/01/10 8:11:34 ET]
Table 'Gacrux II' 6-max Seat #6 is the button
Seat 1: blistein ($100 in chips) 
Seat 2: iNeverBluff398 ($106.51 in chips) 
Seat 4: chinokevin13 ($103.20 in chips) 
Seat 5: Edi131313 ($102.72 in chips) 
Seat 6: ChuckNorrisQ ($119.82 in chips) 
blistein: posts small blind $0.50
iNeverBluff398: posts big blind $1
*** HOLE CARDS ***
chinokevin13: folds 
Edi131313: raises $1 to $2
ChuckNorrisQ: folds 
blistein: folds 
iNeverBluff398: calls $1
*** FLOP *** [4s 5d Qh]
iNeverBluff398: checks 
Edi131313: checks 
*** TURN *** [4s 5d Qh] [9h]
iNeverBluff398: checks 
Edi131313: checks 
*** RIVER *** [4s 5d Qh 9h] [6h]
iNeverBluff398: checks 
Edi131313: checks 
*** SHOW DOWN ***
iNeverBluff398: shows [Kh Js] (high card King)
Edi131313: shows [Ac Jh] (high card Ace)
Edi131313 collected $4.28 from pot
*** SUMMARY ***
Total pot $4.50 | Rake $0.22 
Board [4s 5d Qh 9h 6h]
Seat 1: blistein (small blind) folded before Flop
Seat 2: iNeverBluff398 (big blind) showed [Kh Js] and lost with high card King
Seat 4: chinokevin13 folded before Flop (didn't bet)
Seat 5: Edi131313 showed [Ac Jh] and won ($4.28) with high card Ace
Seat 6: ChuckNorrisQ (button) folded before Flop (didn't bet)



PokerStars Hand #254294263634:  Hold'em No Limit ($0.50/$1.00 USD) - 2025/01/10 13:12:01 WET [2025/01/10 8:12:01 ET]
Table 'Gacrux II' 6-max Seat #1 is the button
Seat 1: blistein ($100 in chips) 
Seat 2: iNeverBluff398 ($104.51 in chips) 
Seat 4: chinokevin13 ($103.20 in chips) 
Seat 5: Edi131313 ($105 in chips) 
Seat 6: ChuckNorrisQ ($119.82 in chips) 
iNeverBluff398: posts small blind $0.50
chinokevin13: posts big blind $1
*** HOLE CARDS ***
Edi131313: raises $1 to $2
ChuckNorrisQ: folds 
blistein: raises $4.50 to $6.50
iNeverBluff398: raises $13 to $19.50
chinokevin13: folds 
Edi131313: folds 
blistein: raises $80.50 to $100 and is all-in
iNeverBluff398: calls $80.50
*** FLOP *** [As 8c Jc]
*** TURN *** [As 8c Jc] [8d]
*** RIVER *** [As 8c Jc 8d] [4c]
*** SHOW DOWN ***
iNeverBluff398: shows [Ad Kc] (two pair, Aces and Eights)
blistein: shows [Ac Kd] (two pair, Aces and Eights)
iNeverBluff398 collected $100.25 from pot
blistein collected $100.25 from pot
*** SUMMARY ***
Total pot $203 | Rake $2.50 
Board [As 8c Jc 8d 4c]
Seat 1: blistein (button) showed [Ac Kd] and won ($100.25) with two pair, Aces and Eights
Seat 2: iNeverBluff398 (small blind) showed [Ad Kc] and won ($100.25) with two pair, Aces and Eights
Seat 4: chinokevin13 (big blind) folded before Flop
Seat 5: Edi131313 folded before Flop
Seat 6: ChuckNorrisQ folded before Flop (didn't bet)



PokerStars Hand #254294271501:  Hold'em No Limit ($0.50/$1.00 USD) - 2025/01/10 13:12:49 WET [2025/01/10 8:12:49 ET]
Table 'Gacrux II' 6-max Seat #2 is the button
Seat 1: blistein ($100.25 in chips) 
Seat 2: iNeverBluff398 ($104.76 in chips) 
Seat 4: chinokevin13 ($102.20 in chips) 
Seat 5: Edi131313 ($103 in chips) 
Seat 6: ChuckNorrisQ ($119.82 in chips) 
chinokevin13: posts small blind $0.50
Edi131313: posts big blind $1
*** HOLE CARDS ***
ChuckNorrisQ: folds 
blistein: folds 
iNeverBluff398: raises $1.20 to $2.20
chinokevin13: folds 
Edi131313: folds 
Uncalled bet ($1.20) returned to iNeverBluff398
iNeverBluff398 collected $2.50 from pot
iNeverBluff398: doesn't show hand 
*** SUMMARY ***
Total pot $2.50 | Rake $0 
Seat 1: blistein folded before Flop (didn't bet)
Seat 2: iNeverBluff398 (button) collected ($2.50)
Seat 4: chinokevin13 (small blind) folded before Flop
Seat 5: Edi131313 (big blind) folded before Flop
Seat 6: ChuckNorrisQ folded before Flop (didn't bet)



PokerStars Hand #254294273319:  Hold'em No Limit ($0.50/$1.00 USD) - 2025/01/10 13:13:00 WET [2025/01/10 8:13:00 ET]
Table 'Gacrux II' 6-max Seat #4 is the button
Seat 1: blistein ($100.25 in chips) 
Seat 2: iNeverBluff398 ($106.26 in chips) 
Seat 4: chinokevin13 ($101.70 in chips) 
Seat 5: Edi131313 ($102 in chips) 
Seat 6: ChuckNorrisQ ($119.82 in chips) 
Edi131313: posts small blind $0.50
ChuckNorrisQ: posts big blind $1
*** HOLE CARDS ***
Heskey27 joins the table at seat #3 
blistein: raises $1.20 to $2.20
iNeverBluff398: folds 
chinokevin13: folds 
Edi131313: calls $1.70
ChuckNorrisQ: folds 
*** FLOP *** [9s 4c 2c]
Edi131313: checks 
blistein: bets $1.28
Edi131313: calls $1.28
*** TURN *** [9s 4c 2c] [8c]
Edi131313: checks 
blistein: bets $1.89
Edi131313: calls $1.89
*** RIVER *** [9s 4c 2c 8c] [Qd]
Edi131313: checks 
blistein: checks 
*** SHOW DOWN ***
Edi131313: shows [3s 3c] (a pair of Threes)
blistein: shows [8d Kd] (a pair of Eights)
blistein collected $11.15 from pot
*** SUMMARY ***
Total pot $11.74 | Rake $0.59 
Board [9s 4c 2c 8c Qd]
Seat 1: blistein showed [8d Kd] and won ($11.15) with a pair of Eights
Seat 2: iNeverBluff398 folded before Flop (didn't bet)
Seat 4: chinokevin13 (button) folded before Flop (didn't bet)
Seat 5: Edi131313 (small blind) showed [3s 3c] and lost with a pair of Threes
Seat 6: ChuckNorrisQ (big blind) folded before Flop



PokerStars Hand #254294282609:  Hold'em No Limit ($0.50/$1.00 USD) - 2025/01/10 13:13:56 WET [2025/01/10 8:13:56 ET]
Table 'Gacrux II' 6-max Seat #5 is the button
Seat 3: Heskey27 ($100 in chips) is sitting out
Seat 1: blistein ($106.03 in chips) 
Seat 2: iNeverBluff398 ($106.26 in chips) 
Seat 4: chinokevin13 ($101.70 in chips) 
Seat 5: Edi131313 ($96.63 in chips) 
Seat 6: ChuckNorrisQ ($118.82 in chips) 
ChuckNorrisQ: posts small blind $0.50
blistein: posts big blind $1
Heskey27: sits out 
*** HOLE CARDS ***
iNeverBluff398: folds 
chinokevin13: folds 
Edi131313: folds 
ChuckNorrisQ: folds 
Uncalled bet ($0.50) returned to blistein
blistein collected $1 from pot
blistein: doesn't show hand 
*** SUMMARY ***
Total pot $1 | Rake $0 
Seat 3: Heskey27
Seat 1: blistein (big blind) collected ($1)
Seat 2: iNeverBluff398 folded before Flop (didn't bet)
Seat 4: chinokevin13 folded before Flop (didn't bet)
Seat 5: Edi131313 (button) folded before Flop (didn't bet)
Seat 6: ChuckNorrisQ (small blind) folded before Flop



PokerStars Hand #254294285172:  Hold'em No Limit ($0.50/$1.00 USD) - 2025/01/10 13:14:11 WET [2025/01/10 8:14:11 ET]
Table 'Gacrux II' 6-max Seat #6 is the button
Seat 3: Heskey27 ($100 in chips) is sitting out
Seat 1: blistein ($106.53 in chips) 
Seat 2: iNeverBluff398 ($106.26 in chips) 
Seat 4: chinokevin13 ($101.70 in chips) 
Seat 5: Edi131313 ($96.63 in chips) 
Seat 6: ChuckNorrisQ ($118.32 in chips) 
blistein: posts small blind $0.50
iNeverBluff398: posts big blind $1
Heskey27: sits out 
*** HOLE CARDS ***
chinokevin13: raises $1.20 to $2.20
Edi131313: folds 
ChuckNorrisQ: folds 
blistein: folds 
iNeverBluff398: folds 
Uncalled bet ($1.20) returned to chinokevin13
chinokevin13 collected $2.50 from pot
chinokevin13: doesn't show hand 
*** SUMMARY ***
Total pot $2.50 | Rake $0 
Seat 3: Heskey27
Seat 1: blistein (small blind) folded before Flop
Seat 2: iNeverBluff398 (big blind) folded before Flop
Seat 4: chinokevin13 collected ($2.50)
Seat 5: Edi131313 folded before Flop (didn't bet)
Seat 6: ChuckNorrisQ (button) folded before Flop (didn't bet)



PokerStars Hand #254294288154:  Hold'em No Limit ($0.50/$1.00 USD) - 2025/01/10 13:14:29 WET [2025/01/10 8:14:29 ET]
Table 'Gacrux II' 6-max Seat #1 is the button
Seat 1: blistein ($106.03 in chips) 
Seat 2: iNeverBluff398 ($105.26 in chips) 
Seat 3: Heskey27 ($100 in chips) 
Seat 4: chinokevin13 ($103.20 in chips) 
Seat 5: Edi131313 ($96.63 in chips) 
Seat 6: ChuckNorrisQ ($118.32 in chips) 
iNeverBluff398: posts small blind $0.50
Heskey27: posts big blind $1
*** HOLE CARDS ***
chinokevin13: folds 
Edi131313: folds 
ChuckNorrisQ: folds 
blistein: raises $1.50 to $2.50
iNeverBluff398: folds 
Heskey27: folds 
Uncalled bet ($1.50) returned to blistein
blistein collected $2.50 from pot
blistein: doesn't show hand 
*** SUMMARY ***
Total pot $2.50 | Rake $0 
Seat 1: blistein (button) collected ($2.50)
Seat 2: iNeverBluff398 (small blind) folded before Flop
Seat 3: Heskey27 (big blind) folded before Flop
Seat 4: chinokevin13 folded before Flop (didn't bet)
Seat 5: Edi131313 folded before Flop (didn't bet)
Seat 6: ChuckNorrisQ folded before Flop (didn't bet)



PokerStars Hand #254294291915:  Hold'em No Limit ($0.50/$1.00 USD) - 2025/01/10 13:14:52 WET [2025/01/10 8:14:52 ET]
Table 'Gacrux II' 6-max Seat #2 is the button
Seat 1: blistein ($107.53 in chips) 
Seat 2: iNeverBluff398 ($104.76 in chips) 
Seat 3: Heskey27 ($100 in chips) 
Seat 4: chinokevin13 ($103.20 in chips) 
Seat 5: Edi131313 ($96.63 in chips) 
Seat 6: ChuckNorrisQ ($118.32 in chips) 
Heskey27: posts small blind $0.50
chinokevin13: posts big blind $1
*** HOLE CARDS ***
Edi131313: folds 
ChuckNorrisQ: raises $1 to $2
blistein: folds 
iNeverBluff398: folds 
Heskey27: raises $8 to $10
chinokevin13: folds 
ChuckNorrisQ: raises $14 to $24
Heskey27: raises $76 to $100 and is all-in
ChuckNorrisQ: folds 
Uncalled bet ($76) returned to Heskey27
Heskey27 collected $49 from pot
Heskey27: doesn't show hand 
*** SUMMARY ***
Total pot $49 | Rake $0 
Seat 1: blistein folded before Flop (didn't bet)
Seat 2: iNeverBluff398 (button) folded before Flop (didn't bet)
Seat 3: Heskey27 (small blind) collected ($49)
Seat 4: chinokevin13 (big blind) folded before Flop
Seat 5: Edi131313 folded before Flop (didn't bet)
Seat 6: ChuckNorrisQ folded before Flop



PokerStars Hand #254294299589:  Hold'em No Limit ($0.50/$1.00 USD) - 2025/01/10 13:15:38 WET [2025/01/10 8:15:38 ET]
Table 'Gacrux II' 6-max Seat #3 is the button
Seat 1: blistein ($107.53 in chips) 
Seat 2: iNeverBluff398 ($104.76 in chips) 
Seat 3: Heskey27 ($125 in chips) 
Seat 4: chinokevin13 ($102.20 in chips) 
Seat 5: Edi131313 ($96.63 in chips) 
Seat 6: ChuckNorrisQ ($100 in chips) 
chinokevin13: posts small blind $0.50
Edi131313: posts big blind $1
*** HOLE CARDS ***
ChuckNorrisQ: folds 
blistein: raises $1.20 to $2.20
iNeverBluff398: folds 
Heskey27: folds 
chinokevin13: folds 
Edi131313: folds 
Uncalled bet ($1.20) returned to blistein
blistein collected $2.50 from pot
blistein: doesn't show hand 
*** SUMMARY ***
Total pot $2.50 | Rake $0 
Seat 1: blistein collected ($2.50)
Seat 2: iNeverBluff398 folded before Flop (didn't bet)
Seat 3: Heskey27 (button) folded before Flop (didn't bet)
Seat 4: chinokevin13 (small blind) folded before Flop
Seat 5: Edi131313 (big blind) folded before Flop
Seat 6: ChuckNorrisQ folded before Flop (didn't bet)



PokerStars Hand #254294303399:  Hold'em No Limit ($0.50/$1.00 USD) - 2025/01/10 13:16:00 WET [2025/01/10 8:16:00 ET]
Table 'Gacrux II' 6-max Seat #4 is the button
Seat 1: blistein ($109.03 in chips) 
Seat 2: iNeverBluff398 ($104.76 in chips) 
Seat 3: Heskey27 ($125 in chips) 
Seat 4: chinokevin13 ($101.70 in chips) 
Seat 5: Edi131313 ($95.63 in chips) 
Seat 6: ChuckNorrisQ ($100 in chips) 
Edi131313: posts small blind $0.50
ChuckNorrisQ: posts big blind $1
*** HOLE CARDS ***
blistein: folds 
iNeverBluff398: folds 
Heskey27: folds 
chinokevin13: raises $1.50 to $2.50
Edi131313: folds 
ChuckNorrisQ: folds 
Uncalled bet ($1.50) returned to chinokevin13
chinokevin13 collected $2.50 from pot
chinokevin13: doesn't show hand 
*** SUMMARY ***
Total pot $2.50 | Rake $0 
Seat 1: blistein folded before Flop (didn't bet)
Seat 2: iNeverBluff398 folded before Flop (didn't bet)
Seat 3: Heskey27 folded before Flop (didn't bet)
Seat 4: chinokevin13 (button) collected ($2.50)
Seat 5: Edi131313 (small blind) folded before Flop
Seat 6: ChuckNorrisQ (big blind) folded before Flop



PokerStars Hand #254294308791:  Hold'em No Limit ($0.50/$1.00 USD) - 2025/01/10 13:16:32 WET [2025/01/10 8:16:32 ET]
Table 'Gacrux II' 6-max Seat #5 is the button
Seat 1: blistein ($109.03 in chips) 
Seat 2: iNeverBluff398 ($104.76 in chips) 
Seat 3: Heskey27 ($125 in chips) 
Seat 4: chinokevin13 ($103.20 in chips) 
Seat 5: Edi131313 ($95.13 in chips) 
Seat 6: ChuckNorrisQ ($100 in chips) 
ChuckNorrisQ: posts small blind $0.50
blistein: posts big blind $1
*** HOLE CARDS ***
iNeverBluff398: raises $1.20 to $2.20
Heskey27: folds 
chinokevin13: folds 
Edi131313: folds 
ChuckNorrisQ: folds 
blistein: calls $1.20
*** FLOP *** [Tc 5h Ah]
blistein: checks 
iNeverBluff398: bets $5.83
blistein: folds 
Uncalled bet ($5.83) returned to iNeverBluff398
iNeverBluff398 collected $4.66 from pot
iNeverBluff398: doesn't show hand 
*** SUMMARY ***
Total pot $4.90 | Rake $0.24 
Board [Tc 5h Ah]
Seat 1: blistein (big blind) folded on the Flop
Seat 2: iNeverBluff398 collected ($4.66)
Seat 3: Heskey27 folded before Flop (didn't bet)
Seat 4: chinokevin13 folded before Flop (didn't bet)
Seat 5: Edi131313 (button) folded before Flop (didn't bet)
Seat 6: ChuckNorrisQ (small blind) folded before Flop



PokerStars Hand #254294314155:  Hold'em No Limit ($0.50/$1.00 USD) - 2025/01/10 13:17:04 WET [2025/01/10 8:17:04 ET]
Table 'Gacrux II' 6-max Seat #6 is the button
Seat 1: blistein ($106.83 in chips) 
Seat 2: iNeverBluff398 ($107.22 in chips) 
Seat 3: Heskey27 ($125 in chips) 
Seat 4: chinokevin13 ($103.20 in chips) 
Seat 5: Edi131313 ($95.13 in chips) 
Seat 6: ChuckNorrisQ ($100 in chips) 
blistein: posts small blind $0.50
iNeverBluff398: posts big blind $1
*** HOLE CARDS ***
Heskey27: folds 
chinokevin13: raises $1.20 to $2.20
Edi131313: calls $2.20
ChuckNorrisQ: folds 
blistein: folds 
iNeverBluff398: raises $10.80 to $13
chinokevin13: folds 
Edi131313: folds 
Uncalled bet ($10.80) returned to iNeverBluff398
iNeverBluff398 collected $7.10 from pot
iNeverBluff398: doesn't show hand 
*** SUMMARY ***
Total pot $7.10 | Rake $0 
Seat 1: blistein (small blind) folded before Flop
Seat 2: iNeverBluff398 (big blind) collected ($7.10)
Seat 3: Heskey27 folded before Flop (didn't bet)
Seat 4: chinokevin13 folded before Flop
Seat 5: Edi131313 folded before Flop
Seat 6: ChuckNorrisQ (button) folded before Flop (didn't bet)



PokerStars Hand #254294319677:  Hold'em No Limit ($0.50/$1.00 USD) - 2025/01/10 13:17:37 WET [2025/01/10 8:17:37 ET]
Table 'Gacrux II' 6-max Seat #1 is the button
Seat 1: blistein ($106.33 in chips) 
Seat 2: iNeverBluff398 ($112.12 in chips) 
Seat 3: Heskey27 ($125 in chips) 
Seat 4: chinokevin13 ($101 in chips) 
Seat 5: Edi131313 ($92.93 in chips) 
Seat 6: ChuckNorrisQ ($100 in chips) 
iNeverBluff398: posts small blind $0.50
Heskey27: posts big blind $1
*** HOLE CARDS ***
chinokevin13: folds 
Edi131313: folds 
ChuckNorrisQ: folds 
blistein: folds 
iNeverBluff398: raises $2 to $3
Heskey27: folds 
Uncalled bet ($2) returned to iNeverBluff398
iNeverBluff398 collected $2 from pot
iNeverBluff398: doesn't show hand 
*** SUMMARY ***
Total pot $2 | Rake $0 
Seat 1: blistein (button) folded before Flop (didn't bet)
Seat 2: iNeverBluff398 (small blind) collected ($2)
Seat 3: Heskey27 (big blind) folded before Flop
Seat 4: chinokevin13 folded before Flop (didn't bet)
Seat 5: Edi131313 folded before Flop (didn't bet)
Seat 6: ChuckNorrisQ folded before Flop (didn't bet)



PokerStars Hand #254294321637:  Hold'em No Limit ($0.50/$1.00 USD) - 2025/01/10 13:17:49 WET [2025/01/10 8:17:49 ET]
Table 'Gacrux II' 6-max Seat #2 is the button
Seat 1: blistein ($106.33 in chips) 
Seat 2: iNeverBluff398 ($113.12 in chips) 
Seat 3: Heskey27 ($124 in chips) 
Seat 4: chinokevin13 ($101 in chips) 
Seat 5: Edi131313 ($92.93 in chips) 
Seat 6: ChuckNorrisQ ($100 in chips) 
Heskey27: posts small blind $0.50
chinokevin13: posts big blind $1
*** HOLE CARDS ***
Edi131313: folds 
ChuckNorrisQ: folds 
blistein: raises $1.30 to $2.30
iNeverBluff398: folds 
Heskey27: raises $7.70 to $10
chinokevin13: folds 
blistein: folds 
Uncalled bet ($7.70) returned to Heskey27
Heskey27 collected $5.60 from pot
Heskey27: doesn't show hand 
*** SUMMARY ***
Total pot $5.60 | Rake $0 
Seat 1: blistein folded before Flop
Seat 2: iNeverBluff398 (button) folded before Flop (didn't bet)
Seat 3: Heskey27 (small blind) collected ($5.60)
Seat 4: chinokevin13 (big blind) folded before Flop
Seat 5: Edi131313 folded before Flop (didn't bet)
Seat 6: ChuckNorrisQ folded before Flop (didn't bet)



PokerStars Hand #254294327025:  Hold'em No Limit ($0.50/$1.00 USD) - 2025/01/10 13:18:22 WET [2025/01/10 8:18:22 ET]
Table 'Gacrux II' 6-max Seat #3 is the button
Seat 1: blistein ($104.03 in chips) 
Seat 2: iNeverBluff398 ($113.12 in chips) 
Seat 3: Heskey27 ($127.30 in chips) 
Seat 4: chinokevin13 ($100 in chips) 
Seat 5: Edi131313 ($92.93 in chips) 
Seat 6: ChuckNorrisQ ($100 in chips) 
chinokevin13: posts small blind $0.50
Edi131313: posts big blind $1
*** HOLE CARDS ***
ChuckNorrisQ: raises $1 to $2
blistein: folds 
iNeverBluff398: folds 
Heskey27: folds 
chinokevin13: folds 
Edi131313: calls $1
*** FLOP *** [7d 9s 2c]
Edi131313: checks 
ChuckNorrisQ: bets $1.41
Edi131313: calls $1.41
*** TURN *** [7d 9s 2c] [Qh]
Edi131313: checks 
ChuckNorrisQ: bets $7
Edi131313: calls $7
*** RIVER *** [7d 9s 2c Qh] [Ks]
Edi131313: checks 
ChuckNorrisQ: bets $20
Edi131313: calls $20
*** SHOW DOWN ***
ChuckNorrisQ: shows [4c Ac] (high card Ace)
Edi131313: shows [Kh Th] (a pair of Kings)
Edi131313 collected $58.82 from pot
*** SUMMARY ***
Total pot $61.32 | Rake $2.50 
Board [7d 9s 2c Qh Ks]
Seat 1: blistein folded before Flop (didn't bet)
Seat 2: iNeverBluff398 folded before Flop (didn't bet)
Seat 3: Heskey27 (button) folded before Flop (didn't bet)
Seat 4: chinokevin13 (small blind) folded before Flop
Seat 5: Edi131313 (big blind) showed [Kh Th] and won ($58.82) with a pair of Kings
Seat 6: ChuckNorrisQ showed [4c Ac] and lost with high card Ace



PokerStars Hand #254294335667:  Hold'em No Limit ($0.50/$1.00 USD) - 2025/01/10 13:19:13 WET [2025/01/10 8:19:13 ET]
Table 'Gacrux II' 6-max Seat #4 is the button
Seat 1: blistein ($104.03 in chips) 
Seat 2: iNeverBluff398 ($113.12 in chips) 
Seat 3: Heskey27 ($127.30 in chips) 
Seat 4: chinokevin13 ($100 in chips) 
Seat 5: Edi131313 ($121.34 in chips) 
Seat 6: ChuckNorrisQ ($100 in chips) 
Edi131313: posts small blind $0.50
ChuckNorrisQ: posts big blind $1
*** HOLE CARDS ***
blistein: folds 
iNeverBluff398: folds 
Heskey27: raises $1.20 to $2.20
chinokevin13: folds 
Edi131313: folds 
ChuckNorrisQ: calls $1.20
*** FLOP *** [4s 7c 2c]
ChuckNorrisQ: checks 
Heskey27: bets $3
ChuckNorrisQ: folds 
Uncalled bet ($3) returned to Heskey27
Heskey27 collected $4.66 from pot
Heskey27: doesn't show hand 
*** SUMMARY ***
Total pot $4.90 | Rake $0.24 
Board [4s 7c 2c]
Seat 1: blistein folded before Flop (didn't bet)
Seat 2: iNeverBluff398 folded before Flop (didn't bet)
Seat 3: Heskey27 collected ($4.66)
Seat 4: chinokevin13 (button) folded before Flop (didn't bet)
Seat 5: Edi131313 (small blind) folded before Flop
Seat 6: ChuckNorrisQ (big blind) folded on the Flop



PokerStars Hand #254294340692:  Hold'em No Limit ($0.50/$1.00 USD) - 2025/01/10 13:19:43 WET [2025/01/10 8:19:43 ET]
Table 'Gacrux II' 6-max Seat #5 is the button
Seat 1: blistein ($104.03 in chips) 
Seat 2: iNeverBluff398 ($113.12 in chips) 
Seat 3: Heskey27 ($129.76 in chips) 
Seat 4: chinokevin13 ($100 in chips) 
Seat 5: Edi131313 ($120.84 in chips) 
Seat 6: ChuckNorrisQ ($100 in chips) 
ChuckNorrisQ: posts small blind $0.50
blistein: posts big blind $1
*** HOLE CARDS ***
iNeverBluff398: folds 
Heskey27: folds 
chinokevin13: raises $1.50 to $2.50
Edi131313: folds 
ChuckNorrisQ: folds 
blistein: folds 
Uncalled bet ($1.50) returned to chinokevin13
chinokevin13 collected $2.50 from pot
chinokevin13: doesn't show hand 
*** SUMMARY ***
Total pot $2.50 | Rake $0 
Seat 1: blistein (big blind) folded before Flop
Seat 2: iNeverBluff398 folded before Flop (didn't bet)
Seat 3: Heskey27 folded before Flop (didn't bet)
Seat 4: chinokevin13 collected ($2.50)
Seat 5: Edi131313 (button) folded before Flop (didn't bet)
Seat 6: ChuckNorrisQ (small blind) folded before Flop



PokerStars Hand #254294343670:  Hold'em No Limit ($0.50/$1.00 USD) - 2025/01/10 13:20:01 WET [2025/01/10 8:20:01 ET]
Table 'Gacrux II' 6-max Seat #6 is the button
Seat 1: blistein ($103.03 in chips) 
Seat 2: iNeverBluff398 ($113.12 in chips) 
Seat 3: Heskey27 ($129.76 in chips) 
Seat 4: chinokevin13 ($101.50 in chips) 
Seat 5: Edi131313 ($120.84 in chips) 
Seat 6: ChuckNorrisQ ($100 in chips) 
blistein: posts small blind $0.50
iNeverBluff398: posts big blind $1
*** HOLE CARDS ***
Heskey27: folds 
chinokevin13: folds 
Edi131313: folds 
ChuckNorrisQ: raises $1.50 to $2.50
blistein: folds 
iNeverBluff398: folds 
Uncalled bet ($1.50) returned to ChuckNorrisQ
ChuckNorrisQ collected $2.50 from pot
ChuckNorrisQ: doesn't show hand 
*** SUMMARY ***
Total pot $2.50 | Rake $0 
Seat 1: blistein (small blind) folded before Flop
Seat 2: iNeverBluff398 (big blind) folded before Flop
Seat 3: Heskey27 folded before Flop (didn't bet)
Seat 4: chinokevin13 folded before Flop (didn't bet)
Seat 5: Edi131313 folded before Flop (didn't bet)
Seat 6: ChuckNorrisQ (button) collected ($2.50)



PokerStars Hand #254294346531:  Hold'em No Limit ($0.50/$1.00 USD) - 2025/01/10 13:20:18 WET [2025/01/10 8:20:18 ET]
Table 'Gacrux II' 6-max Seat #1 is the button
Seat 1: blistein ($102.53 in chips) 
Seat 2: iNeverBluff398 ($112.12 in chips) 
Seat 3: Heskey27 ($129.76 in chips) 
Seat 4: chinokevin13 ($101.50 in chips) 
Seat 5: Edi131313 ($120.84 in chips) 
Seat 6: ChuckNorrisQ ($101.50 in chips) 
iNeverBluff398: posts small blind $0.50
Heskey27: posts big blind $1
*** HOLE CARDS ***
chinokevin13: folds 
Edi131313: raises $1 to $2
ChuckNorrisQ: folds 
blistein: folds 
iNeverBluff398: folds 
Heskey27: folds 
Uncalled bet ($1) returned to Edi131313
Edi131313 collected $2.50 from pot
Edi131313: doesn't show hand 
*** SUMMARY ***
Total pot $2.50 | Rake $0 
Seat 1: blistein (button) folded before Flop (didn't bet)
Seat 2: iNeverBluff398 (small blind) folded before Flop
Seat 3: Heskey27 (big blind) folded before Flop
Seat 4: chinokevin13 folded before Flop (didn't bet)
Seat 5: Edi131313 collected ($2.50)
Seat 6: ChuckNorrisQ folded before Flop (didn't bet)



PokerStars Hand #254294348559:  Hold'em No Limit ($0.50/$1.00 USD) - 2025/01/10 13:20:30 WET [2025/01/10 8:20:30 ET]
Table 'Gacrux II' 6-max Seat #2 is the button
Seat 1: blistein ($102.53 in chips) 
Seat 2: iNeverBluff398 ($111.62 in chips) 
Seat 3: Heskey27 ($128.76 in chips) 
Seat 4: chinokevin13 ($101.50 in chips) 
Seat 5: Edi131313 ($122.34 in chips) 
Seat 6: ChuckNorrisQ ($101.50 in chips) 
Heskey27: posts small blind $0.50
chinokevin13: posts big blind $1
*** HOLE CARDS ***
Edi131313: folds 
ChuckNorrisQ: folds 
blistein: folds 
iNeverBluff398: raises $1.20 to $2.20
Heskey27: folds 
chinokevin13: folds 
Uncalled bet ($1.20) returned to iNeverBluff398
iNeverBluff398 collected $2.50 from pot
iNeverBluff398: doesn't show hand 
*** SUMMARY ***
Total pot $2.50 | Rake $0 
Seat 1: blistein folded before Flop (didn't bet)
Seat 2: iNeverBluff398 (button) collected ($2.50)
Seat 3: Heskey27 (small blind) folded before Flop
Seat 4: chinokevin13 (big blind) folded before Flop
Seat 5: Edi131313 folded before Flop (didn't bet)
Seat 6: ChuckNorrisQ folded before Flop (didn't bet)



PokerStars Hand #254294351823:  Hold'em No Limit ($0.50/$1.00 USD) - 2025/01/10 13:20:49 WET [2025/01/10 8:20:49 ET]
Table 'Gacrux II' 6-max Seat #3 is the button
Seat 1: blistein ($102.53 in chips) 
Seat 2: iNeverBluff398 ($113.12 in chips) 
Seat 3: Heskey27 ($128.26 in chips) 
Seat 4: chinokevin13 ($100.50 in chips) 
Seat 5: Edi131313 ($122.34 in chips) 
Seat 6: ChuckNorrisQ ($101.50 in chips) 
chinokevin13: posts small blind $0.50
Edi131313: posts big blind $1
*** HOLE CARDS ***
ChuckNorrisQ: folds 
blistein: folds 
iNeverBluff398: folds 
Heskey27: raises $1.50 to $2.50
chinokevin13: folds 
Edi131313: raises $12.54 to $15.04
Heskey27: calls $12.54
*** FLOP *** [4d Td 8s]
Edi131313: bets $14.53
Heskey27: calls $14.53
*** TURN *** [4d Td 8s] [6c]
Edi131313: checks 
Heskey27: checks 
*** RIVER *** [4d Td 8s 6c] [3d]
Edi131313: bets $1
Heskey27: calls $1
*** SHOW DOWN ***
Edi131313: shows [Kh Kd] (a pair of Kings)
Heskey27: mucks hand 
Edi131313 collected $59.14 from pot
*** SUMMARY ***
Total pot $61.64 | Rake $2.50 
Board [4d Td 8s 6c 3d]
Seat 1: blistein folded before Flop (didn't bet)
Seat 2: iNeverBluff398 folded before Flop (didn't bet)
Seat 3: Heskey27 (button) mucked
Seat 4: chinokevin13 (small blind) folded before Flop
Seat 5: Edi131313 (big blind) showed [Kh Kd] and won ($59.14) with a pair of Kings
Seat 6: ChuckNorrisQ folded before Flop (didn't bet)



PokerStars Hand #254294361378:  Hold'em No Limit ($0.50/$1.00 USD) - 2025/01/10 13:21:46 WET [2025/01/10 8:21:46 ET]
Table 'Gacrux II' 6-max Seat #4 is the button
Seat 1: blistein ($102.53 in chips) 
Seat 2: iNeverBluff398 ($113.12 in chips) 
Seat 3: Heskey27 ($100 in chips) 
Seat 4: chinokevin13 ($100 in chips) 
Seat 5: Edi131313 ($150.91 in chips) 
Seat 6: ChuckNorrisQ ($101.50 in chips) 
Edi131313: posts small blind $0.50
ChuckNorrisQ: posts big blind $1
*** HOLE CARDS ***
blistein: raises $1.20 to $2.20
iNeverBluff398: folds 
Heskey27: folds 
chinokevin13: folds 
Edi131313: folds 
ChuckNorrisQ: calls $1.20
*** FLOP *** [7d Td 8c]
ChuckNorrisQ: checks 
blistein: checks 
*** TURN *** [7d Td 8c] [Jc]
ChuckNorrisQ: checks 
blistein: checks 
*** RIVER *** [7d Td 8c Jc] [3s]
ChuckNorrisQ: bets $1.54
blistein: folds 
Uncalled bet ($1.54) returned to ChuckNorrisQ
ChuckNorrisQ collected $4.66 from pot
ChuckNorrisQ: doesn't show hand 
*** SUMMARY ***
Total pot $4.90 | Rake $0.24 
Board [7d Td 8c Jc 3s]
Seat 1: blistein folded on the River
Seat 2: iNeverBluff398 folded before Flop (didn't bet)
Seat 3: Heskey27 folded before Flop (didn't bet)
Seat 4: chinokevin13 (button) folded before Flop (didn't bet)
Seat 5: Edi131313 (small blind) folded before Flop
Seat 6: ChuckNorrisQ (big blind) collected ($4.66)



PokerStars Hand #254294370154:  Hold'em No Limit ($0.50/$1.00 USD) - 2025/01/10 13:22:39 WET [2025/01/10 8:22:39 ET]
Table 'Gacrux II' 6-max Seat #5 is the button
Seat 1: blistein ($100.33 in chips) 
Seat 2: iNeverBluff398 ($113.12 in chips) 
Seat 3: Heskey27 ($100 in chips) 
Seat 4: chinokevin13 ($100 in chips) 
Seat 5: Edi131313 ($150.41 in chips) 
Seat 6: ChuckNorrisQ ($103.96 in chips) 
ChuckNorrisQ: posts small blind $0.50
blistein: posts big blind $1
*** HOLE CARDS ***
iNeverBluff398: folds 
Heskey27: folds 
chinokevin13: folds 
Edi131313: raises $1 to $2
ChuckNorrisQ: folds 
blistein: calls $1
*** FLOP *** [Ah Ks Qd]
blistein: checks 
Edi131313: checks 
*** TURN *** [Ah Ks Qd] [4h]
blistein: bets $3.21
Edi131313: calls $3.21
*** RIVER *** [Ah Ks Qd 4h] [8d]
blistein: bets $5.19
Edi131313: calls $5.19
*** SHOW DOWN ***
blistein: shows [As 5h] (a pair of Aces)
Edi131313: shows [Ad Td] (a pair of Aces - King+Queen+Ten kicker)
Edi131313 collected $20.24 from pot
*** SUMMARY ***
Total pot $21.30 | Rake $1.06 
Board [Ah Ks Qd 4h 8d]
Seat 1: blistein (big blind) showed [As 5h] and lost with a pair of Aces
Seat 2: iNeverBluff398 folded before Flop (didn't bet)
Seat 3: Heskey27 folded before Flop (didn't bet)
Seat 4: chinokevin13 folded before Flop (didn't bet)
Seat 5: Edi131313 (button) showed [Ad Td] and won ($20.24) with a pair of Aces
Seat 6: ChuckNorrisQ (small blind) folded before Flop



PokerStars Hand #254294374937:  Hold'em No Limit ($0.50/$1.00 USD) - 2025/01/10 13:23:07 WET [2025/01/10 8:23:07 ET]
Table 'Gacrux II' 6-max Seat #6 is the button
Seat 1: blistein ($100 in chips) 
Seat 2: iNeverBluff398 ($113.12 in chips) 
Seat 3: Heskey27 ($100 in chips) 
Seat 4: chinokevin13 ($100 in chips) 
Seat 5: Edi131313 ($160.25 in chips) 
Seat 6: ChuckNorrisQ ($103.46 in chips) 
blistein: posts small blind $0.50
iNeverBluff398: posts big blind $1
*** HOLE CARDS ***
Heskey27: folds 
chinokevin13: folds 
Edi131313: folds 
ChuckNorrisQ: raises $1.50 to $2.50
blistein: folds 
iNeverBluff398: raises $8.50 to $11
ChuckNorrisQ: folds 
Uncalled bet ($8.50) returned to iNeverBluff398
iNeverBluff398 collected $5.50 from pot
iNeverBluff398: doesn't show hand 
*** SUMMARY ***
Total pot $5.50 | Rake $0 
Seat 1: blistein (small blind) folded before Flop
Seat 2: iNeverBluff398 (big blind) collected ($5.50)
Seat 3: Heskey27 folded before Flop (didn't bet)
Seat 4: chinokevin13 folded before Flop (didn't bet)
Seat 5: Edi131313 folded before Flop (didn't bet)
Seat 6: ChuckNorrisQ (button) folded before Flop



PokerStars Hand #254294378297:  Hold'em No Limit ($0.50/$1.00 USD) - 2025/01/10 13:23:27 WET [2025/01/10 8:23:27 ET]
Table 'Gacrux II' 6-max Seat #1 is the button
Seat 1: blistein ($100 in chips) 
Seat 2: iNeverBluff398 ($116.12 in chips) 
Seat 3: Heskey27 ($100 in chips) 
Seat 4: chinokevin13 ($100 in chips) 
Seat 5: Edi131313 ($160.25 in chips) 
Seat 6: ChuckNorrisQ ($100.96 in chips) 
iNeverBluff398: posts small blind $0.50
Heskey27: posts big blind $1
*** HOLE CARDS ***
chinokevin13: folds 
Edi131313: folds 
ChuckNorrisQ: raises $1.30 to $2.30
blistein: raises $4.70 to $7
iNeverBluff398: folds 
Heskey27: folds 
ChuckNorrisQ: folds 
Uncalled bet ($4.70) returned to blistein
blistein collected $6.10 from pot
blistein: doesn't show hand 
*** SUMMARY ***
Total pot $6.10 | Rake $0 
Seat 1: blistein (button) collected ($6.10)
Seat 2: iNeverBluff398 (small blind) folded before Flop
Seat 3: Heskey27 (big blind) folded before Flop
Seat 4: chinokevin13 folded before Flop (didn't bet)
Seat 5: Edi131313 folded before Flop (didn't bet)
Seat 6: ChuckNorrisQ folded before Flop



PokerStars Hand #254294382181:  Hold'em No Limit ($0.50/$1.00 USD) - 2025/01/10 13:23:51 WET [2025/01/10 8:23:51 ET]
Table 'Gacrux II' 6-max Seat #2 is the button
Seat 1: blistein ($103.80 in chips) 
Seat 2: iNeverBluff398 ($115.62 in chips) 
Seat 3: Heskey27 ($100 in chips) 
Seat 4: chinokevin13 ($100 in chips) 
Seat 5: Edi131313 ($160.25 in chips) 
Seat 6: ChuckNorrisQ ($100 in chips) 
Heskey27: posts small blind $0.50
chinokevin13: posts big blind $1
*** HOLE CARDS ***
Edi131313: folds 
ChuckNorrisQ: folds 
blistein: raises $1.30 to $2.30
Edi131313 leaves the table
iNeverBluff398: raises $5.20 to $7.50
Heskey27: folds 
chinokevin13: folds 
blistein: raises $12.50 to $20
iNeverBluff398: folds 
Uncalled bet ($12.50) returned to blistein
blistein collected $16.50 from pot
blistein: doesn't show hand 
*** SUMMARY ***
Total pot $16.50 | Rake $0 
Seat 1: blistein collected ($16.50)
Seat 2: iNeverBluff398 (button) folded before Flop
Seat 3: Heskey27 (small blind) folded before Flop
Seat 4: chinokevin13 (big blind) folded before Flop
Seat 5: Edi131313 folded before Flop (didn't bet)
Seat 6: ChuckNorrisQ folded before Flop (didn't bet)



PokerStars Hand #254294389333:  Hold'em No Limit ($0.50/$1.00 USD) - 2025/01/10 13:24:33 WET [2025/01/10 8:24:33 ET]
Table 'Gacrux II' 6-max Seat #3 is the button
Seat 1: blistein ($112.80 in chips) 
Seat 2: iNeverBluff398 ($108.12 in chips) 
Seat 3: Heskey27 ($100 in chips) 
Seat 4: chinokevin13 ($100 in chips) 
Seat 6: ChuckNorrisQ ($100 in chips) 
chinokevin13: posts small blind $0.50
ChuckNorrisQ: posts big blind $1
*** HOLE CARDS ***
blistein: folds 
iNeverBluff398: folds 
Heskey27: raises $1.50 to $2.50
chinokevin13: folds 
ChuckNorrisQ: raises $9.50 to $12
Heskey27: raises $13 to $25
ChuckNorrisQ: folds 
Uncalled bet ($13) returned to Heskey27
Heskey27 collected $24.50 from pot
Heskey27: doesn't show hand 
*** SUMMARY ***
Total pot $24.50 | Rake $0 
Seat 1: blistein folded before Flop (didn't bet)
Seat 2: iNeverBluff398 folded before Flop (didn't bet)
Seat 3: Heskey27 (button) collected ($24.50)
Seat 4: chinokevin13 (small blind) folded before Flop
Seat 6: ChuckNorrisQ (big blind) folded before Flop



