PokerStars Hand #254293010882:  Hold'em No Limit ($0.50/$1.00 USD) - 2025/01/10 10:37:55 WET [2025/01/10 5:37:55 ET]
Table 'Prudentia II' 6-max Seat #6 is the button
Seat 1: G.HANSEN333 ($135.33 in chips) 
Seat 2: saimon 945 ($111.39 in chips) 
Seat 3: jeffy27dt1 ($100 in chips) 
Seat 4: magzi777 ($100.50 in chips) 
Seat 5: socito ($100 in chips) 
Seat 6: pmeade1977 ($93.01 in chips) 
G.HANSEN333: posts small blind $0.50
saimon 945: posts big blind $1
*** HOLE CARDS ***
jeffy27dt1: folds 
magzi777: folds 
socito: folds 
pmeade1977: folds 
G.HANSEN333: raises $2 to $3
saimon 945: calls $2
*** FLOP *** [6d Qd 4d]
G.HANSEN333: checks 
saimon 945: bets $2.85
G.HANSEN333: folds 
Uncalled bet ($2.85) returned to saimon 945
saimon 945 collected $5.70 from pot
*** SUMMARY ***
Total pot $6 | Rake $0.30 
Board [6d Qd 4d]
Seat 1: G.HANSEN333 (small blind) folded on the Flop
Seat 2: saimon 945 (big blind) collected ($5.70)
Seat 3: jeffy27dt1 folded before Flop (didn't bet)
Seat 4: magzi777 folded before Flop (didn't bet)
Seat 5: socito folded before Flop (didn't bet)
Seat 6: pmeade1977 (button) folded before Flop (didn't bet)



PokerStars Hand #254293016602:  Hold'em No Limit ($0.50/$1.00 USD) - 2025/01/10 10:38:43 WET [2025/01/10 5:38:43 ET]
Table 'Prudentia II' 6-max Seat #1 is the button
Seat 1: G.HANSEN333 ($132.33 in chips) 
Seat 2: saimon 945 ($114.09 in chips) 
Seat 3: jeffy27dt1 ($100 in chips) 
Seat 4: magzi777 ($100.50 in chips) 
Seat 5: socito ($100 in chips) 
Seat 6: pmeade1977 ($93.01 in chips) 
saimon 945: posts small blind $0.50
jeffy27dt1: posts big blind $1
*** HOLE CARDS ***
magzi777: folds 
socito: folds 
pmeade1977: folds 
G.HANSEN333: raises $1.50 to $2.50
saimon 945: calls $2
jeffy27dt1: raises $11.50 to $14
G.HANSEN333: folds 
saimon 945: folds 
Uncalled bet ($11.50) returned to jeffy27dt1
jeffy27dt1 collected $7.50 from pot
jeffy27dt1: doesn't show hand 
*** SUMMARY ***
Total pot $7.50 | Rake $0 
Seat 1: G.HANSEN333 (button) folded before Flop
Seat 2: saimon 945 (small blind) folded before Flop
Seat 3: jeffy27dt1 (big blind) collected ($7.50)
Seat 4: magzi777 folded before Flop (didn't bet)
Seat 5: socito folded before Flop (didn't bet)
Seat 6: pmeade1977 folded before Flop (didn't bet)



PokerStars Hand #254293023039:  Hold'em No Limit ($0.50/$1.00 USD) - 2025/01/10 10:39:37 WET [2025/01/10 5:39:37 ET]
Table 'Prudentia II' 6-max Seat #2 is the button
Seat 1: G.HANSEN333 ($129.83 in chips) 
Seat 2: saimon 945 ($111.59 in chips) 
Seat 3: jeffy27dt1 ($105 in chips) 
Seat 4: magzi777 ($100.50 in chips) 
Seat 5: socito ($100 in chips) 
Seat 6: pmeade1977 ($93.01 in chips) 
jeffy27dt1: posts small blind $0.50
magzi777: posts big blind $1
*** HOLE CARDS ***
socito: folds 
pmeade1977: calls $1
G.HANSEN333: raises $2.50 to $3.50
saimon 945: folds 
jeffy27dt1: folds 
magzi777: folds 
pmeade1977: calls $2.50
*** FLOP *** [4d 6h 4c]
pmeade1977: bets $2
G.HANSEN333: calls $2
*** TURN *** [4d 6h 4c] [8s]
pmeade1977: checks 
G.HANSEN333: bets $8.91
pmeade1977: folds 
Uncalled bet ($8.91) returned to G.HANSEN333
G.HANSEN333 collected $11.88 from pot
G.HANSEN333: doesn't show hand 
*** SUMMARY ***
Total pot $12.50 | Rake $0.62 
Board [4d 6h 4c 8s]
Seat 1: G.HANSEN333 collected ($11.88)
Seat 2: saimon 945 (button) folded before Flop (didn't bet)
Seat 3: jeffy27dt1 (small blind) folded before Flop
Seat 4: magzi777 (big blind) folded before Flop
Seat 5: socito folded before Flop (didn't bet)
Seat 6: pmeade1977 folded on the Turn



PokerStars Hand #254293030035:  Hold'em No Limit ($0.50/$1.00 USD) - 2025/01/10 10:40:35 WET [2025/01/10 5:40:35 ET]
Table 'Prudentia II' 6-max Seat #3 is the button
Seat 1: G.HANSEN333 ($136.21 in chips) 
Seat 2: saimon 945 ($111.59 in chips) 
Seat 3: jeffy27dt1 ($104.50 in chips) 
Seat 4: magzi777 ($100 in chips) 
Seat 5: socito ($100 in chips) 
Seat 6: pmeade1977 ($87.51 in chips) 
magzi777: posts small blind $0.50
socito: posts big blind $1
*** HOLE CARDS ***
pmeade1977: folds 
G.HANSEN333: raises $1.50 to $2.50
saimon 945: raises $2.50 to $5
jeffy27dt1: folds 
magzi777: folds 
socito: folds 
G.HANSEN333: calls $2.50
*** FLOP *** [9s 2s 8d]
G.HANSEN333: checks 
saimon 945: bets $5.46
G.HANSEN333: folds 
Uncalled bet ($5.46) returned to saimon 945
saimon 945 collected $10.92 from pot
*** SUMMARY ***
Total pot $11.50 | Rake $0.58 
Board [9s 2s 8d]
Seat 1: G.HANSEN333 folded on the Flop
Seat 2: saimon 945 collected ($10.92)
Seat 3: jeffy27dt1 (button) folded before Flop (didn't bet)
Seat 4: magzi777 (small blind) folded before Flop
Seat 5: socito (big blind) folded before Flop
Seat 6: pmeade1977 folded before Flop (didn't bet)



PokerStars Hand #254293034383:  Hold'em No Limit ($0.50/$1.00 USD) - 2025/01/10 10:41:12 WET [2025/01/10 5:41:12 ET]
Table 'Prudentia II' 6-max Seat #4 is the button
Seat 1: G.HANSEN333 ($131.21 in chips) 
Seat 2: saimon 945 ($117.51 in chips) 
Seat 3: jeffy27dt1 ($104.50 in chips) 
Seat 4: magzi777 ($100 in chips) 
Seat 5: socito ($100 in chips) 
Seat 6: pmeade1977 ($87.51 in chips) 
socito: posts small blind $0.50
pmeade1977: posts big blind $1
*** HOLE CARDS ***
G.HANSEN333: folds 
saimon 945: raises $1 to $2
jeffy27dt1: raises $5.50 to $7.50
magzi777: folds 
socito: folds 
pmeade1977: folds 
saimon 945: calls $5.50
*** FLOP *** [8h Tc Ts]
saimon 945: checks 
jeffy27dt1: bets $7.85
saimon 945: calls $7.85
*** TURN *** [8h Tc Ts] [Kh]
saimon 945: checks 
jeffy27dt1: bets $22.95
saimon 945: folds 
Uncalled bet ($22.95) returned to jeffy27dt1
jeffy27dt1 collected $30.59 from pot
jeffy27dt1: doesn't show hand 
*** SUMMARY ***
Total pot $32.20 | Rake $1.61 
Board [8h Tc Ts Kh]
Seat 1: G.HANSEN333 folded before Flop (didn't bet)
Seat 2: saimon 945 folded on the Turn
Seat 3: jeffy27dt1 collected ($30.59)
Seat 4: magzi777 (button) folded before Flop (didn't bet)
Seat 5: socito (small blind) folded before Flop
Seat 6: pmeade1977 (big blind) folded before Flop



PokerStars Hand #254293042827:  Hold'em No Limit ($0.50/$1.00 USD) - 2025/01/10 10:42:23 WET [2025/01/10 5:42:23 ET]
Table 'Prudentia II' 6-max Seat #5 is the button
Seat 6: pmeade1977 ($86.51 in chips) is sitting out
Seat 1: G.HANSEN333 ($131.21 in chips) 
Seat 2: saimon 945 ($102.16 in chips) 
Seat 3: jeffy27dt1 ($119.74 in chips) 
Seat 4: magzi777 ($100 in chips) 
Seat 5: socito ($100 in chips) 
G.HANSEN333: posts small blind $0.50
saimon 945: posts big blind $1
*** HOLE CARDS ***
jeffy27dt1: raises $1.50 to $2.50
magzi777: folds 
socito: raises $5 to $7.50
G.HANSEN333: folds 
pmeade1977 is disconnected 
saimon 945: folds 
jeffy27dt1: folds 
Uncalled bet ($5) returned to socito
socito collected $6.50 from pot
socito: doesn't show hand 
*** SUMMARY ***
Total pot $6.50 | Rake $0 
Seat 6: pmeade1977
Seat 1: G.HANSEN333 (small blind) folded before Flop
Seat 2: saimon 945 (big blind) folded before Flop
Seat 3: jeffy27dt1 folded before Flop
Seat 4: magzi777 folded before Flop (didn't bet)
Seat 5: socito (button) collected ($6.50)



PokerStars Hand #254293045418:  Hold'em No Limit ($0.50/$1.00 USD) - 2025/01/10 10:42:44 WET [2025/01/10 5:42:44 ET]
Table 'Prudentia II' 6-max Seat #1 is the button
Seat 6: pmeade1977 ($86.51 in chips) is sitting out
Seat 1: G.HANSEN333 ($130.71 in chips) 
Seat 2: saimon 945 ($101.16 in chips) 
Seat 3: jeffy27dt1 ($117.24 in chips) 
Seat 4: magzi777 ($100 in chips) 
Seat 5: socito ($104 in chips) 
saimon 945: posts small blind $0.50
jeffy27dt1: posts big blind $1
*** HOLE CARDS ***
magzi777: folds 
socito: folds 
G.HANSEN333: raises $1.50 to $2.50
saimon 945: calls $2
jeffy27dt1: calls $1.50
*** FLOP *** [7c Qh 8s]
saimon 945: checks 
jeffy27dt1: checks 
G.HANSEN333: bets $4.63
saimon 945: calls $4.63
jeffy27dt1: calls $4.63
*** TURN *** [7c Qh 8s] [5c]
saimon 945: checks 
jeffy27dt1: checks 
G.HANSEN333: checks 
*** RIVER *** [7c Qh 8s 5c] [Jc]
saimon 945: checks 
jeffy27dt1: checks 
G.HANSEN333: checks 
*** SHOW DOWN ***
saimon 945: shows [Kc 9c] (a flush, King high)
jeffy27dt1: mucks hand 
G.HANSEN333: mucks hand 
saimon 945 collected $20.32 from pot
*** SUMMARY ***
Total pot $21.39 | Rake $1.07 
Board [7c Qh 8s 5c Jc]
Seat 6: pmeade1977
Seat 1: G.HANSEN333 (button) mucked
Seat 2: saimon 945 (small blind) showed [Kc 9c] and won ($20.32) with a flush, King high
Seat 3: jeffy27dt1 (big blind) mucked
Seat 4: magzi777 folded before Flop (didn't bet)
Seat 5: socito folded before Flop (didn't bet)



PokerStars Hand #254293055987:  Hold'em No Limit ($0.50/$1.00 USD) - 2025/01/10 10:44:12 WET [2025/01/10 5:44:12 ET]
Table 'Prudentia II' 6-max Seat #2 is the button
Seat 6: pmeade1977 ($86.51 in chips) is sitting out
Seat 1: G.HANSEN333 ($123.58 in chips) 
Seat 2: saimon 945 ($114.35 in chips) 
Seat 3: jeffy27dt1 ($110.11 in chips) 
Seat 4: magzi777 ($100 in chips) 
Seat 5: socito ($104 in chips) 
jeffy27dt1: posts small blind $0.50
magzi777: posts big blind $1
*** HOLE CARDS ***
socito: folds 
G.HANSEN333: folds 
saimon 945: raises $2 to $3
jeffy27dt1: raises $9 to $12
magzi777: folds 
saimon 945: raises $102.35 to $114.35 and is all-in
jeffy27dt1: folds 
Uncalled bet ($102.35) returned to saimon 945
saimon 945 collected $25 from pot
*** SUMMARY ***
Total pot $25 | Rake $0 
Seat 6: pmeade1977
Seat 1: G.HANSEN333 folded before Flop (didn't bet)
Seat 2: saimon 945 (button) collected ($25)
Seat 3: jeffy27dt1 (small blind) folded before Flop
Seat 4: magzi777 (big blind) folded before Flop
Seat 5: socito folded before Flop (didn't bet)



PokerStars Hand #254293060286:  Hold'em No Limit ($0.50/$1.00 USD) - 2025/01/10 10:44:48 WET [2025/01/10 5:44:48 ET]
Table 'Prudentia II' 6-max Seat #3 is the button
Seat 6: pmeade1977 ($86.51 in chips) is sitting out
Seat 1: G.HANSEN333 ($123.58 in chips) 
Seat 2: saimon 945 ($127.35 in chips) 
Seat 3: jeffy27dt1 ($100 in chips) 
Seat 4: magzi777 ($100 in chips) 
Seat 5: socito ($104 in chips) 
magzi777: posts small blind $0.50
socito: posts big blind $1
*** HOLE CARDS ***
G.HANSEN333: folds 
saimon 945: calls $1
jeffy27dt1: folds 
magzi777: raises $4 to $5
socito: folds 
saimon 945: calls $4
*** FLOP *** [3d 5c Kh]
magzi777: bets $3.50
saimon 945: folds 
Uncalled bet ($3.50) returned to magzi777
magzi777 collected $10.45 from pot
*** SUMMARY ***
Total pot $11 | Rake $0.55 
Board [3d 5c Kh]
Seat 6: pmeade1977
Seat 1: G.HANSEN333 folded before Flop (didn't bet)
Seat 2: saimon 945 folded on the Flop
Seat 3: jeffy27dt1 (button) folded before Flop (didn't bet)
Seat 4: magzi777 (small blind) collected ($10.45)
Seat 5: socito (big blind) folded before Flop



PokerStars Hand #254293063883:  Hold'em No Limit ($0.50/$1.00 USD) - 2025/01/10 10:45:18 WET [2025/01/10 5:45:18 ET]
Table 'Prudentia II' 6-max Seat #4 is the button
Seat 6: pmeade1977 ($86.51 in chips) is sitting out
Seat 1: G.HANSEN333 ($123.58 in chips) 
Seat 2: saimon 945 ($122.35 in chips) 
Seat 3: jeffy27dt1 ($100 in chips) 
Seat 4: magzi777 ($105.45 in chips) 
Seat 5: socito ($103 in chips) 
socito: posts small blind $0.50
G.HANSEN333: posts big blind $1
*** HOLE CARDS ***
saimon 945: folds 
jeffy27dt1: folds 
magzi777: folds 
socito: folds 
Uncalled bet ($0.50) returned to G.HANSEN333
G.HANSEN333 collected $1 from pot
G.HANSEN333: doesn't show hand 
*** SUMMARY ***
Total pot $1 | Rake $0 
Seat 6: pmeade1977
Seat 1: G.HANSEN333 (big blind) collected ($1)
Seat 2: saimon 945 folded before Flop (didn't bet)
Seat 3: jeffy27dt1 folded before Flop (didn't bet)
Seat 4: magzi777 (button) folded before Flop (didn't bet)
Seat 5: socito (small blind) folded before Flop



PokerStars Hand #254293065964:  Hold'em No Limit ($0.50/$1.00 USD) - 2025/01/10 10:45:35 WET [2025/01/10 5:45:35 ET]
Table 'Prudentia II' 6-max Seat #5 is the button
Seat 6: pmeade1977 ($86.51 in chips) is sitting out
Seat 1: G.HANSEN333 ($124.08 in chips) 
Seat 2: saimon 945 ($122.35 in chips) 
Seat 3: jeffy27dt1 ($100 in chips) 
Seat 4: magzi777 ($105.45 in chips) 
Seat 5: socito ($102.50 in chips) 
G.HANSEN333: posts small blind $0.50
saimon 945: posts big blind $1
*** HOLE CARDS ***
jeffy27dt1: folds 
magzi777: raises $1.50 to $2.50
socito: raises $5 to $7.50
G.HANSEN333: folds 
saimon 945: folds 
magzi777: raises $12 to $19.50
socito: folds 
Uncalled bet ($12) returned to magzi777
magzi777 collected $16.50 from pot
*** SUMMARY ***
Total pot $16.50 | Rake $0 
Seat 6: pmeade1977
Seat 1: G.HANSEN333 (small blind) folded before Flop
Seat 2: saimon 945 (big blind) folded before Flop
Seat 3: jeffy27dt1 folded before Flop (didn't bet)
Seat 4: magzi777 collected ($16.50)
Seat 5: socito (button) folded before Flop



PokerStars Hand #254293070575:  Hold'em No Limit ($0.50/$1.00 USD) - 2025/01/10 10:46:13 WET [2025/01/10 5:46:13 ET]
Table 'Prudentia II' 6-max Seat #1 is the button
Seat 6: pmeade1977 ($86.51 in chips) is sitting out
Seat 1: G.HANSEN333 ($123.58 in chips) 
Seat 2: saimon 945 ($121.35 in chips) 
Seat 3: jeffy27dt1 ($100 in chips) 
Seat 4: magzi777 ($114.45 in chips) 
Seat 5: socito ($100 in chips) 
saimon 945: posts small blind $0.50
jeffy27dt1: posts big blind $1
*** HOLE CARDS ***
magzi777: folds 
socito: folds 
G.HANSEN333: raises $1.50 to $2.50
saimon 945: calls $2
jeffy27dt1: calls $1.50
*** FLOP *** [2c 3s 6h]
saimon 945: checks 
jeffy27dt1: checks 
G.HANSEN333: checks 
*** TURN *** [2c 3s 6h] [7d]
saimon 945: bets $3.56
jeffy27dt1: folds 
G.HANSEN333: folds 
Uncalled bet ($3.56) returned to saimon 945
saimon 945 collected $7.12 from pot
*** SUMMARY ***
Total pot $7.50 | Rake $0.38 
Board [2c 3s 6h 7d]
Seat 6: pmeade1977
Seat 1: G.HANSEN333 (button) folded on the Turn
Seat 2: saimon 945 (small blind) collected ($7.12)
Seat 3: jeffy27dt1 (big blind) folded on the Turn
Seat 4: magzi777 folded before Flop (didn't bet)
Seat 5: socito folded before Flop (didn't bet)



PokerStars Hand #254293076910:  Hold'em No Limit ($0.50/$1.00 USD) - 2025/01/10 10:47:05 WET [2025/01/10 5:47:05 ET]
Table 'Prudentia II' 6-max Seat #2 is the button
Seat 6: pmeade1977 ($86.51 in chips) is sitting out
Seat 1: G.HANSEN333 ($121.08 in chips) 
Seat 2: saimon 945 ($125.97 in chips) 
Seat 3: jeffy27dt1 ($100 in chips) 
Seat 4: magzi777 ($114.45 in chips) 
Seat 5: socito ($100 in chips) 
jeffy27dt1: posts small blind $0.50
magzi777: posts big blind $1
*** HOLE CARDS ***
socito: folds 
G.HANSEN333: folds 
saimon 945: folds 
jeffy27dt1: raises $2 to $3
magzi777: folds 
Uncalled bet ($2) returned to jeffy27dt1
jeffy27dt1 collected $2 from pot
jeffy27dt1: doesn't show hand 
*** SUMMARY ***
Total pot $2 | Rake $0 
Seat 6: pmeade1977
Seat 1: G.HANSEN333 folded before Flop (didn't bet)
Seat 2: saimon 945 (button) folded before Flop (didn't bet)
Seat 3: jeffy27dt1 (small blind) collected ($2)
Seat 4: magzi777 (big blind) folded before Flop
Seat 5: socito folded before Flop (didn't bet)



PokerStars Hand #254293078471:  Hold'em No Limit ($0.50/$1.00 USD) - 2025/01/10 10:47:19 WET [2025/01/10 5:47:19 ET]
Table 'Prudentia II' 6-max Seat #3 is the button
Seat 6: pmeade1977 ($86.51 in chips) is sitting out
Seat 1: G.HANSEN333 ($121.08 in chips) 
Seat 2: saimon 945 ($125.97 in chips) 
Seat 3: jeffy27dt1 ($101 in chips) 
Seat 4: magzi777 ($113.45 in chips) 
Seat 5: socito ($100 in chips) 
magzi777: posts small blind $0.50
socito: posts big blind $1
*** HOLE CARDS ***
G.HANSEN333: folds 
saimon 945: folds 
jeffy27dt1: raises $1.50 to $2.50
magzi777: folds 
socito: folds 
Uncalled bet ($1.50) returned to jeffy27dt1
jeffy27dt1 collected $2.50 from pot
jeffy27dt1: doesn't show hand 
*** SUMMARY ***
Total pot $2.50 | Rake $0 
Seat 6: pmeade1977
Seat 1: G.HANSEN333 folded before Flop (didn't bet)
Seat 2: saimon 945 folded before Flop (didn't bet)
Seat 3: jeffy27dt1 (button) collected ($2.50)
Seat 4: magzi777 (small blind) folded before Flop
Seat 5: socito (big blind) folded before Flop



PokerStars Hand #254293081132:  Hold'em No Limit ($0.50/$1.00 USD) - 2025/01/10 10:47:41 WET [2025/01/10 5:47:41 ET]
Table 'Prudentia II' 6-max Seat #4 is the button
Seat 6: pmeade1977 ($86.51 in chips) is sitting out
Seat 1: G.HANSEN333 ($121.08 in chips) 
Seat 2: saimon 945 ($125.97 in chips) 
Seat 3: jeffy27dt1 ($102.50 in chips) 
Seat 4: magzi777 ($112.95 in chips) 
Seat 5: socito ($100 in chips) 
socito: posts small blind $0.50
G.HANSEN333: posts big blind $1
*** HOLE CARDS ***
saimon 945: calls $1
jeffy27dt1: folds 
magzi777: folds 
socito: folds 
G.HANSEN333: checks 
*** FLOP *** [2h 6c 2d]
G.HANSEN333: checks 
saimon 945: checks 
*** TURN *** [2h 6c 2d] [Qd]
G.HANSEN333: checks 
saimon 945: checks 
*** RIVER *** [2h 6c 2d Qd] [Ts]
G.HANSEN333: checks 
saimon 945: bets $1
G.HANSEN333: calls $1
*** SHOW DOWN ***
saimon 945: shows [Kc Td] (two pair, Tens and Deuces)
G.HANSEN333: shows [Qc 8h] (two pair, Queens and Deuces)
G.HANSEN333 collected $4.28 from pot
*** SUMMARY ***
Total pot $4.50 | Rake $0.22 
Board [2h 6c 2d Qd Ts]
Seat 6: pmeade1977
Seat 1: G.HANSEN333 (big blind) showed [Qc 8h] and won ($4.28) with two pair, Queens and Deuces
Seat 2: saimon 945 showed [Kc Td] and lost with two pair, Tens and Deuces
Seat 3: jeffy27dt1 folded before Flop (didn't bet)
Seat 4: magzi777 (button) folded before Flop (didn't bet)
Seat 5: socito (small blind) folded before Flop



PokerStars Hand #254293087408:  Hold'em No Limit ($0.50/$1.00 USD) - 2025/01/10 10:48:33 WET [2025/01/10 5:48:33 ET]
Table 'Prudentia II' 6-max Seat #5 is the button
Seat 6: pmeade1977 ($86.51 in chips) is sitting out
Seat 1: G.HANSEN333 ($123.36 in chips) 
Seat 2: saimon 945 ($123.97 in chips) 
Seat 3: jeffy27dt1 ($102.50 in chips) 
Seat 4: magzi777 ($112.95 in chips) 
Seat 5: socito ($100 in chips) 
G.HANSEN333: posts small blind $0.50
saimon 945: posts big blind $1
*** HOLE CARDS ***
jeffy27dt1: folds 
magzi777: folds 
socito: folds 
G.HANSEN333: folds 
Uncalled bet ($0.50) returned to saimon 945
saimon 945 collected $1 from pot
*** SUMMARY ***
Total pot $1 | Rake $0 
Seat 6: pmeade1977
Seat 1: G.HANSEN333 (small blind) folded before Flop
Seat 2: saimon 945 (big blind) collected ($1)
Seat 3: jeffy27dt1 folded before Flop (didn't bet)
Seat 4: magzi777 folded before Flop (didn't bet)
Seat 5: socito (button) folded before Flop (didn't bet)



PokerStars Hand #254293088860:  Hold'em No Limit ($0.50/$1.00 USD) - 2025/01/10 10:48:45 WET [2025/01/10 5:48:45 ET]
Table 'Prudentia II' 6-max Seat #1 is the button
Seat 6: pmeade1977 ($86.51 in chips) is sitting out
Seat 1: G.HANSEN333 ($122.86 in chips) 
Seat 2: saimon 945 ($124.47 in chips) 
Seat 3: jeffy27dt1 ($102.50 in chips) 
Seat 4: magzi777 ($112.95 in chips) 
Seat 5: socito ($100 in chips) 
saimon 945: posts small blind $0.50
jeffy27dt1: posts big blind $1
*** HOLE CARDS ***
magzi777: folds 
socito: folds 
G.HANSEN333: folds 
saimon 945: raises $2 to $3
jeffy27dt1: raises $9 to $12
saimon 945: calls $9
*** FLOP *** [5h Js 2d]
saimon 945: checks 
jeffy27dt1: bets $17.10
saimon 945: folds 
Uncalled bet ($17.10) returned to jeffy27dt1
jeffy27dt1 collected $22.80 from pot
jeffy27dt1: doesn't show hand 
*** SUMMARY ***
Total pot $24 | Rake $1.20 
Board [5h Js 2d]
Seat 6: pmeade1977
Seat 1: G.HANSEN333 (button) folded before Flop (didn't bet)
Seat 2: saimon 945 (small blind) folded on the Flop
Seat 3: jeffy27dt1 (big blind) collected ($22.80)
Seat 4: magzi777 folded before Flop (didn't bet)
Seat 5: socito folded before Flop (didn't bet)



PokerStars Hand #254293094625:  Hold'em No Limit ($0.50/$1.00 USD) - 2025/01/10 10:49:33 WET [2025/01/10 5:49:33 ET]
Table 'Prudentia II' 6-max Seat #2 is the button
Seat 6: pmeade1977 ($86.51 in chips) is sitting out
Seat 1: G.HANSEN333 ($122.86 in chips) 
Seat 2: saimon 945 ($112.47 in chips) 
Seat 3: jeffy27dt1 ($113.30 in chips) 
Seat 4: magzi777 ($112.95 in chips) 
Seat 5: socito ($100 in chips) 
jeffy27dt1: posts small blind $0.50
magzi777: posts big blind $1
*** HOLE CARDS ***
socito: folds 
G.HANSEN333: folds 
saimon 945: folds 
jeffy27dt1: folds 
Uncalled bet ($0.50) returned to magzi777
magzi777 collected $1 from pot
*** SUMMARY ***
Total pot $1 | Rake $0 
Seat 6: pmeade1977
Seat 1: G.HANSEN333 folded before Flop (didn't bet)
Seat 2: saimon 945 (button) folded before Flop (didn't bet)
Seat 3: jeffy27dt1 (small blind) folded before Flop
Seat 4: magzi777 (big blind) collected ($1)
Seat 5: socito folded before Flop (didn't bet)



PokerStars Hand #254293098809:  Hold'em No Limit ($0.50/$1.00 USD) - 2025/01/10 10:50:07 WET [2025/01/10 5:50:07 ET]
Table 'Prudentia II' 6-max Seat #3 is the button
Seat 6: pmeade1977 ($86.51 in chips) is sitting out
Seat 1: G.HANSEN333 ($122.86 in chips) 
Seat 2: saimon 945 ($112.47 in chips) 
Seat 3: jeffy27dt1 ($112.80 in chips) 
Seat 4: magzi777 ($113.45 in chips) 
Seat 5: socito ($100 in chips) 
magzi777: posts small blind $0.50
socito: posts big blind $1
*** HOLE CARDS ***
G.HANSEN333: folds 
saimon 945: raises $1 to $2
jeffy27dt1: raises $5.50 to $7.50
magzi777: folds 
socito: folds 
saimon 945: calls $5.50
*** FLOP *** [Ad 3s Kd]
saimon 945: checks 
jeffy27dt1: bets $5.18
saimon 945: folds 
Uncalled bet ($5.18) returned to jeffy27dt1
jeffy27dt1 collected $15.68 from pot
jeffy27dt1: doesn't show hand 
*** SUMMARY ***
Total pot $16.50 | Rake $0.82 
Board [Ad 3s Kd]
Seat 6: pmeade1977
Seat 1: G.HANSEN333 folded before Flop (didn't bet)
Seat 2: saimon 945 folded on the Flop
Seat 3: jeffy27dt1 (button) collected ($15.68)
Seat 4: magzi777 (small blind) folded before Flop
Seat 5: socito (big blind) folded before Flop



PokerStars Hand #254293103373:  Hold'em No Limit ($0.50/$1.00 USD) - 2025/01/10 10:50:45 WET [2025/01/10 5:50:45 ET]
Table 'Prudentia II' 6-max Seat #4 is the button
Seat 6: pmeade1977 ($86.51 in chips) is sitting out
Seat 1: G.HANSEN333 ($122.86 in chips) 
Seat 2: saimon 945 ($104.97 in chips) 
Seat 3: jeffy27dt1 ($120.98 in chips) 
Seat 4: magzi777 ($112.95 in chips) 
Seat 5: socito ($100 in chips) 
socito: posts small blind $0.50
G.HANSEN333: posts big blind $1
*** HOLE CARDS ***
saimon 945: folds 
jeffy27dt1: folds 
magzi777: raises $1.50 to $2.50
socito: folds 
G.HANSEN333: calls $1.50
*** FLOP *** [9h 3c 2d]
G.HANSEN333: checks 
magzi777: checks 
*** TURN *** [9h 3c 2d] [8c]
G.HANSEN333: checks 
magzi777: bets $1.50
G.HANSEN333: folds 
Uncalled bet ($1.50) returned to magzi777
magzi777 collected $5.22 from pot
pmeade1977 leaves the table
*** SUMMARY ***
Total pot $5.50 | Rake $0.28 
Board [9h 3c 2d 8c]
Seat 6: pmeade1977
Seat 1: G.HANSEN333 (big blind) folded on the Turn
Seat 2: saimon 945 folded before Flop (didn't bet)
Seat 3: jeffy27dt1 folded before Flop (didn't bet)
Seat 4: magzi777 (button) collected ($5.22)
Seat 5: socito (small blind) folded before Flop



PokerStars Hand #254293109931:  Hold'em No Limit ($0.50/$1.00 USD) - 2025/01/10 10:51:40 WET [2025/01/10 5:51:40 ET]
Table 'Prudentia II' 6-max Seat #5 is the button
Seat 1: G.HANSEN333 ($120.36 in chips) 
Seat 2: saimon 945 ($104.97 in chips) 
Seat 3: jeffy27dt1 ($120.98 in chips) 
Seat 4: magzi777 ($115.67 in chips) 
Seat 5: socito ($100 in chips) 
G.HANSEN333: posts small blind $0.50
saimon 945: posts big blind $1
*** HOLE CARDS ***
jeffy27dt1: folds 
magzi777: folds 
socito: folds 
G.HANSEN333: folds 
Uncalled bet ($0.50) returned to saimon 945
saimon 945 collected $1 from pot
*** SUMMARY ***
Total pot $1 | Rake $0 
Seat 1: G.HANSEN333 (small blind) folded before Flop
Seat 2: saimon 945 (big blind) collected ($1)
Seat 3: jeffy27dt1 folded before Flop (didn't bet)
Seat 4: magzi777 folded before Flop (didn't bet)
Seat 5: socito (button) folded before Flop (didn't bet)



PokerStars Hand #254293111371:  Hold'em No Limit ($0.50/$1.00 USD) - 2025/01/10 10:51:52 WET [2025/01/10 5:51:52 ET]
Table 'Prudentia II' 6-max Seat #1 is the button
Seat 1: G.HANSEN333 ($119.86 in chips) 
Seat 2: saimon 945 ($105.47 in chips) 
Seat 3: jeffy27dt1 ($120.98 in chips) 
Seat 4: magzi777 ($115.67 in chips) 
Seat 5: socito ($100 in chips) 
saimon 945: posts small blind $0.50
jeffy27dt1: posts big blind $1
*** HOLE CARDS ***
magzi777: folds 
socito: folds 
G.HANSEN333: folds 
saimon 945: folds 
Uncalled bet ($0.50) returned to jeffy27dt1
jeffy27dt1 collected $1 from pot
jeffy27dt1: doesn't show hand 
*** SUMMARY ***
Total pot $1 | Rake $0 
Seat 1: G.HANSEN333 (button) folded before Flop (didn't bet)
Seat 2: saimon 945 (small blind) folded before Flop
Seat 3: jeffy27dt1 (big blind) collected ($1)
Seat 4: magzi777 folded before Flop (didn't bet)
Seat 5: socito folded before Flop (didn't bet)



PokerStars Hand #254293112360:  Hold'em No Limit ($0.50/$1.00 USD) - 2025/01/10 10:52:00 WET [2025/01/10 5:52:00 ET]
Table 'Prudentia II' 6-max Seat #2 is the button
Seat 1: G.HANSEN333 ($119.86 in chips) 
Seat 2: saimon 945 ($104.97 in chips) 
Seat 3: jeffy27dt1 ($121.48 in chips) 
Seat 4: magzi777 ($115.67 in chips) 
Seat 5: socito ($100 in chips) 
jeffy27dt1: posts small blind $0.50
magzi777: posts big blind $1
*** HOLE CARDS ***
socito: folds 
G.HANSEN333: raises $1.50 to $2.50
saimon 945: calls $2.50
jeffy27dt1: folds 
magzi777: folds 
*** FLOP *** [5h Tc 2h]
G.HANSEN333: bets $4.64
saimon 945: calls $4.64
*** TURN *** [5h Tc 2h] [Ah]
G.HANSEN333: bets $11.24
saimon 945: calls $11.24
*** RIVER *** [5h Tc 2h Ah] [8h]
G.HANSEN333: checks 
saimon 945: checks 
*** SHOW DOWN ***
G.HANSEN333: shows [Ad Th] (a flush, Ace high)
saimon 945: shows [Ac Jh] (a flush, Ace high - Jack higher)
saimon 945 collected $36.35 from pot
*** SUMMARY ***
Total pot $38.26 | Rake $1.91 
Board [5h Tc 2h Ah 8h]
Seat 1: G.HANSEN333 showed [Ad Th] and lost with a flush, Ace high
Seat 2: saimon 945 (button) showed [Ac Jh] and won ($36.35) with a flush, Ace high
Seat 3: jeffy27dt1 (small blind) folded before Flop
Seat 4: magzi777 (big blind) folded before Flop
Seat 5: socito folded before Flop (didn't bet)



PokerStars Hand #254293117755:  Hold'em No Limit ($0.50/$1.00 USD) - 2025/01/10 10:52:45 WET [2025/01/10 5:52:45 ET]
Table 'Prudentia II' 6-max Seat #3 is the button
Seat 1: G.HANSEN333 ($101.48 in chips) 
Seat 2: saimon 945 ($122.94 in chips) 
Seat 3: jeffy27dt1 ($120.98 in chips) 
Seat 4: magzi777 ($114.67 in chips) 
Seat 5: socito ($100 in chips) 
magzi777: posts small blind $0.50
socito: posts big blind $1
*** HOLE CARDS ***
G.HANSEN333: folds 
saimon 945: folds 
jeffy27dt1: raises $1.50 to $2.50
magzi777: folds 
socito: folds 
Uncalled bet ($1.50) returned to jeffy27dt1
jeffy27dt1 collected $2.50 from pot
jeffy27dt1: doesn't show hand 
*** SUMMARY ***
Total pot $2.50 | Rake $0 
Seat 1: G.HANSEN333 folded before Flop (didn't bet)
Seat 2: saimon 945 folded before Flop (didn't bet)
Seat 3: jeffy27dt1 (button) collected ($2.50)
Seat 4: magzi777 (small blind) folded before Flop
Seat 5: socito (big blind) folded before Flop



PokerStars Hand #254293119722:  Hold'em No Limit ($0.50/$1.00 USD) - 2025/01/10 10:53:02 WET [2025/01/10 5:53:02 ET]
Table 'Prudentia II' 6-max Seat #4 is the button
Seat 1: G.HANSEN333 ($101.48 in chips) 
Seat 2: saimon 945 ($122.94 in chips) 
Seat 3: jeffy27dt1 ($122.48 in chips) 
Seat 4: magzi777 ($114.17 in chips) 
Seat 5: socito ($100 in chips) 
socito: posts small blind $0.50
G.HANSEN333: posts big blind $1
*** HOLE CARDS ***
saimon 945: folds 
jeffy27dt1: folds 
magzi777: raises $1.50 to $2.50
socito: folds 
G.HANSEN333: folds 
Uncalled bet ($1.50) returned to magzi777
magzi777 collected $2.50 from pot
*** SUMMARY ***
Total pot $2.50 | Rake $0 
Seat 1: G.HANSEN333 (big blind) folded before Flop
Seat 2: saimon 945 folded before Flop (didn't bet)
Seat 3: jeffy27dt1 folded before Flop (didn't bet)
Seat 4: magzi777 (button) collected ($2.50)
Seat 5: socito (small blind) folded before Flop



PokerStars Hand #254293122745:  Hold'em No Limit ($0.50/$1.00 USD) - 2025/01/10 10:53:26 WET [2025/01/10 5:53:26 ET]
Table 'Prudentia II' 6-max Seat #5 is the button
Seat 1: G.HANSEN333 ($100.48 in chips) 
Seat 2: saimon 945 ($122.94 in chips) 
Seat 3: jeffy27dt1 ($122.48 in chips) 
Seat 4: magzi777 ($115.67 in chips) 
Seat 5: socito ($100 in chips) 
G.HANSEN333: posts small blind $0.50
saimon 945: posts big blind $1
*** HOLE CARDS ***
jeffy27dt1: raises $1.50 to $2.50
magzi777: folds 
socito: folds 
G.HANSEN333: folds 
saimon 945: folds 
Uncalled bet ($1.50) returned to jeffy27dt1
jeffy27dt1 collected $2.50 from pot
jeffy27dt1: doesn't show hand 
*** SUMMARY ***
Total pot $2.50 | Rake $0 
Seat 1: G.HANSEN333 (small blind) folded before Flop
Seat 2: saimon 945 (big blind) folded before Flop
Seat 3: jeffy27dt1 collected ($2.50)
Seat 4: magzi777 folded before Flop (didn't bet)
Seat 5: socito (button) folded before Flop (didn't bet)



PokerStars Hand #254293125041:  Hold'em No Limit ($0.50/$1.00 USD) - 2025/01/10 10:53:45 WET [2025/01/10 5:53:45 ET]
Table 'Prudentia II' 6-max Seat #1 is the button
Seat 1: G.HANSEN333 ($100 in chips) 
Seat 2: saimon 945 ($121.94 in chips) 
Seat 3: jeffy27dt1 ($123.98 in chips) 
Seat 4: magzi777 ($115.67 in chips) 
Seat 5: socito ($100 in chips) 
saimon 945: posts small blind $0.50
jeffy27dt1: posts big blind $1
*** HOLE CARDS ***
magzi777: folds 
ddyyjj joins the table at seat #6 
socito: folds 
G.HANSEN333: folds 
saimon 945: raises $1 to $2
jeffy27dt1: folds 
Uncalled bet ($1) returned to saimon 945
saimon 945 collected $2 from pot
*** SUMMARY ***
Total pot $2 | Rake $0 
Seat 1: G.HANSEN333 (button) folded before Flop (didn't bet)
Seat 2: saimon 945 (small blind) collected ($2)
Seat 3: jeffy27dt1 (big blind) folded before Flop
Seat 4: magzi777 folded before Flop (didn't bet)
Seat 5: socito folded before Flop (didn't bet)



PokerStars Hand #254293126451:  Hold'em No Limit ($0.50/$1.00 USD) - 2025/01/10 10:53:57 WET [2025/01/10 5:53:57 ET]
Table 'Prudentia II' 6-max Seat #2 is the button
Seat 6: ddyyjj ($100 in chips) is sitting out
Seat 1: G.HANSEN333 ($100 in chips) 
Seat 2: saimon 945 ($122.94 in chips) 
Seat 3: jeffy27dt1 ($122.98 in chips) 
Seat 4: magzi777 ($115.67 in chips) 
Seat 5: socito ($100 in chips) 
jeffy27dt1: posts small blind $0.50
magzi777: posts big blind $1
ddyyjj: sits out 
*** HOLE CARDS ***
socito: folds 
G.HANSEN333: folds 
saimon 945: folds 
jeffy27dt1: folds 
Uncalled bet ($0.50) returned to magzi777
magzi777 collected $1 from pot
*** SUMMARY ***
Total pot $1 | Rake $0 
Seat 6: ddyyjj
Seat 1: G.HANSEN333 folded before Flop (didn't bet)
Seat 2: saimon 945 (button) folded before Flop (didn't bet)
Seat 3: jeffy27dt1 (small blind) folded before Flop
Seat 4: magzi777 (big blind) collected ($1)
Seat 5: socito folded before Flop (didn't bet)



PokerStars Hand #254293127807:  Hold'em No Limit ($0.50/$1.00 USD) - 2025/01/10 10:54:08 WET [2025/01/10 5:54:08 ET]
Table 'Prudentia II' 6-max Seat #3 is the button
Seat 6: ddyyjj ($100 in chips) is sitting out
Seat 1: G.HANSEN333 ($100 in chips) 
Seat 2: saimon 945 ($122.94 in chips) 
Seat 3: jeffy27dt1 ($122.48 in chips) 
Seat 4: magzi777 ($116.17 in chips) 
Seat 5: socito ($100 in chips) 
magzi777: posts small blind $0.50
socito: posts big blind $1
ddyyjj: sits out 
*** HOLE CARDS ***
G.HANSEN333: raises $1.50 to $2.50
saimon 945: folds 
jeffy27dt1: folds 
magzi777: folds 
socito: folds 
Uncalled bet ($1.50) returned to G.HANSEN333
G.HANSEN333 collected $2.50 from pot
G.HANSEN333: doesn't show hand 
*** SUMMARY ***
Total pot $2.50 | Rake $0 
Seat 6: ddyyjj
Seat 1: G.HANSEN333 collected ($2.50)
Seat 2: saimon 945 folded before Flop (didn't bet)
Seat 3: jeffy27dt1 (button) folded before Flop (didn't bet)
Seat 4: magzi777 (small blind) folded before Flop
Seat 5: socito (big blind) folded before Flop



PokerStars Hand #254293130864:  Hold'em No Limit ($0.50/$1.00 USD) - 2025/01/10 10:54:33 WET [2025/01/10 5:54:33 ET]
Table 'Prudentia II' 6-max Seat #4 is the button
Seat 1: G.HANSEN333 ($101.50 in chips) 
Seat 2: saimon 945 ($122.94 in chips) 
Seat 3: jeffy27dt1 ($122.48 in chips) 
Seat 4: magzi777 ($115.67 in chips) 
Seat 5: socito ($100 in chips) 
Seat 6: ddyyjj ($100 in chips) 
socito: posts small blind $0.50
ddyyjj: posts big blind $1
*** HOLE CARDS ***
G.HANSEN333: raises $1.50 to $2.50
saimon 945: folds 
jeffy27dt1: folds 
magzi777: folds 
socito: folds 
ddyyjj: folds 
Uncalled bet ($1.50) returned to G.HANSEN333
G.HANSEN333 collected $2.50 from pot
G.HANSEN333: doesn't show hand 
*** SUMMARY ***
Total pot $2.50 | Rake $0 
Seat 1: G.HANSEN333 collected ($2.50)
Seat 2: saimon 945 folded before Flop (didn't bet)
Seat 3: jeffy27dt1 folded before Flop (didn't bet)
Seat 4: magzi777 (button) folded before Flop (didn't bet)
Seat 5: socito (small blind) folded before Flop
Seat 6: ddyyjj (big blind) folded before Flop



PokerStars Hand #254293132690:  Hold'em No Limit ($0.50/$1.00 USD) - 2025/01/10 10:54:49 WET [2025/01/10 5:54:49 ET]
Table 'Prudentia II' 6-max Seat #5 is the button
Seat 1: G.HANSEN333 ($103 in chips) 
Seat 2: saimon 945 ($122.94 in chips) 
Seat 3: jeffy27dt1 ($122.48 in chips) 
Seat 4: magzi777 ($115.67 in chips) 
Seat 5: socito ($100 in chips) 
Seat 6: ddyyjj ($99 in chips) 
ddyyjj: posts small blind $0.50
G.HANSEN333: posts big blind $1
*** HOLE CARDS ***
saimon 945: calls $1
jeffy27dt1: folds 
magzi777: raises $3 to $4
socito: folds 
ddyyjj: folds 
G.HANSEN333: folds 
saimon 945: calls $3
*** FLOP *** [Jd 6h 7c]
saimon 945: checks 
magzi777: checks 
*** TURN *** [Jd 6h 7c] [8s]
saimon 945: bets $9.02
magzi777: folds 
Uncalled bet ($9.02) returned to saimon 945
saimon 945 collected $9.02 from pot
*** SUMMARY ***
Total pot $9.50 | Rake $0.48 
Board [Jd 6h 7c 8s]
Seat 1: G.HANSEN333 (big blind) folded before Flop
Seat 2: saimon 945 collected ($9.02)
Seat 3: jeffy27dt1 folded before Flop (didn't bet)
Seat 4: magzi777 folded on the Turn
Seat 5: socito (button) folded before Flop (didn't bet)
Seat 6: ddyyjj (small blind) folded before Flop



PokerStars Hand #254293138548:  Hold'em No Limit ($0.50/$1.00 USD) - 2025/01/10 10:55:43 WET [2025/01/10 5:55:43 ET]
Table 'Prudentia II' 6-max Seat #6 is the button
Seat 1: G.HANSEN333 ($102 in chips) 
Seat 2: saimon 945 ($127.96 in chips) 
Seat 3: jeffy27dt1 ($122.48 in chips) 
Seat 4: magzi777 ($111.67 in chips) 
Seat 5: socito ($100 in chips) 
Seat 6: ddyyjj ($98.50 in chips) 
G.HANSEN333: posts small blind $0.50
saimon 945: posts big blind $1
*** HOLE CARDS ***
jeffy27dt1: folds 
magzi777: folds 
socito: raises $1.50 to $2.50
ddyyjj: calls $2.50
G.HANSEN333: folds 
saimon 945: folds 
*** FLOP *** [3c 7h 4s]
socito: checks 
ddyyjj: checks 
*** TURN *** [3c 7h 4s] [Js]
socito: checks 
ddyyjj: checks 
*** RIVER *** [3c 7h 4s Js] [Kh]
socito: bets $4.64
ddyyjj: folds 
Uncalled bet ($4.64) returned to socito
socito collected $6.18 from pot
socito: doesn't show hand 
*** SUMMARY ***
Total pot $6.50 | Rake $0.32 
Board [3c 7h 4s Js Kh]
Seat 1: G.HANSEN333 (small blind) folded before Flop
Seat 2: saimon 945 (big blind) folded before Flop
Seat 3: jeffy27dt1 folded before Flop (didn't bet)
Seat 4: magzi777 folded before Flop (didn't bet)
Seat 5: socito collected ($6.18)
Seat 6: ddyyjj (button) folded on the River



PokerStars Hand #254293143535:  Hold'em No Limit ($0.50/$1.00 USD) - 2025/01/10 10:56:31 WET [2025/01/10 5:56:31 ET]
Table 'Prudentia II' 6-max Seat #1 is the button
Seat 1: G.HANSEN333 ($101.50 in chips) 
Seat 2: saimon 945 ($126.96 in chips) 
Seat 3: jeffy27dt1 ($122.48 in chips) 
Seat 4: magzi777 ($111.67 in chips) 
Seat 5: socito ($103.68 in chips) 
Seat 6: ddyyjj ($96 in chips) 
saimon 945: posts small blind $0.50
jeffy27dt1: posts big blind $1
*** HOLE CARDS ***
magzi777: folds 
socito: folds 
ddyyjj: folds 
G.HANSEN333: folds 
saimon 945: folds 
Uncalled bet ($0.50) returned to jeffy27dt1
jeffy27dt1 collected $1 from pot
jeffy27dt1: doesn't show hand 
*** SUMMARY ***
Total pot $1 | Rake $0 
Seat 1: G.HANSEN333 (button) folded before Flop (didn't bet)
Seat 2: saimon 945 (small blind) folded before Flop
Seat 3: jeffy27dt1 (big blind) collected ($1)
Seat 4: magzi777 folded before Flop (didn't bet)
Seat 5: socito folded before Flop (didn't bet)
Seat 6: ddyyjj folded before Flop (didn't bet)



PokerStars Hand #254293144703:  Hold'em No Limit ($0.50/$1.00 USD) - 2025/01/10 10:56:43 WET [2025/01/10 5:56:43 ET]
Table 'Prudentia II' 6-max Seat #2 is the button
Seat 1: G.HANSEN333 ($101.50 in chips) 
Seat 2: saimon 945 ($126.46 in chips) 
Seat 3: jeffy27dt1 ($122.98 in chips) 
Seat 4: magzi777 ($111.67 in chips) 
Seat 5: socito ($103.68 in chips) 
Seat 6: ddyyjj ($96 in chips) 
jeffy27dt1: posts small blind $0.50
magzi777: posts big blind $1
*** HOLE CARDS ***
socito: raises $1.50 to $2.50
ddyyjj: folds 
G.HANSEN333: folds 
saimon 945: folds 
jeffy27dt1: folds 
magzi777: folds 
Uncalled bet ($1.50) returned to socito
socito collected $2.50 from pot
socito: doesn't show hand 
*** SUMMARY ***
Total pot $2.50 | Rake $0 
Seat 1: G.HANSEN333 folded before Flop (didn't bet)
Seat 2: saimon 945 (button) folded before Flop (didn't bet)
Seat 3: jeffy27dt1 (small blind) folded before Flop
Seat 4: magzi777 (big blind) folded before Flop
Seat 5: socito collected ($2.50)
Seat 6: ddyyjj folded before Flop (didn't bet)



PokerStars Hand #254293146777:  Hold'em No Limit ($0.50/$1.00 USD) - 2025/01/10 10:57:04 WET [2025/01/10 5:57:04 ET]
Table 'Prudentia II' 6-max Seat #3 is the button
Seat 1: G.HANSEN333 ($101.50 in chips) 
Seat 2: saimon 945 ($126.46 in chips) 
Seat 3: jeffy27dt1 ($122.48 in chips) 
Seat 4: magzi777 ($110.67 in chips) 
Seat 5: socito ($105.18 in chips) 
Seat 6: ddyyjj ($96 in chips) 
magzi777: posts small blind $0.50
socito: posts big blind $1
*** HOLE CARDS ***
ddyyjj: folds 
G.HANSEN333: folds 
saimon 945: raises $1 to $2
jeffy27dt1: folds 
magzi777: folds 
socito: folds 
Uncalled bet ($1) returned to saimon 945
saimon 945 collected $2.50 from pot
*** SUMMARY ***
Total pot $2.50 | Rake $0 
Seat 1: G.HANSEN333 folded before Flop (didn't bet)
Seat 2: saimon 945 collected ($2.50)
Seat 3: jeffy27dt1 (button) folded before Flop (didn't bet)
Seat 4: magzi777 (small blind) folded before Flop
Seat 5: socito (big blind) folded before Flop
Seat 6: ddyyjj folded before Flop (didn't bet)



PokerStars Hand #254293148819:  Hold'em No Limit ($0.50/$1.00 USD) - 2025/01/10 10:57:24 WET [2025/01/10 5:57:24 ET]
Table 'Prudentia II' 6-max Seat #4 is the button
Seat 1: G.HANSEN333 ($101.50 in chips) 
Seat 2: saimon 945 ($127.96 in chips) 
Seat 3: jeffy27dt1 ($122.48 in chips) 
Seat 4: magzi777 ($110.17 in chips) 
Seat 5: socito ($104.18 in chips) 
Seat 6: ddyyjj ($96 in chips) 
socito: posts small blind $0.50
ddyyjj: posts big blind $1
*** HOLE CARDS ***
G.HANSEN333: raises $1.50 to $2.50
saimon 945: folds 
jeffy27dt1: folds 
magzi777: folds 
socito: folds 
ddyyjj: folds 
Uncalled bet ($1.50) returned to G.HANSEN333
G.HANSEN333 collected $2.50 from pot
G.HANSEN333: doesn't show hand 
*** SUMMARY ***
Total pot $2.50 | Rake $0 
Seat 1: G.HANSEN333 collected ($2.50)
Seat 2: saimon 945 folded before Flop (didn't bet)
Seat 3: jeffy27dt1 folded before Flop (didn't bet)
Seat 4: magzi777 (button) folded before Flop (didn't bet)
Seat 5: socito (small blind) folded before Flop
Seat 6: ddyyjj (big blind) folded before Flop



PokerStars Hand #254293150149:  Hold'em No Limit ($0.50/$1.00 USD) - 2025/01/10 10:57:37 WET [2025/01/10 5:57:37 ET]
Table 'Prudentia II' 6-max Seat #5 is the button
Seat 1: G.HANSEN333 ($103 in chips) is sitting out
Seat 2: saimon 945 ($127.96 in chips) 
Seat 3: jeffy27dt1 ($122.48 in chips) 
Seat 4: magzi777 ($110.17 in chips) 
Seat 5: socito ($103.68 in chips) 
Seat 6: ddyyjj ($95 in chips) 
ddyyjj: posts small blind $0.50
G.HANSEN333: is sitting out 
G.HANSEN333 leaves the table
saimon 945: posts big blind $1
*** HOLE CARDS ***
janarr5 joins the table at seat #1 
jeffy27dt1: folds 
magzi777: raises $1.50 to $2.50
socito: raises $5 to $7.50
ddyyjj: folds 
saimon 945: folds 
magzi777: calls $5
*** FLOP *** [9d 3h 5c]
magzi777: checks 
socito: bets $5.17
magzi777: raises $9.83 to $15
socito: raises $20 to $35
magzi777: folds 
Uncalled bet ($20) returned to socito
socito collected $44.18 from pot
socito: doesn't show hand 
*** SUMMARY ***
Total pot $46.50 | Rake $2.32 
Board [9d 3h 5c]
Seat 1: G.HANSEN333
Seat 2: saimon 945 (big blind) folded before Flop
Seat 3: jeffy27dt1 folded before Flop (didn't bet)
Seat 4: magzi777 folded on the Flop
Seat 5: socito (button) collected ($44.18)
Seat 6: ddyyjj (small blind) folded before Flop



PokerStars Hand #254292937203:  Hold'em No Limit ($0.50/$1.00 USD) - 2025/01/10 10:27:17 WET [2025/01/10 5:27:17 ET]
Table 'Prudentia II' 6-max Seat #1 is the button
Seat 3: Vergilii1951 ($0 in chips) is sitting out
Seat 1: G.HANSEN333 ($124.78 in chips) 
Seat 2: Consig|iori ($126.86 in chips) 
Seat 4: nastja336 ($100 in chips) 
Seat 5: v.sting ($100 in chips) 
Seat 6: magzi777 ($101 in chips) 
Consig|iori: posts small blind $0.50
nastja336: posts big blind $1
*** HOLE CARDS ***
v.sting: folds 
magzi777: folds 
Vergilii1951 leaves the table
G.HANSEN333: raises $1.50 to $2.50
Consig|iori: folds 
nastja336: folds 
Uncalled bet ($1.50) returned to G.HANSEN333
G.HANSEN333 collected $2.50 from pot
G.HANSEN333: doesn't show hand 
*** SUMMARY ***
Total pot $2.50 | Rake $0 
Seat 3: Vergilii1951
Seat 1: G.HANSEN333 (button) collected ($2.50)
Seat 2: Consig|iori (small blind) folded before Flop
Seat 4: nastja336 (big blind) folded before Flop
Seat 5: v.sting folded before Flop (didn't bet)
Seat 6: magzi777 folded before Flop (didn't bet)



PokerStars Hand #254292939933:  Hold'em No Limit ($0.50/$1.00 USD) - 2025/01/10 10:27:41 WET [2025/01/10 5:27:41 ET]
Table 'Prudentia II' 6-max Seat #2 is the button
Seat 5: v.sting ($100 in chips) is sitting out
Seat 1: G.HANSEN333 ($126.28 in chips) 
Seat 2: Consig|iori ($126.36 in chips) 
Seat 4: nastja336 ($100 in chips) 
Seat 6: magzi777 ($101 in chips) 
nastja336: posts small blind $0.50
v.sting: is sitting out 
magzi777: posts big blind $1
*** HOLE CARDS ***
v.sting leaves the table
G.HANSEN333: raises $1.50 to $2.50
Consig|iori: folds 
nastja336: folds 
magzi777: folds 
Uncalled bet ($1.50) returned to G.HANSEN333
G.HANSEN333 collected $2.50 from pot
G.HANSEN333: doesn't show hand 
*** SUMMARY ***
Total pot $2.50 | Rake $0 
Seat 5: v.sting
Seat 1: G.HANSEN333 collected ($2.50)
Seat 2: Consig|iori (button) folded before Flop (didn't bet)
Seat 4: nastja336 (small blind) folded before Flop
Seat 6: magzi777 (big blind) folded before Flop



PokerStars Hand #254292941399:  Hold'em No Limit ($0.50/$1.00 USD) - 2025/01/10 10:27:54 WET [2025/01/10 5:27:54 ET]
Table 'Prudentia II' 6-max Seat #4 is the button
Seat 1: G.HANSEN333 ($127.78 in chips) 
Seat 2: Consig|iori ($126.36 in chips) 
Seat 4: nastja336 ($100 in chips) 
Seat 6: magzi777 ($100 in chips) 
magzi777: posts small blind $0.50
G.HANSEN333: posts big blind $1
*** HOLE CARDS ***
Consig|iori: folds 
nastja336: raises $1.50 to $2.50
magzi777: folds 
Consig|iori leaves the table
G.HANSEN333: raises $8.50 to $11
nastja336: folds 
Uncalled bet ($8.50) returned to G.HANSEN333
G.HANSEN333 collected $5.50 from pot
G.HANSEN333: doesn't show hand 
*** SUMMARY ***
Total pot $5.50 | Rake $0 
Seat 1: G.HANSEN333 (big blind) collected ($5.50)
Seat 2: Consig|iori folded before Flop (didn't bet)
Seat 4: nastja336 (button) folded before Flop
Seat 6: magzi777 (small blind) folded before Flop



PokerStars Hand #254292942944:  Hold'em No Limit ($0.50/$1.00 USD) - 2025/01/10 10:28:08 WET [2025/01/10 5:28:08 ET]
Table 'Prudentia II' 6-max Seat #1 is the button
Seat 4: nastja336 ($100 in chips) is sitting out
Seat 1: G.HANSEN333 ($130.78 in chips) 
Seat 6: magzi777 ($100 in chips) 
G.HANSEN333: posts small blind $0.50
nastja336: is sitting out 
magzi777: posts big blind $1
*** HOLE CARDS ***
nastja336 leaves the table
G.HANSEN333: folds 
Uncalled bet ($0.50) returned to magzi777
magzi777 collected $1 from pot
*** SUMMARY ***
Total pot $1 | Rake $0 
Seat 4: nastja336
Seat 1: G.HANSEN333 (button) (small blind) folded before Flop
Seat 6: magzi777 (big blind) collected ($1)



PokerStars Hand #254292943602:  Hold'em No Limit ($0.50/$1.00 USD) - 2025/01/10 10:28:14 WET [2025/01/10 5:28:14 ET]
Table 'Prudentia II' 6-max Seat #6 is the button
Seat 1: G.HANSEN333 ($130.28 in chips) 
Seat 6: magzi777 ($100.50 in chips) 
magzi777: posts small blind $0.50
G.HANSEN333: posts big blind $1
*** HOLE CARDS ***
magzi777: folds 
Uncalled bet ($0.50) returned to G.HANSEN333
G.HANSEN333 collected $1 from pot
G.HANSEN333: doesn't show hand 
*** SUMMARY ***
Total pot $1 | Rake $0 
Seat 1: G.HANSEN333 (big blind) collected ($1)
Seat 6: magzi777 (button) (small blind) folded before Flop



PokerStars Hand #254292951141:  Hold'em No Limit ($0.50/$1.00 USD) - 2025/01/10 10:29:20 WET [2025/01/10 5:29:20 ET]
Table 'Prudentia II' 6-max Seat #1 is the button
Seat 1: G.HANSEN333 ($130.78 in chips) 
Seat 2: saimon 945 ($100 in chips) 
Seat 3: nastja336 ($100 in chips) 
Seat 4: magzi777 ($100 in chips) 
saimon 945: posts small blind $0.50
nastja336: posts big blind $1
*** HOLE CARDS ***
magzi777: folds 
G.HANSEN333: folds 
saimon 945: folds 
Uncalled bet ($0.50) returned to nastja336
nastja336 collected $1 from pot
nastja336: doesn't show hand 
*** SUMMARY ***
Total pot $1 | Rake $0 
Seat 1: G.HANSEN333 (button) folded before Flop (didn't bet)
Seat 2: saimon 945 (small blind) folded before Flop
Seat 3: nastja336 (big blind) collected ($1)
Seat 4: magzi777 folded before Flop (didn't bet)



PokerStars Hand #254292952194:  Hold'em No Limit ($0.50/$1.00 USD) - 2025/01/10 10:29:29 WET [2025/01/10 5:29:29 ET]
Table 'Prudentia II' 6-max Seat #2 is the button
Seat 1: G.HANSEN333 ($130.78 in chips) 
Seat 2: saimon 945 ($99.50 in chips) 
Seat 3: nastja336 ($100.50 in chips) 
Seat 4: magzi777 ($100 in chips) 
nastja336: posts small blind $0.50
magzi777: posts big blind $1
*** HOLE CARDS ***
G.HANSEN333: raises $1.50 to $2.50
saimon 945: calls $2.50
nastja336: folds 
magzi777: folds 
*** FLOP *** [7s 9d 8d]
G.HANSEN333: checks 
saimon 945: bets $3.09
socito joins the table at seat #5 
G.HANSEN333: folds 
Uncalled bet ($3.09) returned to saimon 945
saimon 945 collected $6.18 from pot
*** SUMMARY ***
Total pot $6.50 | Rake $0.32 
Board [7s 9d 8d]
Seat 1: G.HANSEN333 folded on the Flop
Seat 2: saimon 945 (button) collected ($6.18)
Seat 3: nastja336 (small blind) folded before Flop
Seat 4: magzi777 (big blind) folded before Flop



PokerStars Hand #254292955868:  Hold'em No Limit ($0.50/$1.00 USD) - 2025/01/10 10:30:01 WET [2025/01/10 5:30:01 ET]
Table 'Prudentia II' 6-max Seat #3 is the button
Seat 1: G.HANSEN333 ($128.28 in chips) 
Seat 2: saimon 945 ($103.18 in chips) 
Seat 3: nastja336 ($100 in chips) 
Seat 4: magzi777 ($100 in chips) 
Seat 5: socito ($100 in chips) 
magzi777: posts small blind $0.50
socito: posts big blind $1
*** HOLE CARDS ***
G.HANSEN333: folds 
saimon 945: folds 
nastja336: folds 
magzi777: raises $2 to $3
socito: raises $6 to $9
magzi777: folds 
Uncalled bet ($6) returned to socito
socito collected $6 from pot
socito: doesn't show hand 
*** SUMMARY ***
Total pot $6 | Rake $0 
Seat 1: G.HANSEN333 folded before Flop (didn't bet)
Seat 2: saimon 945 folded before Flop (didn't bet)
Seat 3: nastja336 (button) folded before Flop (didn't bet)
Seat 4: magzi777 (small blind) folded before Flop
Seat 5: socito (big blind) collected ($6)



PokerStars Hand #254292958504:  Hold'em No Limit ($0.50/$1.00 USD) - 2025/01/10 10:30:24 WET [2025/01/10 5:30:24 ET]
Table 'Prudentia II' 6-max Seat #4 is the button
Seat 1: G.HANSEN333 ($128.28 in chips) 
Seat 2: saimon 945 ($103.18 in chips) 
Seat 3: nastja336 ($100 in chips) 
Seat 4: magzi777 ($100 in chips) 
Seat 5: socito ($103 in chips) 
socito: posts small blind $0.50
G.HANSEN333: posts big blind $1
*** HOLE CARDS ***
saimon 945: folds 
nastja336: folds 
magzi777: folds 
socito: folds 
Uncalled bet ($0.50) returned to G.HANSEN333
G.HANSEN333 collected $1 from pot
G.HANSEN333: doesn't show hand 
*** SUMMARY ***
Total pot $1 | Rake $0 
Seat 1: G.HANSEN333 (big blind) collected ($1)
Seat 2: saimon 945 folded before Flop (didn't bet)
Seat 3: nastja336 folded before Flop (didn't bet)
Seat 4: magzi777 (button) folded before Flop (didn't bet)
Seat 5: socito (small blind) folded before Flop



PokerStars Hand #254292959706:  Hold'em No Limit ($0.50/$1.00 USD) - 2025/01/10 10:30:34 WET [2025/01/10 5:30:34 ET]
Table 'Prudentia II' 6-max Seat #5 is the button
Seat 1: G.HANSEN333 ($128.78 in chips) 
Seat 2: saimon 945 ($103.18 in chips) 
Seat 3: nastja336 ($100 in chips) 
Seat 4: magzi777 ($100 in chips) 
Seat 5: socito ($102.50 in chips) 
G.HANSEN333: posts small blind $0.50
saimon 945: posts big blind $1
*** HOLE CARDS ***
nastja336: folds 
magzi777: folds 
socito: folds 
G.HANSEN333: folds 
Uncalled bet ($0.50) returned to saimon 945
saimon 945 collected $1 from pot
pmeade1977 joins the table at seat #6 
pmeade1977 is disconnected 
*** SUMMARY ***
Total pot $1 | Rake $0 
Seat 1: G.HANSEN333 (small blind) folded before Flop
Seat 2: saimon 945 (big blind) collected ($1)
Seat 3: nastja336 folded before Flop (didn't bet)
Seat 4: magzi777 folded before Flop (didn't bet)
Seat 5: socito (button) folded before Flop (didn't bet)



PokerStars Hand #254292960844:  Hold'em No Limit ($0.50/$1.00 USD) - 2025/01/10 10:30:44 WET [2025/01/10 5:30:44 ET]
Table 'Prudentia II' 6-max Seat #1 is the button
Seat 6: pmeade1977 ($99.79 in chips) is sitting out
Seat 1: G.HANSEN333 ($128.28 in chips) 
Seat 2: saimon 945 ($103.68 in chips) 
Seat 3: nastja336 ($100 in chips) 
Seat 4: magzi777 ($100 in chips) 
Seat 5: socito ($102.50 in chips) 
saimon 945: posts small blind $0.50
nastja336: posts big blind $1
pmeade1977: sits out 
*** HOLE CARDS ***
magzi777: folds 
socito: folds 
G.HANSEN333: folds 
saimon 945: folds 
Uncalled bet ($0.50) returned to nastja336
nastja336 collected $1 from pot
nastja336: doesn't show hand 
*** SUMMARY ***
Total pot $1 | Rake $0 
Seat 6: pmeade1977
Seat 1: G.HANSEN333 (button) folded before Flop (didn't bet)
Seat 2: saimon 945 (small blind) folded before Flop
Seat 3: nastja336 (big blind) collected ($1)
Seat 4: magzi777 folded before Flop (didn't bet)
Seat 5: socito folded before Flop (didn't bet)



PokerStars Hand #254292962197:  Hold'em No Limit ($0.50/$1.00 USD) - 2025/01/10 10:30:56 WET [2025/01/10 5:30:56 ET]
Table 'Prudentia II' 6-max Seat #2 is the button
Seat 6: pmeade1977 ($99.79 in chips) is sitting out
Seat 1: G.HANSEN333 ($128.28 in chips) 
Seat 2: saimon 945 ($103.18 in chips) 
Seat 3: nastja336 ($100.50 in chips) 
Seat 4: magzi777 ($100 in chips) 
Seat 5: socito ($102.50 in chips) 
nastja336: posts small blind $0.50
magzi777: posts big blind $1
pmeade1977: sits out 
*** HOLE CARDS ***
socito: folds 
G.HANSEN333: raises $1.50 to $2.50
saimon 945: folds 
nastja336: folds 
magzi777: folds 
Uncalled bet ($1.50) returned to G.HANSEN333
G.HANSEN333 collected $2.50 from pot
G.HANSEN333: doesn't show hand 
*** SUMMARY ***
Total pot $2.50 | Rake $0 
Seat 6: pmeade1977
Seat 1: G.HANSEN333 collected ($2.50)
Seat 2: saimon 945 (button) folded before Flop (didn't bet)
Seat 3: nastja336 (small blind) folded before Flop
Seat 4: magzi777 (big blind) folded before Flop
Seat 5: socito folded before Flop (didn't bet)



PokerStars Hand #254292964265:  Hold'em No Limit ($0.50/$1.00 USD) - 2025/01/10 10:31:13 WET [2025/01/10 5:31:13 ET]
Table 'Prudentia II' 6-max Seat #3 is the button
Seat 1: G.HANSEN333 ($129.78 in chips) 
Seat 2: saimon 945 ($103.18 in chips) 
Seat 3: nastja336 ($100 in chips) 
Seat 4: magzi777 ($100 in chips) 
Seat 5: socito ($102.50 in chips) 
Seat 6: pmeade1977 ($99.79 in chips) 
magzi777: posts small blind $0.50
socito: posts big blind $1
pmeade1977: posts big blind $1
*** HOLE CARDS ***
pmeade1977: checks 
G.HANSEN333: folds 
saimon 945: folds 
nastja336: folds 
magzi777: raises $4 to $5
socito: folds 
pmeade1977: folds 
Uncalled bet ($4) returned to magzi777
magzi777 collected $3 from pot
*** SUMMARY ***
Total pot $3 | Rake $0 
Seat 1: G.HANSEN333 folded before Flop (didn't bet)
Seat 2: saimon 945 folded before Flop (didn't bet)
Seat 3: nastja336 (button) folded before Flop (didn't bet)
Seat 4: magzi777 (small blind) collected ($3)
Seat 5: socito (big blind) folded before Flop
Seat 6: pmeade1977 folded before Flop (didn't bet)



PokerStars Hand #254292968804:  Hold'em No Limit ($0.50/$1.00 USD) - 2025/01/10 10:31:52 WET [2025/01/10 5:31:52 ET]
Table 'Prudentia II' 6-max Seat #4 is the button
Seat 1: G.HANSEN333 ($129.78 in chips) 
Seat 2: saimon 945 ($103.18 in chips) 
Seat 3: nastja336 ($100 in chips) 
Seat 4: magzi777 ($102 in chips) 
Seat 5: socito ($101.50 in chips) 
Seat 6: pmeade1977 ($98.79 in chips) 
socito: posts small blind $0.50
pmeade1977: posts big blind $1
*** HOLE CARDS ***
G.HANSEN333: folds 
saimon 945: folds 
nastja336: folds 
magzi777: folds 
socito: raises $2 to $3
pmeade1977: folds 
Uncalled bet ($2) returned to socito
socito collected $2 from pot
socito: doesn't show hand 
*** SUMMARY ***
Total pot $2 | Rake $0 
Seat 1: G.HANSEN333 folded before Flop (didn't bet)
Seat 2: saimon 945 folded before Flop (didn't bet)
Seat 3: nastja336 folded before Flop (didn't bet)
Seat 4: magzi777 (button) folded before Flop (didn't bet)
Seat 5: socito (small blind) collected ($2)
Seat 6: pmeade1977 (big blind) folded before Flop



PokerStars Hand #254292971086:  Hold'em No Limit ($0.50/$1.00 USD) - 2025/01/10 10:32:12 WET [2025/01/10 5:32:12 ET]
Table 'Prudentia II' 6-max Seat #5 is the button
Seat 1: G.HANSEN333 ($129.78 in chips) 
Seat 2: saimon 945 ($103.18 in chips) 
Seat 3: nastja336 ($100 in chips) 
Seat 4: magzi777 ($102 in chips) 
Seat 5: socito ($102.50 in chips) 
Seat 6: pmeade1977 ($97.79 in chips) 
pmeade1977: posts small blind $0.50
G.HANSEN333: posts big blind $1
*** HOLE CARDS ***
saimon 945: folds 
nastja336: folds 
magzi777: folds 
socito: folds 
pmeade1977: folds 
Uncalled bet ($0.50) returned to G.HANSEN333
G.HANSEN333 collected $1 from pot
G.HANSEN333: doesn't show hand 
*** SUMMARY ***
Total pot $1 | Rake $0 
Seat 1: G.HANSEN333 (big blind) collected ($1)
Seat 2: saimon 945 folded before Flop (didn't bet)
Seat 3: nastja336 folded before Flop (didn't bet)
Seat 4: magzi777 folded before Flop (didn't bet)
Seat 5: socito (button) folded before Flop (didn't bet)
Seat 6: pmeade1977 (small blind) folded before Flop



PokerStars Hand #254292972358:  Hold'em No Limit ($0.50/$1.00 USD) - 2025/01/10 10:32:23 WET [2025/01/10 5:32:23 ET]
Table 'Prudentia II' 6-max Seat #6 is the button
Seat 1: G.HANSEN333 ($130.28 in chips) 
Seat 2: saimon 945 ($103.18 in chips) 
Seat 3: nastja336 ($100 in chips) 
Seat 4: magzi777 ($102 in chips) 
Seat 5: socito ($102.50 in chips) 
Seat 6: pmeade1977 ($97.29 in chips) 
G.HANSEN333: posts small blind $0.50
saimon 945: posts big blind $1
*** HOLE CARDS ***
nastja336: folds 
magzi777: raises $1.50 to $2.50
socito: folds 
pmeade1977: folds 
G.HANSEN333: folds 
saimon 945: folds 
Uncalled bet ($1.50) returned to magzi777
magzi777 collected $2.50 from pot
*** SUMMARY ***
Total pot $2.50 | Rake $0 
Seat 1: G.HANSEN333 (small blind) folded before Flop
Seat 2: saimon 945 (big blind) folded before Flop
Seat 3: nastja336 folded before Flop (didn't bet)
Seat 4: magzi777 collected ($2.50)
Seat 5: socito folded before Flop (didn't bet)
Seat 6: pmeade1977 (button) folded before Flop (didn't bet)



PokerStars Hand #254292976223:  Hold'em No Limit ($0.50/$1.00 USD) - 2025/01/10 10:32:57 WET [2025/01/10 5:32:57 ET]
Table 'Prudentia II' 6-max Seat #1 is the button
Seat 3: nastja336 ($100 in chips) is sitting out
Seat 1: G.HANSEN333 ($129.78 in chips) 
Seat 2: saimon 945 ($102.18 in chips) 
Seat 4: magzi777 ($103.50 in chips) 
Seat 5: socito ($102.50 in chips) 
Seat 6: pmeade1977 ($97.29 in chips) 
saimon 945: posts small blind $0.50
nastja336: is sitting out 
magzi777: posts big blind $1
*** HOLE CARDS ***
nastja336 leaves the table
socito: folds 
pmeade1977: folds 
G.HANSEN333: folds 
saimon 945: raises $2 to $3
magzi777: folds 
Uncalled bet ($2) returned to saimon 945
saimon 945 collected $2 from pot
*** SUMMARY ***
Total pot $2 | Rake $0 
Seat 3: nastja336
Seat 1: G.HANSEN333 (button) folded before Flop (didn't bet)
Seat 2: saimon 945 (small blind) collected ($2)
Seat 4: magzi777 (big blind) folded before Flop
Seat 5: socito folded before Flop (didn't bet)
Seat 6: pmeade1977 folded before Flop (didn't bet)



PokerStars Hand #254292978226:  Hold'em No Limit ($0.50/$1.00 USD) - 2025/01/10 10:33:14 WET [2025/01/10 5:33:14 ET]
Table 'Prudentia II' 6-max Seat #2 is the button
Seat 1: G.HANSEN333 ($129.78 in chips) 
Seat 2: saimon 945 ($103.18 in chips) 
Seat 4: magzi777 ($102.50 in chips) 
Seat 5: socito ($102.50 in chips) 
Seat 6: pmeade1977 ($97.29 in chips) 
magzi777: posts small blind $0.50
socito: posts big blind $1
*** HOLE CARDS ***
pmeade1977: folds 
G.HANSEN333: folds 
jeffy27dt1 joins the table at seat #3 
saimon 945: raises $2 to $3
magzi777: folds 
socito: folds 
Uncalled bet ($2) returned to saimon 945
saimon 945 collected $2.50 from pot
*** SUMMARY ***
Total pot $2.50 | Rake $0 
Seat 1: G.HANSEN333 folded before Flop (didn't bet)
Seat 2: saimon 945 (button) collected ($2.50)
Seat 4: magzi777 (small blind) folded before Flop
Seat 5: socito (big blind) folded before Flop
Seat 6: pmeade1977 folded before Flop (didn't bet)



PokerStars Hand #254292980261:  Hold'em No Limit ($0.50/$1.00 USD) - 2025/01/10 10:33:32 WET [2025/01/10 5:33:32 ET]
Table 'Prudentia II' 6-max Seat #4 is the button
Seat 3: jeffy27dt1 ($100 in chips) is sitting out
Seat 1: G.HANSEN333 ($129.78 in chips) 
Seat 2: saimon 945 ($104.68 in chips) 
Seat 4: magzi777 ($102 in chips) 
Seat 5: socito ($101.50 in chips) 
Seat 6: pmeade1977 ($97.29 in chips) 
socito: posts small blind $0.50
pmeade1977: posts big blind $1
jeffy27dt1: sits out 
*** HOLE CARDS ***
G.HANSEN333: folds 
saimon 945: raises $1 to $2
magzi777: folds 
socito: folds 
pmeade1977: calls $1
*** FLOP *** [Qs Qh 2s]
pmeade1977: checks 
saimon 945: bets $4.28
pmeade1977: folds 
Uncalled bet ($4.28) returned to saimon 945
saimon 945 collected $4.28 from pot
*** SUMMARY ***
Total pot $4.50 | Rake $0.22 
Board [Qs Qh 2s]
Seat 3: jeffy27dt1
Seat 1: G.HANSEN333 folded before Flop (didn't bet)
Seat 2: saimon 945 collected ($4.28)
Seat 4: magzi777 (button) folded before Flop (didn't bet)
Seat 5: socito (small blind) folded before Flop
Seat 6: pmeade1977 (big blind) folded on the Flop



PokerStars Hand #254292984347:  Hold'em No Limit ($0.50/$1.00 USD) - 2025/01/10 10:34:07 WET [2025/01/10 5:34:07 ET]
Table 'Prudentia II' 6-max Seat #5 is the button
Seat 3: jeffy27dt1 ($100 in chips) is sitting out
Seat 1: G.HANSEN333 ($129.78 in chips) 
Seat 2: saimon 945 ($106.96 in chips) 
Seat 4: magzi777 ($102 in chips) 
Seat 5: socito ($101 in chips) 
Seat 6: pmeade1977 ($95.29 in chips) 
pmeade1977: posts small blind $0.50
G.HANSEN333: posts big blind $1
jeffy27dt1: sits out 
*** HOLE CARDS ***
saimon 945: folds 
magzi777: folds 
socito: folds 
pmeade1977: calls $0.50
G.HANSEN333: raises $3.50 to $4.50
pmeade1977: calls $3.50
*** FLOP *** [Ts 5s Ks]
pmeade1977: checks 
G.HANSEN333: bets $5.56
pmeade1977: folds 
Uncalled bet ($5.56) returned to G.HANSEN333
G.HANSEN333 collected $8.55 from pot
G.HANSEN333: doesn't show hand 
*** SUMMARY ***
Total pot $9 | Rake $0.45 
Board [Ts 5s Ks]
Seat 3: jeffy27dt1
Seat 1: G.HANSEN333 (big blind) collected ($8.55)
Seat 2: saimon 945 folded before Flop (didn't bet)
Seat 4: magzi777 folded before Flop (didn't bet)
Seat 5: socito (button) folded before Flop (didn't bet)
Seat 6: pmeade1977 (small blind) folded on the Flop



PokerStars Hand #254292988836:  Hold'em No Limit ($0.50/$1.00 USD) - 2025/01/10 10:34:45 WET [2025/01/10 5:34:45 ET]
Table 'Prudentia II' 6-max Seat #6 is the button
Seat 3: jeffy27dt1 ($100 in chips) is sitting out
Seat 1: G.HANSEN333 ($133.83 in chips) 
Seat 2: saimon 945 ($106.96 in chips) 
Seat 4: magzi777 ($102 in chips) 
Seat 5: socito ($101 in chips) 
Seat 6: pmeade1977 ($90.79 in chips) 
G.HANSEN333: posts small blind $0.50
saimon 945: posts big blind $1
jeffy27dt1: sits out 
*** HOLE CARDS ***
magzi777: folds 
socito: folds 
pmeade1977: folds 
G.HANSEN333: raises $2 to $3
saimon 945: folds 
Uncalled bet ($2) returned to G.HANSEN333
G.HANSEN333 collected $2 from pot
G.HANSEN333: doesn't show hand 
*** SUMMARY ***
Total pot $2 | Rake $0 
Seat 3: jeffy27dt1
Seat 1: G.HANSEN333 (small blind) collected ($2)
Seat 2: saimon 945 (big blind) folded before Flop
Seat 4: magzi777 folded before Flop (didn't bet)
Seat 5: socito folded before Flop (didn't bet)
Seat 6: pmeade1977 (button) folded before Flop (didn't bet)



PokerStars Hand #254292990490:  Hold'em No Limit ($0.50/$1.00 USD) - 2025/01/10 10:34:59 WET [2025/01/10 5:34:59 ET]
Table 'Prudentia II' 6-max Seat #1 is the button
Seat 1: G.HANSEN333 ($134.83 in chips) 
Seat 2: saimon 945 ($105.96 in chips) 
Seat 3: jeffy27dt1 ($100 in chips) 
Seat 4: magzi777 ($102 in chips) 
Seat 5: socito ($101 in chips) 
Seat 6: pmeade1977 ($90.79 in chips) 
saimon 945: posts small blind $0.50
jeffy27dt1: posts big blind $1
*** HOLE CARDS ***
magzi777: folds 
socito: folds 
pmeade1977: folds 
G.HANSEN333: folds 
saimon 945: folds 
Uncalled bet ($0.50) returned to jeffy27dt1
jeffy27dt1 collected $1 from pot
jeffy27dt1: doesn't show hand 
*** SUMMARY ***
Total pot $1 | Rake $0 
Seat 1: G.HANSEN333 (button) folded before Flop (didn't bet)
Seat 2: saimon 945 (small blind) folded before Flop
Seat 3: jeffy27dt1 (big blind) collected ($1)
Seat 4: magzi777 folded before Flop (didn't bet)
Seat 5: socito folded before Flop (didn't bet)
Seat 6: pmeade1977 folded before Flop (didn't bet)



PokerStars Hand #254292991453:  Hold'em No Limit ($0.50/$1.00 USD) - 2025/01/10 10:35:08 WET [2025/01/10 5:35:08 ET]
Table 'Prudentia II' 6-max Seat #2 is the button
Seat 1: G.HANSEN333 ($134.83 in chips) 
Seat 2: saimon 945 ($105.46 in chips) 
Seat 3: jeffy27dt1 ($100.50 in chips) 
Seat 4: magzi777 ($102 in chips) 
Seat 5: socito ($101 in chips) 
Seat 6: pmeade1977 ($90.79 in chips) 
jeffy27dt1: posts small blind $0.50
magzi777: posts big blind $1
*** HOLE CARDS ***
socito: folds 
pmeade1977: folds 
G.HANSEN333: folds 
saimon 945: raises $2 to $3
jeffy27dt1: calls $2.50
magzi777: folds 
*** FLOP *** [8c Ad 5h]
jeffy27dt1: checks 
saimon 945: checks 
*** TURN *** [8c Ad 5h] [9s]
jeffy27dt1: checks 
saimon 945: bets $3.33
jeffy27dt1: folds 
Uncalled bet ($3.33) returned to saimon 945
saimon 945 collected $6.65 from pot
*** SUMMARY ***
Total pot $7 | Rake $0.35 
Board [8c Ad 5h 9s]
Seat 1: G.HANSEN333 folded before Flop (didn't bet)
Seat 2: saimon 945 (button) collected ($6.65)
Seat 3: jeffy27dt1 (small blind) folded on the Turn
Seat 4: magzi777 (big blind) folded before Flop
Seat 5: socito folded before Flop (didn't bet)
Seat 6: pmeade1977 folded before Flop (didn't bet)



PokerStars Hand #254292995838:  Hold'em No Limit ($0.50/$1.00 USD) - 2025/01/10 10:35:45 WET [2025/01/10 5:35:45 ET]
Table 'Prudentia II' 6-max Seat #3 is the button
Seat 1: G.HANSEN333 ($134.83 in chips) 
Seat 2: saimon 945 ($109.11 in chips) 
Seat 3: jeffy27dt1 ($100 in chips) 
Seat 4: magzi777 ($101 in chips) 
Seat 5: socito ($101 in chips) 
Seat 6: pmeade1977 ($90.79 in chips) 
magzi777: posts small blind $0.50
socito: posts big blind $1
*** HOLE CARDS ***
pmeade1977: folds 
G.HANSEN333: folds 
saimon 945: raises $1 to $2
jeffy27dt1: folds 
magzi777: folds 
socito: calls $1
*** FLOP *** [9s 6s 3c]
socito: checks 
saimon 945: bets $2.14
socito: folds 
Uncalled bet ($2.14) returned to saimon 945
saimon 945 collected $4.28 from pot
*** SUMMARY ***
Total pot $4.50 | Rake $0.22 
Board [9s 6s 3c]
Seat 1: G.HANSEN333 folded before Flop (didn't bet)
Seat 2: saimon 945 collected ($4.28)
Seat 3: jeffy27dt1 (button) folded before Flop (didn't bet)
Seat 4: magzi777 (small blind) folded before Flop
Seat 5: socito (big blind) folded on the Flop
Seat 6: pmeade1977 folded before Flop (didn't bet)



PokerStars Hand #254293000271:  Hold'em No Limit ($0.50/$1.00 USD) - 2025/01/10 10:36:24 WET [2025/01/10 5:36:24 ET]
Table 'Prudentia II' 6-max Seat #4 is the button
Seat 1: G.HANSEN333 ($134.83 in chips) 
Seat 2: saimon 945 ($111.39 in chips) 
Seat 3: jeffy27dt1 ($100 in chips) 
Seat 4: magzi777 ($100.50 in chips) 
Seat 5: socito ($100 in chips) 
Seat 6: pmeade1977 ($90.79 in chips) 
socito: posts small blind $0.50
pmeade1977: posts big blind $1
*** HOLE CARDS ***
G.HANSEN333: folds 
saimon 945: folds 
jeffy27dt1: raises $1.50 to $2.50
magzi777: folds 
socito: folds 
pmeade1977: calls $1.50
*** FLOP *** [5h 5c 5s]
pmeade1977: checks 
jeffy27dt1: checks 
*** TURN *** [5h 5c 5s] [2d]
pmeade1977: checks 
jeffy27dt1: checks 
*** RIVER *** [5h 5c 5s 2d] [As]
pmeade1977: checks 
jeffy27dt1: checks 
*** SHOW DOWN ***
pmeade1977: shows [5d Qd] (four of a kind, Fives)
jeffy27dt1: mucks hand 
pmeade1977 collected $5.22 from pot
*** SUMMARY ***
Total pot $5.50 | Rake $0.28 
Board [5h 5c 5s 2d As]
Seat 1: G.HANSEN333 folded before Flop (didn't bet)
Seat 2: saimon 945 folded before Flop (didn't bet)
Seat 3: jeffy27dt1 mucked
Seat 4: magzi777 (button) folded before Flop (didn't bet)
Seat 5: socito (small blind) folded before Flop
Seat 6: pmeade1977 (big blind) showed [5d Qd] and won ($5.22) with four of a kind, Fives



PokerStars Hand #254293007938:  Hold'em No Limit ($0.50/$1.00 USD) - 2025/01/10 10:37:30 WET [2025/01/10 5:37:30 ET]
Table 'Prudentia II' 6-max Seat #5 is the button
Seat 1: G.HANSEN333 ($134.83 in chips) 
Seat 2: saimon 945 ($111.39 in chips) 
Seat 3: jeffy27dt1 ($100 in chips) 
Seat 4: magzi777 ($100.50 in chips) 
Seat 5: socito ($100 in chips) 
Seat 6: pmeade1977 ($93.51 in chips) 
pmeade1977: posts small blind $0.50
G.HANSEN333: posts big blind $1
*** HOLE CARDS ***
saimon 945: folds 
jeffy27dt1: folds 
magzi777: folds 
socito: folds 
pmeade1977: folds 
Uncalled bet ($0.50) returned to G.HANSEN333
G.HANSEN333 collected $1 from pot
G.HANSEN333: doesn't show hand 
*** SUMMARY ***
Total pot $1 | Rake $0 
Seat 1: G.HANSEN333 (big blind) collected ($1)
Seat 2: saimon 945 folded before Flop (didn't bet)
Seat 3: jeffy27dt1 folded before Flop (didn't bet)
Seat 4: magzi777 folded before Flop (didn't bet)
Seat 5: socito (button) folded before Flop (didn't bet)
Seat 6: pmeade1977 (small blind) folded before Flop



PokerStars Hand #254293157687:  Hold'em No Limit ($0.50/$1.00 USD) - 2025/01/10 10:58:52 WET [2025/01/10 5:58:52 ET]
Table 'Prudentia II' 6-max Seat #6 is the button
Seat 1: janarr5 ($100 in chips) is sitting out
Seat 2: saimon 945 ($126.96 in chips) 
Seat 3: jeffy27dt1 ($122.48 in chips) 
Seat 4: magzi777 ($100 in chips) 
Seat 5: socito ($125.36 in chips) 
Seat 6: ddyyjj ($94.50 in chips) 
saimon 945: posts small blind $0.50
jeffy27dt1: posts big blind $1
*** HOLE CARDS ***
magzi777: folds 
socito: folds 
ddyyjj: folds 
saimon 945: raises $1 to $2
jeffy27dt1: calls $1
*** FLOP *** [As 8s Qd]
saimon 945: bets $3.80
jeffy27dt1: folds 
Uncalled bet ($3.80) returned to saimon 945
saimon 945 collected $3.80 from pot
*** SUMMARY ***
Total pot $4 | Rake $0.20 
Board [As 8s Qd]
Seat 1: janarr5
Seat 2: saimon 945 (small blind) collected ($3.80)
Seat 3: jeffy27dt1 (big blind) folded on the Flop
Seat 4: magzi777 folded before Flop (didn't bet)
Seat 5: socito folded before Flop (didn't bet)
Seat 6: ddyyjj (button) folded before Flop (didn't bet)



PokerStars Hand #254293161982:  Hold'em No Limit ($0.50/$1.00 USD) - 2025/01/10 10:59:35 WET [2025/01/10 5:59:35 ET]
Table 'Prudentia II' 6-max Seat #2 is the button
Seat 1: janarr5 ($100 in chips) is sitting out
Seat 2: saimon 945 ($128.76 in chips) 
Seat 3: jeffy27dt1 ($120.48 in chips) 
Seat 4: magzi777 ($100 in chips) 
Seat 5: socito ($125.36 in chips) 
Seat 6: ddyyjj ($94.50 in chips) 
jeffy27dt1: posts small blind $0.50
magzi777: posts big blind $1
janarr5: sits out 
*** HOLE CARDS ***
socito: folds 
ddyyjj: folds 
saimon 945: raises $1 to $2
jeffy27dt1: folds 
magzi777: calls $1
*** FLOP *** [2h Ts Qh]
magzi777: checks 
saimon 945: checks 
*** TURN *** [2h Ts Qh] [4d]
magzi777: bets $6.42
saimon 945: calls $6.42
*** RIVER *** [2h Ts Qh 4d] [6c]
ddyyjj leaves the table
magzi777: bets $24.70
saimon 945: folds 
Uncalled bet ($24.70) returned to magzi777
magzi777 collected $16.47 from pot
*** SUMMARY ***
Total pot $17.34 | Rake $0.87 
Board [2h Ts Qh 4d 6c]
Seat 1: janarr5
Seat 2: saimon 945 (button) folded on the River
Seat 3: jeffy27dt1 (small blind) folded before Flop
Seat 4: magzi777 (big blind) collected ($16.47)
Seat 5: socito folded before Flop (didn't bet)
Seat 6: ddyyjj folded before Flop (didn't bet)



PokerStars Hand #254293168753:  Hold'em No Limit ($0.50/$1.00 USD) - 2025/01/10 11:00:40 WET [2025/01/10 6:00:40 ET]
Table 'Prudentia II' 6-max Seat #3 is the button
Seat 1: janarr5 ($100 in chips) is sitting out
Seat 2: saimon 945 ($120.34 in chips) 
Seat 3: jeffy27dt1 ($119.98 in chips) 
Seat 4: magzi777 ($108.05 in chips) 
Seat 5: socito ($125.36 in chips) 
magzi777: posts small blind $0.50
socito: posts big blind $1
janarr5: sits out 
*** HOLE CARDS ***
saimon 945: folds 
jeffy27dt1: folds 
magzi777: folds 
Uncalled bet ($0.50) returned to socito
socito collected $1 from pot
socito: doesn't show hand 
*** SUMMARY ***
Total pot $1 | Rake $0 
Seat 1: janarr5
Seat 2: saimon 945 folded before Flop (didn't bet)
Seat 3: jeffy27dt1 (button) folded before Flop (didn't bet)
Seat 4: magzi777 (small blind) folded before Flop
Seat 5: socito (big blind) collected ($1)



PokerStars Hand #254293169999:  Hold'em No Limit ($0.50/$1.00 USD) - 2025/01/10 11:00:50 WET [2025/01/10 6:00:50 ET]
Table 'Prudentia II' 6-max Seat #4 is the button
Seat 1: janarr5 ($100 in chips) 
Seat 2: saimon 945 ($120.34 in chips) 
Seat 3: jeffy27dt1 ($119.98 in chips) 
Seat 4: magzi777 ($107.55 in chips) 
Seat 5: socito ($125.86 in chips) 
socito: posts small blind $0.50
janarr5: posts big blind $1
*** HOLE CARDS ***
ru_ruu_ru joins the table at seat #6 
saimon 945: folds 
jeffy27dt1: folds 
magzi777: folds 
socito: folds 
Uncalled bet ($0.50) returned to janarr5
janarr5 collected $1 from pot
janarr5: doesn't show hand 
*** SUMMARY ***
Total pot $1 | Rake $0 
Seat 1: janarr5 (big blind) collected ($1)
Seat 2: saimon 945 folded before Flop (didn't bet)
Seat 3: jeffy27dt1 folded before Flop (didn't bet)
Seat 4: magzi777 (button) folded before Flop (didn't bet)
Seat 5: socito (small blind) folded before Flop



PokerStars Hand #254293171311:  Hold'em No Limit ($0.50/$1.00 USD) - 2025/01/10 11:01:02 WET [2025/01/10 6:01:02 ET]
Table 'Prudentia II' 6-max Seat #5 is the button
Seat 6: ru_ruu_ru ($100 in chips) is sitting out
Seat 1: janarr5 ($100.50 in chips) 
Seat 2: saimon 945 ($120.34 in chips) 
Seat 3: jeffy27dt1 ($119.98 in chips) 
Seat 4: magzi777 ($107.55 in chips) 
Seat 5: socito ($125.36 in chips) 
janarr5: posts small blind $0.50
saimon 945: posts big blind $1
*** HOLE CARDS ***
jeffy27dt1: folds 
magzi777: folds 
socito: raises $1.50 to $2.50
janarr5: folds 
saimon 945: calls $1.50
*** FLOP *** [4s 6d 2c]
saimon 945: checks 
socito: checks 
*** TURN *** [4s 6d 2c] [6s]
saimon 945: checks 
socito: checks 
*** RIVER *** [4s 6d 2c 6s] [9h]
saimon 945: checks 
socito: bets $7.83
saimon 945: folds 
Uncalled bet ($7.83) returned to socito
socito collected $5.22 from pot
socito: doesn't show hand 
*** SUMMARY ***
Total pot $5.50 | Rake $0.28 
Board [4s 6d 2c 6s 9h]
Seat 6: ru_ruu_ru
Seat 1: janarr5 (small blind) folded before Flop
Seat 2: saimon 945 (big blind) folded on the River
Seat 3: jeffy27dt1 folded before Flop (didn't bet)
Seat 4: magzi777 folded before Flop (didn't bet)
Seat 5: socito (button) collected ($5.22)



PokerStars Hand #254293177368:  Hold'em No Limit ($0.50/$1.00 USD) - 2025/01/10 11:01:52 WET [2025/01/10 6:01:52 ET]
Table 'Prudentia II' 6-max Seat #1 is the button
Seat 6: ru_ruu_ru ($100 in chips) is sitting out
Seat 1: janarr5 ($100 in chips) 
Seat 2: saimon 945 ($117.84 in chips) 
Seat 3: jeffy27dt1 ($119.98 in chips) 
Seat 4: magzi777 ($107.55 in chips) 
Seat 5: socito ($128.08 in chips) 
saimon 945: posts small blind $0.50
jeffy27dt1: posts big blind $1
ru_ruu_ru: sits out 
*** HOLE CARDS ***
magzi777: folds 
socito: raises $1.50 to $2.50
janarr5: folds 
saimon 945: folds 
jeffy27dt1: folds 
Uncalled bet ($1.50) returned to socito
socito collected $2.50 from pot
socito: doesn't show hand 
*** SUMMARY ***
Total pot $2.50 | Rake $0 
Seat 6: ru_ruu_ru
Seat 1: janarr5 (button) folded before Flop (didn't bet)
Seat 2: saimon 945 (small blind) folded before Flop
Seat 3: jeffy27dt1 (big blind) folded before Flop
Seat 4: magzi777 folded before Flop (didn't bet)
Seat 5: socito collected ($2.50)



PokerStars Hand #254293180391:  Hold'em No Limit ($0.50/$1.00 USD) - 2025/01/10 11:02:18 WET [2025/01/10 6:02:18 ET]
Table 'Prudentia II' 6-max Seat #2 is the button
Seat 6: ru_ruu_ru ($100 in chips) is sitting out
Seat 1: janarr5 ($100 in chips) 
Seat 2: saimon 945 ($117.34 in chips) 
Seat 3: jeffy27dt1 ($118.98 in chips) 
Seat 4: magzi777 ($107.55 in chips) 
Seat 5: socito ($129.58 in chips) 
jeffy27dt1: posts small blind $0.50
magzi777: posts big blind $1
ru_ruu_ru: sits out 
*** HOLE CARDS ***
socito: folds 
janarr5: raises $1.25 to $2.25
saimon 945: folds 
jeffy27dt1: folds 
magzi777: calls $1.25
*** FLOP *** [2s 9h Ah]
magzi777: checks 
janarr5: bets $1.19
magzi777: calls $1.19
*** TURN *** [2s 9h Ah] [9c]
magzi777: checks 
janarr5: checks 
*** RIVER *** [2s 9h Ah 9c] [Qh]
magzi777: bets $10.52
janarr5: folds 
Uncalled bet ($10.52) returned to magzi777
magzi777 collected $7.01 from pot
*** SUMMARY ***
Total pot $7.38 | Rake $0.37 
Board [2s 9h Ah 9c Qh]
Seat 6: ru_ruu_ru
Seat 1: janarr5 folded on the River
Seat 2: saimon 945 (button) folded before Flop (didn't bet)
Seat 3: jeffy27dt1 (small blind) folded before Flop
Seat 4: magzi777 (big blind) collected ($7.01)
Seat 5: socito folded before Flop (didn't bet)



PokerStars Hand #254293187733:  Hold'em No Limit ($0.50/$1.00 USD) - 2025/01/10 11:03:19 WET [2025/01/10 6:03:19 ET]
Table 'Prudentia II' 6-max Seat #3 is the button
Seat 6: ru_ruu_ru ($100 in chips) is sitting out
Seat 1: janarr5 ($100 in chips) 
Seat 2: saimon 945 ($117.34 in chips) 
Seat 3: jeffy27dt1 ($118.48 in chips) 
Seat 4: magzi777 ($111.12 in chips) 
Seat 5: socito ($129.58 in chips) 
magzi777: posts small blind $0.50
socito: posts big blind $1
ru_ruu_ru: sits out 
*** HOLE CARDS ***
janarr5: folds 
saimon 945: raises $1 to $2
jeffy27dt1: folds 
magzi777: folds 
socito: folds 
Uncalled bet ($1) returned to saimon 945
saimon 945 collected $2.50 from pot
*** SUMMARY ***
Total pot $2.50 | Rake $0 
Seat 6: ru_ruu_ru
Seat 1: janarr5 folded before Flop (didn't bet)
Seat 2: saimon 945 collected ($2.50)
Seat 3: jeffy27dt1 (button) folded before Flop (didn't bet)
Seat 4: magzi777 (small blind) folded before Flop
Seat 5: socito (big blind) folded before Flop



PokerStars Hand #254293189609:  Hold'em No Limit ($0.50/$1.00 USD) - 2025/01/10 11:03:34 WET [2025/01/10 6:03:34 ET]
Table 'Prudentia II' 6-max Seat #4 is the button
Seat 1: janarr5 ($100 in chips) 
Seat 2: saimon 945 ($118.84 in chips) 
Seat 3: jeffy27dt1 ($118.48 in chips) 
Seat 4: magzi777 ($110.62 in chips) 
Seat 5: socito ($128.58 in chips) 
Seat 6: ru_ruu_ru ($100 in chips) 
socito: posts small blind $0.50
ru_ruu_ru: posts big blind $1
*** HOLE CARDS ***
janarr5: raises $1.25 to $2.25
saimon 945: folds 
jeffy27dt1: folds 
magzi777: folds 
socito: folds 
ru_ruu_ru: folds 
Uncalled bet ($1.25) returned to janarr5
janarr5 collected $2.50 from pot
janarr5: doesn't show hand 
*** SUMMARY ***
Total pot $2.50 | Rake $0 
Seat 1: janarr5 collected ($2.50)
Seat 2: saimon 945 folded before Flop (didn't bet)
Seat 3: jeffy27dt1 folded before Flop (didn't bet)
Seat 4: magzi777 (button) folded before Flop (didn't bet)
Seat 5: socito (small blind) folded before Flop
Seat 6: ru_ruu_ru (big blind) folded before Flop



PokerStars Hand #254293193765:  Hold'em No Limit ($0.50/$1.00 USD) - 2025/01/10 11:04:09 WET [2025/01/10 6:04:09 ET]
Table 'Prudentia II' 6-max Seat #5 is the button
Seat 1: janarr5 ($101.50 in chips) 
Seat 2: saimon 945 ($118.84 in chips) 
Seat 3: jeffy27dt1 ($118.48 in chips) 
Seat 4: magzi777 ($110.62 in chips) 
Seat 5: socito ($128.08 in chips) 
Seat 6: ru_ruu_ru ($100 in chips) 
ru_ruu_ru: posts small blind $0.50
janarr5: posts big blind $1
*** HOLE CARDS ***
saimon 945: folds 
jeffy27dt1: folds 
magzi777: folds 
socito: folds 
ru_ruu_ru: folds 
Uncalled bet ($0.50) returned to janarr5
janarr5 collected $1 from pot
janarr5: doesn't show hand 
*** SUMMARY ***
Total pot $1 | Rake $0 
Seat 1: janarr5 (big blind) collected ($1)
Seat 2: saimon 945 folded before Flop (didn't bet)
Seat 3: jeffy27dt1 folded before Flop (didn't bet)
Seat 4: magzi777 folded before Flop (didn't bet)
Seat 5: socito (button) folded before Flop (didn't bet)
Seat 6: ru_ruu_ru (small blind) folded before Flop



PokerStars Hand #254293195737:  Hold'em No Limit ($0.50/$1.00 USD) - 2025/01/10 11:04:26 WET [2025/01/10 6:04:26 ET]
Table 'Prudentia II' 6-max Seat #6 is the button
Seat 1: janarr5 ($102 in chips) 
Seat 2: saimon 945 ($118.84 in chips) 
Seat 3: jeffy27dt1 ($118.48 in chips) 
Seat 4: magzi777 ($110.62 in chips) 
Seat 5: socito ($128.08 in chips) 
Seat 6: ru_ruu_ru ($100 in chips) 
janarr5: posts small blind $0.50
saimon 945: posts big blind $1
*** HOLE CARDS ***
jeffy27dt1: raises $1.50 to $2.50
magzi777: folds 
socito: folds 
ru_ruu_ru: folds 
janarr5: folds 
saimon 945: folds 
Uncalled bet ($1.50) returned to jeffy27dt1
jeffy27dt1 collected $2.50 from pot
jeffy27dt1: doesn't show hand 
*** SUMMARY ***
Total pot $2.50 | Rake $0 
Seat 1: janarr5 (small blind) folded before Flop
Seat 2: saimon 945 (big blind) folded before Flop
Seat 3: jeffy27dt1 collected ($2.50)
Seat 4: magzi777 folded before Flop (didn't bet)
Seat 5: socito folded before Flop (didn't bet)
Seat 6: ru_ruu_ru (button) folded before Flop (didn't bet)



PokerStars Hand #254293198299:  Hold'em No Limit ($0.50/$1.00 USD) - 2025/01/10 11:04:47 WET [2025/01/10 6:04:47 ET]
Table 'Prudentia II' 6-max Seat #1 is the button
Seat 1: janarr5 ($101.50 in chips) 
Seat 2: saimon 945 ($117.84 in chips) 
Seat 3: jeffy27dt1 ($119.98 in chips) 
Seat 4: magzi777 ($110.62 in chips) 
Seat 5: socito ($128.08 in chips) 
Seat 6: ru_ruu_ru ($100 in chips) 
saimon 945: posts small blind $0.50
jeffy27dt1: posts big blind $1
*** HOLE CARDS ***
magzi777: folds 
socito: folds 
ru_ruu_ru: folds 
janarr5: raises $1.50 to $2.50
saimon 945: calls $2
jeffy27dt1: folds 
*** FLOP *** [9h Qs 7d]
saimon 945: checks 
janarr5: bets $2.85
saimon 945: calls $2.85
*** TURN *** [9h Qs 7d] [6h]
saimon 945: checks 
janarr5: bets $15.01
saimon 945: folds 
Uncalled bet ($15.01) returned to janarr5
janarr5 collected $11.12 from pot
janarr5: doesn't show hand 
*** SUMMARY ***
Total pot $11.70 | Rake $0.58 
Board [9h Qs 7d 6h]
Seat 1: janarr5 (button) collected ($11.12)
Seat 2: saimon 945 (small blind) folded on the Turn
Seat 3: jeffy27dt1 (big blind) folded before Flop
Seat 4: magzi777 folded before Flop (didn't bet)
Seat 5: socito folded before Flop (didn't bet)
Seat 6: ru_ruu_ru folded before Flop (didn't bet)



PokerStars Hand #254293203647:  Hold'em No Limit ($0.50/$1.00 USD) - 2025/01/10 11:05:31 WET [2025/01/10 6:05:31 ET]
Table 'Prudentia II' 6-max Seat #2 is the button
Seat 1: janarr5 ($107.27 in chips) 
Seat 2: saimon 945 ($112.49 in chips) 
Seat 3: jeffy27dt1 ($118.98 in chips) 
Seat 4: magzi777 ($110.62 in chips) 
Seat 5: socito ($128.08 in chips) 
Seat 6: ru_ruu_ru ($100 in chips) 
jeffy27dt1: posts small blind $0.50
magzi777: posts big blind $1
*** HOLE CARDS ***
socito: folds 
ru_ruu_ru: folds 
janarr5: folds 
saimon 945: folds 
jeffy27dt1: folds 
Uncalled bet ($0.50) returned to magzi777
magzi777 collected $1 from pot
*** SUMMARY ***
Total pot $1 | Rake $0 
Seat 1: janarr5 folded before Flop (didn't bet)
Seat 2: saimon 945 (button) folded before Flop (didn't bet)
Seat 3: jeffy27dt1 (small blind) folded before Flop
Seat 4: magzi777 (big blind) collected ($1)
Seat 5: socito folded before Flop (didn't bet)
Seat 6: ru_ruu_ru folded before Flop (didn't bet)



PokerStars Hand #254293205203:  Hold'em No Limit ($0.50/$1.00 USD) - 2025/01/10 11:05:44 WET [2025/01/10 6:05:44 ET]
Table 'Prudentia II' 6-max Seat #3 is the button
Seat 1: janarr5 ($107.27 in chips) 
Seat 2: saimon 945 ($112.49 in chips) 
Seat 3: jeffy27dt1 ($118.48 in chips) 
Seat 4: magzi777 ($111.12 in chips) 
Seat 5: socito ($128.08 in chips) 
Seat 6: ru_ruu_ru ($100 in chips) 
magzi777: posts small blind $0.50
socito: posts big blind $1
*** HOLE CARDS ***
ru_ruu_ru: folds 
janarr5: folds 
saimon 945: raises $1 to $2
jeffy27dt1: folds 
magzi777: folds 
socito: calls $1
*** FLOP *** [4h 9d 7d]
socito: checks 
saimon 945: bets $4.28
socito: calls $4.28
*** TURN *** [4h 9d 7d] [Kd]
socito: checks 
saimon 945: checks 
*** RIVER *** [4h 9d 7d Kd] [Td]
socito: checks 
saimon 945: checks 
*** SHOW DOWN ***
socito: shows [Th 9s] (two pair, Tens and Nines)
saimon 945: mucks hand 
socito collected $12.41 from pot
*** SUMMARY ***
Total pot $13.06 | Rake $0.65 
Board [4h 9d 7d Kd Td]
Seat 1: janarr5 folded before Flop (didn't bet)
Seat 2: saimon 945 mucked
Seat 3: jeffy27dt1 (button) folded before Flop (didn't bet)
Seat 4: magzi777 (small blind) folded before Flop
Seat 5: socito (big blind) showed [Th 9s] and won ($12.41) with two pair, Tens and Nines
Seat 6: ru_ruu_ru folded before Flop (didn't bet)



PokerStars Hand #254293211976:  Hold'em No Limit ($0.50/$1.00 USD) - 2025/01/10 11:06:39 WET [2025/01/10 6:06:39 ET]
Table 'Prudentia II' 6-max Seat #4 is the button
Seat 1: janarr5 ($107.27 in chips) 
Seat 2: saimon 945 ($106.21 in chips) 
Seat 3: jeffy27dt1 ($118.48 in chips) 
Seat 4: magzi777 ($110.62 in chips) 
Seat 5: socito ($134.21 in chips) 
Seat 6: ru_ruu_ru ($100 in chips) 
socito: posts small blind $0.50
ru_ruu_ru: posts big blind $1
*** HOLE CARDS ***
janarr5: folds 
saimon 945: raises $1 to $2
jeffy27dt1: folds 
magzi777: raises $4 to $6
socito: folds 
ru_ruu_ru: folds 
saimon 945: calls $4
*** FLOP *** [Jh Ts 4h]
saimon 945: checks 
magzi777: bets $11
saimon 945: calls $11
*** TURN *** [Jh Ts 4h] [Qd]
saimon 945: checks 
magzi777: bets $18
saimon 945: folds 
Uncalled bet ($18) returned to magzi777
magzi777 collected $33.72 from pot
*** SUMMARY ***
Total pot $35.50 | Rake $1.78 
Board [Jh Ts 4h Qd]
Seat 1: janarr5 folded before Flop (didn't bet)
Seat 2: saimon 945 folded on the Turn
Seat 3: jeffy27dt1 folded before Flop (didn't bet)
Seat 4: magzi777 (button) collected ($33.72)
Seat 5: socito (small blind) folded before Flop
Seat 6: ru_ruu_ru (big blind) folded before Flop



PokerStars Hand #254293217064:  Hold'em No Limit ($0.50/$1.00 USD) - 2025/01/10 11:07:21 WET [2025/01/10 6:07:21 ET]
Table 'Prudentia II' 6-max Seat #5 is the button
Seat 1: janarr5 ($107.27 in chips) 
Seat 2: saimon 945 ($89.21 in chips) 
Seat 3: jeffy27dt1 ($118.48 in chips) 
Seat 4: magzi777 ($127.34 in chips) 
Seat 5: socito ($133.71 in chips) 
Seat 6: ru_ruu_ru ($100 in chips) 
ru_ruu_ru: posts small blind $0.50
janarr5: posts big blind $1
*** HOLE CARDS ***
saimon 945: raises $1 to $2
jeffy27dt1: raises $5.50 to $7.50
magzi777: folds 
socito: folds 
ru_ruu_ru: folds 
janarr5: folds 
saimon 945: calls $5.50
*** FLOP *** [2d Tc 2c]
saimon 945: checks 
jeffy27dt1: bets $12.30
saimon 945: folds 
Uncalled bet ($12.30) returned to jeffy27dt1
jeffy27dt1 collected $15.68 from pot
jeffy27dt1: doesn't show hand 
*** SUMMARY ***
Total pot $16.50 | Rake $0.82 
Board [2d Tc 2c]
Seat 1: janarr5 (big blind) folded before Flop
Seat 2: saimon 945 folded on the Flop
Seat 3: jeffy27dt1 collected ($15.68)
Seat 4: magzi777 folded before Flop (didn't bet)
Seat 5: socito (button) folded before Flop (didn't bet)
Seat 6: ru_ruu_ru (small blind) folded before Flop



PokerStars Hand #254293221005:  Hold'em No Limit ($0.50/$1.00 USD) - 2025/01/10 11:07:53 WET [2025/01/10 6:07:53 ET]
Table 'Prudentia II' 6-max Seat #6 is the button
Seat 1: janarr5 ($106.27 in chips) 
Seat 2: saimon 945 ($81.71 in chips) 
Seat 3: jeffy27dt1 ($126.66 in chips) 
Seat 4: magzi777 ($127.34 in chips) 
Seat 5: socito ($133.71 in chips) 
Seat 6: ru_ruu_ru ($100 in chips) 
janarr5: posts small blind $0.50
saimon 945: posts big blind $1
*** HOLE CARDS ***
jeffy27dt1: folds 
magzi777: raises $1.50 to $2.50
socito: folds 
ru_ruu_ru: folds 
janarr5: folds 
saimon 945: raises $9.50 to $12
magzi777: folds 
Uncalled bet ($9.50) returned to saimon 945
saimon 945 collected $5.50 from pot
*** SUMMARY ***
Total pot $5.50 | Rake $0 
Seat 1: janarr5 (small blind) folded before Flop
Seat 2: saimon 945 (big blind) collected ($5.50)
Seat 3: jeffy27dt1 folded before Flop (didn't bet)
Seat 4: magzi777 folded before Flop
Seat 5: socito folded before Flop (didn't bet)
Seat 6: ru_ruu_ru (button) folded before Flop (didn't bet)



PokerStars Hand #254293223590:  Hold'em No Limit ($0.50/$1.00 USD) - 2025/01/10 11:08:14 WET [2025/01/10 6:08:14 ET]
Table 'Prudentia II' 6-max Seat #1 is the button
Seat 1: janarr5 ($105.77 in chips) 
Seat 2: saimon 945 ($84.71 in chips) 
Seat 3: jeffy27dt1 ($126.66 in chips) 
Seat 4: magzi777 ($124.84 in chips) 
Seat 5: socito ($133.71 in chips) 
Seat 6: ru_ruu_ru ($100 in chips) 
saimon 945: posts small blind $0.50
jeffy27dt1: posts big blind $1
*** HOLE CARDS ***
magzi777: folds 
socito: folds 
ru_ruu_ru: folds 
janarr5: raises $1.50 to $2.50
saimon 945: calls $2
jeffy27dt1: folds 
*** FLOP *** [Ah 2s 8s]
saimon 945: checks 
janarr5: bets $1.43
saimon 945: calls $1.43
*** TURN *** [Ah 2s 8s] [Qc]
saimon 945: checks 
janarr5: bets $5.56
saimon 945: folds 
Uncalled bet ($5.56) returned to janarr5
janarr5 collected $8.42 from pot
janarr5: doesn't show hand 
*** SUMMARY ***
Total pot $8.86 | Rake $0.44 
Board [Ah 2s 8s Qc]
Seat 1: janarr5 (button) collected ($8.42)
Seat 2: saimon 945 (small blind) folded on the Turn
Seat 3: jeffy27dt1 (big blind) folded before Flop
Seat 4: magzi777 folded before Flop (didn't bet)
Seat 5: socito folded before Flop (didn't bet)
Seat 6: ru_ruu_ru folded before Flop (didn't bet)



PokerStars Hand #254293227785:  Hold'em No Limit ($0.50/$1.00 USD) - 2025/01/10 11:08:48 WET [2025/01/10 6:08:48 ET]
Table 'Prudentia II' 6-max Seat #2 is the button
Seat 1: janarr5 ($110.26 in chips) 
Seat 2: saimon 945 ($80.78 in chips) 
Seat 3: jeffy27dt1 ($125.66 in chips) 
Seat 4: magzi777 ($124.84 in chips) 
Seat 5: socito ($133.71 in chips) 
Seat 6: ru_ruu_ru ($100 in chips) 
jeffy27dt1: posts small blind $0.50
magzi777: posts big blind $1
*** HOLE CARDS ***
socito: folds 
ru_ruu_ru: folds 
janarr5: folds 
saimon 945: raises $2 to $3
jeffy27dt1: folds 
magzi777: calls $2
*** FLOP *** [Jh 3c 4d]
magzi777: checks 
saimon 945: bets $6.18
magzi777: folds 
Uncalled bet ($6.18) returned to saimon 945
saimon 945 collected $6.18 from pot
*** SUMMARY ***
Total pot $6.50 | Rake $0.32 
Board [Jh 3c 4d]
Seat 1: janarr5 folded before Flop (didn't bet)
Seat 2: saimon 945 (button) collected ($6.18)
Seat 3: jeffy27dt1 (small blind) folded before Flop
Seat 4: magzi777 (big blind) folded on the Flop
Seat 5: socito folded before Flop (didn't bet)
Seat 6: ru_ruu_ru folded before Flop (didn't bet)



PokerStars Hand #254293231606:  Hold'em No Limit ($0.50/$1.00 USD) - 2025/01/10 11:09:19 WET [2025/01/10 6:09:19 ET]
Table 'Prudentia II' 6-max Seat #3 is the button
Seat 1: janarr5 ($110.26 in chips) 
Seat 2: saimon 945 ($83.96 in chips) 
Seat 3: jeffy27dt1 ($125.16 in chips) 
Seat 4: magzi777 ($121.84 in chips) 
Seat 5: socito ($133.71 in chips) 
Seat 6: ru_ruu_ru ($100 in chips) 
magzi777: posts small blind $0.50
socito: posts big blind $1
*** HOLE CARDS ***
ru_ruu_ru: folds 
janarr5: folds 
saimon 945: folds 
jeffy27dt1: folds 
magzi777: folds 
Uncalled bet ($0.50) returned to socito
socito collected $1 from pot
socito: doesn't show hand 
*** SUMMARY ***
Total pot $1 | Rake $0 
Seat 1: janarr5 folded before Flop (didn't bet)
Seat 2: saimon 945 folded before Flop (didn't bet)
Seat 3: jeffy27dt1 (button) folded before Flop (didn't bet)
Seat 4: magzi777 (small blind) folded before Flop
Seat 5: socito (big blind) collected ($1)
Seat 6: ru_ruu_ru folded before Flop (didn't bet)



PokerStars Hand #254293233199:  Hold'em No Limit ($0.50/$1.00 USD) - 2025/01/10 11:09:32 WET [2025/01/10 6:09:32 ET]
Table 'Prudentia II' 6-max Seat #4 is the button
Seat 1: janarr5 ($110.26 in chips) 
Seat 2: saimon 945 ($83.96 in chips) 
Seat 3: jeffy27dt1 ($125.16 in chips) 
Seat 4: magzi777 ($121.34 in chips) 
Seat 5: socito ($134.21 in chips) 
Seat 6: ru_ruu_ru ($100 in chips) 
socito: posts small blind $0.50
ru_ruu_ru: posts big blind $1
*** HOLE CARDS ***
janarr5: folds 
saimon 945: folds 
jeffy27dt1: folds 
magzi777: raises $1.50 to $2.50
socito: folds 
ru_ruu_ru: calls $1.50
*** FLOP *** [Kc 7c Jh]
ru_ruu_ru: checks 
magzi777: checks 
*** TURN *** [Kc 7c Jh] [Qc]
ru_ruu_ru: checks 
magzi777: bets $3.45
ru_ruu_ru: raises $12.30 to $15.75
magzi777: raises $16.25 to $32
ru_ruu_ru: raises $65.50 to $97.50 and is all-in
magzi777: folds 
Uncalled bet ($65.50) returned to ru_ruu_ru
ru_ruu_ru collected $67 from pot
ru_ruu_ru: doesn't show hand 
*** SUMMARY ***
Total pot $69.50 | Rake $2.50 
Board [Kc 7c Jh Qc]
Seat 1: janarr5 folded before Flop (didn't bet)
Seat 2: saimon 945 folded before Flop (didn't bet)
Seat 3: jeffy27dt1 folded before Flop (didn't bet)
Seat 4: magzi777 (button) folded on the Turn
Seat 5: socito (small blind) folded before Flop
Seat 6: ru_ruu_ru (big blind) collected ($67)



PokerStars Hand #254293246071:  Hold'em No Limit ($0.50/$1.00 USD) - 2025/01/10 11:11:16 WET [2025/01/10 6:11:16 ET]
Table 'Prudentia II' 6-max Seat #5 is the button
Seat 1: janarr5 ($110.26 in chips) 
Seat 2: saimon 945 ($83.96 in chips) 
Seat 3: jeffy27dt1 ($125.16 in chips) 
Seat 4: magzi777 ($100 in chips) 
Seat 5: socito ($133.71 in chips) 
Seat 6: ru_ruu_ru ($132.50 in chips) 
ru_ruu_ru: posts small blind $0.50
janarr5: posts big blind $1
*** HOLE CARDS ***
saimon 945: folds 
jeffy27dt1: folds 
magzi777: raises $1.50 to $2.50
socito: folds 
ru_ruu_ru: folds 
janarr5: folds 
Uncalled bet ($1.50) returned to magzi777
magzi777 collected $2.50 from pot
*** SUMMARY ***
Total pot $2.50 | Rake $0 
Seat 1: janarr5 (big blind) folded before Flop
Seat 2: saimon 945 folded before Flop (didn't bet)
Seat 3: jeffy27dt1 folded before Flop (didn't bet)
Seat 4: magzi777 collected ($2.50)
Seat 5: socito (button) folded before Flop (didn't bet)
Seat 6: ru_ruu_ru (small blind) folded before Flop



PokerStars Hand #254293248307:  Hold'em No Limit ($0.50/$1.00 USD) - 2025/01/10 11:11:34 WET [2025/01/10 6:11:34 ET]
Table 'Prudentia II' 6-max Seat #6 is the button
Seat 1: janarr5 ($109.26 in chips) 
Seat 2: saimon 945 ($83.96 in chips) 
Seat 3: jeffy27dt1 ($125.16 in chips) 
Seat 4: magzi777 ($101.50 in chips) 
Seat 5: socito ($133.71 in chips) 
Seat 6: ru_ruu_ru ($132 in chips) 
janarr5: posts small blind $0.50
saimon 945: posts big blind $1
*** HOLE CARDS ***
jeffy27dt1: folds 
magzi777: folds 
socito: folds 
ru_ruu_ru: raises $2 to $3
janarr5: folds 
saimon 945: raises $13 to $16
ru_ruu_ru: raises $16 to $32
saimon 945: calls $16
*** FLOP *** [Ts 5h 5c]
saimon 945: bets $51.96 and is all-in
ru_ruu_ru: calls $51.96
*** TURN *** [Ts 5h 5c] [8h]
*** RIVER *** [Ts 5h 5c 8h] [3s]
*** SHOW DOWN ***
saimon 945: shows [6d 6h] (two pair, Sixes and Fives)
ru_ruu_ru: shows [Kh Kd] (two pair, Kings and Fives)
ru_ruu_ru collected $165.92 from pot
*** SUMMARY ***
Total pot $168.42 | Rake $2.50 
Board [Ts 5h 5c 8h 3s]
Seat 1: janarr5 (small blind) folded before Flop
Seat 2: saimon 945 (big blind) showed [6d 6h] and lost with two pair, Sixes and Fives
Seat 3: jeffy27dt1 folded before Flop (didn't bet)
Seat 4: magzi777 folded before Flop (didn't bet)
Seat 5: socito folded before Flop (didn't bet)
Seat 6: ru_ruu_ru (button) showed [Kh Kd] and won ($165.92) with two pair, Kings and Fives



PokerStars Hand #254293254227:  Hold'em No Limit ($0.50/$1.00 USD) - 2025/01/10 11:12:22 WET [2025/01/10 6:12:22 ET]
Table 'Prudentia II' 6-max Seat #1 is the button
Seat 2: saimon 945 ($0 in chips) is sitting out
Seat 1: janarr5 ($108.76 in chips) 
Seat 3: jeffy27dt1 ($125.16 in chips) 
Seat 4: magzi777 ($101.50 in chips) 
Seat 5: socito ($133.71 in chips) 
Seat 6: ru_ruu_ru ($213.96 in chips) 
jeffy27dt1: posts small blind $0.50
magzi777: posts big blind $1
*** HOLE CARDS ***
socito: folds 
ru_ruu_ru: folds 
janarr5: raises $1.50 to $2.50
jeffy27dt1: folds 
magzi777: raises $8.50 to $11
janarr5: calls $8.50
*** FLOP *** [Qh Ad Js]
magzi777: bets $8.98
janarr5: calls $8.98
*** TURN *** [Qh Ad Js] [9h]
magzi777: bets $25.37
janarr5: calls $25.37
*** RIVER *** [Qh Ad Js 9h] [5s]
magzi777: bets $56.15 and is all-in
janarr5: folds 
Uncalled bet ($56.15) returned to magzi777
magzi777 collected $88.70 from pot
*** SUMMARY ***
Total pot $91.20 | Rake $2.50 
Board [Qh Ad Js 9h 5s]
Seat 2: saimon 945
Seat 1: janarr5 (button) folded on the River
Seat 3: jeffy27dt1 (small blind) folded before Flop
Seat 4: magzi777 (big blind) collected ($88.70)
Seat 5: socito folded before Flop (didn't bet)
Seat 6: ru_ruu_ru folded before Flop (didn't bet)



PokerStars Hand #254293263173:  Hold'em No Limit ($0.50/$1.00 USD) - 2025/01/10 11:13:34 WET [2025/01/10 6:13:34 ET]
Table 'Prudentia II' 6-max Seat #3 is the button
Seat 1: janarr5 ($100 in chips) 
Seat 2: saimon 945 ($100 in chips) 
Seat 3: jeffy27dt1 ($124.66 in chips) 
Seat 4: magzi777 ($144.85 in chips) 
Seat 5: socito ($133.71 in chips) 
Seat 6: ru_ruu_ru ($213.96 in chips) 
magzi777: posts small blind $0.50
socito: posts big blind $1
saimon 945: posts small blind $0.50
*** HOLE CARDS ***
ru_ruu_ru: folds 
janarr5: raises $1.25 to $2.25
saimon 945: calls $2.25
jeffy27dt1: raises $8.75 to $11
magzi777: folds 
socito: folds 
janarr5: raises $16 to $27
saimon 945: folds 
jeffy27dt1: folds 
Uncalled bet ($16) returned to janarr5
janarr5 collected $26.25 from pot
janarr5: doesn't show hand 
*** SUMMARY ***
Total pot $26.25 | Rake $0 
Seat 1: janarr5 collected ($26.25)
Seat 2: saimon 945 folded before Flop
Seat 3: jeffy27dt1 (button) folded before Flop
Seat 4: magzi777 (small blind) folded before Flop
Seat 5: socito (big blind) folded before Flop
Seat 6: ru_ruu_ru folded before Flop (didn't bet)



PokerStars Hand #254293267805:  Hold'em No Limit ($0.50/$1.00 USD) - 2025/01/10 11:14:11 WET [2025/01/10 6:14:11 ET]
Table 'Prudentia II' 6-max Seat #4 is the button
Seat 1: janarr5 ($115.25 in chips) 
Seat 2: saimon 945 ($97.25 in chips) 
Seat 3: jeffy27dt1 ($113.66 in chips) 
Seat 4: magzi777 ($144.35 in chips) 
Seat 5: socito ($132.71 in chips) 
Seat 6: ru_ruu_ru ($213.96 in chips) 
socito: posts small blind $0.50
ru_ruu_ru: posts big blind $1
*** HOLE CARDS ***
janarr5: folds 
saimon 945: folds 
jeffy27dt1: folds 
magzi777: raises $1.50 to $2.50
socito: folds 
ru_ruu_ru: calls $1.50
*** FLOP *** [4c 3h 9h]
ru_ruu_ru: checks 
magzi777: checks 
*** TURN *** [4c 3h 9h] [4s]
ru_ruu_ru: checks 
magzi777: checks 
*** RIVER *** [4c 3h 9h 4s] [Ah]
ru_ruu_ru: checks 
magzi777: bets $7.83
ru_ruu_ru: folds 
Uncalled bet ($7.83) returned to magzi777
magzi777 collected $5.22 from pot
*** SUMMARY ***
Total pot $5.50 | Rake $0.28 
Board [4c 3h 9h 4s Ah]
Seat 1: janarr5 folded before Flop (didn't bet)
Seat 2: saimon 945 folded before Flop (didn't bet)
Seat 3: jeffy27dt1 folded before Flop (didn't bet)
Seat 4: magzi777 (button) collected ($5.22)
Seat 5: socito (small blind) folded before Flop
Seat 6: ru_ruu_ru (big blind) folded on the River



PokerStars Hand #254293275785:  Hold'em No Limit ($0.50/$1.00 USD) - 2025/01/10 11:15:14 WET [2025/01/10 6:15:14 ET]
Table 'Prudentia II' 6-max Seat #5 is the button
Seat 1: janarr5 ($115.25 in chips) 
Seat 2: saimon 945 ($97.25 in chips) 
Seat 3: jeffy27dt1 ($113.66 in chips) 
Seat 4: magzi777 ($147.07 in chips) 
Seat 5: socito ($132.21 in chips) 
Seat 6: ru_ruu_ru ($211.46 in chips) 
ru_ruu_ru: posts small blind $0.50
janarr5: posts big blind $1
*** HOLE CARDS ***
saimon 945: calls $1
jeffy27dt1: raises $3 to $4
magzi777: folds 
socito: raises $9 to $13
ru_ruu_ru: folds 
janarr5: folds 
saimon 945: folds 
jeffy27dt1: folds 
Uncalled bet ($9) returned to socito
socito collected $10.50 from pot
socito: doesn't show hand 
*** SUMMARY ***
Total pot $10.50 | Rake $0 
Seat 1: janarr5 (big blind) folded before Flop
Seat 2: saimon 945 folded before Flop
Seat 3: jeffy27dt1 folded before Flop
Seat 4: magzi777 folded before Flop (didn't bet)
Seat 5: socito (button) collected ($10.50)
Seat 6: ru_ruu_ru (small blind) folded before Flop



PokerStars Hand #254293281987:  Hold'em No Limit ($0.50/$1.00 USD) - 2025/01/10 11:16:03 WET [2025/01/10 6:16:03 ET]
Table 'Prudentia II' 6-max Seat #6 is the button
Seat 1: janarr5 ($114.25 in chips) 
Seat 2: saimon 945 ($96.25 in chips) 
Seat 3: jeffy27dt1 ($109.66 in chips) 
Seat 4: magzi777 ($147.07 in chips) 
Seat 5: socito ($138.71 in chips) 
Seat 6: ru_ruu_ru ($210.96 in chips) 
janarr5: posts small blind $0.50
saimon 945: posts big blind $1
*** HOLE CARDS ***
jeffy27dt1: raises $1.50 to $2.50
magzi777: folds 
socito: folds 
ru_ruu_ru: folds 
janarr5: folds 
saimon 945: calls $1.50
*** FLOP *** [Qd Td Ah]
saimon 945: checks 
jeffy27dt1: bets $1.72
saimon 945: calls $1.72
*** TURN *** [Qd Td Ah] [As]
saimon 945: checks 
jeffy27dt1: bets $6.37
saimon 945: calls $6.37
*** RIVER *** [Qd Td Ah As] [4s]
saimon 945: checks 
jeffy27dt1: bets $8
saimon 945: folds 
Uncalled bet ($8) returned to jeffy27dt1
jeffy27dt1 collected $20.60 from pot
jeffy27dt1: doesn't show hand 
*** SUMMARY ***
Total pot $21.68 | Rake $1.08 
Board [Qd Td Ah As 4s]
Seat 1: janarr5 (small blind) folded before Flop
Seat 2: saimon 945 (big blind) folded on the River
Seat 3: jeffy27dt1 collected ($20.60)
Seat 4: magzi777 folded before Flop (didn't bet)
Seat 5: socito folded before Flop (didn't bet)
Seat 6: ru_ruu_ru (button) folded before Flop (didn't bet)



PokerStars Hand #254293290635:  Hold'em No Limit ($0.50/$1.00 USD) - 2025/01/10 11:17:10 WET [2025/01/10 6:17:10 ET]
Table 'Prudentia II' 6-max Seat #1 is the button
Seat 1: janarr5 ($113.75 in chips) 
Seat 2: saimon 945 ($85.66 in chips) 
Seat 3: jeffy27dt1 ($119.67 in chips) 
Seat 4: magzi777 ($147.07 in chips) 
Seat 5: socito ($138.71 in chips) 
Seat 6: ru_ruu_ru ($210.96 in chips) 
saimon 945: posts small blind $0.50
jeffy27dt1: posts big blind $1
*** HOLE CARDS ***
magzi777: folds 
socito: raises $1.50 to $2.50
ru_ruu_ru: folds 
janarr5: folds 
saimon 945: folds 
jeffy27dt1: folds 
Uncalled bet ($1.50) returned to socito
socito collected $2.50 from pot
socito: doesn't show hand 
*** SUMMARY ***
Total pot $2.50 | Rake $0 
Seat 1: janarr5 (button) folded before Flop (didn't bet)
Seat 2: saimon 945 (small blind) folded before Flop
Seat 3: jeffy27dt1 (big blind) folded before Flop
Seat 4: magzi777 folded before Flop (didn't bet)
Seat 5: socito collected ($2.50)
Seat 6: ru_ruu_ru folded before Flop (didn't bet)



PokerStars Hand #254293292381:  Hold'em No Limit ($0.50/$1.00 USD) - 2025/01/10 11:17:24 WET [2025/01/10 6:17:24 ET]
Table 'Prudentia II' 6-max Seat #2 is the button
Seat 1: janarr5 ($113.75 in chips) 
Seat 2: saimon 945 ($89.64 in chips) 
Seat 3: jeffy27dt1 ($118.67 in chips) 
Seat 4: magzi777 ($147.07 in chips) 
Seat 5: socito ($140.21 in chips) 
Seat 6: ru_ruu_ru ($210.96 in chips) 
jeffy27dt1: posts small blind $0.50
magzi777: posts big blind $1
*** HOLE CARDS ***
socito: folds 
ru_ruu_ru: folds 
janarr5: folds 
saimon 945: raises $2 to $3
jeffy27dt1: calls $2.50
magzi777: folds 
*** FLOP *** [Kd Jd Js]
jeffy27dt1: checks 
saimon 945: checks 
*** TURN *** [Kd Jd Js] [Td]
jeffy27dt1: bets $4.99
saimon 945: calls $4.99
*** RIVER *** [Kd Jd Js Td] [3s]
jeffy27dt1: bets $12.08
saimon 945: calls $12.08
*** SHOW DOWN ***
jeffy27dt1: shows [5d 6d] (a flush, King high)
saimon 945: mucks hand 
jeffy27dt1 collected $39.08 from pot
*** SUMMARY ***
Total pot $41.14 | Rake $2.06 
Board [Kd Jd Js Td 3s]
Seat 1: janarr5 folded before Flop (didn't bet)
Seat 2: saimon 945 (button) mucked
Seat 3: jeffy27dt1 (small blind) showed [5d 6d] and won ($39.08) with a flush, King high
Seat 4: magzi777 (big blind) folded before Flop
Seat 5: socito folded before Flop (didn't bet)
Seat 6: ru_ruu_ru folded before Flop (didn't bet)



PokerStars Hand #254293302455:  Hold'em No Limit ($0.50/$1.00 USD) - 2025/01/10 11:18:43 WET [2025/01/10 6:18:43 ET]
Table 'Prudentia II' 6-max Seat #3 is the button
Seat 5: socito ($140.21 in chips) is sitting out
Seat 1: janarr5 ($113.75 in chips) 
Seat 2: saimon 945 ($69.57 in chips) 
Seat 3: jeffy27dt1 ($137.68 in chips) 
Seat 4: magzi777 ($146.07 in chips) 
Seat 6: ru_ruu_ru ($210.96 in chips) 
magzi777: posts small blind $0.50
socito: is sitting out 
ru_ruu_ru: posts big blind $1
*** HOLE CARDS ***
socito leaves the table
janarr5: folds 
saimon 945: raises $1 to $2
jeffy27dt1: folds 
magzi777: folds 
ru_ruu_ru: folds 
Uncalled bet ($1) returned to saimon 945
saimon 945 collected $2.50 from pot
*** SUMMARY ***
Total pot $2.50 | Rake $0 
Seat 5: socito
Seat 1: janarr5 folded before Flop (didn't bet)
Seat 2: saimon 945 collected ($2.50)
Seat 3: jeffy27dt1 (button) folded before Flop (didn't bet)
Seat 4: magzi777 (small blind) folded before Flop
Seat 6: ru_ruu_ru (big blind) folded before Flop



PokerStars Hand #254293304265:  Hold'em No Limit ($0.50/$1.00 USD) - 2025/01/10 11:18:57 WET [2025/01/10 6:18:57 ET]
Table 'Prudentia II' 6-max Seat #4 is the button
Seat 1: janarr5 ($113.75 in chips) 
Seat 2: saimon 945 ($71.07 in chips) 
Seat 3: jeffy27dt1 ($137.68 in chips) 
Seat 4: magzi777 ($145.57 in chips) 
Seat 6: ru_ruu_ru ($209.96 in chips) 
ru_ruu_ru: posts small blind $0.50
janarr5: posts big blind $1
*** HOLE CARDS ***
saimon 945: folds 
jeffy27dt1: folds 
magzi777: raises $1.50 to $2.50
ru_ruu_ru: folds 
janarr5: folds 
Uncalled bet ($1.50) returned to magzi777
magzi777 collected $2.50 from pot
*** SUMMARY ***
Total pot $2.50 | Rake $0 
Seat 1: janarr5 (big blind) folded before Flop
Seat 2: saimon 945 folded before Flop (didn't bet)
Seat 3: jeffy27dt1 folded before Flop (didn't bet)
Seat 4: magzi777 (button) collected ($2.50)
Seat 6: ru_ruu_ru (small blind) folded before Flop



PokerStars Hand #254293305874:  Hold'em No Limit ($0.50/$1.00 USD) - 2025/01/10 11:19:10 WET [2025/01/10 6:19:10 ET]
Table 'Prudentia II' 6-max Seat #6 is the button
Seat 1: janarr5 ($112.75 in chips) 
Seat 2: saimon 945 ($71.07 in chips) 
Seat 3: jeffy27dt1 ($137.68 in chips) 
Seat 4: magzi777 ($147.07 in chips) 
Seat 6: ru_ruu_ru ($209.46 in chips) 
janarr5: posts small blind $0.50
saimon 945: posts big blind $1
*** HOLE CARDS ***
jeffy27dt1: folds 
magzi777: folds 
ru_ruu_ru: folds 
janarr5: folds 
Uncalled bet ($0.50) returned to saimon 945
saimon 945 collected $1 from pot
*** SUMMARY ***
Total pot $1 | Rake $0 
Seat 1: janarr5 (small blind) folded before Flop
Seat 2: saimon 945 (big blind) collected ($1)
Seat 3: jeffy27dt1 folded before Flop (didn't bet)
Seat 4: magzi777 folded before Flop (didn't bet)
Seat 6: ru_ruu_ru (button) folded before Flop (didn't bet)



PokerStars Hand #254293307784:  Hold'em No Limit ($0.50/$1.00 USD) - 2025/01/10 11:19:25 WET [2025/01/10 6:19:25 ET]
Table 'Prudentia II' 6-max Seat #1 is the button
Seat 1: janarr5 ($112.25 in chips) 
Seat 2: saimon 945 ($71.57 in chips) 
Seat 3: jeffy27dt1 ($137.68 in chips) 
Seat 4: magzi777 ($147.07 in chips) 
Seat 6: ru_ruu_ru ($209.46 in chips) 
saimon 945: posts small blind $0.50
jeffy27dt1: posts big blind $1
*** HOLE CARDS ***
magzi777: folds 
ru_ruu_ru: raises $1.50 to $2.50
janarr5: folds 
saimon 945: calls $2
jeffy27dt1: calls $1.50
*** FLOP *** [Jh 8s Jc]
saimon 945: checks 
jeffy27dt1: checks 
ru_ruu_ru: bets $3.56
saimon 945: folds 
JasperJase01 joins the table at seat #5 
JasperJase01 is disconnected 
jeffy27dt1: folds 
Uncalled bet ($3.56) returned to ru_ruu_ru
ru_ruu_ru collected $7.12 from pot
ru_ruu_ru: doesn't show hand 
*** SUMMARY ***
Total pot $7.50 | Rake $0.38 
Board [Jh 8s Jc]
Seat 1: janarr5 (button) folded before Flop (didn't bet)
Seat 2: saimon 945 (small blind) folded on the Flop
Seat 3: jeffy27dt1 (big blind) folded on the Flop
Seat 4: magzi777 folded before Flop (didn't bet)
Seat 6: ru_ruu_ru collected ($7.12)



PokerStars Hand #254293313280:  Hold'em No Limit ($0.50/$1.00 USD) - 2025/01/10 11:20:08 WET [2025/01/10 6:20:08 ET]
Table 'Prudentia II' 6-max Seat #2 is the button
Seat 1: janarr5 ($112.25 in chips) 
Seat 2: saimon 945 ($69.07 in chips) 
Seat 3: jeffy27dt1 ($135.18 in chips) 
Seat 4: magzi777 ($147.07 in chips) 
Seat 5: JasperJase01 ($80.50 in chips) 
Seat 6: ru_ruu_ru ($214.08 in chips) 
jeffy27dt1: posts small blind $0.50
magzi777: posts big blind $1
JasperJase01: posts big blind $1
*** HOLE CARDS ***
JasperJase01: checks 
ru_ruu_ru: folds 
janarr5: folds 
saimon 945: raises $2 to $3
jeffy27dt1: calls $2.50
magzi777: calls $2
JasperJase01: folds 
*** FLOP *** [Qd 4h 2h]
jeffy27dt1: checks 
magzi777: checks 
saimon 945: bets $4.75
jeffy27dt1: folds 
magzi777: folds 
Uncalled bet ($4.75) returned to saimon 945
saimon 945 collected $9.50 from pot
*** SUMMARY ***
Total pot $10 | Rake $0.50 
Board [Qd 4h 2h]
Seat 1: janarr5 folded before Flop (didn't bet)
Seat 2: saimon 945 (button) collected ($9.50)
Seat 3: jeffy27dt1 (small blind) folded on the Flop
Seat 4: magzi777 (big blind) folded on the Flop
Seat 5: JasperJase01 folded before Flop (didn't bet)
Seat 6: ru_ruu_ru folded before Flop (didn't bet)



PokerStars Hand #254293319994:  Hold'em No Limit ($0.50/$1.00 USD) - 2025/01/10 11:20:59 WET [2025/01/10 6:20:59 ET]
Table 'Prudentia II' 6-max Seat #3 is the button
Seat 1: janarr5 ($112.25 in chips) 
Seat 2: saimon 945 ($75.57 in chips) 
Seat 3: jeffy27dt1 ($132.18 in chips) 
Seat 4: magzi777 ($144.07 in chips) 
Seat 5: JasperJase01 ($79.50 in chips) 
Seat 6: ru_ruu_ru ($214.08 in chips) 
magzi777: posts small blind $0.50
JasperJase01: posts big blind $1
*** HOLE CARDS ***
ru_ruu_ru: folds 
janarr5: folds 
saimon 945: folds 
jeffy27dt1: folds 
magzi777: folds 
Uncalled bet ($0.50) returned to JasperJase01
JasperJase01 collected $1 from pot
*** SUMMARY ***
Total pot $1 | Rake $0 
Seat 1: janarr5 folded before Flop (didn't bet)
Seat 2: saimon 945 folded before Flop (didn't bet)
Seat 3: jeffy27dt1 (button) folded before Flop (didn't bet)
Seat 4: magzi777 (small blind) folded before Flop
Seat 5: JasperJase01 (big blind) collected ($1)
Seat 6: ru_ruu_ru folded before Flop (didn't bet)



PokerStars Hand #254293321693:  Hold'em No Limit ($0.50/$1.00 USD) - 2025/01/10 11:21:12 WET [2025/01/10 6:21:12 ET]
Table 'Prudentia II' 6-max Seat #4 is the button
Seat 1: janarr5 ($112.25 in chips) 
Seat 2: saimon 945 ($75.57 in chips) 
Seat 3: jeffy27dt1 ($132.18 in chips) 
Seat 4: magzi777 ($143.57 in chips) 
Seat 5: JasperJase01 ($80 in chips) 
Seat 6: ru_ruu_ru ($214.08 in chips) 
JasperJase01: posts small blind $0.50
ru_ruu_ru: posts big blind $1
*** HOLE CARDS ***
janarr5: folds 
saimon 945: raises $1 to $2
jeffy27dt1: folds 
magzi777: folds 
JasperJase01: folds 
ru_ruu_ru: calls $1
*** FLOP *** [5h As Jh]
ru_ruu_ru: checks 
saimon 945: checks 
*** TURN *** [5h As Jh] [6c]
ru_ruu_ru: checks 
saimon 945: checks 
*** RIVER *** [5h As Jh 6c] [7d]
ru_ruu_ru: bets $2.82
saimon 945: folds 
Uncalled bet ($2.82) returned to ru_ruu_ru
ru_ruu_ru collected $4.28 from pot
ru_ruu_ru: doesn't show hand 
*** SUMMARY ***
Total pot $4.50 | Rake $0.22 
Board [5h As Jh 6c 7d]
Seat 1: janarr5 folded before Flop (didn't bet)
Seat 2: saimon 945 folded on the River
Seat 3: jeffy27dt1 folded before Flop (didn't bet)
Seat 4: magzi777 (button) folded before Flop (didn't bet)
Seat 5: JasperJase01 (small blind) folded before Flop
Seat 6: ru_ruu_ru (big blind) collected ($4.28)



PokerStars Hand #254293326664:  Hold'em No Limit ($0.50/$1.00 USD) - 2025/01/10 11:21:51 WET [2025/01/10 6:21:51 ET]
Table 'Prudentia II' 6-max Seat #5 is the button
Seat 1: janarr5 ($112.25 in chips) 
Seat 2: saimon 945 ($73.57 in chips) 
Seat 3: jeffy27dt1 ($132.18 in chips) 
Seat 4: magzi777 ($143.57 in chips) 
Seat 5: JasperJase01 ($79.50 in chips) 
Seat 6: ru_ruu_ru ($216.36 in chips) 
ru_ruu_ru: posts small blind $0.50
janarr5: posts big blind $1
*** HOLE CARDS ***
saimon 945: folds 
jeffy27dt1: folds 
magzi777: raises $1.50 to $2.50
JasperJase01: calls $2.50
ru_ruu_ru: folds 
janarr5: folds 
*** FLOP *** [Kc Ks 6d]
magzi777: bets $3.09
JasperJase01: folds 
Uncalled bet ($3.09) returned to magzi777
magzi777 collected $6.18 from pot
*** SUMMARY ***
Total pot $6.50 | Rake $0.32 
Board [Kc Ks 6d]
Seat 1: janarr5 (big blind) folded before Flop
Seat 2: saimon 945 folded before Flop (didn't bet)
Seat 3: jeffy27dt1 folded before Flop (didn't bet)
Seat 4: magzi777 collected ($6.18)
Seat 5: JasperJase01 (button) folded on the Flop
Seat 6: ru_ruu_ru (small blind) folded before Flop



PokerStars Hand #254293330534:  Hold'em No Limit ($0.50/$1.00 USD) - 2025/01/10 11:22:21 WET [2025/01/10 6:22:21 ET]
Table 'Prudentia II' 6-max Seat #6 is the button
Seat 1: janarr5 ($111.25 in chips) 
Seat 2: saimon 945 ($73.57 in chips) 
Seat 3: jeffy27dt1 ($132.18 in chips) 
Seat 4: magzi777 ($147.25 in chips) 
Seat 5: JasperJase01 ($77 in chips) 
Seat 6: ru_ruu_ru ($215.86 in chips) 
janarr5: posts small blind $0.50
saimon 945: posts big blind $1
*** HOLE CARDS ***
jeffy27dt1: folds 
magzi777: folds 
JasperJase01: raises $2 to $3
ru_ruu_ru: folds 
janarr5: raises $8 to $11
saimon 945: folds 
JasperJase01: calls $8
*** FLOP *** [3h 3d Ad]
janarr5: checks 
JasperJase01: checks 
*** TURN *** [3h 3d Ad] [Kd]
janarr5: bets $7.21
JasperJase01: folds 
Uncalled bet ($7.21) returned to janarr5
janarr5 collected $21.85 from pot
janarr5: doesn't show hand 
*** SUMMARY ***
Total pot $23 | Rake $1.15 
Board [3h 3d Ad Kd]
Seat 1: janarr5 (small blind) collected ($21.85)
Seat 2: saimon 945 (big blind) folded before Flop
Seat 3: jeffy27dt1 folded before Flop (didn't bet)
Seat 4: magzi777 folded before Flop (didn't bet)
Seat 5: JasperJase01 folded on the Turn
Seat 6: ru_ruu_ru (button) folded before Flop (didn't bet)



PokerStars Hand #254293334360:  Hold'em No Limit ($0.50/$1.00 USD) - 2025/01/10 11:22:51 WET [2025/01/10 6:22:51 ET]
Table 'Prudentia II' 6-max Seat #1 is the button
Seat 1: janarr5 ($122.10 in chips) 
Seat 2: saimon 945 ($72.57 in chips) 
Seat 3: jeffy27dt1 ($132.18 in chips) 
Seat 4: magzi777 ($147.25 in chips) 
Seat 5: JasperJase01 ($66 in chips) 
Seat 6: ru_ruu_ru ($215.86 in chips) 
saimon 945: posts small blind $0.50
jeffy27dt1: posts big blind $1
*** HOLE CARDS ***
magzi777: folds 
JasperJase01: raises $1 to $2
ru_ruu_ru: folds 
janarr5: folds 
saimon 945: folds 
jeffy27dt1: calls $1
*** FLOP *** [6d Kh Jh]
jeffy27dt1: checks 
JasperJase01: bets $2.14
jeffy27dt1: folds 
Uncalled bet ($2.14) returned to JasperJase01
JasperJase01 collected $4.28 from pot
*** SUMMARY ***
Total pot $4.50 | Rake $0.22 
Board [6d Kh Jh]
Seat 1: janarr5 (button) folded before Flop (didn't bet)
Seat 2: saimon 945 (small blind) folded before Flop
Seat 3: jeffy27dt1 (big blind) folded on the Flop
Seat 4: magzi777 folded before Flop (didn't bet)
Seat 5: JasperJase01 collected ($4.28)
Seat 6: ru_ruu_ru folded before Flop (didn't bet)



PokerStars Hand #254293338891:  Hold'em No Limit ($0.50/$1.00 USD) - 2025/01/10 11:23:25 WET [2025/01/10 6:23:25 ET]
Table 'Prudentia II' 6-max Seat #2 is the button
Seat 1: janarr5 ($122.10 in chips) 
Seat 2: saimon 945 ($72.07 in chips) 
Seat 3: jeffy27dt1 ($130.18 in chips) 
Seat 4: magzi777 ($147.25 in chips) 
Seat 5: JasperJase01 ($68.28 in chips) 
Seat 6: ru_ruu_ru ($215.86 in chips) 
jeffy27dt1: posts small blind $0.50
magzi777: posts big blind $1
*** HOLE CARDS ***
JasperJase01: raises $1 to $2
ru_ruu_ru: folds 
janarr5: folds 
saimon 945: calls $2
jeffy27dt1: calls $1.50
magzi777: calls $1
*** FLOP *** [9h Qs 4h]
jeffy27dt1: checks 
magzi777: checks 
JasperJase01: bets $2
saimon 945: raises $2 to $4
jeffy27dt1: folds 
magzi777: folds 
JasperJase01: calls $2
*** TURN *** [9h Qs 4h] [5d]
JasperJase01: checks 
saimon 945: bets $7.60
JasperJase01: folds 
Uncalled bet ($7.60) returned to saimon 945
saimon 945 collected $15.20 from pot
*** SUMMARY ***
Total pot $16 | Rake $0.80 
Board [9h Qs 4h 5d]
Seat 1: janarr5 folded before Flop (didn't bet)
Seat 2: saimon 945 (button) collected ($15.20)
Seat 3: jeffy27dt1 (small blind) folded on the Flop
Seat 4: magzi777 (big blind) folded on the Flop
Seat 5: JasperJase01 folded on the Turn
Seat 6: ru_ruu_ru folded before Flop (didn't bet)



PokerStars Hand #254293346000:  Hold'em No Limit ($0.50/$1.00 USD) - 2025/01/10 11:24:19 WET [2025/01/10 6:24:19 ET]
Table 'Prudentia II' 6-max Seat #3 is the button
Seat 1: janarr5 ($122.10 in chips) 
Seat 2: saimon 945 ($81.27 in chips) 
Seat 3: jeffy27dt1 ($128.18 in chips) 
Seat 4: magzi777 ($145.25 in chips) 
Seat 5: JasperJase01 ($62.28 in chips) 
Seat 6: ru_ruu_ru ($215.86 in chips) 
magzi777: posts small blind $0.50
JasperJase01: posts big blind $1
*** HOLE CARDS ***
ru_ruu_ru: folds 
janarr5: folds 
saimon 945: raises $1 to $2
jeffy27dt1: folds 
magzi777: folds 
JasperJase01: folds 
Uncalled bet ($1) returned to saimon 945
saimon 945 collected $2.50 from pot
*** SUMMARY ***
Total pot $2.50 | Rake $0 
Seat 1: janarr5 folded before Flop (didn't bet)
Seat 2: saimon 945 collected ($2.50)
Seat 3: jeffy27dt1 (button) folded before Flop (didn't bet)
Seat 4: magzi777 (small blind) folded before Flop
Seat 5: JasperJase01 (big blind) folded before Flop
Seat 6: ru_ruu_ru folded before Flop (didn't bet)



PokerStars Hand #254293347888:  Hold'em No Limit ($0.50/$1.00 USD) - 2025/01/10 11:24:33 WET [2025/01/10 6:24:33 ET]
Table 'Prudentia II' 6-max Seat #4 is the button
Seat 1: janarr5 ($122.10 in chips) 
Seat 2: saimon 945 ($82.77 in chips) 
Seat 3: jeffy27dt1 ($128.18 in chips) 
Seat 4: magzi777 ($144.75 in chips) 
Seat 5: JasperJase01 ($61.28 in chips) 
Seat 6: ru_ruu_ru ($215.86 in chips) 
JasperJase01: posts small blind $0.50
ru_ruu_ru: posts big blind $1
*** HOLE CARDS ***
janarr5: folds 
saimon 945: folds 
jeffy27dt1: folds 
magzi777: folds 
JasperJase01: folds 
Uncalled bet ($0.50) returned to ru_ruu_ru
ru_ruu_ru collected $1 from pot
ru_ruu_ru: doesn't show hand 
*** SUMMARY ***
Total pot $1 | Rake $0 
Seat 1: janarr5 folded before Flop (didn't bet)
Seat 2: saimon 945 folded before Flop (didn't bet)
Seat 3: jeffy27dt1 folded before Flop (didn't bet)
Seat 4: magzi777 (button) folded before Flop (didn't bet)
Seat 5: JasperJase01 (small blind) folded before Flop
Seat 6: ru_ruu_ru (big blind) collected ($1)



PokerStars Hand #254293349503:  Hold'em No Limit ($0.50/$1.00 USD) - 2025/01/10 11:24:46 WET [2025/01/10 6:24:46 ET]
Table 'Prudentia II' 6-max Seat #5 is the button
Seat 1: janarr5 ($122.10 in chips) 
Seat 2: saimon 945 ($82.77 in chips) 
Seat 3: jeffy27dt1 ($128.18 in chips) 
Seat 4: magzi777 ($144.75 in chips) 
Seat 5: JasperJase01 ($60.78 in chips) 
Seat 6: ru_ruu_ru ($216.36 in chips) 
ru_ruu_ru: posts small blind $0.50
janarr5: posts big blind $1
*** HOLE CARDS ***
saimon 945: calls $1
jeffy27dt1: folds 
magzi777: calls $1
JasperJase01: raises $3 to $4
ru_ruu_ru: folds 
janarr5: folds 
saimon 945: calls $3
magzi777: calls $3
*** FLOP *** [9d 4s Qh]
saimon 945: checks 
magzi777: checks 
JasperJase01: checks 
*** TURN *** [9d 4s Qh] [8d]
saimon 945: checks 
magzi777: bets $12.82
JasperJase01: folds 
saimon 945: folds 
Uncalled bet ($12.82) returned to magzi777
magzi777 collected $12.82 from pot
*** SUMMARY ***
Total pot $13.50 | Rake $0.68 
Board [9d 4s Qh 8d]
Seat 1: janarr5 (big blind) folded before Flop
Seat 2: saimon 945 folded on the Turn
Seat 3: jeffy27dt1 folded before Flop (didn't bet)
Seat 4: magzi777 collected ($12.82)
Seat 5: JasperJase01 (button) folded on the Turn
Seat 6: ru_ruu_ru (small blind) folded before Flop



PokerStars Hand #254293356414:  Hold'em No Limit ($0.50/$1.00 USD) - 2025/01/10 11:25:38 WET [2025/01/10 6:25:38 ET]
Table 'Prudentia II' 6-max Seat #6 is the button
Seat 1: janarr5 ($121.10 in chips) 
Seat 2: saimon 945 ($78.77 in chips) 
Seat 3: jeffy27dt1 ($128.18 in chips) 
Seat 4: magzi777 ($153.57 in chips) 
Seat 5: JasperJase01 ($56.78 in chips) 
Seat 6: ru_ruu_ru ($215.86 in chips) 
janarr5: posts small blind $0.50
saimon 945: posts big blind $1
*** HOLE CARDS ***
jeffy27dt1: folds 
magzi777: folds 
JasperJase01: folds 
magzi777 leaves the table
ru_ruu_ru: folds 
janarr5: raises $2 to $3
saimon 945: calls $2
*** FLOP *** [3s 6d 9c]
janarr5: checks 
saimon 945: bets $5.70
janarr5: folds 
Uncalled bet ($5.70) returned to saimon 945
saimon 945 collected $5.70 from pot
*** SUMMARY ***
Total pot $6 | Rake $0.30 
Board [3s 6d 9c]
Seat 1: janarr5 (small blind) folded on the Flop
Seat 2: saimon 945 (big blind) collected ($5.70)
Seat 3: jeffy27dt1 folded before Flop (didn't bet)
Seat 4: magzi777 folded before Flop (didn't bet)
Seat 5: JasperJase01 folded before Flop (didn't bet)
Seat 6: ru_ruu_ru (button) folded before Flop (didn't bet)



PokerStars Hand #254293359850:  Hold'em No Limit ($0.50/$1.00 USD) - 2025/01/10 11:26:05 WET [2025/01/10 6:26:05 ET]
Table 'Prudentia II' 6-max Seat #1 is the button
Seat 1: janarr5 ($118.10 in chips) 
Seat 2: saimon 945 ($81.47 in chips) 
Seat 3: jeffy27dt1 ($128.18 in chips) 
Seat 5: JasperJase01 ($56.78 in chips) 
Seat 6: ru_ruu_ru ($215.86 in chips) 
saimon 945: posts small blind $0.50
jeffy27dt1: posts big blind $1
*** HOLE CARDS ***
JasperJase01: folds 
ru_ruu_ru: folds 
janarr5: raises $1.50 to $2.50
saimon 945: folds 
jeffy27dt1: folds 
Uncalled bet ($1.50) returned to janarr5
janarr5 collected $2.50 from pot
janarr5: doesn't show hand 
*** SUMMARY ***
Total pot $2.50 | Rake $0 
Seat 1: janarr5 (button) collected ($2.50)
Seat 2: saimon 945 (small blind) folded before Flop
Seat 3: jeffy27dt1 (big blind) folded before Flop
Seat 5: JasperJase01 folded before Flop (didn't bet)
Seat 6: ru_ruu_ru folded before Flop (didn't bet)



PokerStars Hand #254293361807:  Hold'em No Limit ($0.50/$1.00 USD) - 2025/01/10 11:26:20 WET [2025/01/10 6:26:20 ET]
Table 'Prudentia II' 6-max Seat #2 is the button
Seat 1: janarr5 ($119.60 in chips) 
Seat 2: saimon 945 ($80.97 in chips) 
Seat 3: jeffy27dt1 ($127.18 in chips) 
Seat 5: JasperJase01 ($56.78 in chips) 
Seat 6: ru_ruu_ru ($215.86 in chips) 
jeffy27dt1: posts small blind $0.50
JasperJase01: posts big blind $1
*** HOLE CARDS ***
ru_ruu_ru: raises $1.20 to $2.20
Pon4uk.ua joins the table at seat #4 
janarr5: raises $4.80 to $7
saimon 945: folds 
jeffy27dt1: folds 
JasperJase01: folds 
ru_ruu_ru: folds 
Uncalled bet ($4.80) returned to janarr5
janarr5 collected $5.90 from pot
janarr5: doesn't show hand 
*** SUMMARY ***
Total pot $5.90 | Rake $0 
Seat 1: janarr5 collected ($5.90)
Seat 2: saimon 945 (button) folded before Flop (didn't bet)
Seat 3: jeffy27dt1 (small blind) folded before Flop
Seat 5: JasperJase01 (big blind) folded before Flop
Seat 6: ru_ruu_ru folded before Flop



PokerStars Hand #254293365043:  Hold'em No Limit ($0.50/$1.00 USD) - 2025/01/10 11:26:44 WET [2025/01/10 6:26:44 ET]
Table 'Prudentia II' 6-max Seat #3 is the button
Seat 4: Pon4uk.ua ($100 in chips) is sitting out
Seat 1: janarr5 ($123.30 in chips) 
Seat 2: saimon 945 ($80.97 in chips) 
Seat 3: jeffy27dt1 ($126.68 in chips) 
Seat 5: JasperJase01 ($55.78 in chips) 
Seat 6: ru_ruu_ru ($213.66 in chips) 
JasperJase01: posts small blind $0.50
ru_ruu_ru: posts big blind $1
*** HOLE CARDS ***
janarr5: folds 
saimon 945: raises $1 to $2
jeffy27dt1: folds 
JasperJase01: folds 
ru_ruu_ru: calls $1
*** FLOP *** [Kd Td 8c]
ru_ruu_ru: checks 
saimon 945: bets $4.28
ru_ruu_ru: raises $12.47 to $16.75
saimon 945: folds 
Uncalled bet ($12.47) returned to ru_ruu_ru
ru_ruu_ru collected $12.41 from pot
ru_ruu_ru: doesn't show hand 
*** SUMMARY ***
Total pot $13.06 | Rake $0.65 
Board [Kd Td 8c]
Seat 4: Pon4uk.ua
Seat 1: janarr5 folded before Flop (didn't bet)
Seat 2: saimon 945 folded on the Flop
Seat 3: jeffy27dt1 (button) folded before Flop (didn't bet)
Seat 5: JasperJase01 (small blind) folded before Flop
Seat 6: ru_ruu_ru (big blind) collected ($12.41)



PokerStars Hand #254293368942:  Hold'em No Limit ($0.50/$1.00 USD) - 2025/01/10 11:27:14 WET [2025/01/10 6:27:14 ET]
Table 'Prudentia II' 6-max Seat #5 is the button
Seat 4: Pon4uk.ua ($100 in chips) is sitting out
Seat 1: janarr5 ($123.30 in chips) 
Seat 2: saimon 945 ($74.69 in chips) 
Seat 3: jeffy27dt1 ($126.68 in chips) 
Seat 5: JasperJase01 ($55.28 in chips) 
Seat 6: ru_ruu_ru ($219.79 in chips) 
ru_ruu_ru: posts small blind $0.50
janarr5: posts big blind $1
Pon4uk.ua: sits out 
*** HOLE CARDS ***
saimon 945: folds 
jeffy27dt1: raises $1.50 to $2.50
JasperJase01: folds 
ru_ruu_ru: folds 
janarr5: folds 
Uncalled bet ($1.50) returned to jeffy27dt1
jeffy27dt1 collected $2.50 from pot
jeffy27dt1: doesn't show hand 
*** SUMMARY ***
Total pot $2.50 | Rake $0 
Seat 4: Pon4uk.ua
Seat 1: janarr5 (big blind) folded before Flop
Seat 2: saimon 945 folded before Flop (didn't bet)
Seat 3: jeffy27dt1 collected ($2.50)
Seat 5: JasperJase01 (button) folded before Flop (didn't bet)
Seat 6: ru_ruu_ru (small blind) folded before Flop



PokerStars Hand #254293372276:  Hold'em No Limit ($0.50/$1.00 USD) - 2025/01/10 11:27:39 WET [2025/01/10 6:27:39 ET]
Table 'Prudentia II' 6-max Seat #6 is the button
Seat 4: Pon4uk.ua ($100 in chips) is sitting out
Seat 1: janarr5 ($122.30 in chips) 
Seat 2: saimon 945 ($74.69 in chips) 
Seat 3: jeffy27dt1 ($128.18 in chips) 
Seat 5: JasperJase01 ($55.28 in chips) 
Seat 6: ru_ruu_ru ($219.29 in chips) 
janarr5: posts small blind $0.50
saimon 945: posts big blind $1
Pon4uk.ua: sits out 
*** HOLE CARDS ***
jeffy27dt1: folds 
JasperJase01: raises $1 to $2
ru_ruu_ru: folds 
janarr5: folds 
saimon 945: folds 
Uncalled bet ($1) returned to JasperJase01
JasperJase01 collected $2.50 from pot
*** SUMMARY ***
Total pot $2.50 | Rake $0 
Seat 4: Pon4uk.ua
Seat 1: janarr5 (small blind) folded before Flop
Seat 2: saimon 945 (big blind) folded before Flop
Seat 3: jeffy27dt1 folded before Flop (didn't bet)
Seat 5: JasperJase01 collected ($2.50)
Seat 6: ru_ruu_ru (button) folded before Flop (didn't bet)



PokerStars Hand #254293374881:  Hold'em No Limit ($0.50/$1.00 USD) - 2025/01/10 11:27:59 WET [2025/01/10 6:27:59 ET]
Table 'Prudentia II' 6-max Seat #1 is the button
Seat 4: Pon4uk.ua ($100 in chips) is sitting out
Seat 1: janarr5 ($121.80 in chips) 
Seat 2: saimon 945 ($73.69 in chips) 
Seat 3: jeffy27dt1 ($128.18 in chips) 
Seat 5: JasperJase01 ($56.78 in chips) 
Seat 6: ru_ruu_ru ($219.29 in chips) 
saimon 945: posts small blind $0.50
jeffy27dt1: posts big blind $1
Pon4uk.ua: sits out 
*** HOLE CARDS ***
JasperJase01: raises $1 to $2
ru_ruu_ru: folds 
janarr5: folds 
saimon 945: raises $71.69 to $73.69 and is all-in
jeffy27dt1: folds 
JasperJase01: folds 
Uncalled bet ($71.69) returned to saimon 945
saimon 945 collected $5 from pot
*** SUMMARY ***
Total pot $5 | Rake $0 
Seat 4: Pon4uk.ua
Seat 1: janarr5 (button) folded before Flop (didn't bet)
Seat 2: saimon 945 (small blind) collected ($5)
Seat 3: jeffy27dt1 (big blind) folded before Flop
Seat 5: JasperJase01 folded before Flop
Seat 6: ru_ruu_ru folded before Flop (didn't bet)



PokerStars Hand #254293378361:  Hold'em No Limit ($0.50/$1.00 USD) - 2025/01/10 11:28:25 WET [2025/01/10 6:28:25 ET]
Table 'Prudentia II' 6-max Seat #2 is the button
Seat 1: janarr5 ($121.80 in chips) 
Seat 2: saimon 945 ($76.69 in chips) 
Seat 3: jeffy27dt1 ($127.18 in chips) 
Seat 4: Pon4uk.ua ($100 in chips) 
Seat 5: JasperJase01 ($54.78 in chips) 
Seat 6: ru_ruu_ru ($219.29 in chips) 
jeffy27dt1: posts small blind $0.50
Pon4uk.ua: posts big blind $1
*** HOLE CARDS ***
JasperJase01: folds 
ru_ruu_ru: folds 
janarr5: folds 
saimon 945: calls $1
jeffy27dt1: folds 
Pon4uk.ua: checks 
*** FLOP *** [Tc 8c Ac]
Pon4uk.ua: checks 
saimon 945: checks 
*** TURN *** [Tc 8c Ac] [7s]
Pon4uk.ua: checks 
saimon 945: bets $2.38
Pon4uk.ua: folds 
Uncalled bet ($2.38) returned to saimon 945
saimon 945 collected $2.38 from pot
*** SUMMARY ***
Total pot $2.50 | Rake $0.12 
Board [Tc 8c Ac 7s]
Seat 1: janarr5 folded before Flop (didn't bet)
Seat 2: saimon 945 (button) collected ($2.38)
Seat 3: jeffy27dt1 (small blind) folded before Flop
Seat 4: Pon4uk.ua (big blind) folded on the Turn
Seat 5: JasperJase01 folded before Flop (didn't bet)
Seat 6: ru_ruu_ru folded before Flop (didn't bet)



PokerStars Hand #254293383887:  Hold'em No Limit ($0.50/$1.00 USD) - 2025/01/10 11:29:08 WET [2025/01/10 6:29:08 ET]
Table 'Prudentia II' 6-max Seat #3 is the button
Seat 1: janarr5 ($121.80 in chips) 
Seat 2: saimon 945 ($78.07 in chips) 
Seat 3: jeffy27dt1 ($126.68 in chips) 
Seat 4: Pon4uk.ua ($100 in chips) 
Seat 5: JasperJase01 ($54.78 in chips) 
Seat 6: ru_ruu_ru ($219.29 in chips) 
Pon4uk.ua: posts small blind $0.50
JasperJase01: posts big blind $1
*** HOLE CARDS ***
ru_ruu_ru: folds 
janarr5: folds 
saimon 945: calls $1
jeffy27dt1: raises $3 to $4
Pon4uk.ua: folds 
JasperJase01: calls $3
saimon 945: raises $74.07 to $78.07 and is all-in
jeffy27dt1: folds 
JasperJase01: folds 
Uncalled bet ($74.07) returned to saimon 945
saimon 945 collected $12.50 from pot
*** SUMMARY ***
Total pot $12.50 | Rake $0 
Seat 1: janarr5 folded before Flop (didn't bet)
Seat 2: saimon 945 collected ($12.50)
Seat 3: jeffy27dt1 (button) folded before Flop
Seat 4: Pon4uk.ua (small blind) folded before Flop
Seat 5: JasperJase01 (big blind) folded before Flop
Seat 6: ru_ruu_ru folded before Flop (didn't bet)



PokerStars Hand #254293391923:  Hold'em No Limit ($0.50/$1.00 USD) - 2025/01/10 11:30:09 WET [2025/01/10 6:30:09 ET]
Table 'Prudentia II' 6-max Seat #4 is the button
Seat 1: janarr5 ($121.80 in chips) 
Seat 2: saimon 945 ($86.57 in chips) 
Seat 3: jeffy27dt1 ($122.68 in chips) 
Seat 4: Pon4uk.ua ($100 in chips) 
Seat 5: JasperJase01 ($50.78 in chips) 
Seat 6: ru_ruu_ru ($219.29 in chips) 
JasperJase01: posts small blind $0.50
ru_ruu_ru: posts big blind $1
*** HOLE CARDS ***
janarr5: folds 
saimon 945: folds 
jeffy27dt1: folds 
Pon4uk.ua: folds 
JasperJase01: raises $2 to $3
ru_ruu_ru: folds 
Uncalled bet ($2) returned to JasperJase01
JasperJase01 collected $2 from pot
*** SUMMARY ***
Total pot $2 | Rake $0 
Seat 1: janarr5 folded before Flop (didn't bet)
Seat 2: saimon 945 folded before Flop (didn't bet)
Seat 3: jeffy27dt1 folded before Flop (didn't bet)
Seat 4: Pon4uk.ua (button) folded before Flop (didn't bet)
Seat 5: JasperJase01 (small blind) collected ($2)
Seat 6: ru_ruu_ru (big blind) folded before Flop



PokerStars Hand #254293394653:  Hold'em No Limit ($0.50/$1.00 USD) - 2025/01/10 11:30:30 WET [2025/01/10 6:30:30 ET]
Table 'Prudentia II' 6-max Seat #5 is the button
Seat 1: janarr5 ($121.80 in chips) 
Seat 2: saimon 945 ($86.57 in chips) 
Seat 3: jeffy27dt1 ($122.68 in chips) 
Seat 4: Pon4uk.ua ($100 in chips) 
Seat 5: JasperJase01 ($51.78 in chips) 
Seat 6: ru_ruu_ru ($218.29 in chips) 
ru_ruu_ru: posts small blind $0.50
janarr5: posts big blind $1
*** HOLE CARDS ***
saimon 945: folds 
jeffy27dt1: folds 
Pon4uk.ua: folds 
JasperJase01: raises $1 to $2
ru_ruu_ru: folds 
janarr5: raises $8 to $10
JasperJase01: folds 
Uncalled bet ($8) returned to janarr5
janarr5 collected $4.50 from pot
janarr5: doesn't show hand 
*** SUMMARY ***
Total pot $4.50 | Rake $0 
Seat 1: janarr5 (big blind) collected ($4.50)
Seat 2: saimon 945 folded before Flop (didn't bet)
Seat 3: jeffy27dt1 folded before Flop (didn't bet)
Seat 4: Pon4uk.ua folded before Flop (didn't bet)
Seat 5: JasperJase01 (button) folded before Flop
Seat 6: ru_ruu_ru (small blind) folded before Flop



PokerStars Hand #254293397464:  Hold'em No Limit ($0.50/$1.00 USD) - 2025/01/10 11:30:51 WET [2025/01/10 6:30:51 ET]
Table 'Prudentia II' 6-max Seat #6 is the button
Seat 1: janarr5 ($124.30 in chips) 
Seat 2: saimon 945 ($86.57 in chips) 
Seat 3: jeffy27dt1 ($122.68 in chips) 
Seat 4: Pon4uk.ua ($100 in chips) 
Seat 5: JasperJase01 ($49.78 in chips) 
Seat 6: ru_ruu_ru ($217.79 in chips) 
janarr5: posts small blind $0.50
saimon 945: posts big blind $1
*** HOLE CARDS ***
jeffy27dt1: folds 
Pon4uk.ua: folds 
JasperJase01: folds 
ru_ruu_ru: raises $1.50 to $2.50
janarr5: folds 
saimon 945: calls $1.50
*** FLOP *** [5d 8h Ts]
saimon 945: checks 
JasperJase01 leaves the table
ru_ruu_ru: checks 
*** TURN *** [5d 8h Ts] [8c]
saimon 945: checks 
ru_ruu_ru: bets $1.72
saimon 945: raises $5.72 to $7.44
ru_ruu_ru: folds 
Uncalled bet ($5.72) returned to saimon 945
saimon 945 collected $8.49 from pot
*** SUMMARY ***
Total pot $8.94 | Rake $0.45 
Board [5d 8h Ts 8c]
Seat 1: janarr5 (small blind) folded before Flop
Seat 2: saimon 945 (big blind) collected ($8.49)
Seat 3: jeffy27dt1 folded before Flop (didn't bet)
Seat 4: Pon4uk.ua folded before Flop (didn't bet)
Seat 5: JasperJase01 folded before Flop (didn't bet)
Seat 6: ru_ruu_ru (button) folded on the Turn



PokerStars Hand #254293402985:  Hold'em No Limit ($0.50/$1.00 USD) - 2025/01/10 11:31:34 WET [2025/01/10 6:31:34 ET]
Table 'Prudentia II' 6-max Seat #2 is the button
Seat 1: janarr5 ($123.80 in chips) is sitting out
Seat 4: Pon4uk.ua ($100 in chips) is sitting out
Seat 2: saimon 945 ($90.84 in chips) 
Seat 3: jeffy27dt1 ($122.68 in chips) 
Seat 6: ru_ruu_ru ($213.57 in chips) 
jeffy27dt1: posts small blind $0.50
Pon4uk.ua: is sitting out 
ru_ruu_ru: posts big blind $1
*** HOLE CARDS ***
saimon 945: folds 
janarr5 leaves the table
jeffy27dt1: raises $2 to $3
ru_ruu_ru: folds 
Uncalled bet ($2) returned to jeffy27dt1
jeffy27dt1 collected $2 from pot
jeffy27dt1: doesn't show hand 
*** SUMMARY ***
Total pot $2 | Rake $0 
Seat 1: janarr5
Seat 4: Pon4uk.ua
Seat 2: saimon 945 (button) folded before Flop (didn't bet)
Seat 3: jeffy27dt1 (small blind) collected ($2)
Seat 6: ru_ruu_ru (big blind) folded before Flop



PokerStars Hand #254293405320:  Hold'em No Limit ($0.50/$1.00 USD) - 2025/01/10 11:31:52 WET [2025/01/10 6:31:52 ET]
Table 'Prudentia II' 6-max Seat #3 is the button
Seat 4: Pon4uk.ua ($100 in chips) is sitting out
Seat 2: saimon 945 ($90.84 in chips) 
Seat 3: jeffy27dt1 ($123.68 in chips) 
Seat 6: ru_ruu_ru ($212.57 in chips) 
ru_ruu_ru: posts small blind $0.50
saimon 945: posts big blind $1
*** HOLE CARDS ***
jeffy27dt1: raises $1.50 to $2.50
ru_ruu_ru: raises $9.50 to $12
saimon 945: folds 
jeffy27dt1: calls $9.50
*** FLOP *** [7d Td 7c]
Brookstj500 joins the table at seat #5 
Brookstj500 leaves the table
ru_ruu_ru: bets $12
blistein joins the table at seat #1 
jeffy27dt1: calls $12
*** TURN *** [7d Td 7c] [Th]
ru_ruu_ru: checks 
jeffy27dt1: checks 
*** RIVER *** [7d Td 7c Th] [Tc]
ru_ruu_ru: bets $36
jeffy27dt1: folds 
Uncalled bet ($36) returned to ru_ruu_ru
ru_ruu_ru collected $48 from pot
ru_ruu_ru: doesn't show hand 
*** SUMMARY ***
Total pot $49 | Rake $1 
Board [7d Td 7c Th Tc]
Seat 4: Pon4uk.ua
Seat 2: saimon 945 (big blind) folded before Flop
Seat 3: jeffy27dt1 (button) folded on the River
Seat 6: ru_ruu_ru (small blind) collected ($48)



PokerStars Hand #254293418150:  Hold'em No Limit ($0.50/$1.00 USD) - 2025/01/10 11:33:28 WET [2025/01/10 6:33:28 ET]
Table 'Prudentia II' 6-max Seat #6 is the button
Seat 1: blistein ($100 in chips) is sitting out
Seat 4: Pon4uk.ua ($100 in chips) is sitting out
Seat 2: saimon 945 ($89.84 in chips) 
Seat 3: jeffy27dt1 ($100 in chips) 
Seat 6: ru_ruu_ru ($236.57 in chips) 
saimon 945: posts small blind $0.50
jeffy27dt1: posts big blind $1
Pon4uk.ua: sits out 
*** HOLE CARDS ***
ru_ruu_ru: folds 
saimon 945: raises $1 to $2
jeffy27dt1: folds 
Uncalled bet ($1) returned to saimon 945
saimon 945 collected $2 from pot
*** SUMMARY ***
Total pot $2 | Rake $0 
Seat 1: blistein
Seat 4: Pon4uk.ua
Seat 2: saimon 945 (small blind) collected ($2)
Seat 3: jeffy27dt1 (big blind) folded before Flop
Seat 6: ru_ruu_ru (button) folded before Flop (didn't bet)



PokerStars Hand #254293420718:  Hold'em No Limit ($0.50/$1.00 USD) - 2025/01/10 11:33:47 WET [2025/01/10 6:33:47 ET]
Table 'Prudentia II' 6-max Seat #2 is the button
Seat 1: blistein ($100 in chips) is sitting out
Seat 2: saimon 945 ($90.84 in chips) 
Seat 3: jeffy27dt1 ($100 in chips) 
Seat 4: Pon4uk.ua ($100 in chips) 
Seat 6: ru_ruu_ru ($236.57 in chips) 
jeffy27dt1: posts small blind $0.50
Pon4uk.ua: posts big blind $1
blistein: sits out 
*** HOLE CARDS ***
ru_ruu_ru: folds 
saimon 945: raises $1 to $2
jeffy27dt1: calls $1.50
Pon4uk.ua: folds 
*** FLOP *** [3c Kh Jh]
jeffy27dt1: checks 
saimon 945: bets $2.38
jeffy27dt1: calls $2.38
*** TURN *** [3c Kh Jh] [6c]
jeffy27dt1: checks 
saimon 945: bets $4.64
Fold Your Cats joins the table at seat #5 
jeffy27dt1: folds 
Uncalled bet ($4.64) returned to saimon 945
saimon 945 collected $9.27 from pot
*** SUMMARY ***
Total pot $9.76 | Rake $0.49 
Board [3c Kh Jh 6c]
Seat 1: blistein
Seat 2: saimon 945 (button) collected ($9.27)
Seat 3: jeffy27dt1 (small blind) folded on the Turn
Seat 4: Pon4uk.ua (big blind) folded before Flop
Seat 6: ru_ruu_ru folded before Flop (didn't bet)



PokerStars Hand #254293432844:  Hold'em No Limit ($0.50/$1.00 USD) - 2025/01/10 11:35:16 WET [2025/01/10 6:35:16 ET]
Table 'Prudentia II' 6-max Seat #3 is the button
Seat 1: blistein ($100 in chips) is sitting out
Seat 2: saimon 945 ($95.73 in chips) 
Seat 3: jeffy27dt1 ($100 in chips) 
Seat 4: Pon4uk.ua ($100 in chips) 
Seat 5: Fold Your Cats ($100 in chips) 
Seat 6: ru_ruu_ru ($236.57 in chips) 
Pon4uk.ua: posts small blind $0.50
Fold Your Cats: posts big blind $1
blistein: sits out 
*** HOLE CARDS ***
ru_ruu_ru: raises $1.20 to $2.20
saimon 945: folds 
jeffy27dt1: folds 
Pon4uk.ua: folds 
Fold Your Cats: folds 
Uncalled bet ($1.20) returned to ru_ruu_ru
ru_ruu_ru collected $2.50 from pot
ru_ruu_ru: doesn't show hand 
*** SUMMARY ***
Total pot $2.50 | Rake $0 
Seat 1: blistein
Seat 2: saimon 945 folded before Flop (didn't bet)
Seat 3: jeffy27dt1 (button) folded before Flop (didn't bet)
Seat 4: Pon4uk.ua (small blind) folded before Flop
Seat 5: Fold Your Cats (big blind) folded before Flop
Seat 6: ru_ruu_ru collected ($2.50)



PokerStars Hand #254293435296:  Hold'em No Limit ($0.50/$1.00 USD) - 2025/01/10 11:35:34 WET [2025/01/10 6:35:34 ET]
Table 'Prudentia II' 6-max Seat #4 is the button
Seat 1: blistein ($100 in chips) is sitting out
Seat 2: saimon 945 ($95.73 in chips) 
Seat 3: jeffy27dt1 ($100 in chips) 
Seat 4: Pon4uk.ua ($100 in chips) 
Seat 5: Fold Your Cats ($100 in chips) 
Seat 6: ru_ruu_ru ($238.07 in chips) 
Fold Your Cats: posts small blind $0.50
ru_ruu_ru: posts big blind $1
blistein: sits out 
*** HOLE CARDS ***
saimon 945: folds 
jeffy27dt1: raises $1.50 to $2.50
Pon4uk.ua: folds 
Fold Your Cats: folds 
ru_ruu_ru: folds 
Uncalled bet ($1.50) returned to jeffy27dt1
jeffy27dt1 collected $2.50 from pot
jeffy27dt1: doesn't show hand 
*** SUMMARY ***
Total pot $2.50 | Rake $0 
Seat 1: blistein
Seat 2: saimon 945 folded before Flop (didn't bet)
Seat 3: jeffy27dt1 collected ($2.50)
Seat 4: Pon4uk.ua (button) folded before Flop (didn't bet)
Seat 5: Fold Your Cats (small blind) folded before Flop
Seat 6: ru_ruu_ru (big blind) folded before Flop



PokerStars Hand #254293438813:  Hold'em No Limit ($0.50/$1.00 USD) - 2025/01/10 11:36:00 WET [2025/01/10 6:36:00 ET]
Table 'Prudentia II' 6-max Seat #5 is the button
Seat 1: blistein ($100 in chips) 
Seat 2: saimon 945 ($95.73 in chips) 
Seat 3: jeffy27dt1 ($101.50 in chips) 
Seat 4: Pon4uk.ua ($100 in chips) 
Seat 5: Fold Your Cats ($100 in chips) 
Seat 6: ru_ruu_ru ($237.07 in chips) 
ru_ruu_ru: posts small blind $0.50
blistein: posts big blind $1
*** HOLE CARDS ***
saimon 945: calls $1
jeffy27dt1: folds 
Pon4uk.ua: folds 
Fold Your Cats: folds 
ru_ruu_ru: raises $3 to $4
blistein: folds 
saimon 945: calls $3
*** FLOP *** [8s 3c Ks]
ru_ruu_ru: checks 
saimon 945: checks 
*** TURN *** [8s 3c Ks] [9h]
ru_ruu_ru: checks 
saimon 945: checks 
*** RIVER *** [8s 3c Ks 9h] [6s]
ru_ruu_ru: checks 
saimon 945: checks 
*** SHOW DOWN ***
ru_ruu_ru: shows [7c 7d] (a pair of Sevens)
saimon 945: mucks hand 
ru_ruu_ru collected $8.55 from pot
*** SUMMARY ***
Total pot $9 | Rake $0.45 
Board [8s 3c Ks 9h 6s]
Seat 1: blistein (big blind) folded before Flop
Seat 2: saimon 945 mucked
Seat 3: jeffy27dt1 folded before Flop (didn't bet)
Seat 4: Pon4uk.ua folded before Flop (didn't bet)
Seat 5: Fold Your Cats (button) folded before Flop (didn't bet)
Seat 6: ru_ruu_ru (small blind) showed [7c 7d] and won ($8.55) with a pair of Sevens



PokerStars Hand #254293445974:  Hold'em No Limit ($0.50/$1.00 USD) - 2025/01/10 11:36:53 WET [2025/01/10 6:36:53 ET]
Table 'Prudentia II' 6-max Seat #6 is the button
Seat 1: blistein ($100 in chips) 
Seat 2: saimon 945 ($91.73 in chips) 
Seat 3: jeffy27dt1 ($101.50 in chips) 
Seat 4: Pon4uk.ua ($100 in chips) 
Seat 5: Fold Your Cats ($100 in chips) 
Seat 6: ru_ruu_ru ($241.62 in chips) 
blistein: posts small blind $0.50
saimon 945: posts big blind $1
*** HOLE CARDS ***
jeffy27dt1: raises $1.50 to $2.50
Pon4uk.ua: folds 
Fold Your Cats: folds 
ru_ruu_ru: folds 
blistein: folds 
saimon 945: folds 
Uncalled bet ($1.50) returned to jeffy27dt1
jeffy27dt1 collected $2.50 from pot
jeffy27dt1: doesn't show hand 
*** SUMMARY ***
Total pot $2.50 | Rake $0 
Seat 1: blistein (small blind) folded before Flop
Seat 2: saimon 945 (big blind) folded before Flop
Seat 3: jeffy27dt1 collected ($2.50)
Seat 4: Pon4uk.ua folded before Flop (didn't bet)
Seat 5: Fold Your Cats folded before Flop (didn't bet)
Seat 6: ru_ruu_ru (button) folded before Flop (didn't bet)



PokerStars Hand #254293449671:  Hold'em No Limit ($0.50/$1.00 USD) - 2025/01/10 11:37:20 WET [2025/01/10 6:37:20 ET]
Table 'Prudentia II' 6-max Seat #1 is the button
Seat 1: blistein ($100 in chips) 
Seat 2: saimon 945 ($90.73 in chips) 
Seat 3: jeffy27dt1 ($103 in chips) 
Seat 4: Pon4uk.ua ($100 in chips) 
Seat 5: Fold Your Cats ($100 in chips) 
Seat 6: ru_ruu_ru ($241.62 in chips) 
saimon 945: posts small blind $0.50
jeffy27dt1: posts big blind $1
*** HOLE CARDS ***
Pon4uk.ua: folds 
Fold Your Cats: folds 
ru_ruu_ru: folds 
blistein: raises $1.50 to $2.50
saimon 945: folds 
jeffy27dt1: folds 
Uncalled bet ($1.50) returned to blistein
blistein collected $2.50 from pot
blistein: doesn't show hand 
*** SUMMARY ***
Total pot $2.50 | Rake $0 
Seat 1: blistein (button) collected ($2.50)
Seat 2: saimon 945 (small blind) folded before Flop
Seat 3: jeffy27dt1 (big blind) folded before Flop
Seat 4: Pon4uk.ua folded before Flop (didn't bet)
Seat 5: Fold Your Cats folded before Flop (didn't bet)
Seat 6: ru_ruu_ru folded before Flop (didn't bet)



PokerStars Hand #254293452384:  Hold'em No Limit ($0.50/$1.00 USD) - 2025/01/10 11:37:41 WET [2025/01/10 6:37:41 ET]
Table 'Prudentia II' 6-max Seat #2 is the button
Seat 1: blistein ($101.50 in chips) 
Seat 2: saimon 945 ($90.23 in chips) 
Seat 3: jeffy27dt1 ($102 in chips) 
Seat 4: Pon4uk.ua ($100 in chips) 
Seat 5: Fold Your Cats ($100 in chips) 
Seat 6: ru_ruu_ru ($241.62 in chips) 
jeffy27dt1: posts small blind $0.50
Pon4uk.ua: posts big blind $1
*** HOLE CARDS ***
Fold Your Cats: folds 
ru_ruu_ru: folds 
blistein: folds 
saimon 945: folds 
jeffy27dt1: raises $2 to $3
Pon4uk.ua: folds 
Uncalled bet ($2) returned to jeffy27dt1
jeffy27dt1 collected $2 from pot
jeffy27dt1: doesn't show hand 
*** SUMMARY ***
Total pot $2 | Rake $0 
Seat 1: blistein folded before Flop (didn't bet)
Seat 2: saimon 945 (button) folded before Flop (didn't bet)
Seat 3: jeffy27dt1 (small blind) collected ($2)
Seat 4: Pon4uk.ua (big blind) folded before Flop
Seat 5: Fold Your Cats folded before Flop (didn't bet)
Seat 6: ru_ruu_ru folded before Flop (didn't bet)



PokerStars Hand #254293455024:  Hold'em No Limit ($0.50/$1.00 USD) - 2025/01/10 11:38:00 WET [2025/01/10 6:38:00 ET]
Table 'Prudentia II' 6-max Seat #3 is the button
Seat 5: Fold Your Cats ($100 in chips) is sitting out
Seat 1: blistein ($101.50 in chips) 
Seat 2: saimon 945 ($90.23 in chips) 
Seat 3: jeffy27dt1 ($103 in chips) 
Seat 4: Pon4uk.ua ($100 in chips) 
Seat 6: ru_ruu_ru ($241.62 in chips) 
Pon4uk.ua: posts small blind $0.50
Fold Your Cats: is sitting out 
ru_ruu_ru: posts big blind $1
*** HOLE CARDS ***
blistein: folds 
saimon 945: folds 
Fold Your Cats leaves the table
jeffy27dt1: raises $1.50 to $2.50
Pon4uk.ua: folds 
ru_ruu_ru: raises $9.50 to $12
jeffy27dt1: folds 
Uncalled bet ($9.50) returned to ru_ruu_ru
ru_ruu_ru collected $5.50 from pot
ru_ruu_ru: doesn't show hand 
*** SUMMARY ***
Total pot $5.50 | Rake $0 
Seat 5: Fold Your Cats
Seat 1: blistein folded before Flop (didn't bet)
Seat 2: saimon 945 folded before Flop (didn't bet)
Seat 3: jeffy27dt1 (button) folded before Flop
Seat 4: Pon4uk.ua (small blind) folded before Flop
Seat 6: ru_ruu_ru (big blind) collected ($5.50)



PokerStars Hand #254293458472:  Hold'em No Limit ($0.50/$1.00 USD) - 2025/01/10 11:38:26 WET [2025/01/10 6:38:26 ET]
Table 'Prudentia II' 6-max Seat #4 is the button
Seat 1: blistein ($101.50 in chips) is sitting out
Seat 2: saimon 945 ($90.23 in chips) 
Seat 3: jeffy27dt1 ($100.50 in chips) 
Seat 4: Pon4uk.ua ($100 in chips) 
Seat 6: ru_ruu_ru ($244.62 in chips) 
ru_ruu_ru: posts small blind $0.50
blistein: is sitting out 
saimon 945: posts big blind $1
*** HOLE CARDS ***
jeffy27dt1: folds 
Pon4uk.ua: raises $1.50 to $2.50
ru_ruu_ru: raises $9.50 to $12
saimon 945: folds 
Pon4uk.ua: folds 
Uncalled bet ($9.50) returned to ru_ruu_ru
ru_ruu_ru collected $6 from pot
ru_ruu_ru: doesn't show hand 
*** SUMMARY ***
Total pot $6 | Rake $0 
Seat 1: blistein
Seat 2: saimon 945 (big blind) folded before Flop
Seat 3: jeffy27dt1 folded before Flop (didn't bet)
Seat 4: Pon4uk.ua (button) folded before Flop
Seat 6: ru_ruu_ru (small blind) collected ($6)



PokerStars Hand #254293461977:  Hold'em No Limit ($0.50/$1.00 USD) - 2025/01/10 11:38:52 WET [2025/01/10 6:38:52 ET]
Table 'Prudentia II' 6-max Seat #6 is the button
Seat 1: blistein ($101.50 in chips) is sitting out
Seat 2: saimon 945 ($89.23 in chips) 
Seat 3: jeffy27dt1 ($100.50 in chips) 
Seat 4: Pon4uk.ua ($100 in chips) 
Seat 6: ru_ruu_ru ($248.12 in chips) 
saimon 945: posts small blind $0.50
jeffy27dt1: posts big blind $1
*** HOLE CARDS ***
Pon4uk.ua has timed out
Pon4uk.ua: folds 
ru_ruu_ru: raises $1.50 to $2.50
saimon 945: raises $4.50 to $7
jeffy27dt1: folds 
ShaneHB joins the table at seat #5 
ru_ruu_ru: folds 
Uncalled bet ($4.50) returned to saimon 945
ShaneHB is disconnected 
saimon 945 collected $6 from pot
*** SUMMARY ***
Total pot $6 | Rake $0 
Seat 1: blistein
Seat 2: saimon 945 (small blind) collected ($6)
Seat 3: jeffy27dt1 (big blind) folded before Flop
Seat 4: Pon4uk.ua folded before Flop (didn't bet)
Seat 6: ru_ruu_ru (button) folded before Flop



PokerStars Hand #254293465735:  Hold'em No Limit ($0.50/$1.00 USD) - 2025/01/10 11:39:20 WET [2025/01/10 6:39:20 ET]
Table 'Prudentia II' 6-max Seat #2 is the button
Seat 1: blistein ($101.50 in chips) is sitting out
Seat 5: ShaneHB ($40 in chips) is sitting out
Seat 2: saimon 945 ($92.73 in chips) 
Seat 3: jeffy27dt1 ($100 in chips) 
Seat 4: Pon4uk.ua ($100 in chips) 
Seat 6: ru_ruu_ru ($245.62 in chips) 
jeffy27dt1: posts small blind $0.50
Pon4uk.ua: posts big blind $1
ShaneHB: sits out 
blistein: sits out 
*** HOLE CARDS ***
ru_ruu_ru: raises $1.50 to $2.50
saimon 945: folds 
jeffy27dt1: folds 
Pon4uk.ua: folds 
Uncalled bet ($1.50) returned to ru_ruu_ru
ru_ruu_ru collected $2.50 from pot
ru_ruu_ru: doesn't show hand 
*** SUMMARY ***
Total pot $2.50 | Rake $0 
Seat 1: blistein
Seat 5: ShaneHB
Seat 2: saimon 945 (button) folded before Flop (didn't bet)
Seat 3: jeffy27dt1 (small blind) folded before Flop
Seat 4: Pon4uk.ua (big blind) folded before Flop
Seat 6: ru_ruu_ru collected ($2.50)



PokerStars Hand #254293467478:  Hold'em No Limit ($0.50/$1.00 USD) - 2025/01/10 11:39:33 WET [2025/01/10 6:39:33 ET]
Table 'Prudentia II' 6-max Seat #3 is the button
Seat 1: blistein ($101.50 in chips) is sitting out
Seat 2: saimon 945 ($92.73 in chips) 
Seat 3: jeffy27dt1 ($100 in chips) 
Seat 4: Pon4uk.ua ($100 in chips) 
Seat 5: ShaneHB ($40 in chips) 
Seat 6: ru_ruu_ru ($247.12 in chips) 
Pon4uk.ua: posts small blind $0.50
ShaneHB: posts big blind $1
blistein: sits out 
*** HOLE CARDS ***
ru_ruu_ru: folds 
saimon 945: folds 
jeffy27dt1: folds 
Pon4uk.ua: folds 
Uncalled bet ($0.50) returned to ShaneHB
ShaneHB collected $1 from pot
*** SUMMARY ***
Total pot $1 | Rake $0 
Seat 1: blistein
Seat 2: saimon 945 folded before Flop (didn't bet)
Seat 3: jeffy27dt1 (button) folded before Flop (didn't bet)
Seat 4: Pon4uk.ua (small blind) folded before Flop
Seat 5: ShaneHB (big blind) collected ($1)
Seat 6: ru_ruu_ru folded before Flop (didn't bet)



PokerStars Hand #254293469960:  Hold'em No Limit ($0.50/$1.00 USD) - 2025/01/10 11:39:51 WET [2025/01/10 6:39:51 ET]
Table 'Prudentia II' 6-max Seat #4 is the button
Seat 1: blistein ($101.50 in chips) is sitting out
Seat 2: saimon 945 ($92.73 in chips) 
Seat 3: jeffy27dt1 ($100 in chips) 
Seat 4: Pon4uk.ua ($100 in chips) 
Seat 5: ShaneHB ($40.50 in chips) 
Seat 6: ru_ruu_ru ($247.12 in chips) 
ShaneHB: posts small blind $0.50
ru_ruu_ru: posts big blind $1
blistein: sits out 
*** HOLE CARDS ***
saimon 945: raises $1 to $2
jeffy27dt1: folds 
Pon4uk.ua: folds 
ShaneHB: calls $1.50
ru_ruu_ru: calls $1
*** FLOP *** [5d 2s Qc]
ShaneHB: checks 
ru_ruu_ru: checks 
saimon 945: bets $2.85
ShaneHB: folds 
ru_ruu_ru: calls $2.85
*** TURN *** [5d 2s Qc] [Js]
ru_ruu_ru: checks 
saimon 945: checks 
*** RIVER *** [5d 2s Qc Js] [6s]
ru_ruu_ru: bets $7.34
saimon 945: folds 
Uncalled bet ($7.34) returned to ru_ruu_ru
ru_ruu_ru collected $11.12 from pot
ru_ruu_ru: doesn't show hand 
*** SUMMARY ***
Total pot $11.70 | Rake $0.58 
Board [5d 2s Qc Js 6s]
Seat 1: blistein
Seat 2: saimon 945 folded on the River
Seat 3: jeffy27dt1 folded before Flop (didn't bet)
Seat 4: Pon4uk.ua (button) folded before Flop (didn't bet)
Seat 5: ShaneHB (small blind) folded on the Flop
Seat 6: ru_ruu_ru (big blind) collected ($11.12)



PokerStars Hand #254293640928:  Hold'em No Limit ($0.50/$1.00 USD) - 2025/01/10 12:01:26 WET [2025/01/10 7:01:26 ET]
Table 'Prudentia II' 6-max Seat #4 is the button
Seat 1: JP231608 ($53.44 in chips) 
Seat 2: ptolejmus ($10 in chips) 
Seat 3: blistein ($113.48 in chips) 
Seat 4: fobot21 ($100 in chips) 
Seat 5: Kreayshawn ($100 in chips) 
Seat 6: praclovekzig ($31.44 in chips) 
Kreayshawn: posts small blind $0.50
praclovekzig: posts big blind $1
*** HOLE CARDS ***
JP231608: folds 
ptolejmus: raises $9 to $10 and is all-in
blistein: folds 
fobot21: calls $10
Kreayshawn: folds 
praclovekzig: folds 
*** FIRST FLOP *** [4s 7c 9c]
*** FIRST TURN *** [4s 7c 9c] [7h]
*** FIRST RIVER *** [4s 7c 9c 7h] [Js]
*** SECOND FLOP *** [7d As 7s]
*** SECOND TURN *** [7d As 7s] [3c]
*** SECOND RIVER *** [7d As 7s 3c] [6d]
*** FIRST SHOW DOWN ***
ptolejmus: shows [Qh Ks] (a pair of Sevens)
fobot21: shows [Ad Ac] (two pair, Aces and Sevens)
fobot21 collected $10.21 from pot
*** SECOND SHOW DOWN ***
ptolejmus: shows [Qh Ks] (a pair of Sevens)
fobot21: shows [Ad Ac] (a full house, Aces full of Sevens)
fobot21 collected $10.21 from pot
*** SUMMARY ***
Total pot $21.50 | Rake $1.08 
Hand was run twice
FIRST Board [4s 7c 9c 7h Js]
SECOND Board [7d As 7s 3c 6d]
Seat 1: JP231608 folded before Flop (didn't bet)
Seat 2: ptolejmus showed [Qh Ks] and lost with a pair of Sevens, and lost with a pair of Sevens
Seat 3: blistein folded before Flop (didn't bet)
Seat 4: fobot21 (button) showed [Ad Ac] and won ($10.21) with two pair, Aces and Sevens, and won ($10.21) with a full house, Aces full of Sevens
Seat 5: Kreayshawn (small blind) folded before Flop
Seat 6: praclovekzig (big blind) folded before Flop



PokerStars Hand #254293647099:  Hold'em No Limit ($0.50/$1.00 USD) - 2025/01/10 12:02:10 WET [2025/01/10 7:02:10 ET]
Table 'Prudentia II' 6-max Seat #5 is the button
Seat 1: JP231608 ($53.44 in chips) 
Seat 2: ptolejmus ($10 in chips) 
Seat 3: blistein ($113.48 in chips) 
Seat 4: fobot21 ($110.42 in chips) 
Seat 5: Kreayshawn ($100 in chips) 
Seat 6: praclovekzig ($30.44 in chips) 
praclovekzig: posts small blind $0.50
JP231608: posts big blind $1
*** HOLE CARDS ***
ptolejmus: folds 
blistein: folds 
fobot21: folds 
Kreayshawn: folds 
praclovekzig: raises $2 to $3
JP231608: folds 
Uncalled bet ($2) returned to praclovekzig
praclovekzig collected $2 from pot
*** SUMMARY ***
Total pot $2 | Rake $0 
Seat 1: JP231608 (big blind) folded before Flop
Seat 2: ptolejmus folded before Flop (didn't bet)
Seat 3: blistein folded before Flop (didn't bet)
Seat 4: fobot21 folded before Flop (didn't bet)
Seat 5: Kreayshawn (button) folded before Flop (didn't bet)
Seat 6: praclovekzig (small blind) collected ($2)



PokerStars Hand #254293652267:  Hold'em No Limit ($0.50/$1.00 USD) - 2025/01/10 12:02:48 WET [2025/01/10 7:02:48 ET]
Table 'Prudentia II' 6-max Seat #6 is the button
Seat 1: JP231608 ($52.44 in chips) 
Seat 2: ptolejmus ($10 in chips) 
Seat 3: blistein ($113.48 in chips) 
Seat 4: fobot21 ($110.42 in chips) 
Seat 5: Kreayshawn ($100 in chips) 
Seat 6: praclovekzig ($31.44 in chips) 
JP231608: posts small blind $0.50
ptolejmus: posts big blind $1
*** HOLE CARDS ***
blistein: folds 
fobot21: folds 
Kreayshawn: folds 
praclovekzig: folds 
JP231608: folds 
Uncalled bet ($0.50) returned to ptolejmus
ptolejmus collected $1 from pot
*** SUMMARY ***
Total pot $1 | Rake $0 
Seat 1: JP231608 (small blind) folded before Flop
Seat 2: ptolejmus (big blind) collected ($1)
Seat 3: blistein folded before Flop (didn't bet)
Seat 4: fobot21 folded before Flop (didn't bet)
Seat 5: Kreayshawn folded before Flop (didn't bet)
Seat 6: praclovekzig (button) folded before Flop (didn't bet)



PokerStars Hand #254293654251:  Hold'em No Limit ($0.50/$1.00 USD) - 2025/01/10 12:03:03 WET [2025/01/10 7:03:03 ET]
Table 'Prudentia II' 6-max Seat #1 is the button
Seat 1: JP231608 ($51.94 in chips) 
Seat 2: ptolejmus ($10.50 in chips) 
Seat 3: blistein ($113.48 in chips) 
Seat 4: fobot21 ($110.42 in chips) 
Seat 5: Kreayshawn ($100 in chips) 
Seat 6: praclovekzig ($31.44 in chips) 
ptolejmus: posts small blind $0.50
blistein: posts big blind $1
*** HOLE CARDS ***
fobot21: folds 
Kreayshawn: folds 
praclovekzig: folds 
JP231608: raises $1 to $2
ptolejmus: folds 
blistein: calls $1
*** FLOP *** [5d Ts Ah]
blistein: checks 
JP231608: bets $4.28
blistein: folds 
Uncalled bet ($4.28) returned to JP231608
JP231608 collected $4.22 from pot
*** SUMMARY ***
Total pot $4.50 | Rake $0.28 
Board [5d Ts Ah]
Seat 1: JP231608 (button) collected ($4.22)
Seat 2: ptolejmus (small blind) folded before Flop
Seat 3: blistein (big blind) folded on the Flop
Seat 4: fobot21 folded before Flop (didn't bet)
Seat 5: Kreayshawn folded before Flop (didn't bet)
Seat 6: praclovekzig folded before Flop (didn't bet)



PokerStars Hand #254293660807:  Hold'em No Limit ($0.50/$1.00 USD) - 2025/01/10 12:03:50 WET [2025/01/10 7:03:50 ET]
Table 'Prudentia II' 6-max Seat #2 is the button
Seat 1: JP231608 ($54.16 in chips) 
Seat 2: ptolejmus ($10 in chips) 
Seat 3: blistein ($111.48 in chips) 
Seat 4: fobot21 ($110.42 in chips) 
Seat 5: Kreayshawn ($100 in chips) 
Seat 6: praclovekzig ($31.44 in chips) 
blistein: posts small blind $0.50
fobot21: posts big blind $1
*** HOLE CARDS ***
Kreayshawn: folds 
praclovekzig: folds 
JP231608: folds 
ptolejmus: raises $9 to $10 and is all-in
blistein: folds 
fobot21: folds 
Uncalled bet ($9) returned to ptolejmus
ptolejmus collected $2.50 from pot
*** SUMMARY ***
Total pot $2.50 | Rake $0 
Seat 1: JP231608 folded before Flop (didn't bet)
Seat 2: ptolejmus (button) collected ($2.50)
Seat 3: blistein (small blind) folded before Flop
Seat 4: fobot21 (big blind) folded before Flop
Seat 5: Kreayshawn folded before Flop (didn't bet)
Seat 6: praclovekzig folded before Flop (didn't bet)



PokerStars Hand #254293664192:  Hold'em No Limit ($0.50/$1.00 USD) - 2025/01/10 12:04:15 WET [2025/01/10 7:04:15 ET]
Table 'Prudentia II' 6-max Seat #3 is the button
Seat 1: JP231608 ($54.16 in chips) is sitting out
Seat 2: ptolejmus ($11.50 in chips) 
Seat 3: blistein ($110.98 in chips) 
Seat 4: fobot21 ($109.42 in chips) 
Seat 5: Kreayshawn ($100 in chips) 
Seat 6: praclovekzig ($31.44 in chips) 
fobot21: posts small blind $0.50
Kreayshawn: posts big blind $1
*** HOLE CARDS ***
praclovekzig: folds 
ptolejmus: folds 
blistein: folds 
fobot21: raises $1.90 to $2.90
Kreayshawn: folds 
Uncalled bet ($1.90) returned to fobot21
fobot21 collected $2 from pot
fobot21: doesn't show hand 
*** SUMMARY ***
Total pot $2 | Rake $0 
Seat 1: JP231608
Seat 2: ptolejmus folded before Flop (didn't bet)
Seat 3: blistein (button) folded before Flop (didn't bet)
Seat 4: fobot21 (small blind) collected ($2)
Seat 5: Kreayshawn (big blind) folded before Flop
Seat 6: praclovekzig folded before Flop (didn't bet)



PokerStars Hand #254293666137:  Hold'em No Limit ($0.50/$1.00 USD) - 2025/01/10 12:04:29 WET [2025/01/10 7:04:29 ET]
Table 'Prudentia II' 6-max Seat #4 is the button
Seat 1: JP231608 ($54.16 in chips) is sitting out
Seat 2: ptolejmus ($11.50 in chips) 
Seat 3: blistein ($110.98 in chips) 
Seat 4: fobot21 ($110.42 in chips) 
Seat 5: Kreayshawn ($100 in chips) 
Seat 6: praclovekzig ($31.44 in chips) 
Kreayshawn: posts small blind $0.50
praclovekzig: posts big blind $1
*** HOLE CARDS ***
ptolejmus: folds 
blistein: raises $1.30 to $2.30
fobot21: raises $4.60 to $6.90
Kreayshawn: folds 
praclovekzig: raises $16.60 to $23.50
blistein: folds 
fobot21: folds 
Uncalled bet ($16.60) returned to praclovekzig
praclovekzig collected $16.60 from pot
*** SUMMARY ***
Total pot $16.60 | Rake $0 
Seat 1: JP231608
Seat 2: ptolejmus folded before Flop (didn't bet)
Seat 3: blistein folded before Flop
Seat 4: fobot21 (button) folded before Flop
Seat 5: Kreayshawn (small blind) folded before Flop
Seat 6: praclovekzig (big blind) collected ($16.60)



PokerStars Hand #254293669868:  Hold'em No Limit ($0.50/$1.00 USD) - 2025/01/10 12:04:55 WET [2025/01/10 7:04:55 ET]
Table 'Prudentia II' 6-max Seat #5 is the button
Seat 1: JP231608 ($54.16 in chips) is sitting out
Seat 2: ptolejmus ($11.50 in chips) 
Seat 3: blistein ($108.68 in chips) 
Seat 4: fobot21 ($103.52 in chips) 
Seat 5: Kreayshawn ($100 in chips) 
Seat 6: praclovekzig ($41.14 in chips) 
praclovekzig: posts small blind $0.50
ptolejmus: posts big blind $1
*** HOLE CARDS ***
blistein: raises $1.20 to $2.20
fobot21: folds 
Kreayshawn: folds 
praclovekzig: folds 
ptolejmus: raises $9.30 to $11.50 and is all-in
blistein: folds 
Uncalled bet ($9.30) returned to ptolejmus
ptolejmus collected $4.90 from pot
*** SUMMARY ***
Total pot $4.90 | Rake $0 
Seat 1: JP231608
Seat 2: ptolejmus (big blind) collected ($4.90)
Seat 3: blistein folded before Flop
Seat 4: fobot21 folded before Flop (didn't bet)
Seat 5: Kreayshawn (button) folded before Flop (didn't bet)
Seat 6: praclovekzig (small blind) folded before Flop



PokerStars Hand #254293673988:  Hold'em No Limit ($0.50/$1.00 USD) - 2025/01/10 12:05:25 WET [2025/01/10 7:05:25 ET]
Table 'Prudentia II' 6-max Seat #6 is the button
Seat 1: JP231608 ($54.16 in chips) is sitting out
Seat 2: ptolejmus ($14.20 in chips) 
Seat 3: blistein ($106.48 in chips) 
Seat 4: fobot21 ($103.52 in chips) 
Seat 5: Kreayshawn ($100 in chips) 
Seat 6: praclovekzig ($40.64 in chips) 
ptolejmus: posts small blind $0.50
blistein: posts big blind $1
*** HOLE CARDS ***
fobot21: raises $1 to $2
Kreayshawn: folds 
praclovekzig: folds 
praclovekzig leaves the table
ptolejmus: folds 
blistein: calls $1
*** FLOP *** [3s 3c Qs]
blistein: checks 
fobot21: bets $1.46
blistein: folds 
Uncalled bet ($1.46) returned to fobot21
gig.gyty joins the table at seat #6 
fobot21 collected $4.28 from pot
fobot21: doesn't show hand 
*** SUMMARY ***
Total pot $4.50 | Rake $0.22 
Board [3s 3c Qs]
Seat 1: JP231608
Seat 2: ptolejmus (small blind) folded before Flop
Seat 3: blistein (big blind) folded on the Flop
Seat 4: fobot21 collected ($4.28)
Seat 5: Kreayshawn folded before Flop (didn't bet)
Seat 6: praclovekzig (button) folded before Flop (didn't bet)



PokerStars Hand #254293681148:  Hold'em No Limit ($0.50/$1.00 USD) - 2025/01/10 12:06:16 WET [2025/01/10 7:06:16 ET]
Table 'Prudentia II' 6-max Seat #2 is the button
Seat 1: JP231608 ($54.16 in chips) is sitting out
Seat 6: gig.gyty ($100 in chips) is sitting out
Seat 2: ptolejmus ($13.70 in chips) 
Seat 3: blistein ($104.48 in chips) 
Seat 4: fobot21 ($105.80 in chips) 
Seat 5: Kreayshawn ($100 in chips) 
blistein: posts small blind $0.50
fobot21: posts big blind $1
gig.gyty: sits out 
JP231608: sits out 
*** HOLE CARDS ***
Kreayshawn: folds 
ptolejmus: folds 
blistein: folds 
Uncalled bet ($0.50) returned to fobot21
fobot21 collected $1 from pot
fobot21: doesn't show hand 
*** SUMMARY ***
Total pot $1 | Rake $0 
Seat 1: JP231608
Seat 6: gig.gyty
Seat 2: ptolejmus (button) folded before Flop (didn't bet)
Seat 3: blistein (small blind) folded before Flop
Seat 4: fobot21 (big blind) collected ($1)
Seat 5: Kreayshawn folded before Flop (didn't bet)



PokerStars Hand #254293682527:  Hold'em No Limit ($0.50/$1.00 USD) - 2025/01/10 12:06:26 WET [2025/01/10 7:06:26 ET]
Table 'Prudentia II' 6-max Seat #3 is the button
Seat 1: JP231608 ($54.16 in chips) is sitting out
Seat 6: gig.gyty ($100 in chips) is sitting out
Seat 2: ptolejmus ($13.70 in chips) 
Seat 3: blistein ($103.98 in chips) 
Seat 4: fobot21 ($106.30 in chips) 
Seat 5: Kreayshawn ($100 in chips) 
fobot21: posts small blind $0.50
Kreayshawn: posts big blind $1
gig.gyty: sits out 
JP231608: sits out 
*** HOLE CARDS ***
ptolejmus: raises $1 to $2
blistein: folds 
fobot21: folds 
Kreayshawn: raises $17 to $19
ptolejmus: folds 
Uncalled bet ($17) returned to Kreayshawn
Kreayshawn collected $4.50 from pot
*** SUMMARY ***
Total pot $4.50 | Rake $0 
Seat 1: JP231608
Seat 6: gig.gyty
Seat 2: ptolejmus folded before Flop
Seat 3: blistein (button) folded before Flop (didn't bet)
Seat 4: fobot21 (small blind) folded before Flop
Seat 5: Kreayshawn (big blind) collected ($4.50)



PokerStars Hand #254293687728:  Hold'em No Limit ($0.50/$1.00 USD) - 2025/01/10 12:07:04 WET [2025/01/10 7:07:04 ET]
Table 'Prudentia II' 6-max Seat #4 is the button
Seat 1: JP231608 ($54.16 in chips) is sitting out
Seat 2: ptolejmus ($11.70 in chips) 
Seat 3: blistein ($103.98 in chips) 
Seat 4: fobot21 ($105.80 in chips) 
Seat 5: Kreayshawn ($102.50 in chips) 
Seat 6: gig.gyty ($100 in chips) 
Kreayshawn: posts small blind $0.50
gig.gyty: posts big blind $1
JP231608: sits out 
*** HOLE CARDS ***
ptolejmus: raises $1 to $2
blistein: folds 
fobot21: folds 
Kreayshawn: folds 
gig.gyty: folds 
Uncalled bet ($1) returned to ptolejmus
ptolejmus collected $2.50 from pot
*** SUMMARY ***
Total pot $2.50 | Rake $0 
Seat 1: JP231608
Seat 2: ptolejmus collected ($2.50)
Seat 3: blistein folded before Flop (didn't bet)
Seat 4: fobot21 (button) folded before Flop (didn't bet)
Seat 5: Kreayshawn (small blind) folded before Flop
Seat 6: gig.gyty (big blind) folded before Flop



PokerStars Hand #254293689811:  Hold'em No Limit ($0.50/$1.00 USD) - 2025/01/10 12:07:19 WET [2025/01/10 7:07:19 ET]
Table 'Prudentia II' 6-max Seat #5 is the button
Seat 1: JP231608 ($54.16 in chips) 
Seat 2: ptolejmus ($13.20 in chips) 
Seat 3: blistein ($103.98 in chips) 
Seat 4: fobot21 ($105.80 in chips) 
Seat 5: Kreayshawn ($102 in chips) 
Seat 6: gig.gyty ($100 in chips) 
gig.gyty: posts small blind $0.50
JP231608: posts big blind $1
*** HOLE CARDS ***
ptolejmus: raises $1 to $2
blistein: raises $4 to $6
fobot21: folds 
Kreayshawn: folds 
gig.gyty: folds 
JP231608: folds 
ptolejmus: folds 
Uncalled bet ($4) returned to blistein
blistein collected $5.50 from pot
blistein: doesn't show hand 
*** SUMMARY ***
Total pot $5.50 | Rake $0 
Seat 1: JP231608 (big blind) folded before Flop
Seat 2: ptolejmus folded before Flop
Seat 3: blistein collected ($5.50)
Seat 4: fobot21 folded before Flop (didn't bet)
Seat 5: Kreayshawn (button) folded before Flop (didn't bet)
Seat 6: gig.gyty (small blind) folded before Flop



PokerStars Hand #254293696242:  Hold'em No Limit ($0.50/$1.00 USD) - 2025/01/10 12:08:04 WET [2025/01/10 7:08:04 ET]
Table 'Prudentia II' 6-max Seat #6 is the button
Seat 1: JP231608 ($53.16 in chips) 
Seat 2: ptolejmus ($11.20 in chips) 
Seat 3: blistein ($107.48 in chips) 
Seat 4: fobot21 ($105.80 in chips) 
Seat 5: Kreayshawn ($102 in chips) 
Seat 6: gig.gyty ($100 in chips) 
JP231608: posts small blind $0.50
ptolejmus: posts big blind $1
*** HOLE CARDS ***
blistein: raises $1.20 to $2.20
fobot21: folds 
Kreayshawn: folds 
gig.gyty: folds 
JP231608: folds 
ptolejmus: calls $1.20
*** FLOP *** [9s 2c 3h]
ptolejmus: checks 
blistein: checks 
*** TURN *** [9s 2c 3h] [Ah]
ptolejmus: checks 
blistein: checks 
*** RIVER *** [9s 2c 3h Ah] [8h]
ptolejmus: checks 
blistein: bets $1
fobot21 leaves the table
ptolejmus: folds 
Uncalled bet ($1) returned to blistein
blistein collected $4.66 from pot
blistein: doesn't show hand 
*** SUMMARY ***
Total pot $4.90 | Rake $0.24 
Board [9s 2c 3h Ah 8h]
Seat 1: JP231608 (small blind) folded before Flop
Seat 2: ptolejmus (big blind) folded on the River
Seat 3: blistein collected ($4.66)
Seat 4: fobot21 folded before Flop (didn't bet)
Seat 5: Kreayshawn folded before Flop (didn't bet)
Seat 6: gig.gyty (button) folded before Flop (didn't bet)



PokerStars Hand #254293706856:  Hold'em No Limit ($0.50/$1.00 USD) - 2025/01/10 12:09:21 WET [2025/01/10 7:09:21 ET]
Table 'Prudentia II' 6-max Seat #1 is the button
Seat 1: JP231608 ($52.66 in chips) 
Seat 2: ptolejmus ($10 in chips) 
Seat 3: blistein ($109.94 in chips) 
Seat 5: Kreayshawn ($102 in chips) 
Seat 6: gig.gyty ($100 in chips) 
ptolejmus: posts small blind $0.50
blistein: posts big blind $1
*** HOLE CARDS ***
nastja336 joins the table at seat #4 
Kreayshawn: folds 
gig.gyty: folds 
JP231608: folds 
ptolejmus: raises $1 to $2
blistein: folds 
Uncalled bet ($1) returned to ptolejmus
ptolejmus collected $2 from pot
*** SUMMARY ***
Total pot $2 | Rake $0 
Seat 1: JP231608 (button) folded before Flop (didn't bet)
Seat 2: ptolejmus (small blind) collected ($2)
Seat 3: blistein (big blind) folded before Flop
Seat 5: Kreayshawn folded before Flop (didn't bet)
Seat 6: gig.gyty folded before Flop (didn't bet)



PokerStars Hand #254293710722:  Hold'em No Limit ($0.50/$1.00 USD) - 2025/01/10 12:09:48 WET [2025/01/10 7:09:48 ET]
Table 'Prudentia II' 6-max Seat #2 is the button
Seat 1: JP231608 ($52.66 in chips) 
Seat 2: ptolejmus ($11 in chips) 
Seat 3: blistein ($108.94 in chips) 
Seat 4: nastja336 ($100 in chips) 
Seat 5: Kreayshawn ($102 in chips) 
Seat 6: gig.gyty ($100 in chips) 
blistein: posts small blind $0.50
nastja336: posts big blind $1
*** HOLE CARDS ***
Kreayshawn: raises $1.50 to $2.50
gig.gyty: folds 
JP231608: calls $2.50
ptolejmus: folds 
blistein: folds 
nastja336: calls $1.50
*** FLOP *** [3d Ah Ad]
nastja336: checks 
Kreayshawn: checks 
JP231608: checks 
*** TURN *** [3d Ah Ad] [Jd]
nastja336: checks 
Kreayshawn: checks 
JP231608: bets $3.80
nastja336: folds 
Kreayshawn: calls $3.80
*** RIVER *** [3d Ah Ad Jd] [7s]
Kreayshawn: checks 
JP231608: bets $10.82
Kreayshawn: raises $84.88 to $95.70 and is all-in
JP231608: calls $35.54 and is all-in
Uncalled bet ($49.34) returned to Kreayshawn
*** SHOW DOWN ***
Kreayshawn: shows [Td Kd] (a flush, Ace high)
JP231608: shows [2s As] (three of a kind, Aces)
Kreayshawn collected $105.82 from pot
*** SUMMARY ***
Total pot $108.32 | Rake $2.50 
Board [3d Ah Ad Jd 7s]
Seat 1: JP231608 showed [2s As] and lost with three of a kind, Aces
Seat 2: ptolejmus (button) folded before Flop (didn't bet)
Seat 3: blistein (small blind) folded before Flop
Seat 4: nastja336 (big blind) folded on the Turn
Seat 5: Kreayshawn showed [Td Kd] and won ($105.82) with a flush, Ace high
Seat 6: gig.gyty folded before Flop (didn't bet)



PokerStars Hand #254293721842:  Hold'em No Limit ($0.50/$1.00 USD) - 2025/01/10 12:11:09 WET [2025/01/10 7:11:09 ET]
Table 'Prudentia II' 6-max Seat #3 is the button
Seat 1: JP231608 ($0 in chips) is sitting out
Seat 5: Kreayshawn ($155.16 in chips) is sitting out
Seat 2: ptolejmus ($11 in chips) 
Seat 3: blistein ($108.44 in chips) 
Seat 4: nastja336 ($100 in chips) 
Seat 6: gig.gyty ($100 in chips) 
nastja336: posts small blind $0.50
Kreayshawn: is sitting out 
gig.gyty: posts big blind $1
*** HOLE CARDS ***
JP231608 is disconnected 
ptolejmus: folds 
blistein: raises $1.50 to $2.50
Kreayshawn leaves the table
nastja336: folds 
gig.gyty: folds 
Uncalled bet ($1.50) returned to blistein
blistein collected $2.50 from pot
blistein: doesn't show hand 
*** SUMMARY ***
Total pot $2.50 | Rake $0 
Seat 1: JP231608
Seat 5: Kreayshawn
Seat 2: ptolejmus folded before Flop (didn't bet)
Seat 3: blistein (button) collected ($2.50)
Seat 4: nastja336 (small blind) folded before Flop
Seat 6: gig.gyty (big blind) folded before Flop



PokerStars Hand #254293724399:  Hold'em No Limit ($0.50/$1.00 USD) - 2025/01/10 12:11:28 WET [2025/01/10 7:11:28 ET]
Table 'Prudentia II' 6-max Seat #4 is the button
Seat 1: JP231608 ($0 in chips) is sitting out
Seat 2: ptolejmus ($11 in chips) is sitting out
Seat 3: blistein ($109.94 in chips) 
Seat 4: nastja336 ($100 in chips) 
Seat 6: gig.gyty ($100 in chips) 
gig.gyty: posts small blind $0.50
ptolejmus: is sitting out 
blistein: posts big blind $1
*** HOLE CARDS ***
ptolejmus leaves the table
nastja336: raises $1.50 to $2.50
gig.gyty: folds 
blistein: folds 
Uncalled bet ($1.50) returned to nastja336
nastja336 collected $2.50 from pot
nastja336: doesn't show hand 
*** SUMMARY ***
Total pot $2.50 | Rake $0 
Seat 1: JP231608
Seat 2: ptolejmus
Seat 3: blistein (big blind) folded before Flop
Seat 4: nastja336 (button) collected ($2.50)
Seat 6: gig.gyty (small blind) folded before Flop



PokerStars Hand #254293726236:  Hold'em No Limit ($0.50/$1.00 USD) - 2025/01/10 12:11:41 WET [2025/01/10 7:11:41 ET]
Table 'Prudentia II' 6-max Seat #3 is the button
Seat 1: JP231608 ($0 in chips) is sitting out
Seat 4: nastja336 ($101.50 in chips) is sitting out
Seat 3: blistein ($108.94 in chips) 
Seat 6: gig.gyty ($100 in chips) 
blistein: posts small blind $0.50
nastja336: is sitting out 
gig.gyty: posts big blind $1
*** HOLE CARDS ***
nastja336 leaves the table
blistein: folds 
Uncalled bet ($0.50) returned to gig.gyty
gig.gyty collected $1 from pot
gig.gyty: doesn't show hand 
*** SUMMARY ***
Total pot $1 | Rake $0 
Seat 1: JP231608
Seat 4: nastja336
Seat 3: blistein (button) (small blind) folded before Flop
Seat 6: gig.gyty (big blind) collected ($1)



PokerStars Hand #254293475858:  Hold'em No Limit ($0.50/$1.00 USD) - 2025/01/10 11:40:35 WET [2025/01/10 6:40:35 ET]
Table 'Prudentia II' 6-max Seat #5 is the button
Seat 1: blistein ($101.50 in chips) 
Seat 2: saimon 945 ($87.88 in chips) 
Seat 3: jeffy27dt1 ($100 in chips) 
Seat 4: Pon4uk.ua ($100 in chips) 
Seat 5: ShaneHB ($38.50 in chips) 
Seat 6: ru_ruu_ru ($253.39 in chips) 
ru_ruu_ru: posts small blind $0.50
blistein: posts big blind $1
*** HOLE CARDS ***
saimon 945: folds 
jeffy27dt1: folds 
Pon4uk.ua: folds 
ShaneHB: calls $1
ru_ruu_ru: folds 
blistein: raises $3 to $4
ShaneHB: calls $3
*** FLOP *** [3s 8d 4s]
blistein: checks 
ShaneHB: bets $3
blistein: calls $3
*** TURN *** [3s 8d 4s] [Qh]
blistein: checks 
ShaneHB: bets $3
blistein: raises $7.50 to $10.50
ShaneHB: folds 
Uncalled bet ($7.50) returned to blistein
blistein collected $19.48 from pot
blistein: doesn't show hand 
*** SUMMARY ***
Total pot $20.50 | Rake $1.02 
Board [3s 8d 4s Qh]
Seat 1: blistein (big blind) collected ($19.48)
Seat 2: saimon 945 folded before Flop (didn't bet)
Seat 3: jeffy27dt1 folded before Flop (didn't bet)
Seat 4: Pon4uk.ua folded before Flop (didn't bet)
Seat 5: ShaneHB (button) folded on the Turn
Seat 6: ru_ruu_ru (small blind) folded before Flop



PokerStars Hand #254293487357:  Hold'em No Limit ($0.50/$1.00 USD) - 2025/01/10 11:42:01 WET [2025/01/10 6:42:01 ET]
Table 'Prudentia II' 6-max Seat #6 is the button
Seat 1: blistein ($110.98 in chips) 
Seat 2: saimon 945 ($87.88 in chips) 
Seat 3: jeffy27dt1 ($100 in chips) 
Seat 4: Pon4uk.ua ($100 in chips) 
Seat 5: ShaneHB ($28.50 in chips) 
Seat 6: ru_ruu_ru ($252.89 in chips) 
blistein: posts small blind $0.50
saimon 945: posts big blind $1
*** HOLE CARDS ***
jeffy27dt1: folds 
Pon4uk.ua: raises $1 to $2
ShaneHB: folds 
ru_ruu_ru: folds 
blistein: raises $9 to $11
saimon 945: folds 
Pon4uk.ua: folds 
Uncalled bet ($9) returned to blistein
blistein collected $5 from pot
blistein: doesn't show hand 
*** SUMMARY ***
Total pot $5 | Rake $0 
Seat 1: blistein (small blind) collected ($5)
Seat 2: saimon 945 (big blind) folded before Flop
Seat 3: jeffy27dt1 folded before Flop (didn't bet)
Seat 4: Pon4uk.ua folded before Flop
Seat 5: ShaneHB folded before Flop (didn't bet)
Seat 6: ru_ruu_ru (button) folded before Flop (didn't bet)



PokerStars Hand #254293491229:  Hold'em No Limit ($0.50/$1.00 USD) - 2025/01/10 11:42:29 WET [2025/01/10 6:42:29 ET]
Table 'Prudentia II' 6-max Seat #1 is the button
Seat 1: blistein ($113.98 in chips) 
Seat 2: saimon 945 ($86.88 in chips) 
Seat 3: jeffy27dt1 ($100 in chips) 
Seat 4: Pon4uk.ua ($100 in chips) 
Seat 5: ShaneHB ($28.50 in chips) 
Seat 6: ru_ruu_ru ($252.89 in chips) 
saimon 945: posts small blind $0.50
jeffy27dt1: posts big blind $1
*** HOLE CARDS ***
Pon4uk.ua: folds 
ShaneHB: calls $1
ru_ruu_ru: folds 
blistein: folds 
saimon 945: raises $5 to $6
jeffy27dt1: folds 
ShaneHB: calls $5
*** FLOP *** [9h Ad 5h]
saimon 945: bets $2
ShaneHB: calls $2
*** TURN *** [9h Ad 5h] [9c]
saimon 945: bets $78.88 and is all-in
ShaneHB: folds 
Uncalled bet ($78.88) returned to saimon 945
saimon 945 collected $16.15 from pot
*** SUMMARY ***
Total pot $17 | Rake $0.85 
Board [9h Ad 5h 9c]
Seat 1: blistein (button) folded before Flop (didn't bet)
Seat 2: saimon 945 (small blind) collected ($16.15)
Seat 3: jeffy27dt1 (big blind) folded before Flop
Seat 4: Pon4uk.ua folded before Flop (didn't bet)
Seat 5: ShaneHB folded on the Turn
Seat 6: ru_ruu_ru folded before Flop (didn't bet)



PokerStars Hand #254293496682:  Hold'em No Limit ($0.50/$1.00 USD) - 2025/01/10 11:43:09 WET [2025/01/10 6:43:09 ET]
Table 'Prudentia II' 6-max Seat #2 is the button
Seat 1: blistein ($113.98 in chips) 
Seat 2: saimon 945 ($95.03 in chips) 
Seat 3: jeffy27dt1 ($100 in chips) 
Seat 4: Pon4uk.ua ($100 in chips) 
Seat 5: ShaneHB ($20.50 in chips) 
Seat 6: ru_ruu_ru ($252.89 in chips) 
jeffy27dt1: posts small blind $0.50
Pon4uk.ua: posts big blind $1
*** HOLE CARDS ***
ShaneHB: calls $1
ru_ruu_ru has timed out
ru_ruu_ru: folds 
blistein: folds 
saimon 945: raises $4 to $5
jeffy27dt1: folds 
Pon4uk.ua: folds 
ShaneHB: folds 
Uncalled bet ($4) returned to saimon 945
saimon 945 collected $3.50 from pot
*** SUMMARY ***
Total pot $3.50 | Rake $0 
Seat 1: blistein folded before Flop (didn't bet)
Seat 2: saimon 945 (button) collected ($3.50)
Seat 3: jeffy27dt1 (small blind) folded before Flop
Seat 4: Pon4uk.ua (big blind) folded before Flop
Seat 5: ShaneHB folded before Flop
Seat 6: ru_ruu_ru folded before Flop (didn't bet)



PokerStars Hand #254293501093:  Hold'em No Limit ($0.50/$1.00 USD) - 2025/01/10 11:43:41 WET [2025/01/10 6:43:41 ET]
Table 'Prudentia II' 6-max Seat #3 is the button
Seat 1: blistein ($113.98 in chips) 
Seat 2: saimon 945 ($97.53 in chips) 
Seat 3: jeffy27dt1 ($100 in chips) 
Seat 4: Pon4uk.ua ($100 in chips) 
Seat 5: ShaneHB ($19.50 in chips) 
Seat 6: ru_ruu_ru ($252.89 in chips) 
Pon4uk.ua: posts small blind $0.50
ShaneHB: posts big blind $1
*** HOLE CARDS ***
ru_ruu_ru: raises $1.20 to $2.20
blistein: raises $5.30 to $7.50
saimon 945: folds 
jeffy27dt1: folds 
Pon4uk.ua: folds 
ShaneHB: folds 
ru_ruu_ru: folds 
Uncalled bet ($5.30) returned to blistein
blistein collected $5.90 from pot
blistein: doesn't show hand 
*** SUMMARY ***
Total pot $5.90 | Rake $0 
Seat 1: blistein collected ($5.90)
Seat 2: saimon 945 folded before Flop (didn't bet)
Seat 3: jeffy27dt1 (button) folded before Flop (didn't bet)
Seat 4: Pon4uk.ua (small blind) folded before Flop
Seat 5: ShaneHB (big blind) folded before Flop
Seat 6: ru_ruu_ru folded before Flop



PokerStars Hand #254293505172:  Hold'em No Limit ($0.50/$1.00 USD) - 2025/01/10 11:44:11 WET [2025/01/10 6:44:11 ET]
Table 'Prudentia II' 6-max Seat #4 is the button
Seat 1: blistein ($117.68 in chips) 
Seat 2: saimon 945 ($97.53 in chips) 
Seat 3: jeffy27dt1 ($100 in chips) 
Seat 4: Pon4uk.ua ($100 in chips) 
Seat 5: ShaneHB ($18.50 in chips) 
Seat 6: ru_ruu_ru ($250.69 in chips) 
ShaneHB: posts small blind $0.50
ru_ruu_ru: posts big blind $1
*** HOLE CARDS ***
blistein: raises $1.20 to $2.20
saimon 945: folds 
jeffy27dt1: folds 
Pon4uk.ua: folds 
ShaneHB: calls $1.70
ru_ruu_ru: raises $16.80 to $19
blistein: folds 
ShaneHB: calls $16.30 and is all-in
Uncalled bet ($0.50) returned to ru_ruu_ru
*** FLOP *** [Th Qh Ks]
*** TURN *** [Th Qh Ks] [6h]
*** RIVER *** [Th Qh Ks 6h] [Kc]
*** SHOW DOWN ***
ShaneHB: shows [Qs 5s] (two pair, Kings and Queens)
ru_ruu_ru: shows [Qd Qc] (a full house, Queens full of Kings)
ru_ruu_ru collected $37.24 from pot
*** SUMMARY ***
Total pot $39.20 | Rake $1.96 
Board [Th Qh Ks 6h Kc]
Seat 1: blistein folded before Flop
Seat 2: saimon 945 folded before Flop (didn't bet)
Seat 3: jeffy27dt1 folded before Flop (didn't bet)
Seat 4: Pon4uk.ua (button) folded before Flop (didn't bet)
Seat 5: ShaneHB (small blind) showed [Qs 5s] and lost with two pair, Kings and Queens
Seat 6: ru_ruu_ru (big blind) showed [Qd Qc] and won ($37.24) with a full house, Queens full of Kings



PokerStars Hand #254293511982:  Hold'em No Limit ($0.50/$1.00 USD) - 2025/01/10 11:45:00 WET [2025/01/10 6:45:00 ET]
Table 'Prudentia II' 6-max Seat #6 is the button
Seat 5: ShaneHB ($0 in chips) is sitting out
Seat 1: blistein ($115.48 in chips) 
Seat 2: saimon 945 ($97.53 in chips) 
Seat 3: jeffy27dt1 ($100 in chips) 
Seat 4: Pon4uk.ua ($100 in chips) 
Seat 6: ru_ruu_ru ($269.43 in chips) 
blistein: posts small blind $0.50
saimon 945: posts big blind $1
*** HOLE CARDS ***
jeffy27dt1: raises $1.50 to $2.50
ShaneHB leaves the table
Pon4uk.ua: folds 
ru_ruu_ru has timed out
ru_ruu_ru: folds 
blistein: folds 
saimon 945: calls $1.50
*** FLOP *** [4h Kd Js]
saimon 945: checks 
jeffy27dt1: bets $1.72
saimon 945: calls $1.72
*** TURN *** [4h Kd Js] [4d]
saimon 945: checks 
jeffy27dt1: bets $6.37
saimon 945: folds 
Uncalled bet ($6.37) returned to jeffy27dt1
jeffy27dt1 collected $8.49 from pot
jeffy27dt1: doesn't show hand 
*** SUMMARY ***
Total pot $8.94 | Rake $0.45 
Board [4h Kd Js 4d]
Seat 5: ShaneHB
Seat 1: blistein (small blind) folded before Flop
Seat 2: saimon 945 (big blind) folded on the Turn
Seat 3: jeffy27dt1 collected ($8.49)
Seat 4: Pon4uk.ua folded before Flop (didn't bet)
Seat 6: ru_ruu_ru (button) folded before Flop (didn't bet)



PokerStars Hand #254293521178:  Hold'em No Limit ($0.50/$1.00 USD) - 2025/01/10 11:46:08 WET [2025/01/10 6:46:08 ET]
Table 'Prudentia II' 6-max Seat #1 is the button
Seat 1: blistein ($114.98 in chips) 
Seat 2: saimon 945 ($93.31 in chips) 
Seat 3: jeffy27dt1 ($104.27 in chips) 
Seat 4: Pon4uk.ua ($100 in chips) 
Seat 6: ru_ruu_ru ($269.43 in chips) 
saimon 945: posts small blind $0.50
jeffy27dt1: posts big blind $1
*** HOLE CARDS ***
Pon4uk.ua: folds 
ru_ruu_ru: raises $1.50 to $2.50
blistein: folds 
saimon 945: folds 
jeffy27dt1: raises $10.50 to $13
ru_ruu_ru: calls $10.50
*** FLOP *** [5d 9s 7h]
jeffy27dt1: checks 
ru_ruu_ru: checks 
*** TURN *** [5d 9s 7h] [4c]
jeffy27dt1: checks 
ru_ruu_ru: checks 
*** RIVER *** [5d 9s 7h 4c] [2d]
blistein leaves the table
jeffy27dt1: checks 
ru_ruu_ru: checks 
*** SHOW DOWN ***
jeffy27dt1: shows [Kd Ac] (high card Ace)
ru_ruu_ru: mucks hand 
jeffy27dt1 collected $25.18 from pot
*** SUMMARY ***
Total pot $26.50 | Rake $1.32 
Board [5d 9s 7h 4c 2d]
Seat 1: blistein (button) folded before Flop (didn't bet)
Seat 2: saimon 945 (small blind) folded before Flop
Seat 3: jeffy27dt1 (big blind) showed [Kd Ac] and won ($25.18) with high card Ace
Seat 4: Pon4uk.ua folded before Flop (didn't bet)
Seat 6: ru_ruu_ru mucked



PokerStars Hand #254293531073:  Hold'em No Limit ($0.50/$1.00 USD) - 2025/01/10 11:47:20 WET [2025/01/10 6:47:20 ET]
Table 'Prudentia II' 6-max Seat #2 is the button
Seat 2: saimon 945 ($92.81 in chips) 
Seat 3: jeffy27dt1 ($116.45 in chips) 
Seat 4: Pon4uk.ua ($100 in chips) 
Seat 6: ru_ruu_ru ($256.43 in chips) 
jeffy27dt1: posts small blind $0.50
Pon4uk.ua: posts big blind $1
*** HOLE CARDS ***
ru_ruu_ru: folds 
saimon 945: folds 
jeffy27dt1: folds 
Uncalled bet ($0.50) returned to Pon4uk.ua
Pon4uk.ua collected $1 from pot
Pon4uk.ua: doesn't show hand 
*** SUMMARY ***
Total pot $1 | Rake $0 
Seat 2: saimon 945 (button) folded before Flop (didn't bet)
Seat 3: jeffy27dt1 (small blind) folded before Flop
Seat 4: Pon4uk.ua (big blind) collected ($1)
Seat 6: ru_ruu_ru folded before Flop (didn't bet)



PokerStars Hand #254293533883:  Hold'em No Limit ($0.50/$1.00 USD) - 2025/01/10 11:47:41 WET [2025/01/10 6:47:41 ET]
Table 'Prudentia II' 6-max Seat #3 is the button
Seat 2: saimon 945 ($92.81 in chips) 
Seat 3: jeffy27dt1 ($115.95 in chips) 
Seat 4: Pon4uk.ua ($100.50 in chips) 
Seat 6: ru_ruu_ru ($256.43 in chips) 
Pon4uk.ua: posts small blind $0.50
ru_ruu_ru: posts big blind $1
*** HOLE CARDS ***
saimon 945: raises $1 to $2
jeffy27dt1: folds 
Pon4uk.ua: raises $8.50 to $10.50
ru_ruu_ru: folds 
saimon 945: calls $8.50
*** FLOP *** [9d Ah 6h]
Pon4uk.ua: bets $5.93
saimon 945: calls $5.93
*** TURN *** [9d Ah 6h] [5d]
Pon4uk.ua: bets $22
saimon 945: calls $22
*** RIVER *** [9d Ah 6h 5d] [5c]
Pon4uk.ua: checks 
saimon 945: bets $54.38 and is all-in
Pon4uk.ua: calls $54.38
*** SHOW DOWN ***
saimon 945: shows [7h Jh] (a pair of Fives)
Pon4uk.ua: shows [As Ac] (a full house, Aces full of Fives)
Pon4uk.ua collected $185.62 from pot
*** SUMMARY ***
Total pot $186.62 | Rake $1 
Board [9d Ah 6h 5d 5c]
Seat 2: saimon 945 showed [7h Jh] and lost with a pair of Fives
Seat 3: jeffy27dt1 (button) folded before Flop (didn't bet)
Seat 4: Pon4uk.ua (small blind) showed [As Ac] and won ($185.62) with a full house, Aces full of Fives
Seat 6: ru_ruu_ru (big blind) folded before Flop



PokerStars Hand #254293542082:  Hold'em No Limit ($0.50/$1.00 USD) - 2025/01/10 11:48:41 WET [2025/01/10 6:48:41 ET]
Table 'Prudentia II' 6-max Seat #4 is the button
Seat 2: saimon 945 ($0 in chips) is sitting out
Seat 3: jeffy27dt1 ($115.95 in chips) 
Seat 4: Pon4uk.ua ($193.31 in chips) 
Seat 6: ru_ruu_ru ($255.43 in chips) 
ru_ruu_ru: posts small blind $0.50
jeffy27dt1: posts big blind $1
*** HOLE CARDS ***
saimon 945 leaves the table
Pon4uk.ua: folds 
ru_ruu_ru: folds 
Uncalled bet ($0.50) returned to jeffy27dt1
jeffy27dt1 collected $1 from pot
jeffy27dt1: doesn't show hand 
*** SUMMARY ***
Total pot $1 | Rake $0 
Seat 2: saimon 945
Seat 3: jeffy27dt1 (big blind) collected ($1)
Seat 4: Pon4uk.ua (button) folded before Flop (didn't bet)
Seat 6: ru_ruu_ru (small blind) folded before Flop



PokerStars Hand #254293543238:  Hold'em No Limit ($0.50/$1.00 USD) - 2025/01/10 11:48:49 WET [2025/01/10 6:48:49 ET]
Table 'Prudentia II' 6-max Seat #6 is the button
Seat 3: jeffy27dt1 ($116.45 in chips) 
Seat 4: Pon4uk.ua ($193.31 in chips) 
Seat 6: ru_ruu_ru ($254.93 in chips) 
jeffy27dt1: posts small blind $0.50
Pon4uk.ua: posts big blind $1
*** HOLE CARDS ***
ru_ruu_ru: raises $1.50 to $2.50
jeffy27dt1: folds 
Pon4uk.ua: calls $1.50
*** FLOP *** [Ks 3c 4c]
Pon4uk.ua: checks 
ru_ruu_ru: bets $1.72
Pon4uk.ua: calls $1.72
*** TURN *** [Ks 3c 4c] [Th]
Pon4uk.ua: checks 
ru_ruu_ru: checks 
*** RIVER *** [Ks 3c 4c Th] [5s]
Pon4uk.ua: checks 
ru_ruu_ru: bets $2.80
Pon4uk.ua: folds 
Uncalled bet ($2.80) returned to ru_ruu_ru
ru_ruu_ru collected $8.49 from pot
ru_ruu_ru: doesn't show hand 
*** SUMMARY ***
Total pot $8.94 | Rake $0.45 
Board [Ks 3c 4c Th 5s]
Seat 3: jeffy27dt1 (small blind) folded before Flop
Seat 4: Pon4uk.ua (big blind) folded on the River
Seat 6: ru_ruu_ru (button) collected ($8.49)



PokerStars Hand #254293632635:  Hold'em No Limit ($0.50/$1.00 USD) - 2025/01/10 12:00:23 WET [2025/01/10 7:00:23 ET]
Table 'Prudentia II' 6-max Seat #2 is the button
Seat 5: Kreayshawn ($100 in chips) is sitting out
Seat 1: JP231608 ($51.22 in chips) 
Seat 2: ptolejmus ($10 in chips) 
Seat 3: blistein ($113.98 in chips) 
Seat 4: fobot21 ($100 in chips) 
Seat 6: praclovekzig ($29.94 in chips) 
blistein: posts small blind $0.50
fobot21: posts big blind $1
Kreayshawn: sits out 
praclovekzig: posts big blind $1
*** HOLE CARDS ***
praclovekzig: raises $2 to $3
JP231608: folds 
ptolejmus: folds 
blistein: folds 
fobot21: folds 
Uncalled bet ($2) returned to praclovekzig
praclovekzig collected $2.50 from pot
*** SUMMARY ***
Total pot $2.50 | Rake $0 
Seat 5: Kreayshawn
Seat 1: JP231608 folded before Flop (didn't bet)
Seat 2: ptolejmus (button) folded before Flop (didn't bet)
Seat 3: blistein (small blind) folded before Flop
Seat 4: fobot21 (big blind) folded before Flop
Seat 6: praclovekzig collected ($2.50)



PokerStars Hand #254293634571:  Hold'em No Limit ($0.50/$1.00 USD) - 2025/01/10 12:00:40 WET [2025/01/10 7:00:40 ET]
Table 'Prudentia II' 6-max Seat #3 is the button
Seat 1: JP231608 ($51.22 in chips) 
Seat 2: ptolejmus ($10 in chips) 
Seat 3: blistein ($113.48 in chips) 
Seat 4: fobot21 ($100 in chips) 
Seat 5: Kreayshawn ($100 in chips) 
Seat 6: praclovekzig ($31.44 in chips) 
fobot21: posts small blind $0.50
Kreayshawn: posts big blind $1
*** HOLE CARDS ***
praclovekzig: folds 
JP231608: raises $1 to $2
ptolejmus: folds 
blistein: folds 
fobot21: folds 
Kreayshawn: calls $1
*** FLOP *** [7c Ah Qs]
Kreayshawn: checks 
JP231608: bets $4.28
Kreayshawn: folds 
Uncalled bet ($4.28) returned to JP231608
JP231608 collected $4.22 from pot
*** SUMMARY ***
Total pot $4.50 | Rake $0.28 
Board [7c Ah Qs]
Seat 1: JP231608 collected ($4.22)
Seat 2: ptolejmus folded before Flop (didn't bet)
Seat 3: blistein (button) folded before Flop (didn't bet)
Seat 4: fobot21 (small blind) folded before Flop
Seat 5: Kreayshawn (big blind) folded on the Flop
Seat 6: praclovekzig folded before Flop (didn't bet)



