PokerStars Hand #254296040513:  Hold'em No Limit ($0.50/$1.00 USD) - 2025/01/10 15:48:19 WET [2025/01/10 10:48:19 ET]
Table 'Alexandra II' 6-max Seat #3 is the button
Seat 3: nastja336 ($100 in chips) 
Seat 4: Bessie0009 ($11.88 in chips) 
Seat 5: raketkasix ($100 in chips) 
Seat 6: KarP93 ($100 in chips) 
Bessie0009: posts small blind $0.50
raketkasix: posts big blind $1
*** HOLE CARDS ***
Kristo 914 joins the table at seat #2 
KarP93: raises $1.50 to $2.50
nastja336: folds 
Bessie0009: folds 
raketkasix: folds 
Uncalled bet ($1.50) returned to KarP93
KarP93 collected $2.50 from pot
KarP93: doesn't show hand 
*** SUMMARY ***
Total pot $2.50 | Rake $0 
Seat 3: nastja336 (button) folded before Flop (didn't bet)
Seat 4: Bessie0009 (small blind) folded before Flop
Seat 5: raketkasix (big blind) folded before Flop
Seat 6: KarP93 collected ($2.50)



PokerStars Hand #254296044431:  Hold'em No Limit ($0.50/$1.00 USD) - 2025/01/10 15:48:35 WET [2025/01/10 10:48:35 ET]
Table 'Alexandra II' 6-max Seat #4 is the button
Seat 6: KarP93 ($101.50 in chips) is sitting out
Seat 2: Kristo 914 ($100 in chips) 
Seat 3: nastja336 ($100 in chips) 
Seat 4: Bessie0009 ($11.38 in chips) 
Seat 5: raketkasix ($100 in chips) 
raketkasix: posts small blind $0.50
KarP93: is sitting out 
Kristo 914: posts big blind $1
*** HOLE CARDS ***
nastja336: folds 
Bessie0009: folds 
raketkasix: raises $2 to $3
Kristo 914: folds 
Uncalled bet ($2) returned to raketkasix
KarP93 leaves the table
raketkasix collected $2 from pot
raketkasix: doesn't show hand 
*** SUMMARY ***
Total pot $2 | Rake $0 
Seat 6: KarP93
Seat 2: Kristo 914 (big blind) folded before Flop
Seat 3: nastja336 folded before Flop (didn't bet)
Seat 4: Bessie0009 (button) folded before Flop (didn't bet)
Seat 5: raketkasix (small blind) collected ($2)



PokerStars Hand #254296048690:  Hold'em No Limit ($0.50/$1.00 USD) - 2025/01/10 15:48:53 WET [2025/01/10 10:48:53 ET]
Table 'Alexandra II' 6-max Seat #5 is the button
Seat 2: Kristo 914 ($100 in chips) 
Seat 3: nastja336 ($100 in chips) 
Seat 4: Bessie0009 ($11.38 in chips) 
Seat 5: raketkasix ($101 in chips) 
Kristo 914: posts small blind $0.50
nastja336: posts big blind $1
*** HOLE CARDS ***
Bessie0009: folds 
raketkasix: folds 
Kristo 914: folds 
Uncalled bet ($0.50) returned to nastja336
nastja336 collected $1 from pot
nastja336: doesn't show hand 
*** SUMMARY ***
Total pot $1 | Rake $0 
Seat 2: Kristo 914 (small blind) folded before Flop
Seat 3: nastja336 (big blind) collected ($1)
Seat 4: Bessie0009 folded before Flop (didn't bet)
Seat 5: raketkasix (button) folded before Flop (didn't bet)



PokerStars Hand #254296052499:  Hold'em No Limit ($0.50/$1.00 USD) - 2025/01/10 15:49:08 WET [2025/01/10 10:49:08 ET]
Table 'Alexandra II' 6-max Seat #2 is the button
Seat 2: Kristo 914 ($100 in chips) 
Seat 3: nastja336 ($100.50 in chips) 
Seat 4: Bessie0009 ($11.38 in chips) 
Seat 5: raketkasix ($101 in chips) 
nastja336: posts small blind $0.50
Bessie0009: posts big blind $1
*** HOLE CARDS ***
raketkasix: raises $1.50 to $2.50
Kristo 914: raises $5 to $7.50
Xenicide joins the table at seat #6 
nastja336: folds 
Bessie0009: raises $3.88 to $11.38 and is all-in
raketkasix: calls $8.88
Kristo 914: calls $3.88
*** FLOP *** [7c 7h 8s]
raketkasix: checks 
Kristo 914: bets $11.74
raketkasix: folds 
Uncalled bet ($11.74) returned to Kristo 914
*** TURN *** [7c 7h 8s] [3d]
*** RIVER *** [7c 7h 8s 3d] [4d]
*** SHOW DOWN ***
Bessie0009: shows [Ad Jc] (a pair of Sevens)
Kristo 914: shows [Qs Qh] (two pair, Queens and Sevens)
Kristo 914 collected $33.64 from pot
Bessie0009 cashed out the hand for $4.76 | Cash Out Fee $0.10
*** SUMMARY ***
Total pot $34.64 | Rake $1 
Board [7c 7h 8s 3d 4d]
Seat 2: Kristo 914 (button) showed [Qs Qh] and won ($33.64) with two pair, Queens and Sevens
Seat 3: nastja336 (small blind) folded before Flop
Seat 4: Bessie0009 (big blind) showed [Ad Jc] and lost with a pair of Sevens (cashed out).
Seat 5: raketkasix folded on the Flop



PokerStars Hand #254296075133:  Hold'em No Limit ($0.50/$1.00 USD) - 2025/01/10 15:50:40 WET [2025/01/10 10:50:40 ET]
Table 'Alexandra II' 6-max Seat #3 is the button
Seat 6: Xenicide ($100 in chips) is sitting out
Seat 2: Kristo 914 ($122.26 in chips) 
Seat 3: nastja336 ($100 in chips) 
Seat 4: Bessie0009 ($4.76 in chips) 
Seat 5: raketkasix ($100 in chips) 
Bessie0009: posts small blind $0.50
raketkasix: posts big blind $1
Xenicide: sits out 
*** HOLE CARDS ***
Kristo 914: folds 
nastja336: folds 
Bessie0009: calls $0.50
raketkasix: checks 
*** FLOP *** [3h Ah 3c]
Bessie0009: bets $1.90
raketkasix: folds 
Uncalled bet ($1.90) returned to Bessie0009
Bessie0009 collected $1.90 from pot
*** SUMMARY ***
Total pot $2 | Rake $0.10 
Board [3h Ah 3c]
Seat 6: Xenicide
Seat 2: Kristo 914 folded before Flop (didn't bet)
Seat 3: nastja336 (button) folded before Flop (didn't bet)
Seat 4: Bessie0009 (small blind) collected ($1.90)
Seat 5: raketkasix (big blind) folded on the Flop



PokerStars Hand #254296087276:  Hold'em No Limit ($0.50/$1.00 USD) - 2025/01/10 15:51:29 WET [2025/01/10 10:51:29 ET]
Table 'Alexandra II' 6-max Seat #4 is the button
Seat 2: Kristo 914 ($122.26 in chips) 
Seat 3: nastja336 ($100 in chips) 
Seat 4: Bessie0009 ($5.66 in chips) 
Seat 5: raketkasix ($100 in chips) 
Seat 6: Xenicide ($100 in chips) 
raketkasix: posts small blind $0.50
Xenicide: posts big blind $1
*** HOLE CARDS ***
Kristo 914: folds 
nastja336: folds 
Bessie0009: folds 
raketkasix: folds 
Uncalled bet ($0.50) returned to Xenicide
Xenicide collected $1 from pot
*** SUMMARY ***
Total pot $1 | Rake $0 
Seat 2: Kristo 914 folded before Flop (didn't bet)
Seat 3: nastja336 folded before Flop (didn't bet)
Seat 4: Bessie0009 (button) folded before Flop (didn't bet)
Seat 5: raketkasix (small blind) folded before Flop
Seat 6: Xenicide (big blind) collected ($1)



PokerStars Hand #254296091820:  Hold'em No Limit ($0.50/$1.00 USD) - 2025/01/10 15:51:48 WET [2025/01/10 10:51:48 ET]
Table 'Alexandra II' 6-max Seat #5 is the button
Seat 2: Kristo 914 ($122.26 in chips) 
Seat 3: nastja336 ($100 in chips) 
Seat 4: Bessie0009 ($5.66 in chips) 
Seat 5: raketkasix ($100 in chips) 
Seat 6: Xenicide ($100.50 in chips) 
Xenicide: posts small blind $0.50
Kristo 914: posts big blind $1
*** HOLE CARDS ***
nastja336: folds 
Bessie0009: raises $2.50 to $3.50
raketkasix: folds 
Xenicide: folds 
Kristo 914: raises $37.50 to $41
Bessie0009: calls $2.16 and is all-in
Uncalled bet ($35.34) returned to Kristo 914
*** FLOP *** [Ts 9d 3h]
*** TURN *** [Ts 9d 3h] [Qd]
*** RIVER *** [Ts 9d 3h Qd] [7s]
*** SHOW DOWN ***
Kristo 914: shows [4h Ah] (high card Ace)
Bessie0009: shows [Ad 6c] (high card Ace)
Kristo 914 collected $5.62 from pot
Bessie0009 collected $5.61 from pot
*** SUMMARY ***
Total pot $11.82 | Rake $0.59 
Board [Ts 9d 3h Qd 7s]
Seat 2: Kristo 914 (big blind) showed [4h Ah] and won ($5.62) with high card Ace
Seat 3: nastja336 folded before Flop (didn't bet)
Seat 4: Bessie0009 showed [Ad 6c] and won ($5.61) with high card Ace
Seat 5: raketkasix (button) folded before Flop (didn't bet)
Seat 6: Xenicide (small blind) folded before Flop



PokerStars Hand #254296099923:  Hold'em No Limit ($0.50/$1.00 USD) - 2025/01/10 15:52:21 WET [2025/01/10 10:52:21 ET]
Table 'Alexandra II' 6-max Seat #6 is the button
Seat 3: nastja336 ($100 in chips) is sitting out
Seat 2: Kristo 914 ($122.22 in chips) 
Seat 4: Bessie0009 ($5.61 in chips) 
Seat 5: raketkasix ($100 in chips) 
Seat 6: Xenicide ($100 in chips) 
Kristo 914: posts small blind $0.50
nastja336: is sitting out 
Bessie0009: posts big blind $1
*** HOLE CARDS ***
nastja336 leaves the table
raketkasix: folds 
Xenicide: folds 
Kristo 914: folds 
Uncalled bet ($0.50) returned to Bessie0009
Bessie0009 collected $1 from pot
*** SUMMARY ***
Total pot $1 | Rake $0 
Seat 3: nastja336
Seat 2: Kristo 914 (small blind) folded before Flop
Seat 4: Bessie0009 (big blind) collected ($1)
Seat 5: raketkasix folded before Flop (didn't bet)
Seat 6: Xenicide (button) folded before Flop (didn't bet)



PokerStars Hand #254296102733:  Hold'em No Limit ($0.50/$1.00 USD) - 2025/01/10 15:52:33 WET [2025/01/10 10:52:33 ET]
Table 'Alexandra II' 6-max Seat #2 is the button
Seat 5: raketkasix ($100 in chips) is sitting out
Seat 2: Kristo 914 ($121.72 in chips) 
Seat 4: Bessie0009 ($6.11 in chips) 
Seat 6: Xenicide ($100 in chips) 
Bessie0009: posts small blind $0.50
raketkasix: is sitting out 
Xenicide: posts big blind $1
*** HOLE CARDS ***
Kristo 914: folds 
Bessie0009: calls $0.50
raketkasix leaves the table
Xenicide: raises $8 to $9
Felete1981 joins the table at seat #1 
Felete1981 is disconnected 
Bessie0009: folds 
Uncalled bet ($8) returned to Xenicide
Xenicide collected $2 from pot
*** SUMMARY ***
Total pot $2 | Rake $0 
Seat 5: raketkasix
Seat 2: Kristo 914 (button) folded before Flop (didn't bet)
Seat 4: Bessie0009 (small blind) folded before Flop
Seat 6: Xenicide (big blind) collected ($2)



PokerStars Hand #254296107676:  Hold'em No Limit ($0.50/$1.00 USD) - 2025/01/10 15:52:53 WET [2025/01/10 10:52:53 ET]
Table 'Alexandra II' 6-max Seat #4 is the button
Seat 1: Felete1981 ($12.40 in chips) 
Seat 2: Kristo 914 ($121.72 in chips) 
Seat 4: Bessie0009 ($5.11 in chips) 
Seat 6: Xenicide ($101 in chips) 
Xenicide: posts small blind $0.50
Felete1981: posts big blind $1
*** HOLE CARDS ***
Kristo 914: folds 
Bessie0009: folds 
Xenicide: folds 
Uncalled bet ($0.50) returned to Felete1981
Felete1981 collected $1 from pot
Kristo 914 leaves the table
*** SUMMARY ***
Total pot $1 | Rake $0 
Seat 1: Felete1981 (big blind) collected ($1)
Seat 2: Kristo 914 folded before Flop (didn't bet)
Seat 4: Bessie0009 (button) folded before Flop (didn't bet)
Seat 6: Xenicide (small blind) folded before Flop



PokerStars Hand #254296113009:  Hold'em No Limit ($0.50/$1.00 USD) - 2025/01/10 15:53:14 WET [2025/01/10 10:53:14 ET]
Table 'Alexandra II' 6-max Seat #6 is the button
Seat 1: Felete1981 ($12.90 in chips) 
Seat 4: Bessie0009 ($5.11 in chips) 
Seat 6: Xenicide ($100.50 in chips) 
Felete1981: posts small blind $0.50
Bessie0009: posts big blind $1
*** HOLE CARDS ***
Xenicide: folds 
Felete1981: folds 
Uncalled bet ($0.50) returned to Bessie0009
Bessie0009 collected $1 from pot
*** SUMMARY ***
Total pot $1 | Rake $0 
Seat 1: Felete1981 (small blind) folded before Flop
Seat 4: Bessie0009 (big blind) collected ($1)
Seat 6: Xenicide (button) folded before Flop (didn't bet)



PokerStars Hand #254296115001:  Hold'em No Limit ($0.50/$1.00 USD) - 2025/01/10 15:53:22 WET [2025/01/10 10:53:22 ET]
Table 'Alexandra II' 6-max Seat #1 is the button
Seat 1: Felete1981 ($12.40 in chips) 
Seat 4: Bessie0009 ($5.61 in chips) 
Seat 6: Xenicide ($100.50 in chips) 
Bessie0009: posts small blind $0.50
Xenicide: posts big blind $1
*** HOLE CARDS ***
Felete1981: folds 
Bessie0009: folds 
Uncalled bet ($0.50) returned to Xenicide
Xenicide collected $1 from pot
*** SUMMARY ***
Total pot $1 | Rake $0 
Seat 1: Felete1981 (button) folded before Flop (didn't bet)
Seat 4: Bessie0009 (small blind) folded before Flop
Seat 6: Xenicide (big blind) collected ($1)



PokerStars Hand #254296117015:  Hold'em No Limit ($0.50/$1.00 USD) - 2025/01/10 15:53:31 WET [2025/01/10 10:53:31 ET]
Table 'Alexandra II' 6-max Seat #4 is the button
Seat 1: Felete1981 ($12.40 in chips) 
Seat 4: Bessie0009 ($5.11 in chips) 
Seat 6: Xenicide ($101 in chips) 
Xenicide: posts small blind $0.50
Felete1981: posts big blind $1
*** HOLE CARDS ***
Bessie0009: folds 
Xenicide: raises $2.50 to $3.50
Felete1981: folds 
Uncalled bet ($2.50) returned to Xenicide
Xenicide collected $2 from pot
Xenicide: doesn't show hand 
*** SUMMARY ***
Total pot $2 | Rake $0 
Seat 1: Felete1981 (big blind) folded before Flop
Seat 4: Bessie0009 (button) folded before Flop (didn't bet)
Seat 6: Xenicide (small blind) collected ($2)



PokerStars Hand #254296121606:  Hold'em No Limit ($0.50/$1.00 USD) - 2025/01/10 15:53:49 WET [2025/01/10 10:53:49 ET]
Table 'Alexandra II' 6-max Seat #6 is the button
Seat 1: Felete1981 ($11.40 in chips) 
Seat 4: Bessie0009 ($5.11 in chips) 
Seat 6: Xenicide ($102 in chips) 
Felete1981: posts small blind $0.50
Bessie0009: posts big blind $1
*** HOLE CARDS ***
Xenicide: raises $12 to $13
Felete1981: calls $10.90 and is all-in
Bessie0009: folds 
Uncalled bet ($1.60) returned to Xenicide
*** FLOP *** [7c 2s 6c]
*** TURN *** [7c 2s 6c] [Qc]
*** RIVER *** [7c 2s 6c Qc] [6s]
*** SHOW DOWN ***
Felete1981: shows [5c 5s] (two pair, Sixes and Fives)
Xenicide: shows [Ah 3s] (a pair of Sixes)
Felete1981 cashed out the hand for $15.74 | Cash Out Fee $0.32
*** SUMMARY ***
Total pot $23.80 | Rake $1 
Board [7c 2s 6c Qc 6s]
Seat 1: Felete1981 (small blind) showed [5c 5s] and won ($22.80) with two pair, Sixes and Fives (pot not awarded as player cashed out)
Seat 4: Bessie0009 (big blind) folded before Flop
Seat 6: Xenicide (button) showed [Ah 3s] and lost with a pair of Sixes



PokerStars Hand #254296127468:  Hold'em No Limit ($0.50/$1.00 USD) - 2025/01/10 15:54:13 WET [2025/01/10 10:54:13 ET]
Table 'Alexandra II' 6-max Seat #1 is the button
Seat 1: Felete1981 ($15.74 in chips) 
Seat 4: Bessie0009 ($4.11 in chips) 
Seat 6: Xenicide ($100 in chips) 
Bessie0009: posts small blind $0.50
Xenicide: posts big blind $1
*** HOLE CARDS ***
Felete1981: folds 
Felete1981 leaves the table
socito joins the table at seat #2 
Bessie0009: raises $3.11 to $4.11 and is all-in
Xenicide: calls $3.11
*** FLOP *** [8s Ks Js]
*** TURN *** [8s Ks Js] [8d]
socito leaves the table
*** RIVER *** [8s Ks Js 8d] [9h]
*** SHOW DOWN ***
Bessie0009: shows [Ts 3c] (a pair of Eights)
Xenicide: shows [Ah 7c] (a pair of Eights - Ace kicker)
Xenicide collected $7.81 from pot
*** SUMMARY ***
Total pot $8.22 | Rake $0.41 
Board [8s Ks Js 8d 9h]
Seat 1: Felete1981 (button) folded before Flop (didn't bet)
Seat 4: Bessie0009 (small blind) showed [Ts 3c] and lost with a pair of Eights
Seat 6: Xenicide (big blind) showed [Ah 7c] and won ($7.81) with a pair of Eights



