PokerStars Hand #254293798090:  Hold'em No Limit ($0.50/$1.00 USD) - 2025/01/10 12:20:20 WET [2025/01/10 7:20:20 ET]
Table 'Thalia II' 6-max Seat #3 is the button
Seat 1: nastja336 ($105.50 in chips) 
Seat 2: blistein ($100 in chips) 
Seat 3: v.sting ($100 in chips) 
Seat 4: yzuk ($100 in chips) 
Seat 5: erpaye ($102.52 in chips) 
Seat 6: thisdelle ($19.70 in chips) 
yzuk: posts small blind $0.50
erpaye: posts big blind $1
*** HOLE CARDS ***
thisdelle: calls $1
nastja336: folds 
blistein: folds 
v.sting: raises $3.10 to $4.10
yzuk: folds 
erpaye: folds 
thisdelle: calls $3.10
*** FLOP *** [8c Qc 5c]
thisdelle: bets $3
v.sting: calls $3
*** TURN *** [8c Qc 5c] [8s]
thisdelle: bets $3
v.sting: calls $3
*** RIVER *** [8c Qc 5c 8s] [2d]
thisdelle: bets $9.60 and is all-in
v.sting: calls $9.60
*** SHOW DOWN ***
thisdelle: shows [5d 2s] (two pair, Eights and Fives)
v.sting: shows [7d 7c] (two pair, Eights and Sevens)
v.sting collected $38.86 from pot
*** SUMMARY ***
Total pot $40.90 | Rake $2.04 
Board [8c Qc 5c 8s 2d]
Seat 1: nastja336 folded before Flop (didn't bet)
Seat 2: blistein folded before Flop (didn't bet)
Seat 3: v.sting (button) showed [7d 7c] and won ($38.86) with two pair, Eights and Sevens
Seat 4: yzuk (small blind) folded before Flop
Seat 5: erpaye (big blind) folded before Flop
Seat 6: thisdelle showed [5d 2s] and lost with two pair, Eights and Fives



PokerStars Hand #254293804215:  Hold'em No Limit ($0.50/$1.00 USD) - 2025/01/10 12:21:04 WET [2025/01/10 7:21:04 ET]
Table 'Thalia II' 6-max Seat #4 is the button
Seat 6: thisdelle ($0 in chips) is sitting out
Seat 1: nastja336 ($105.50 in chips) 
Seat 2: blistein ($100 in chips) 
Seat 3: v.sting ($119.16 in chips) 
Seat 4: yzuk ($100 in chips) 
Seat 5: erpaye ($101.52 in chips) 
erpaye: posts small blind $0.50
nastja336: posts big blind $1
*** HOLE CARDS ***
blistein: raises $1.20 to $2.20
v.sting: folds 
yzuk: folds 
erpaye: folds 
nastja336: folds 
Uncalled bet ($1.20) returned to blistein
blistein collected $2.50 from pot
blistein: doesn't show hand 
*** SUMMARY ***
Total pot $2.50 | Rake $0 
Seat 6: thisdelle
Seat 1: nastja336 (big blind) folded before Flop
Seat 2: blistein collected ($2.50)
Seat 3: v.sting folded before Flop (didn't bet)
Seat 4: yzuk (button) folded before Flop (didn't bet)
Seat 5: erpaye (small blind) folded before Flop



PokerStars Hand #254293807899:  Hold'em No Limit ($0.50/$1.00 USD) - 2025/01/10 12:21:30 WET [2025/01/10 7:21:30 ET]
Table 'Thalia II' 6-max Seat #5 is the button
Seat 6: thisdelle ($14.70 in chips) is sitting out
Seat 1: nastja336 ($104.50 in chips) 
Seat 2: blistein ($101.50 in chips) 
Seat 3: v.sting ($119.16 in chips) 
Seat 4: yzuk ($100 in chips) 
Seat 5: erpaye ($101.02 in chips) 
nastja336: posts small blind $0.50
blistein: posts big blind $1
*** HOLE CARDS ***
v.sting: folds 
yzuk: folds 
erpaye: raises $1.30 to $2.30
nastja336: folds 
blistein: folds 
Uncalled bet ($1.30) returned to erpaye
erpaye collected $2.50 from pot
erpaye: doesn't show hand 
*** SUMMARY ***
Total pot $2.50 | Rake $0 
Seat 6: thisdelle
Seat 1: nastja336 (small blind) folded before Flop
Seat 2: blistein (big blind) folded before Flop
Seat 3: v.sting folded before Flop (didn't bet)
Seat 4: yzuk folded before Flop (didn't bet)
Seat 5: erpaye (button) collected ($2.50)



PokerStars Hand #254293809598:  Hold'em No Limit ($0.50/$1.00 USD) - 2025/01/10 12:21:42 WET [2025/01/10 7:21:42 ET]
Table 'Thalia II' 6-max Seat #1 is the button
Seat 6: thisdelle ($14.70 in chips) is sitting out
Seat 1: nastja336 ($104 in chips) 
Seat 2: blistein ($100.50 in chips) 
Seat 3: v.sting ($119.16 in chips) 
Seat 4: yzuk ($100 in chips) 
Seat 5: erpaye ($102.52 in chips) 
blistein: posts small blind $0.50
v.sting: posts big blind $1
*** HOLE CARDS ***
yzuk: raises $1.50 to $2.50
erpaye: raises $5 to $7.50
nastja336: folds 
blistein: folds 
v.sting: folds 
yzuk: folds 
Uncalled bet ($5) returned to erpaye
erpaye collected $6.50 from pot
erpaye: doesn't show hand 
*** SUMMARY ***
Total pot $6.50 | Rake $0 
Seat 6: thisdelle
Seat 1: nastja336 (button) folded before Flop (didn't bet)
Seat 2: blistein (small blind) folded before Flop
Seat 3: v.sting (big blind) folded before Flop
Seat 4: yzuk folded before Flop
Seat 5: erpaye collected ($6.50)



PokerStars Hand #254293813972:  Hold'em No Limit ($0.50/$1.00 USD) - 2025/01/10 12:22:14 WET [2025/01/10 7:22:14 ET]
Table 'Thalia II' 6-max Seat #2 is the button
Seat 4: yzuk ($100 in chips) is sitting out
Seat 6: thisdelle ($14.70 in chips) is sitting out
Seat 1: nastja336 ($104 in chips) 
Seat 2: blistein ($100 in chips) 
Seat 3: v.sting ($118.16 in chips) 
Seat 5: erpaye ($106.52 in chips) 
v.sting: posts small blind $0.50
yzuk: is sitting out 
erpaye: posts big blind $1
*** HOLE CARDS ***
yzuk leaves the table
nastja336: folds 
blistein: raises $1.50 to $2.50
thisdelle is disconnected 
v.sting: folds 
erpaye: folds 
Uncalled bet ($1.50) returned to blistein
blistein collected $2.50 from pot
blistein: doesn't show hand 
*** SUMMARY ***
Total pot $2.50 | Rake $0 
Seat 4: yzuk
Seat 6: thisdelle
Seat 1: nastja336 folded before Flop (didn't bet)
Seat 2: blistein (button) collected ($2.50)
Seat 3: v.sting (small blind) folded before Flop
Seat 5: erpaye (big blind) folded before Flop



PokerStars Hand #254293816999:  Hold'em No Limit ($0.50/$1.00 USD) - 2025/01/10 12:22:35 WET [2025/01/10 7:22:35 ET]
Table 'Thalia II' 6-max Seat #3 is the button
Seat 6: thisdelle ($14.70 in chips) is sitting out
Seat 1: nastja336 ($104 in chips) 
Seat 2: blistein ($101.50 in chips) 
Seat 3: v.sting ($117.66 in chips) 
Seat 5: erpaye ($105.52 in chips) 
erpaye: posts small blind $0.50
nastja336: posts big blind $1
*** HOLE CARDS ***
blistein: folds 
v.sting: folds 
erpaye: raises $2 to $3
nastja336: folds 
Uncalled bet ($2) returned to erpaye
erpaye collected $2 from pot
erpaye: doesn't show hand 
*** SUMMARY ***
Total pot $2 | Rake $0 
Seat 6: thisdelle
Seat 1: nastja336 (big blind) folded before Flop
Seat 2: blistein folded before Flop (didn't bet)
Seat 3: v.sting (button) folded before Flop (didn't bet)
Seat 5: erpaye (small blind) collected ($2)



PokerStars Hand #254294003583:  Hold'em No Limit ($0.50/$1.00 USD) - 2025/01/10 12:43:40 WET [2025/01/10 7:43:40 ET]
Table 'Thalia II' 6-max Seat #3 is the button
Seat 2: yzuk ($121.19 in chips) is sitting out
Seat 1: chinokevin13 ($100 in chips) 
Seat 3: iNeverBluff398 ($137.29 in chips) 
Seat 4: YAndy777 ($23.10 in chips) 
Seat 5: Pon4uk.ua ($115.02 in chips) 
Seat 6: NoonTime1991 ($135.28 in chips) 
YAndy777: posts small blind $0.50
Pon4uk.ua: posts big blind $1
yzuk: sits out 
*** HOLE CARDS ***
NoonTime1991: folds 
chinokevin13: folds 
iNeverBluff398: folds 
YAndy777: calls $0.50
Pon4uk.ua: raises $3 to $4
YAndy777: calls $3
*** FLOP *** [9h 3h Ah]
YAndy777: checks 
Pon4uk.ua: bets $2.51
YAndy777: folds 
Uncalled bet ($2.51) returned to Pon4uk.ua
Pon4uk.ua collected $7.60 from pot
Pon4uk.ua: doesn't show hand 
*** SUMMARY ***
Total pot $8 | Rake $0.40 
Board [9h 3h Ah]
Seat 2: yzuk
Seat 1: chinokevin13 folded before Flop (didn't bet)
Seat 3: iNeverBluff398 (button) folded before Flop (didn't bet)
Seat 4: YAndy777 (small blind) folded on the Flop
Seat 5: Pon4uk.ua (big blind) collected ($7.60)
Seat 6: NoonTime1991 folded before Flop (didn't bet)



PokerStars Hand #254294009324:  Hold'em No Limit ($0.50/$1.00 USD) - 2025/01/10 12:44:18 WET [2025/01/10 7:44:18 ET]
Table 'Thalia II' 6-max Seat #4 is the button
Seat 2: yzuk ($121.19 in chips) is sitting out
Seat 1: chinokevin13 ($100 in chips) 
Seat 3: iNeverBluff398 ($137.29 in chips) 
Seat 4: YAndy777 ($19.10 in chips) 
Seat 5: Pon4uk.ua ($118.62 in chips) 
Seat 6: NoonTime1991 ($135.28 in chips) 
Pon4uk.ua: posts small blind $0.50
NoonTime1991: posts big blind $1
yzuk: sits out 
*** HOLE CARDS ***
chinokevin13: folds 
iNeverBluff398: raises $1.20 to $2.20
YAndy777: folds 
Pon4uk.ua: folds 
NoonTime1991: folds 
Uncalled bet ($1.20) returned to iNeverBluff398
iNeverBluff398 collected $2.50 from pot
iNeverBluff398: doesn't show hand 
*** SUMMARY ***
Total pot $2.50 | Rake $0 
Seat 2: yzuk
Seat 1: chinokevin13 folded before Flop (didn't bet)
Seat 3: iNeverBluff398 collected ($2.50)
Seat 4: YAndy777 (button) folded before Flop (didn't bet)
Seat 5: Pon4uk.ua (small blind) folded before Flop
Seat 6: NoonTime1991 (big blind) folded before Flop



PokerStars Hand #254294013262:  Hold'em No Limit ($0.50/$1.00 USD) - 2025/01/10 12:44:43 WET [2025/01/10 7:44:43 ET]
Table 'Thalia II' 6-max Seat #5 is the button
Seat 2: yzuk ($121.19 in chips) is sitting out
Seat 1: chinokevin13 ($100 in chips) 
Seat 3: iNeverBluff398 ($138.79 in chips) 
Seat 4: YAndy777 ($19.10 in chips) 
Seat 5: Pon4uk.ua ($118.12 in chips) 
Seat 6: NoonTime1991 ($134.28 in chips) 
NoonTime1991: posts small blind $0.50
chinokevin13: posts big blind $1
yzuk: sits out 
*** HOLE CARDS ***
iNeverBluff398: raises $1.20 to $2.20
YAndy777: folds 
Pon4uk.ua: folds 
NoonTime1991: folds 
chinokevin13: calls $1.20
*** FLOP *** [4h 2h As]
chinokevin13: checks 
iNeverBluff398: bets $1.17
chinokevin13: raises $5.83 to $7
iNeverBluff398: folds 
Uncalled bet ($5.83) returned to chinokevin13
chinokevin13 collected $6.88 from pot
chinokevin13: doesn't show hand 
*** SUMMARY ***
Total pot $7.24 | Rake $0.36 
Board [4h 2h As]
Seat 2: yzuk
Seat 1: chinokevin13 (big blind) collected ($6.88)
Seat 3: iNeverBluff398 folded on the Flop
Seat 4: YAndy777 folded before Flop (didn't bet)
Seat 5: Pon4uk.ua (button) folded before Flop (didn't bet)
Seat 6: NoonTime1991 (small blind) folded before Flop



PokerStars Hand #254294019826:  Hold'em No Limit ($0.50/$1.00 USD) - 2025/01/10 12:45:26 WET [2025/01/10 7:45:26 ET]
Table 'Thalia II' 6-max Seat #6 is the button
Seat 1: chinokevin13 ($103.51 in chips) 
Seat 2: yzuk ($121.19 in chips) 
Seat 3: iNeverBluff398 ($135.42 in chips) 
Seat 4: YAndy777 ($19.10 in chips) 
Seat 5: Pon4uk.ua ($118.12 in chips) 
Seat 6: NoonTime1991 ($133.78 in chips) 
chinokevin13: posts small blind $0.50
yzuk: posts big blind $1
*** HOLE CARDS ***
iNeverBluff398: raises $1.20 to $2.20
YAndy777: folds 
Pon4uk.ua: folds 
NoonTime1991: raises $4.80 to $7
chinokevin13: folds 
yzuk: folds 
iNeverBluff398: folds 
Uncalled bet ($4.80) returned to NoonTime1991
NoonTime1991 collected $5.90 from pot
NoonTime1991: doesn't show hand 
*** SUMMARY ***
Total pot $5.90 | Rake $0 
Seat 1: chinokevin13 (small blind) folded before Flop
Seat 2: yzuk (big blind) folded before Flop
Seat 3: iNeverBluff398 folded before Flop
Seat 4: YAndy777 folded before Flop (didn't bet)
Seat 5: Pon4uk.ua folded before Flop (didn't bet)
Seat 6: NoonTime1991 (button) collected ($5.90)



PokerStars Hand #254294022057:  Hold'em No Limit ($0.50/$1.00 USD) - 2025/01/10 12:45:41 WET [2025/01/10 7:45:41 ET]
Table 'Thalia II' 6-max Seat #1 is the button
Seat 1: chinokevin13 ($103.01 in chips) 
Seat 2: yzuk ($120.19 in chips) 
Seat 3: iNeverBluff398 ($133.22 in chips) 
Seat 4: YAndy777 ($19.10 in chips) 
Seat 5: Pon4uk.ua ($118.12 in chips) 
Seat 6: NoonTime1991 ($137.48 in chips) 
yzuk: posts small blind $0.50
iNeverBluff398: posts big blind $1
*** HOLE CARDS ***
YAndy777: raises $1 to $2
Pon4uk.ua: folds 
NoonTime1991: folds 
chinokevin13: folds 
yzuk: folds 
iNeverBluff398: calls $1
*** FLOP *** [8s 5h 4h]
iNeverBluff398: checks 
YAndy777: bets $5
iNeverBluff398: calls $5
*** TURN *** [8s 5h 4h] [Ah]
iNeverBluff398: checks 
YAndy777: checks 
*** RIVER *** [8s 5h 4h Ah] [Kc]
iNeverBluff398: checks 
YAndy777: checks 
*** SHOW DOWN ***
iNeverBluff398: shows [8c Jh] (a pair of Eights)
YAndy777: mucks hand 
iNeverBluff398 collected $13.78 from pot
*** SUMMARY ***
Total pot $14.50 | Rake $0.72 
Board [8s 5h 4h Ah Kc]
Seat 1: chinokevin13 (button) folded before Flop (didn't bet)
Seat 2: yzuk (small blind) folded before Flop
Seat 3: iNeverBluff398 (big blind) showed [8c Jh] and won ($13.78) with a pair of Eights
Seat 4: YAndy777 mucked
Seat 5: Pon4uk.ua folded before Flop (didn't bet)
Seat 6: NoonTime1991 folded before Flop (didn't bet)



PokerStars Hand #254294032833:  Hold'em No Limit ($0.50/$1.00 USD) - 2025/01/10 12:46:49 WET [2025/01/10 7:46:49 ET]
Table 'Thalia II' 6-max Seat #2 is the button
Seat 1: chinokevin13 ($103.01 in chips) 
Seat 2: yzuk ($119.69 in chips) 
Seat 3: iNeverBluff398 ($140 in chips) 
Seat 4: YAndy777 ($12.10 in chips) 
Seat 5: Pon4uk.ua ($118.12 in chips) 
Seat 6: NoonTime1991 ($137.48 in chips) 
iNeverBluff398: posts small blind $0.50
YAndy777: posts big blind $1
*** HOLE CARDS ***
Pon4uk.ua has timed out
Pon4uk.ua: folds 
NoonTime1991: raises $1 to $2
chinokevin13: folds 
yzuk: folds 
iNeverBluff398: folds 
YAndy777: folds 
Uncalled bet ($1) returned to NoonTime1991
NoonTime1991 collected $2.50 from pot
NoonTime1991: doesn't show hand 
*** SUMMARY ***
Total pot $2.50 | Rake $0 
Seat 1: chinokevin13 folded before Flop (didn't bet)
Seat 2: yzuk (button) folded before Flop (didn't bet)
Seat 3: iNeverBluff398 (small blind) folded before Flop
Seat 4: YAndy777 (big blind) folded before Flop
Seat 5: Pon4uk.ua folded before Flop (didn't bet)
Seat 6: NoonTime1991 collected ($2.50)



PokerStars Hand #254294036776:  Hold'em No Limit ($0.50/$1.00 USD) - 2025/01/10 12:47:15 WET [2025/01/10 7:47:15 ET]
Table 'Thalia II' 6-max Seat #3 is the button
Seat 5: Pon4uk.ua ($118.12 in chips) is sitting out
Seat 1: chinokevin13 ($103.01 in chips) 
Seat 2: yzuk ($119.69 in chips) 
Seat 3: iNeverBluff398 ($139.50 in chips) 
Seat 4: YAndy777 ($11.10 in chips) 
Seat 6: NoonTime1991 ($138.98 in chips) 
YAndy777: posts small blind $0.50
NoonTime1991: posts big blind $1
*** HOLE CARDS ***
chinokevin13: folds 
yzuk: folds 
iNeverBluff398: folds 
YAndy777: folds 
Uncalled bet ($0.50) returned to NoonTime1991
NoonTime1991 collected $1 from pot
NoonTime1991: doesn't show hand 
*** SUMMARY ***
Total pot $1 | Rake $0 
Seat 5: Pon4uk.ua
Seat 1: chinokevin13 folded before Flop (didn't bet)
Seat 2: yzuk folded before Flop (didn't bet)
Seat 3: iNeverBluff398 (button) folded before Flop (didn't bet)
Seat 4: YAndy777 (small blind) folded before Flop
Seat 6: NoonTime1991 (big blind) collected ($1)



PokerStars Hand #254294038290:  Hold'em No Limit ($0.50/$1.00 USD) - 2025/01/10 12:47:24 WET [2025/01/10 7:47:24 ET]
Table 'Thalia II' 6-max Seat #4 is the button
Seat 5: Pon4uk.ua ($118.12 in chips) is sitting out
Seat 1: chinokevin13 ($103.01 in chips) 
Seat 2: yzuk ($119.69 in chips) 
Seat 3: iNeverBluff398 ($139.50 in chips) 
Seat 4: YAndy777 ($10.60 in chips) 
Seat 6: NoonTime1991 ($139.48 in chips) 
NoonTime1991: posts small blind $0.50
chinokevin13: posts big blind $1
*** HOLE CARDS ***
yzuk: folds 
iNeverBluff398: folds 
YAndy777: folds 
NoonTime1991: raises $2 to $3
chinokevin13: calls $2
*** FLOP *** [8d Jc Td]
NoonTime1991: checks 
chinokevin13: checks 
*** TURN *** [8d Jc Td] [As]
NoonTime1991: checks 
chinokevin13: checks 
*** RIVER *** [8d Jc Td As] [5h]
NoonTime1991: checks 
chinokevin13: bets $4.28
yzuk leaves the table
NoonTime1991: folds 
Uncalled bet ($4.28) returned to chinokevin13
chinokevin13 collected $5.70 from pot
chinokevin13: doesn't show hand 
*** SUMMARY ***
Total pot $6 | Rake $0.30 
Board [8d Jc Td As 5h]
Seat 5: Pon4uk.ua
Seat 1: chinokevin13 (big blind) collected ($5.70)
Seat 2: yzuk folded before Flop (didn't bet)
Seat 3: iNeverBluff398 folded before Flop (didn't bet)
Seat 4: YAndy777 (button) folded before Flop (didn't bet)
Seat 6: NoonTime1991 (small blind) folded on the River



PokerStars Hand #254294052157:  Hold'em No Limit ($0.50/$1.00 USD) - 2025/01/10 12:48:54 WET [2025/01/10 7:48:54 ET]
Table 'Thalia II' 6-max Seat #6 is the button
Seat 5: Pon4uk.ua ($118.12 in chips) is sitting out
Seat 1: chinokevin13 ($105.71 in chips) 
Seat 3: iNeverBluff398 ($139.50 in chips) 
Seat 4: YAndy777 ($10.60 in chips) 
Seat 6: NoonTime1991 ($136.48 in chips) 
chinokevin13: posts small blind $0.50
iNeverBluff398: posts big blind $1
Pon4uk.ua: sits out 
*** HOLE CARDS ***
YAndy777: folds 
NoonTime1991: folds 
chinokevin13: folds 
Uncalled bet ($0.50) returned to iNeverBluff398
iNeverBluff398 collected $1 from pot
iNeverBluff398: doesn't show hand 
*** SUMMARY ***
Total pot $1 | Rake $0 
Seat 5: Pon4uk.ua
Seat 1: chinokevin13 (small blind) folded before Flop
Seat 3: iNeverBluff398 (big blind) collected ($1)
Seat 4: YAndy777 folded before Flop (didn't bet)
Seat 6: NoonTime1991 (button) folded before Flop (didn't bet)



PokerStars Hand #254294054213:  Hold'em No Limit ($0.50/$1.00 USD) - 2025/01/10 12:49:07 WET [2025/01/10 7:49:07 ET]
Table 'Thalia II' 6-max Seat #1 is the button
Seat 5: Pon4uk.ua ($118.12 in chips) is sitting out
Seat 1: chinokevin13 ($105.21 in chips) 
Seat 3: iNeverBluff398 ($140 in chips) 
Seat 4: YAndy777 ($10.60 in chips) 
Seat 6: NoonTime1991 ($136.48 in chips) 
iNeverBluff398: posts small blind $0.50
YAndy777: posts big blind $1
Pon4uk.ua: sits out 
*** HOLE CARDS ***
NoonTime1991: raises $1 to $2
chinokevin13: folds 
iNeverBluff398: folds 
YAndy777: folds 
Uncalled bet ($1) returned to NoonTime1991
NoonTime1991 collected $2.50 from pot
NoonTime1991: doesn't show hand 
*** SUMMARY ***
Total pot $2.50 | Rake $0 
Seat 5: Pon4uk.ua
Seat 1: chinokevin13 (button) folded before Flop (didn't bet)
Seat 3: iNeverBluff398 (small blind) folded before Flop
Seat 4: YAndy777 (big blind) folded before Flop
Seat 6: NoonTime1991 collected ($2.50)



PokerStars Hand #254294055563:  Hold'em No Limit ($0.50/$1.00 USD) - 2025/01/10 12:49:16 WET [2025/01/10 7:49:16 ET]
Table 'Thalia II' 6-max Seat #3 is the button
Seat 1: chinokevin13 ($105.21 in chips) 
Seat 3: iNeverBluff398 ($139.50 in chips) 
Seat 4: YAndy777 ($9.60 in chips) 
Seat 5: Pon4uk.ua ($118.12 in chips) 
Seat 6: NoonTime1991 ($137.98 in chips) 
YAndy777: posts small blind $0.50
Pon4uk.ua: posts big blind $1
*** HOLE CARDS ***
NoonTime1991: folds 
chinokevin13: folds 
iNeverBluff398: raises $1.20 to $2.20
YAndy777: folds 
Pon4uk.ua: calls $1.20
*** FLOP *** [5d 6s Ad]
Pon4uk.ua: checks 
iNeverBluff398: bets $1.17
Pon4uk.ua: calls $1.17
*** TURN *** [5d 6s Ad] [Qc]
Pon4uk.ua: checks 
iNeverBluff398: checks 
*** RIVER *** [5d 6s Ad Qc] [7h]
Pon4uk.ua: bets $5.16
iNeverBluff398: folds 
Uncalled bet ($5.16) returned to Pon4uk.ua
Pon4uk.ua collected $6.88 from pot
Pon4uk.ua: doesn't show hand 
*** SUMMARY ***
Total pot $7.24 | Rake $0.36 
Board [5d 6s Ad Qc 7h]
Seat 1: chinokevin13 folded before Flop (didn't bet)
Seat 3: iNeverBluff398 (button) folded on the River
Seat 4: YAndy777 (small blind) folded before Flop
Seat 5: Pon4uk.ua (big blind) collected ($6.88)
Seat 6: NoonTime1991 folded before Flop (didn't bet)



PokerStars Hand #254294061517:  Hold'em No Limit ($0.50/$1.00 USD) - 2025/01/10 12:49:53 WET [2025/01/10 7:49:53 ET]
Table 'Thalia II' 6-max Seat #5 is the button
Seat 1: chinokevin13 ($105.21 in chips) is sitting out
Seat 4: YAndy777 ($9.10 in chips) is sitting out
Seat 3: iNeverBluff398 ($136.13 in chips) 
Seat 5: Pon4uk.ua ($121.63 in chips) 
Seat 6: NoonTime1991 ($137.98 in chips) 
NoonTime1991: posts small blind $0.50
chinokevin13: is sitting out 
iNeverBluff398: posts big blind $1
*** HOLE CARDS ***
chinokevin13 leaves the table
Pon4uk.ua: folds 
NoonTime1991: folds 
Uncalled bet ($0.50) returned to iNeverBluff398
iNeverBluff398 collected $1 from pot
iNeverBluff398: doesn't show hand 
*** SUMMARY ***
Total pot $1 | Rake $0 
Seat 1: chinokevin13
Seat 4: YAndy777
Seat 3: iNeverBluff398 (big blind) collected ($1)
Seat 5: Pon4uk.ua (button) folded before Flop (didn't bet)
Seat 6: NoonTime1991 (small blind) folded before Flop



PokerStars Hand #254294068498:  Hold'em No Limit ($0.50/$1.00 USD) - 2025/01/10 12:50:38 WET [2025/01/10 7:50:38 ET]
Table 'Thalia II' 6-max Seat #3 is the button
Seat 3: iNeverBluff398 ($136.63 in chips) 
Seat 4: YAndy777 ($9.10 in chips) 
iNeverBluff398: posts small blind $0.50
YAndy777: posts big blind $1
*** HOLE CARDS ***
iNeverBluff398: raises $14 to $15
YAndy777: folds 
Uncalled bet ($14) returned to iNeverBluff398
iNeverBluff398 collected $2 from pot
iNeverBluff398: doesn't show hand 
*** SUMMARY ***
Total pot $2 | Rake $0 
Seat 3: iNeverBluff398 (button) (small blind) collected ($2)
Seat 4: YAndy777 (big blind) folded before Flop



PokerStars Hand #254294070056:  Hold'em No Limit ($0.50/$1.00 USD) - 2025/01/10 12:50:48 WET [2025/01/10 7:50:48 ET]
Table 'Thalia II' 6-max Seat #4 is the button
Seat 3: iNeverBluff398 ($137.63 in chips) 
Seat 4: YAndy777 ($8.10 in chips) 
YAndy777: posts small blind $0.50
iNeverBluff398: posts big blind $1
*** HOLE CARDS ***
YAndy777: calls $0.50
iNeverBluff398: checks 
*** FLOP *** [8d 5c Ac]
iNeverBluff398: checks 
YAndy777: checks 
*** TURN *** [8d 5c Ac] [5d]
iNeverBluff398: checks 
YAndy777: checks 
*** RIVER *** [8d 5c Ac 5d] [Td]
iNeverBluff398: checks 
YAndy777: checks 
*** SHOW DOWN ***
iNeverBluff398: shows [2c 7c] (a pair of Fives)
YAndy777: shows [Qs 3c] (a pair of Fives - Ace+Queen kicker)
YAndy777 collected $1.90 from pot
*** SUMMARY ***
Total pot $2 | Rake $0.10 
Board [8d 5c Ac 5d Td]
Seat 3: iNeverBluff398 (big blind) showed [2c 7c] and lost with a pair of Fives
Seat 4: YAndy777 (button) (small blind) showed [Qs 3c] and won ($1.90) with a pair of Fives



PokerStars Hand #254294072734:  Hold'em No Limit ($0.50/$1.00 USD) - 2025/01/10 12:51:06 WET [2025/01/10 7:51:06 ET]
Table 'Thalia II' 6-max Seat #3 is the button
Seat 3: iNeverBluff398 ($136.63 in chips) 
Seat 4: YAndy777 ($9 in chips) 
iNeverBluff398: posts small blind $0.50
YAndy777: posts big blind $1
*** HOLE CARDS ***
iNeverBluff398: raises $14 to $15
YAndy777: calls $8 and is all-in
Uncalled bet ($6) returned to iNeverBluff398
*** FLOP *** [Qh Td 4s]
*** TURN *** [Qh Td 4s] [9s]
*** RIVER *** [Qh Td 4s 9s] [7s]
*** SHOW DOWN ***
YAndy777: shows [Qc 8c] (a pair of Queens)
iNeverBluff398: shows [3c Ac] (high card Ace)
YAndy777 collected $17.10 from pot
*** SUMMARY ***
Total pot $18 | Rake $0.90 
Board [Qh Td 4s 9s 7s]
Seat 3: iNeverBluff398 (button) (small blind) showed [3c Ac] and lost with high card Ace
Seat 4: YAndy777 (big blind) showed [Qc 8c] and won ($17.10) with a pair of Queens



PokerStars Hand #254294076485:  Hold'em No Limit ($0.50/$1.00 USD) - 2025/01/10 12:51:30 WET [2025/01/10 7:51:30 ET]
Table 'Thalia II' 6-max Seat #4 is the button
Seat 3: iNeverBluff398 ($127.63 in chips) 
Seat 4: YAndy777 ($17.10 in chips) 
YAndy777: posts small blind $0.50
iNeverBluff398: posts big blind $1
*** HOLE CARDS ***
YAndy777: calls $0.50
iNeverBluff398: raises $5.50 to $6.50
YAndy777: folds 
Uncalled bet ($5.50) returned to iNeverBluff398
iNeverBluff398 collected $2 from pot
iNeverBluff398: doesn't show hand 
*** SUMMARY ***
Total pot $2 | Rake $0 
Seat 3: iNeverBluff398 (big blind) collected ($2)
Seat 4: YAndy777 (button) (small blind) folded before Flop



PokerStars Hand #254294079612:  Hold'em No Limit ($0.50/$1.00 USD) - 2025/01/10 12:51:49 WET [2025/01/10 7:51:49 ET]
Table 'Thalia II' 6-max Seat #3 is the button
Seat 3: iNeverBluff398 ($128.63 in chips) 
Seat 4: YAndy777 ($16.10 in chips) 
iNeverBluff398: posts small blind $0.50
YAndy777: posts big blind $1
*** HOLE CARDS ***
iNeverBluff398: raises $1.50 to $2.50
YAndy777: calls $1.50
*** FLOP *** [2s 4d 4s]
YAndy777: bets $13.60 and is all-in
iNeverBluff398: calls $13.60
*** TURN *** [2s 4d 4s] [8c]
*** RIVER *** [2s 4d 4s 8c] [7c]
*** SHOW DOWN ***
YAndy777: shows [Js Jc] (two pair, Jacks and Fours)
iNeverBluff398: shows [Ah 9h] (a pair of Fours)
YAndy777 collected $31.20 from pot
Gfoer joins the table at seat #5 
*** SUMMARY ***
Total pot $32.20 | Rake $1 
Board [2s 4d 4s 8c 7c]
Seat 3: iNeverBluff398 (button) (small blind) showed [Ah 9h] and lost with a pair of Fours
Seat 4: YAndy777 (big blind) showed [Js Jc] and won ($31.20) with two pair, Jacks and Fours



PokerStars Hand #254294083757:  Hold'em No Limit ($0.50/$1.00 USD) - 2025/01/10 12:52:16 WET [2025/01/10 7:52:16 ET]
Table 'Thalia II' 6-max Seat #3 is the button
Seat 3: iNeverBluff398 ($112.53 in chips) 
Seat 4: YAndy777 ($31.20 in chips) 
Seat 5: Gfoer ($100 in chips) 
YAndy777: posts small blind $0.50
Gfoer: posts big blind $1
*** HOLE CARDS ***
iNeverBluff398: folds 
YAndy777: folds 
Uncalled bet ($0.50) returned to Gfoer
Gfoer collected $1 from pot
Gfoer: doesn't show hand 
*** SUMMARY ***
Total pot $1 | Rake $0 
Seat 3: iNeverBluff398 (button) folded before Flop (didn't bet)
Seat 4: YAndy777 (small blind) folded before Flop
Seat 5: Gfoer (big blind) collected ($1)



PokerStars Hand #254294084891:  Hold'em No Limit ($0.50/$1.00 USD) - 2025/01/10 12:52:23 WET [2025/01/10 7:52:23 ET]
Table 'Thalia II' 6-max Seat #4 is the button
Seat 3: iNeverBluff398 ($112.53 in chips) 
Seat 4: YAndy777 ($30.70 in chips) 
Seat 5: Gfoer ($100.50 in chips) 
Gfoer: posts small blind $0.50
iNeverBluff398: posts big blind $1
*** HOLE CARDS ***
YAndy777: calls $1
Gfoer: folds 
easy_sarcasm joins the table at seat #6 
iNeverBluff398: raises $6.50 to $7.50
znyenyecs33 joins the table at seat #1 
YAndy777: folds 
Uncalled bet ($6.50) returned to iNeverBluff398
iNeverBluff398 collected $2.50 from pot
iNeverBluff398: doesn't show hand 
Kreayshawn joins the table at seat #2 
*** SUMMARY ***
Total pot $2.50 | Rake $0 
Seat 3: iNeverBluff398 (big blind) collected ($2.50)
Seat 4: YAndy777 (button) folded before Flop
Seat 5: Gfoer (small blind) folded before Flop



PokerStars Hand #254294087216:  Hold'em No Limit ($0.50/$1.00 USD) - 2025/01/10 12:52:38 WET [2025/01/10 7:52:38 ET]
Table 'Thalia II' 6-max Seat #5 is the button
Seat 1: znyenyecs33 ($70 in chips) is sitting out
Seat 2: Kreayshawn ($100 in chips) is sitting out
Seat 6: easy_sarcasm ($100 in chips) is sitting out
Seat 3: iNeverBluff398 ($114.03 in chips) 
Seat 4: YAndy777 ($29.70 in chips) 
Seat 5: Gfoer ($100 in chips) 
iNeverBluff398: posts small blind $0.50
YAndy777: posts big blind $1
*** HOLE CARDS ***
Gfoer: raises $2 to $3
iNeverBluff398: folds 
YAndy777: calls $2
*** FLOP *** [2h Ad 5h]
YAndy777: checks 
Gfoer: checks 
*** TURN *** [2h Ad 5h] [7d]
YAndy777: checks 
Gfoer: checks 
*** RIVER *** [2h Ad 5h 7d] [3d]
YAndy777: bets $6.18
Gfoer: folds 
Uncalled bet ($6.18) returned to YAndy777
YAndy777 collected $6.18 from pot
*** SUMMARY ***
Total pot $6.50 | Rake $0.32 
Board [2h Ad 5h 7d 3d]
Seat 1: znyenyecs33
Seat 2: Kreayshawn
Seat 6: easy_sarcasm
Seat 3: iNeverBluff398 (small blind) folded before Flop
Seat 4: YAndy777 (big blind) collected ($6.18)
Seat 5: Gfoer (button) folded on the River



PokerStars Hand #254294095207:  Hold'em No Limit ($0.50/$1.00 USD) - 2025/01/10 12:53:29 WET [2025/01/10 7:53:29 ET]
Table 'Thalia II' 6-max Seat #3 is the button
Seat 1: znyenyecs33 ($70 in chips) is sitting out
Seat 2: Kreayshawn ($100 in chips) is sitting out
Seat 6: easy_sarcasm ($100 in chips) is sitting out
Seat 3: iNeverBluff398 ($113.53 in chips) 
Seat 4: YAndy777 ($32.88 in chips) 
Seat 5: Gfoer ($100 in chips) 
YAndy777: posts small blind $0.50
Gfoer: posts big blind $1
easy_sarcasm: sits out 
znyenyecs33: sits out 
Kreayshawn: sits out 
*** HOLE CARDS ***
iNeverBluff398: raises $1.20 to $2.20
YAndy777: folds 
Gfoer: folds 
Uncalled bet ($1.20) returned to iNeverBluff398
iNeverBluff398 collected $2.50 from pot
iNeverBluff398: doesn't show hand 
YAndy777 leaves the table
*** SUMMARY ***
Total pot $2.50 | Rake $0 
Seat 1: znyenyecs33
Seat 2: Kreayshawn
Seat 6: easy_sarcasm
Seat 3: iNeverBluff398 (button) collected ($2.50)
Seat 4: YAndy777 (small blind) folded before Flop
Seat 5: Gfoer (big blind) folded before Flop



PokerStars Hand #254294096788:  Hold'em No Limit ($0.50/$1.00 USD) - 2025/01/10 12:53:38 WET [2025/01/10 7:53:38 ET]
Table 'Thalia II' 6-max Seat #5 is the button
Seat 1: znyenyecs33 ($70 in chips) is sitting out
Seat 2: Kreayshawn ($100 in chips) is sitting out
Seat 6: easy_sarcasm ($100 in chips) is sitting out
Seat 3: iNeverBluff398 ($115.03 in chips) 
Seat 5: Gfoer ($100 in chips) 
Gfoer: posts small blind $0.50
iNeverBluff398: posts big blind $1
*** HOLE CARDS ***
yzuk joins the table at seat #4 
Gfoer: folds 
Uncalled bet ($0.50) returned to iNeverBluff398
iNeverBluff398 collected $1 from pot
iNeverBluff398: doesn't show hand 
Gfoer leaves the table
*** SUMMARY ***
Total pot $1 | Rake $0 
Seat 1: znyenyecs33
Seat 2: Kreayshawn
Seat 6: easy_sarcasm
Seat 3: iNeverBluff398 (big blind) collected ($1)
Seat 5: Gfoer (button) (small blind) folded before Flop



PokerStars Hand #254294099886:  Hold'em No Limit ($0.50/$1.00 USD) - 2025/01/10 12:53:58 WET [2025/01/10 7:53:58 ET]
Table 'Thalia II' 6-max Seat #6 is the button
Seat 1: znyenyecs33 ($70 in chips) 
Seat 2: Kreayshawn ($100 in chips) 
Seat 3: iNeverBluff398 ($115.53 in chips) 
Seat 4: yzuk ($119.69 in chips) 
Seat 6: easy_sarcasm ($100 in chips) 
znyenyecs33: posts small blind $0.50
Kreayshawn: posts big blind $1
*** HOLE CARDS ***
iNeverBluff398: raises $1.20 to $2.20
yzuk: folds 
Joe_Li7 joins the table at seat #5 
easy_sarcasm: folds 
znyenyecs33: calls $1.70
Kreayshawn: folds 
*** FLOP *** [6d 8d 7c]
znyenyecs33: bets $5
iNeverBluff398: raises $108.33 to $113.33 and is all-in
znyenyecs33: folds 
Uncalled bet ($108.33) returned to iNeverBluff398
iNeverBluff398 collected $14.63 from pot
iNeverBluff398: doesn't show hand 
*** SUMMARY ***
Total pot $15.40 | Rake $0.77 
Board [6d 8d 7c]
Seat 1: znyenyecs33 (small blind) folded on the Flop
Seat 2: Kreayshawn (big blind) folded before Flop
Seat 3: iNeverBluff398 collected ($14.63)
Seat 4: yzuk folded before Flop (didn't bet)
Seat 6: easy_sarcasm (button) folded before Flop (didn't bet)



PokerStars Hand #254294106458:  Hold'em No Limit ($0.50/$1.00 USD) - 2025/01/10 12:54:40 WET [2025/01/10 7:54:40 ET]
Table 'Thalia II' 6-max Seat #1 is the button
Seat 5: Joe_Li7 ($100 in chips) is sitting out
Seat 1: znyenyecs33 ($62.80 in chips) 
Seat 2: Kreayshawn ($100 in chips) 
Seat 3: iNeverBluff398 ($122.96 in chips) 
Seat 4: yzuk ($119.69 in chips) 
Seat 6: easy_sarcasm ($100 in chips) 
Kreayshawn: posts small blind $0.50
iNeverBluff398: posts big blind $1
Joe_Li7: sits out 
*** HOLE CARDS ***
yzuk: folds 
easy_sarcasm: folds 
znyenyecs33: calls $1
Kreayshawn: folds 
iNeverBluff398: checks 
*** FLOP *** [8s 7c 8d]
iNeverBluff398: checks 
znyenyecs33: bets $6
iNeverBluff398: folds 
Uncalled bet ($6) returned to znyenyecs33
znyenyecs33 collected $2.38 from pot
znyenyecs33: doesn't show hand 
*** SUMMARY ***
Total pot $2.50 | Rake $0.12 
Board [8s 7c 8d]
Seat 5: Joe_Li7
Seat 1: znyenyecs33 (button) collected ($2.38)
Seat 2: Kreayshawn (small blind) folded before Flop
Seat 3: iNeverBluff398 (big blind) folded on the Flop
Seat 4: yzuk folded before Flop (didn't bet)
Seat 6: easy_sarcasm folded before Flop (didn't bet)



PokerStars Hand #254294110919:  Hold'em No Limit ($0.50/$1.00 USD) - 2025/01/10 12:55:09 WET [2025/01/10 7:55:09 ET]
Table 'Thalia II' 6-max Seat #2 is the button
Seat 5: Joe_Li7 ($100 in chips) is sitting out
Seat 1: znyenyecs33 ($64.18 in chips) 
Seat 2: Kreayshawn ($100 in chips) 
Seat 3: iNeverBluff398 ($121.96 in chips) 
Seat 4: yzuk ($119.69 in chips) 
Seat 6: easy_sarcasm ($100 in chips) 
iNeverBluff398: posts small blind $0.50
yzuk: posts big blind $1
Joe_Li7: sits out 
*** HOLE CARDS ***
easy_sarcasm: raises $2 to $3
znyenyecs33: calls $3
Kreayshawn: folds 
iNeverBluff398: folds 
yzuk: folds 
*** FLOP *** [7h 9d 4h]
easy_sarcasm: bets $3.50
znyenyecs33: folds 
Uncalled bet ($3.50) returned to easy_sarcasm
easy_sarcasm collected $7.12 from pot
*** SUMMARY ***
Total pot $7.50 | Rake $0.38 
Board [7h 9d 4h]
Seat 5: Joe_Li7
Seat 1: znyenyecs33 folded on the Flop
Seat 2: Kreayshawn (button) folded before Flop (didn't bet)
Seat 3: iNeverBluff398 (small blind) folded before Flop
Seat 4: yzuk (big blind) folded before Flop
Seat 6: easy_sarcasm collected ($7.12)



PokerStars Hand #254294113641:  Hold'em No Limit ($0.50/$1.00 USD) - 2025/01/10 12:55:30 WET [2025/01/10 7:55:30 ET]
Table 'Thalia II' 6-max Seat #3 is the button
Seat 1: znyenyecs33 ($61.18 in chips) 
Seat 2: Kreayshawn ($100 in chips) 
Seat 3: iNeverBluff398 ($121.46 in chips) 
Seat 4: yzuk ($118.69 in chips) 
Seat 5: Joe_Li7 ($100 in chips) 
Seat 6: easy_sarcasm ($104.12 in chips) 
yzuk: posts small blind $0.50
Joe_Li7: posts big blind $1
*** HOLE CARDS ***
easy_sarcasm: raises $2 to $3
znyenyecs33: calls $3
Kreayshawn: folds 
iNeverBluff398: folds 
yzuk: folds 
Joe_Li7: folds 
*** FLOP *** [Ad Tc 5c]
easy_sarcasm: bets $3.50
znyenyecs33: folds 
Uncalled bet ($3.50) returned to easy_sarcasm
easy_sarcasm collected $7.12 from pot
*** SUMMARY ***
Total pot $7.50 | Rake $0.38 
Board [Ad Tc 5c]
Seat 1: znyenyecs33 folded on the Flop
Seat 2: Kreayshawn folded before Flop (didn't bet)
Seat 3: iNeverBluff398 (button) folded before Flop (didn't bet)
Seat 4: yzuk (small blind) folded before Flop
Seat 5: Joe_Li7 (big blind) folded before Flop
Seat 6: easy_sarcasm collected ($7.12)



PokerStars Hand #254294116469:  Hold'em No Limit ($0.50/$1.00 USD) - 2025/01/10 12:55:53 WET [2025/01/10 7:55:53 ET]
Table 'Thalia II' 6-max Seat #4 is the button
Seat 1: znyenyecs33 ($58.18 in chips) 
Seat 2: Kreayshawn ($100 in chips) 
Seat 3: iNeverBluff398 ($121.46 in chips) 
Seat 4: yzuk ($118.19 in chips) 
Seat 5: Joe_Li7 ($100 in chips) 
Seat 6: easy_sarcasm ($108.24 in chips) 
Joe_Li7: posts small blind $0.50
easy_sarcasm: posts big blind $1
*** HOLE CARDS ***
znyenyecs33: folds 
Kreayshawn: folds 
iNeverBluff398: raises $1.20 to $2.20
yzuk: folds 
Joe_Li7: raises $7.80 to $10
easy_sarcasm: folds 
iNeverBluff398: folds 
Uncalled bet ($7.80) returned to Joe_Li7
Joe_Li7 collected $5.40 from pot
*** SUMMARY ***
Total pot $5.40 | Rake $0 
Seat 1: znyenyecs33 folded before Flop (didn't bet)
Seat 2: Kreayshawn folded before Flop (didn't bet)
Seat 3: iNeverBluff398 folded before Flop
Seat 4: yzuk (button) folded before Flop (didn't bet)
Seat 5: Joe_Li7 (small blind) collected ($5.40)
Seat 6: easy_sarcasm (big blind) folded before Flop



PokerStars Hand #254294119142:  Hold'em No Limit ($0.50/$1.00 USD) - 2025/01/10 12:56:14 WET [2025/01/10 7:56:14 ET]
Table 'Thalia II' 6-max Seat #5 is the button
Seat 1: znyenyecs33 ($58.18 in chips) 
Seat 2: Kreayshawn ($100 in chips) 
Seat 3: iNeverBluff398 ($119.26 in chips) 
Seat 4: yzuk ($118.19 in chips) 
Seat 5: Joe_Li7 ($103.20 in chips) 
Seat 6: easy_sarcasm ($107.24 in chips) 
easy_sarcasm: posts small blind $0.50
znyenyecs33: posts big blind $1
*** HOLE CARDS ***
Kreayshawn: folds 
iNeverBluff398: raises $1.20 to $2.20
yzuk: folds 
Joe_Li7: folds 
easy_sarcasm: folds 
znyenyecs33: raises $3.20 to $5.40
iNeverBluff398: calls $3.20
*** FLOP *** [4s 2s Qs]
znyenyecs33: bets $10.74
iNeverBluff398: folds 
Uncalled bet ($10.74) returned to znyenyecs33
znyenyecs33 collected $10.74 from pot
znyenyecs33: doesn't show hand 
*** SUMMARY ***
Total pot $11.30 | Rake $0.56 
Board [4s 2s Qs]
Seat 1: znyenyecs33 (big blind) collected ($10.74)
Seat 2: Kreayshawn folded before Flop (didn't bet)
Seat 3: iNeverBluff398 folded on the Flop
Seat 4: yzuk folded before Flop (didn't bet)
Seat 5: Joe_Li7 (button) folded before Flop (didn't bet)
Seat 6: easy_sarcasm (small blind) folded before Flop



PokerStars Hand #254294122655:  Hold'em No Limit ($0.50/$1.00 USD) - 2025/01/10 12:56:42 WET [2025/01/10 7:56:42 ET]
Table 'Thalia II' 6-max Seat #6 is the button
Seat 1: znyenyecs33 ($63.52 in chips) 
Seat 2: Kreayshawn ($100 in chips) 
Seat 3: iNeverBluff398 ($113.86 in chips) 
Seat 4: yzuk ($118.19 in chips) 
Seat 5: Joe_Li7 ($103.20 in chips) 
Seat 6: easy_sarcasm ($106.74 in chips) 
znyenyecs33: posts small blind $0.50
Kreayshawn: posts big blind $1
*** HOLE CARDS ***
iNeverBluff398: folds 
yzuk: folds 
Joe_Li7: folds 
easy_sarcasm: folds 
znyenyecs33: raises $1 to $2
Kreayshawn: folds 
Uncalled bet ($1) returned to znyenyecs33
znyenyecs33 collected $2 from pot
znyenyecs33: doesn't show hand 
*** SUMMARY ***
Total pot $2 | Rake $0 
Seat 1: znyenyecs33 (small blind) collected ($2)
Seat 2: Kreayshawn (big blind) folded before Flop
Seat 3: iNeverBluff398 folded before Flop (didn't bet)
Seat 4: yzuk folded before Flop (didn't bet)
Seat 5: Joe_Li7 folded before Flop (didn't bet)
Seat 6: easy_sarcasm (button) folded before Flop (didn't bet)



PokerStars Hand #254294124576:  Hold'em No Limit ($0.50/$1.00 USD) - 2025/01/10 12:56:56 WET [2025/01/10 7:56:56 ET]
Table 'Thalia II' 6-max Seat #1 is the button
Seat 1: znyenyecs33 ($64.52 in chips) 
Seat 2: Kreayshawn ($100 in chips) 
Seat 3: iNeverBluff398 ($113.86 in chips) 
Seat 4: yzuk ($118.19 in chips) 
Seat 5: Joe_Li7 ($103.20 in chips) 
Seat 6: easy_sarcasm ($106.74 in chips) 
Kreayshawn: posts small blind $0.50
iNeverBluff398: posts big blind $1
*** HOLE CARDS ***
yzuk: folds 
Joe_Li7: folds 
easy_sarcasm: folds 
znyenyecs33: folds 
Kreayshawn: folds 
Uncalled bet ($0.50) returned to iNeverBluff398
iNeverBluff398 collected $1 from pot
iNeverBluff398: doesn't show hand 
*** SUMMARY ***
Total pot $1 | Rake $0 
Seat 1: znyenyecs33 (button) folded before Flop (didn't bet)
Seat 2: Kreayshawn (small blind) folded before Flop
Seat 3: iNeverBluff398 (big blind) collected ($1)
Seat 4: yzuk folded before Flop (didn't bet)
Seat 5: Joe_Li7 folded before Flop (didn't bet)
Seat 6: easy_sarcasm folded before Flop (didn't bet)



PokerStars Hand #254294125920:  Hold'em No Limit ($0.50/$1.00 USD) - 2025/01/10 12:57:06 WET [2025/01/10 7:57:06 ET]
Table 'Thalia II' 6-max Seat #2 is the button
Seat 1: znyenyecs33 ($64.52 in chips) 
Seat 2: Kreayshawn ($100 in chips) 
Seat 3: iNeverBluff398 ($114.36 in chips) 
Seat 4: yzuk ($118.19 in chips) 
Seat 5: Joe_Li7 ($103.20 in chips) 
Seat 6: easy_sarcasm ($106.74 in chips) 
iNeverBluff398: posts small blind $0.50
yzuk: posts big blind $1
*** HOLE CARDS ***
Joe_Li7: folds 
easy_sarcasm: folds 
znyenyecs33: raises $1 to $2
Kreayshawn: folds 
iNeverBluff398: folds 
yzuk: calls $1
*** FLOP *** [7h 6h 7c]
yzuk: bets $1.46
znyenyecs33: calls $1.46
*** TURN *** [7h 6h 7c] [Th]
yzuk: bets $2.40
znyenyecs33: calls $2.40
*** RIVER *** [7h 6h 7c Th] [Ts]
yzuk: checks 
znyenyecs33: checks 
*** SHOW DOWN ***
yzuk: shows [2c Ah] (two pair, Tens and Sevens)
znyenyecs33: shows [Ac Js] (two pair, Tens and Sevens)
yzuk collected $5.81 from pot
znyenyecs33 collected $5.80 from pot
*** SUMMARY ***
Total pot $12.22 | Rake $0.61 
Board [7h 6h 7c Th Ts]
Seat 1: znyenyecs33 showed [Ac Js] and won ($5.80) with two pair, Tens and Sevens
Seat 2: Kreayshawn (button) folded before Flop (didn't bet)
Seat 3: iNeverBluff398 (small blind) folded before Flop
Seat 4: yzuk (big blind) showed [2c Ah] and won ($5.81) with two pair, Tens and Sevens
Seat 5: Joe_Li7 folded before Flop (didn't bet)
Seat 6: easy_sarcasm folded before Flop (didn't bet)



PokerStars Hand #254294131050:  Hold'em No Limit ($0.50/$1.00 USD) - 2025/01/10 12:57:46 WET [2025/01/10 7:57:46 ET]
Table 'Thalia II' 6-max Seat #3 is the button
Seat 1: znyenyecs33 ($64.46 in chips) 
Seat 2: Kreayshawn ($100 in chips) 
Seat 3: iNeverBluff398 ($113.86 in chips) 
Seat 4: yzuk ($118.14 in chips) 
Seat 5: Joe_Li7 ($103.20 in chips) 
Seat 6: easy_sarcasm ($106.74 in chips) 
yzuk: posts small blind $0.50
Joe_Li7: posts big blind $1
*** HOLE CARDS ***
easy_sarcasm: folds 
znyenyecs33 has timed out
znyenyecs33: folds 
Kreayshawn: raises $1.50 to $2.50
iNeverBluff398: folds 
yzuk: folds 
Joe_Li7: folds 
Uncalled bet ($1.50) returned to Kreayshawn
Kreayshawn collected $2.50 from pot
*** SUMMARY ***
Total pot $2.50 | Rake $0 
Seat 1: znyenyecs33 folded before Flop (didn't bet)
Seat 2: Kreayshawn collected ($2.50)
Seat 3: iNeverBluff398 (button) folded before Flop (didn't bet)
Seat 4: yzuk (small blind) folded before Flop
Seat 5: Joe_Li7 (big blind) folded before Flop
Seat 6: easy_sarcasm folded before Flop (didn't bet)



PokerStars Hand #254294133707:  Hold'em No Limit ($0.50/$1.00 USD) - 2025/01/10 12:58:07 WET [2025/01/10 7:58:07 ET]
Table 'Thalia II' 6-max Seat #4 is the button
Seat 1: znyenyecs33 ($64.46 in chips) is sitting out
Seat 2: Kreayshawn ($101.50 in chips) 
Seat 3: iNeverBluff398 ($113.86 in chips) 
Seat 4: yzuk ($117.64 in chips) 
Seat 5: Joe_Li7 ($102.20 in chips) 
Seat 6: easy_sarcasm ($106.74 in chips) 
Joe_Li7: posts small blind $0.50
easy_sarcasm: posts big blind $1
*** HOLE CARDS ***
Kreayshawn: folds 
iNeverBluff398: raises $1.20 to $2.20
yzuk: folds 
Joe_Li7: raises $7.80 to $10
easy_sarcasm: folds 
iNeverBluff398: raises $12 to $22
Joe_Li7: raises $80.20 to $102.20 and is all-in
iNeverBluff398: folds 
Uncalled bet ($80.20) returned to Joe_Li7
Joe_Li7 collected $45 from pot
*** SUMMARY ***
Total pot $45 | Rake $0 
Seat 1: znyenyecs33
Seat 2: Kreayshawn folded before Flop (didn't bet)
Seat 3: iNeverBluff398 folded before Flop
Seat 4: yzuk (button) folded before Flop (didn't bet)
Seat 5: Joe_Li7 (small blind) collected ($45)
Seat 6: easy_sarcasm (big blind) folded before Flop



PokerStars Hand #254294138883:  Hold'em No Limit ($0.50/$1.00 USD) - 2025/01/10 12:58:47 WET [2025/01/10 7:58:47 ET]
Table 'Thalia II' 6-max Seat #5 is the button
Seat 1: znyenyecs33 ($64.46 in chips) 
Seat 2: Kreayshawn ($101.50 in chips) 
Seat 3: iNeverBluff398 ($100 in chips) 
Seat 4: yzuk ($117.64 in chips) 
Seat 5: Joe_Li7 ($125.20 in chips) 
Seat 6: easy_sarcasm ($105.74 in chips) 
easy_sarcasm: posts small blind $0.50
znyenyecs33: posts big blind $1
*** HOLE CARDS ***
Kreayshawn: raises $1.50 to $2.50
iNeverBluff398: folds 
yzuk: folds 
Joe_Li7: folds 
easy_sarcasm: folds 
znyenyecs33: folds 
Uncalled bet ($1.50) returned to Kreayshawn
Kreayshawn collected $2.50 from pot
*** SUMMARY ***
Total pot $2.50 | Rake $0 
Seat 1: znyenyecs33 (big blind) folded before Flop
Seat 2: Kreayshawn collected ($2.50)
Seat 3: iNeverBluff398 folded before Flop (didn't bet)
Seat 4: yzuk folded before Flop (didn't bet)
Seat 5: Joe_Li7 (button) folded before Flop (didn't bet)
Seat 6: easy_sarcasm (small blind) folded before Flop



PokerStars Hand #254294140606:  Hold'em No Limit ($0.50/$1.00 USD) - 2025/01/10 12:59:01 WET [2025/01/10 7:59:01 ET]
Table 'Thalia II' 6-max Seat #6 is the button
Seat 1: znyenyecs33 ($63.46 in chips) 
Seat 2: Kreayshawn ($103 in chips) 
Seat 3: iNeverBluff398 ($100 in chips) 
Seat 4: yzuk ($117.64 in chips) 
Seat 5: Joe_Li7 ($125.20 in chips) 
Seat 6: easy_sarcasm ($105.24 in chips) 
znyenyecs33: posts small blind $0.50
Kreayshawn: posts big blind $1
*** HOLE CARDS ***
iNeverBluff398: folds 
yzuk: folds 
Joe_Li7: folds 
easy_sarcasm: folds 
znyenyecs33: folds 
Uncalled bet ($0.50) returned to Kreayshawn
Kreayshawn collected $1 from pot
*** SUMMARY ***
Total pot $1 | Rake $0 
Seat 1: znyenyecs33 (small blind) folded before Flop
Seat 2: Kreayshawn (big blind) collected ($1)
Seat 3: iNeverBluff398 folded before Flop (didn't bet)
Seat 4: yzuk folded before Flop (didn't bet)
Seat 5: Joe_Li7 folded before Flop (didn't bet)
Seat 6: easy_sarcasm (button) folded before Flop (didn't bet)



PokerStars Hand #254294142061:  Hold'em No Limit ($0.50/$1.00 USD) - 2025/01/10 12:59:12 WET [2025/01/10 7:59:12 ET]
Table 'Thalia II' 6-max Seat #1 is the button
Seat 1: znyenyecs33 ($62.96 in chips) 
Seat 2: Kreayshawn ($103.50 in chips) 
Seat 3: iNeverBluff398 ($100 in chips) 
Seat 4: yzuk ($117.64 in chips) 
Seat 5: Joe_Li7 ($125.20 in chips) 
Seat 6: easy_sarcasm ($105.24 in chips) 
Kreayshawn: posts small blind $0.50
iNeverBluff398: posts big blind $1
*** HOLE CARDS ***
yzuk: folds 
Joe_Li7: folds 
easy_sarcasm: folds 
znyenyecs33: raises $1 to $2
Kreayshawn has timed out
Kreayshawn: folds 
iNeverBluff398: raises $8 to $10
znyenyecs33: calls $8
*** FLOP *** [5h 4c Ks]
iNeverBluff398: checks 
znyenyecs33: bets $10
iNeverBluff398: calls $10
*** TURN *** [5h 4c Ks] [9d]
iNeverBluff398: checks 
znyenyecs33: bets $42.96 and is all-in
iNeverBluff398: calls $42.96
*** RIVER *** [5h 4c Ks 9d] [Qd]
*** SHOW DOWN ***
iNeverBluff398: shows [Qs Qc] (three of a kind, Queens)
znyenyecs33: shows [8c 8d] (a pair of Eights)
iNeverBluff398 collected $123.92 from pot
*** SUMMARY ***
Total pot $126.42 | Rake $2.50 
Board [5h 4c Ks 9d Qd]
Seat 1: znyenyecs33 (button) showed [8c 8d] and lost with a pair of Eights
Seat 2: Kreayshawn (small blind) folded before Flop
Seat 3: iNeverBluff398 (big blind) showed [Qs Qc] and won ($123.92) with three of a kind, Queens
Seat 4: yzuk folded before Flop (didn't bet)
Seat 5: Joe_Li7 folded before Flop (didn't bet)
Seat 6: easy_sarcasm folded before Flop (didn't bet)



PokerStars Hand #254294151393:  Hold'em No Limit ($0.50/$1.00 USD) - 2025/01/10 13:00:22 WET [2025/01/10 8:00:22 ET]
Table 'Thalia II' 6-max Seat #2 is the button
Seat 1: znyenyecs33 ($0 in chips) is sitting out
Seat 4: yzuk ($117.64 in chips) is sitting out
Seat 2: Kreayshawn ($103 in chips) 
Seat 3: iNeverBluff398 ($160.96 in chips) 
Seat 5: Joe_Li7 ($125.20 in chips) 
Seat 6: easy_sarcasm ($105.24 in chips) 
iNeverBluff398: posts small blind $0.50
Joe_Li7: posts big blind $1
*** HOLE CARDS ***
easy_sarcasm: raises $2 to $3
yzuk leaves the table
Kreayshawn: folds 
znyenyecs33 leaves the table
iNeverBluff398: folds 
Joe_Li7: folds 
Uncalled bet ($2) returned to easy_sarcasm
easy_sarcasm collected $2.50 from pot
*** SUMMARY ***
Total pot $2.50 | Rake $0 
Seat 1: znyenyecs33
Seat 4: yzuk
Seat 2: Kreayshawn (button) folded before Flop (didn't bet)
Seat 3: iNeverBluff398 (small blind) folded before Flop
Seat 5: Joe_Li7 (big blind) folded before Flop
Seat 6: easy_sarcasm collected ($2.50)



PokerStars Hand #254294153773:  Hold'em No Limit ($0.50/$1.00 USD) - 2025/01/10 13:00:39 WET [2025/01/10 8:00:39 ET]
Table 'Thalia II' 6-max Seat #3 is the button
Seat 2: Kreayshawn ($103 in chips) 
Seat 3: iNeverBluff398 ($160.46 in chips) 
Seat 5: Joe_Li7 ($124.20 in chips) 
Seat 6: easy_sarcasm ($106.74 in chips) 
Joe_Li7: posts small blind $0.50
easy_sarcasm: posts big blind $1
*** HOLE CARDS ***
Kreayshawn: folds 
iNeverBluff398: raises $1.20 to $2.20
Kreayshawn leaves the table
Joe_Li7: folds 
easy_sarcasm: folds 
Uncalled bet ($1.20) returned to iNeverBluff398
iNeverBluff398 collected $2.50 from pot
iNeverBluff398: doesn't show hand 
*** SUMMARY ***
Total pot $2.50 | Rake $0 
Seat 2: Kreayshawn folded before Flop (didn't bet)
Seat 3: iNeverBluff398 (button) collected ($2.50)
Seat 5: Joe_Li7 (small blind) folded before Flop
Seat 6: easy_sarcasm (big blind) folded before Flop



PokerStars Hand #254293818963:  Hold'em No Limit ($0.50/$1.00 USD) - 2025/01/10 12:22:49 WET [2025/01/10 7:22:49 ET]
Table 'Thalia II' 6-max Seat #5 is the button
Seat 6: thisdelle ($14.70 in chips) is sitting out
Seat 1: nastja336 ($103 in chips) 
Seat 2: blistein ($101.50 in chips) 
Seat 3: v.sting ($117.66 in chips) 
Seat 5: erpaye ($106.52 in chips) 
nastja336: posts small blind $0.50
blistein: posts big blind $1
*** HOLE CARDS ***
v.sting: folds 
erpaye: raises $1.30 to $2.30
nastja336: raises $9.70 to $12
blistein: folds 
erpaye: folds 
Uncalled bet ($9.70) returned to nastja336
nastja336 collected $5.60 from pot
nastja336: doesn't show hand 
*** SUMMARY ***
Total pot $5.60 | Rake $0 
Seat 6: thisdelle
Seat 1: nastja336 (small blind) collected ($5.60)
Seat 2: blistein (big blind) folded before Flop
Seat 3: v.sting folded before Flop (didn't bet)
Seat 5: erpaye (button) folded before Flop



PokerStars Hand #254293823061:  Hold'em No Limit ($0.50/$1.00 USD) - 2025/01/10 12:23:18 WET [2025/01/10 7:23:18 ET]
Table 'Thalia II' 6-max Seat #1 is the button
Seat 3: v.sting ($117.66 in chips) is sitting out
Seat 6: thisdelle ($14.70 in chips) is sitting out
Seat 1: nastja336 ($106.30 in chips) 
Seat 2: blistein ($100.50 in chips) 
Seat 5: erpaye ($104.22 in chips) 
blistein: posts small blind $0.50
v.sting: is sitting out 
erpaye: posts big blind $1
thisdelle: sits out 
*** HOLE CARDS ***
yzuk joins the table at seat #4 
nastja336: folds 
blistein: folds 
Uncalled bet ($0.50) returned to erpaye
erpaye collected $1 from pot
erpaye: doesn't show hand 
*** SUMMARY ***
Total pot $1 | Rake $0 
Seat 3: v.sting
Seat 6: thisdelle
Seat 1: nastja336 (button) folded before Flop (didn't bet)
Seat 2: blistein (small blind) folded before Flop
Seat 5: erpaye (big blind) collected ($1)



PokerStars Hand #254293824697:  Hold'em No Limit ($0.50/$1.00 USD) - 2025/01/10 12:23:29 WET [2025/01/10 7:23:29 ET]
Table 'Thalia II' 6-max Seat #2 is the button
Seat 3: v.sting ($117.66 in chips) is sitting out
Seat 4: yzuk ($100 in chips) is sitting out
Seat 1: nastja336 ($106.30 in chips) 
Seat 2: blistein ($100 in chips) 
Seat 5: erpaye ($104.72 in chips) 
Seat 6: thisdelle ($14.70 in chips) 
erpaye: posts small blind $0.50
thisdelle: posts big blind $1
*** HOLE CARDS ***
nastja336: folds 
blistein: folds 
erpaye: raises $103.72 to $104.72 and is all-in
thisdelle: folds 
Uncalled bet ($103.72) returned to erpaye
erpaye collected $2 from pot
erpaye: doesn't show hand 
*** SUMMARY ***
Total pot $2 | Rake $0 
Seat 3: v.sting
Seat 4: yzuk
Seat 1: nastja336 folded before Flop (didn't bet)
Seat 2: blistein (button) folded before Flop (didn't bet)
Seat 5: erpaye (small blind) collected ($2)
Seat 6: thisdelle (big blind) folded before Flop



PokerStars Hand #254293826776:  Hold'em No Limit ($0.50/$1.00 USD) - 2025/01/10 12:23:44 WET [2025/01/10 7:23:44 ET]
Table 'Thalia II' 6-max Seat #5 is the button
Seat 1: nastja336 ($106.30 in chips) is sitting out
Seat 3: v.sting ($117.66 in chips) is sitting out
Seat 4: yzuk ($100 in chips) is sitting out
Seat 2: blistein ($100 in chips) 
Seat 5: erpaye ($105.72 in chips) 
Seat 6: thisdelle ($13.70 in chips) 
thisdelle: posts small blind $0.50
nastja336: is sitting out 
blistein: posts big blind $1
v.sting: sits out 
yzuk: sits out 
*** HOLE CARDS ***
nastja336 leaves the table
erpaye: raises $1 to $2
thisdelle: calls $1.50
Fold Your Cats joins the table at seat #1 
blistein: folds 
*** FLOP *** [Ah 4h 6h]
thisdelle: checks 
erpaye: bets $1
thisdelle: calls $1
*** TURN *** [Ah 4h 6h] [6c]
thisdelle: checks 
erpaye: bets $2.19
thisdelle: calls $2.19
*** RIVER *** [Ah 4h 6h 6c] [Ac]
thisdelle: checks 
erpaye: checks 
*** SHOW DOWN ***
thisdelle: shows [3d 2h] (two pair, Aces and Sixes)
erpaye: shows [Jc 8h] (two pair, Aces and Sixes - Jack kicker)
erpaye collected $10.81 from pot
*** SUMMARY ***
Total pot $11.38 | Rake $0.57 
Board [Ah 4h 6h 6c Ac]
Seat 1: nastja336
Seat 3: v.sting
Seat 4: yzuk
Seat 2: blistein (big blind) folded before Flop
Seat 5: erpaye (button) showed [Jc 8h] and won ($10.81) with two pair, Aces and Sixes
Seat 6: thisdelle (small blind) showed [3d 2h] and lost with two pair, Aces and Sixes



PokerStars Hand #254293835231:  Hold'em No Limit ($0.50/$1.00 USD) - 2025/01/10 12:24:42 WET [2025/01/10 7:24:42 ET]
Table 'Thalia II' 6-max Seat #6 is the button
Seat 1: Fold Your Cats ($100 in chips) is sitting out
Seat 4: yzuk ($100 in chips) is sitting out
Seat 2: blistein ($100 in chips) 
Seat 3: v.sting ($117.66 in chips) 
Seat 5: erpaye ($111.34 in chips) 
Seat 6: thisdelle ($8.51 in chips) 
blistein: posts small blind $0.50
v.sting: posts big blind $1
yzuk: sits out 
*** HOLE CARDS ***
erpaye: raises $1 to $2
thisdelle: raises $2 to $4
blistein: folds 
v.sting: folds 
erpaye: calls $2
*** FLOP *** [8s Jd As]
erpaye: bets $24.08
thisdelle: calls $4.51 and is all-in
Uncalled bet ($19.57) returned to erpaye
*** TURN *** [8s Jd As] [5c]
*** RIVER *** [8s Jd As 5c] [2c]
*** SHOW DOWN ***
erpaye: shows [7h Jh] (a pair of Jacks)
thisdelle: shows [5s Ac] (two pair, Aces and Fives)
thisdelle collected $17.59 from pot
*** SUMMARY ***
Total pot $18.52 | Rake $0.93 
Board [8s Jd As 5c 2c]
Seat 1: Fold Your Cats
Seat 4: yzuk
Seat 2: blistein (small blind) folded before Flop
Seat 3: v.sting (big blind) folded before Flop
Seat 5: erpaye showed [7h Jh] and lost with a pair of Jacks
Seat 6: thisdelle (button) showed [5s Ac] and won ($17.59) with two pair, Aces and Fives



PokerStars Hand #254293840552:  Hold'em No Limit ($0.50/$1.00 USD) - 2025/01/10 12:25:19 WET [2025/01/10 7:25:19 ET]
Table 'Thalia II' 6-max Seat #2 is the button
Seat 1: Fold Your Cats ($100 in chips) is sitting out
Seat 2: blistein ($100 in chips) 
Seat 3: v.sting ($116.66 in chips) 
Seat 4: yzuk ($100 in chips) 
Seat 5: erpaye ($102.83 in chips) 
Seat 6: thisdelle ($17.59 in chips) 
v.sting: posts small blind $0.50
yzuk: posts big blind $1
Fold Your Cats: sits out 
*** HOLE CARDS ***
erpaye: folds 
thisdelle: folds 
blistein: folds 
v.sting: raises $2 to $3
yzuk: raises $6 to $9
v.sting: calls $6
*** FLOP *** [6s 3d 6h]
v.sting: checks 
yzuk: checks 
*** TURN *** [6s 3d 6h] [Ad]
v.sting: bets $5.64
yzuk: calls $5.64
*** RIVER *** [6s 3d 6h Ad] [9c]
v.sting: checks 
yzuk: bets $9.46
v.sting: calls $9.46
*** SHOW DOWN ***
yzuk: shows [Ah Ac] (a full house, Aces full of Sixes)
v.sting: mucks hand 
yzuk collected $45.79 from pot
*** SUMMARY ***
Total pot $48.20 | Rake $2.41 
Board [6s 3d 6h Ad 9c]
Seat 1: Fold Your Cats
Seat 2: blistein (button) folded before Flop (didn't bet)
Seat 3: v.sting (small blind) mucked
Seat 4: yzuk (big blind) showed [Ah Ac] and won ($45.79) with a full house, Aces full of Sixes
Seat 5: erpaye folded before Flop (didn't bet)
Seat 6: thisdelle folded before Flop (didn't bet)



PokerStars Hand #254293855831:  Hold'em No Limit ($0.50/$1.00 USD) - 2025/01/10 12:27:04 WET [2025/01/10 7:27:04 ET]
Table 'Thalia II' 6-max Seat #3 is the button
Seat 1: Fold Your Cats ($100 in chips) is sitting out
Seat 2: blistein ($100 in chips) 
Seat 3: v.sting ($100 in chips) 
Seat 4: yzuk ($121.69 in chips) 
Seat 5: erpaye ($102.83 in chips) 
Seat 6: thisdelle ($17.59 in chips) 
yzuk: posts small blind $0.50
erpaye: posts big blind $1
Fold Your Cats: sits out 
*** HOLE CARDS ***
thisdelle: folds 
blistein: raises $1.30 to $2.30
v.sting: raises $5.70 to $8
yzuk: folds 
erpaye: folds 
blistein: folds 
Uncalled bet ($5.70) returned to v.sting
v.sting collected $6.10 from pot
v.sting: doesn't show hand 
*** SUMMARY ***
Total pot $6.10 | Rake $0 
Seat 1: Fold Your Cats
Seat 2: blistein folded before Flop
Seat 3: v.sting (button) collected ($6.10)
Seat 4: yzuk (small blind) folded before Flop
Seat 5: erpaye (big blind) folded before Flop
Seat 6: thisdelle folded before Flop (didn't bet)



PokerStars Hand #254293858269:  Hold'em No Limit ($0.50/$1.00 USD) - 2025/01/10 12:27:21 WET [2025/01/10 7:27:21 ET]
Table 'Thalia II' 6-max Seat #4 is the button
Seat 1: Fold Your Cats ($100 in chips) is sitting out
Seat 2: blistein ($100 in chips) 
Seat 3: v.sting ($103.80 in chips) 
Seat 4: yzuk ($121.19 in chips) 
Seat 5: erpaye ($101.83 in chips) 
Seat 6: thisdelle ($17.59 in chips) 
erpaye: posts small blind $0.50
thisdelle: posts big blind $1
Fold Your Cats: sits out 
*** HOLE CARDS ***
blistein: raises $1.20 to $2.20
v.sting: folds 
yzuk: folds 
erpaye: folds 
thisdelle: calls $1.20
*** FLOP *** [Ah 2s Kh]
thisdelle: bets $2
Fold Your Cats leaves the table
blistein: calls $2
*** TURN *** [Ah 2s Kh] [2c]
thisdelle: bets $8.46
blistein: calls $8.46
*** RIVER *** [Ah 2s Kh 2c] [Qd]
thisdelle: bets $4.93 and is all-in
blistein: calls $4.93
*** SHOW DOWN ***
thisdelle: shows [2h 5s] (three of a kind, Deuces)
blistein: shows [Kd Kc] (a full house, Kings full of Deuces)
blistein collected $33.90 from pot
*** SUMMARY ***
Total pot $35.68 | Rake $1.78 
Board [Ah 2s Kh 2c Qd]
Seat 1: Fold Your Cats
Seat 2: blistein showed [Kd Kc] and won ($33.90) with a full house, Kings full of Deuces
Seat 3: v.sting folded before Flop (didn't bet)
Seat 4: yzuk (button) folded before Flop (didn't bet)
Seat 5: erpaye (small blind) folded before Flop
Seat 6: thisdelle (big blind) showed [2h 5s] and lost with three of a kind, Deuces



PokerStars Hand #254293865706:  Hold'em No Limit ($0.50/$1.00 USD) - 2025/01/10 12:28:13 WET [2025/01/10 7:28:13 ET]
Table 'Thalia II' 6-max Seat #5 is the button
Seat 6: thisdelle ($0 in chips) is sitting out
Seat 2: blistein ($116.31 in chips) 
Seat 3: v.sting ($103.80 in chips) 
Seat 4: yzuk ($121.19 in chips) 
Seat 5: erpaye ($101.33 in chips) 
blistein: posts small blind $0.50
v.sting: posts big blind $1
*** HOLE CARDS ***
yzuk: folds 
yzuk leaves the table
thisdelle leaves the table
erpaye: raises $1 to $2
blistein: folds 
v.sting: calls $1
*** FLOP *** [4c 7c 8c]
v.sting: checks 
erpaye: checks 
*** TURN *** [4c 7c 8c] [2c]
v.sting: bets $1.41
erpaye: calls $1.41
*** RIVER *** [4c 7c 8c 2c] [6h]
v.sting: bets $5.21
erpaye: calls $5.21
*** SHOW DOWN ***
v.sting: shows [Jh Kc] (a flush, King high)
erpaye: mucks hand 
v.sting collected $16.85 from pot
*** SUMMARY ***
Total pot $17.74 | Rake $0.89 
Board [4c 7c 8c 2c 6h]
Seat 6: thisdelle
Seat 2: blistein (small blind) folded before Flop
Seat 3: v.sting (big blind) showed [Jh Kc] and won ($16.85) with a flush, King high
Seat 4: yzuk folded before Flop (didn't bet)
Seat 5: erpaye (button) mucked



PokerStars Hand #254293875696:  Hold'em No Limit ($0.50/$1.00 USD) - 2025/01/10 12:29:24 WET [2025/01/10 7:29:24 ET]
Table 'Thalia II' 6-max Seat #2 is the button
Seat 2: blistein ($115.81 in chips) 
Seat 3: v.sting ($112.03 in chips) 
Seat 5: erpaye ($100 in chips) 
v.sting: posts small blind $0.50
erpaye: posts big blind $1
*** HOLE CARDS ***
blistein: folds 
blistein leaves the table
v.sting: folds 
Uncalled bet ($0.50) returned to erpaye
YAndy777 joins the table at seat #4 
YAndy777 is disconnected 
erpaye collected $1 from pot
erpaye: doesn't show hand 
*** SUMMARY ***
Total pot $1 | Rake $0 
Seat 2: blistein (button) folded before Flop (didn't bet)
Seat 3: v.sting (small blind) folded before Flop
Seat 5: erpaye (big blind) collected ($1)



PokerStars Hand #254293878591:  Hold'em No Limit ($0.50/$1.00 USD) - 2025/01/10 12:29:44 WET [2025/01/10 7:29:44 ET]
Table 'Thalia II' 6-max Seat #4 is the button
Seat 1: chinokevin13 ($100 in chips) 
Seat 4: YAndy777 ($10 in chips) 
Seat 5: erpaye ($100.50 in chips) 
Seat 6: NoonTime1991 ($100 in chips) 
erpaye: posts small blind $0.50
NoonTime1991: posts big blind $1
*** HOLE CARDS ***
chinokevin13: folds 
YAndy777: folds 
erpaye: raises $1.50 to $2.50
NoonTime1991: folds 
Uncalled bet ($1.50) returned to erpaye
erpaye collected $2 from pot
erpaye: doesn't show hand 
*** SUMMARY ***
Total pot $2 | Rake $0 
Seat 1: chinokevin13 folded before Flop (didn't bet)
Seat 4: YAndy777 (button) folded before Flop (didn't bet)
Seat 5: erpaye (small blind) collected ($2)
Seat 6: NoonTime1991 (big blind) folded before Flop



PokerStars Hand #254293880272:  Hold'em No Limit ($0.50/$1.00 USD) - 2025/01/10 12:29:55 WET [2025/01/10 7:29:55 ET]
Table 'Thalia II' 6-max Seat #5 is the button
Seat 1: chinokevin13 ($100 in chips) 
Seat 4: YAndy777 ($10 in chips) 
Seat 5: erpaye ($101.50 in chips) 
Seat 6: NoonTime1991 ($100 in chips) 
NoonTime1991: posts small blind $0.50
chinokevin13: posts big blind $1
*** HOLE CARDS ***
YAndy777: raises $1 to $2
erpaye: folds 
NoonTime1991: folds 
chinokevin13: folds 
Uncalled bet ($1) returned to YAndy777
YAndy777 collected $2.50 from pot
*** SUMMARY ***
Total pot $2.50 | Rake $0 
Seat 1: chinokevin13 (big blind) folded before Flop
Seat 4: YAndy777 collected ($2.50)
Seat 5: erpaye (button) folded before Flop (didn't bet)
Seat 6: NoonTime1991 (small blind) folded before Flop



PokerStars Hand #254293882607:  Hold'em No Limit ($0.50/$1.00 USD) - 2025/01/10 12:30:11 WET [2025/01/10 7:30:11 ET]
Table 'Thalia II' 6-max Seat #6 is the button
Seat 1: chinokevin13 ($100 in chips) 
Seat 4: YAndy777 ($11.50 in chips) 
Seat 5: erpaye ($101.50 in chips) 
Seat 6: NoonTime1991 ($100 in chips) 
chinokevin13: posts small blind $0.50
YAndy777: posts big blind $1
*** HOLE CARDS ***
erpaye: raises $1 to $2
NoonTime1991: folds 
chinokevin13: folds 
YAndy777: folds 
Uncalled bet ($1) returned to erpaye
erpaye collected $2.50 from pot
erpaye: doesn't show hand 
*** SUMMARY ***
Total pot $2.50 | Rake $0 
Seat 1: chinokevin13 (small blind) folded before Flop
Seat 4: YAndy777 (big blind) folded before Flop
Seat 5: erpaye collected ($2.50)
Seat 6: NoonTime1991 (button) folded before Flop (didn't bet)



PokerStars Hand #254293885897:  Hold'em No Limit ($0.50/$1.00 USD) - 2025/01/10 12:30:34 WET [2025/01/10 7:30:34 ET]
Table 'Thalia II' 6-max Seat #1 is the button
Seat 1: chinokevin13 ($100 in chips) 
Seat 4: YAndy777 ($10.50 in chips) 
Seat 5: erpaye ($103 in chips) 
Seat 6: NoonTime1991 ($100 in chips) 
YAndy777: posts small blind $0.50
erpaye: posts big blind $1
*** HOLE CARDS ***
NoonTime1991: raises $1 to $2
chinokevin13: folds 
YAndy777: calls $1.50
erpaye: calls $1
*** FLOP *** [Qh Qd Qc]
YAndy777: bets $2.85
erpaye: folds 
NoonTime1991: calls $2.85
*** TURN *** [Qh Qd Qc] [Qs]
YAndy777: checks 
NoonTime1991: bets $2.78
YAndy777: calls $2.78
*** RIVER *** [Qh Qd Qc Qs] [3d]
YAndy777: checks 
NoonTime1991: bets $8.20
YAndy777: calls $2.87 and is all-in
Uncalled bet ($5.33) returned to NoonTime1991
*** SHOW DOWN ***
NoonTime1991: shows [8h Ac] (four of a kind, Queens)
YAndy777: shows [4c 4h] (four of a kind, Queens - lower kicker)
NoonTime1991 collected $22 from pot
*** SUMMARY ***
Total pot $23 | Rake $1 
Board [Qh Qd Qc Qs 3d]
Seat 1: chinokevin13 (button) folded before Flop (didn't bet)
Seat 4: YAndy777 (small blind) showed [4c 4h] and lost with four of a kind, Queens
Seat 5: erpaye (big blind) folded on the Flop
Seat 6: NoonTime1991 showed [8h Ac] and won ($22) with four of a kind, Queens



PokerStars Hand #254293897948:  Hold'em No Limit ($0.50/$1.00 USD) - 2025/01/10 12:31:57 WET [2025/01/10 7:31:57 ET]
Table 'Thalia II' 6-max Seat #5 is the button
Seat 4: YAndy777 ($0 in chips) is sitting out
Seat 1: chinokevin13 ($100 in chips) 
Seat 5: erpaye ($101 in chips) 
Seat 6: NoonTime1991 ($111.50 in chips) 
NoonTime1991: posts small blind $0.50
chinokevin13: posts big blind $1
*** HOLE CARDS ***
erpaye: raises $1.30 to $2.30
NoonTime1991: raises $8.70 to $11
chinokevin13: folds 
erpaye: calls $8.70
*** FLOP *** [7h 5d Ks]
NoonTime1991: bets $11
erpaye: calls $11
*** TURN *** [7h 5d Ks] [Jc]
NoonTime1991: checks 
erpaye: checks 
*** RIVER *** [7h 5d Ks Jc] [Kc]
FAZY011 joins the table at seat #2 
FAZY011 is disconnected 
Evelexy1 joins the table at seat #3 
NoonTime1991: bets $29.04
erpaye: folds 
Uncalled bet ($29.04) returned to NoonTime1991
NoonTime1991 collected $44 from pot
NoonTime1991: doesn't show hand 
*** SUMMARY ***
Total pot $45 | Rake $1 
Board [7h 5d Ks Jc Kc]
Seat 4: YAndy777
Seat 1: chinokevin13 (big blind) folded before Flop
Seat 5: erpaye (button) folded on the River
Seat 6: NoonTime1991 (small blind) collected ($44)



PokerStars Hand #254293912143:  Hold'em No Limit ($0.50/$1.00 USD) - 2025/01/10 12:33:34 WET [2025/01/10 7:33:34 ET]
Table 'Thalia II' 6-max Seat #6 is the button
Seat 3: Evelexy1 ($100 in chips) is sitting out
Seat 1: chinokevin13 ($100 in chips) 
Seat 2: FAZY011 ($10 in chips) 
Seat 4: YAndy777 ($29.79 in chips) 
Seat 5: erpaye ($100 in chips) 
Seat 6: NoonTime1991 ($133.50 in chips) 
chinokevin13: posts small blind $0.50
FAZY011: posts big blind $1
Evelexy1: sits out 
*** HOLE CARDS ***
YAndy777: folds 
erpaye: folds 
NoonTime1991: raises $2 to $3
chinokevin13: folds 
FAZY011: folds 
Uncalled bet ($2) returned to NoonTime1991
NoonTime1991 collected $2.50 from pot
NoonTime1991: doesn't show hand 
*** SUMMARY ***
Total pot $2.50 | Rake $0 
Seat 3: Evelexy1
Seat 1: chinokevin13 (small blind) folded before Flop
Seat 2: FAZY011 (big blind) folded before Flop
Seat 4: YAndy777 folded before Flop (didn't bet)
Seat 5: erpaye folded before Flop (didn't bet)
Seat 6: NoonTime1991 (button) collected ($2.50)



PokerStars Hand #254293915457:  Hold'em No Limit ($0.50/$1.00 USD) - 2025/01/10 12:33:56 WET [2025/01/10 7:33:56 ET]
Table 'Thalia II' 6-max Seat #1 is the button
Seat 1: chinokevin13 ($100 in chips) 
Seat 2: FAZY011 ($9 in chips) 
Seat 3: Evelexy1 ($100 in chips) 
Seat 4: YAndy777 ($29.79 in chips) 
Seat 5: erpaye ($100 in chips) 
Seat 6: NoonTime1991 ($135 in chips) 
FAZY011: posts small blind $0.50
Evelexy1: posts big blind $1
*** HOLE CARDS ***
YAndy777: folds 
erpaye: folds 
NoonTime1991: folds 
chinokevin13: folds 
FAZY011: folds 
Uncalled bet ($0.50) returned to Evelexy1
Evelexy1 collected $1 from pot
Evelexy1: doesn't show hand 
*** SUMMARY ***
Total pot $1 | Rake $0 
Seat 1: chinokevin13 (button) folded before Flop (didn't bet)
Seat 2: FAZY011 (small blind) folded before Flop
Seat 3: Evelexy1 (big blind) collected ($1)
Seat 4: YAndy777 folded before Flop (didn't bet)
Seat 5: erpaye folded before Flop (didn't bet)
Seat 6: NoonTime1991 folded before Flop (didn't bet)



PokerStars Hand #254293917312:  Hold'em No Limit ($0.50/$1.00 USD) - 2025/01/10 12:34:09 WET [2025/01/10 7:34:09 ET]
Table 'Thalia II' 6-max Seat #2 is the button
Seat 1: chinokevin13 ($100 in chips) 
Seat 2: FAZY011 ($8.50 in chips) 
Seat 4: YAndy777 ($29.79 in chips) 
Seat 5: erpaye ($100 in chips) 
Seat 6: NoonTime1991 ($135 in chips) 
YAndy777: posts small blind $0.50
erpaye: posts big blind $1
*** HOLE CARDS ***
NoonTime1991: folds 
chinokevin13: raises $1.50 to $2.50
FAZY011: raises $6 to $8.50 and is all-in
PayTaxOrDie joins the table at seat #3 
YAndy777: folds 
erpaye: folds 
chinokevin13: folds 
Uncalled bet ($6) returned to FAZY011
FAZY011 collected $6.50 from pot
*** SUMMARY ***
Total pot $6.50 | Rake $0 
Seat 1: chinokevin13 folded before Flop
Seat 2: FAZY011 (button) collected ($6.50)
Seat 4: YAndy777 (small blind) folded before Flop
Seat 5: erpaye (big blind) folded before Flop
Seat 6: NoonTime1991 folded before Flop (didn't bet)



PokerStars Hand #254293922519:  Hold'em No Limit ($0.50/$1.00 USD) - 2025/01/10 12:34:43 WET [2025/01/10 7:34:43 ET]
Table 'Thalia II' 6-max Seat #4 is the button
Seat 3: PayTaxOrDie ($100 in chips) is sitting out
Seat 6: NoonTime1991 ($135 in chips) is sitting out
Seat 1: chinokevin13 ($100 in chips) 
Seat 2: FAZY011 ($12.50 in chips) 
Seat 4: YAndy777 ($29.29 in chips) 
Seat 5: erpaye ($100 in chips) 
erpaye: posts small blind $0.50
NoonTime1991: is sitting out 
chinokevin13: posts big blind $1
PayTaxOrDie: sits out 
*** HOLE CARDS ***
FAZY011: folds 
YAndy777: calls $1
erpaye: calls $0.50
chinokevin13: raises $4 to $5
YAndy777: folds 
erpaye: folds 
Uncalled bet ($4) returned to chinokevin13
chinokevin13 collected $3 from pot
chinokevin13: doesn't show hand 
*** SUMMARY ***
Total pot $3 | Rake $0 
Seat 3: PayTaxOrDie
Seat 6: NoonTime1991
Seat 1: chinokevin13 (big blind) collected ($3)
Seat 2: FAZY011 folded before Flop (didn't bet)
Seat 4: YAndy777 (button) folded before Flop
Seat 5: erpaye (small blind) folded before Flop



PokerStars Hand #254293926643:  Hold'em No Limit ($0.50/$1.00 USD) - 2025/01/10 12:35:11 WET [2025/01/10 7:35:11 ET]
Table 'Thalia II' 6-max Seat #5 is the button
Seat 3: PayTaxOrDie ($100 in chips) is sitting out
Seat 6: NoonTime1991 ($135 in chips) is sitting out
Seat 1: chinokevin13 ($102 in chips) 
Seat 2: FAZY011 ($12.50 in chips) 
Seat 4: YAndy777 ($28.29 in chips) 
Seat 5: erpaye ($100 in chips) 
chinokevin13: posts small blind $0.50
FAZY011: posts big blind $1
PayTaxOrDie: sits out 
*** HOLE CARDS ***
YAndy777: calls $1
erpaye: folds 
chinokevin13: folds 
FAZY011: checks 
*** FLOP *** [Jd Js 5d]
FAZY011: checks 
YAndy777: bets $1.19
FAZY011: folds 
Uncalled bet ($1.19) returned to YAndy777
YAndy777 collected $2.38 from pot
*** SUMMARY ***
Total pot $2.50 | Rake $0.12 
Board [Jd Js 5d]
Seat 3: PayTaxOrDie
Seat 6: NoonTime1991
Seat 1: chinokevin13 (small blind) folded before Flop
Seat 2: FAZY011 (big blind) folded on the Flop
Seat 4: YAndy777 collected ($2.38)
Seat 5: erpaye (button) folded before Flop (didn't bet)



PokerStars Hand #254293930216:  Hold'em No Limit ($0.50/$1.00 USD) - 2025/01/10 12:35:35 WET [2025/01/10 7:35:35 ET]
Table 'Thalia II' 6-max Seat #1 is the button
Seat 6: NoonTime1991 ($135 in chips) is sitting out
Seat 1: chinokevin13 ($101.50 in chips) 
Seat 2: FAZY011 ($11.50 in chips) 
Seat 3: PayTaxOrDie ($100 in chips) 
Seat 4: YAndy777 ($29.67 in chips) 
Seat 5: erpaye ($100 in chips) 
FAZY011: posts small blind $0.50
PayTaxOrDie: posts big blind $1
NoonTime1991: sits out 
*** HOLE CARDS ***
YAndy777: folds 
erpaye: raises $1 to $2
chinokevin13: folds 
FAZY011: calls $1.50
PayTaxOrDie: folds 
*** FLOP *** [Jd Tc 6h]
FAZY011: checks 
erpaye: checks 
*** TURN *** [Jd Tc 6h] [Kd]
FAZY011: checks 
erpaye: checks 
*** RIVER *** [Jd Tc 6h Kd] [7s]
FAZY011: checks 
erpaye: bets $3.14
FAZY011: calls $3.14
*** SHOW DOWN ***
erpaye: shows [5d 4d] (high card King)
FAZY011: shows [As Th] (a pair of Tens)
FAZY011 collected $10.72 from pot
*** SUMMARY ***
Total pot $11.28 | Rake $0.56 
Board [Jd Tc 6h Kd 7s]
Seat 6: NoonTime1991
Seat 1: chinokevin13 (button) folded before Flop (didn't bet)
Seat 2: FAZY011 (small blind) showed [As Th] and won ($10.72) with a pair of Tens
Seat 3: PayTaxOrDie (big blind) folded before Flop
Seat 4: YAndy777 folded before Flop (didn't bet)
Seat 5: erpaye showed [5d 4d] and lost with high card King



PokerStars Hand #254293936662:  Hold'em No Limit ($0.50/$1.00 USD) - 2025/01/10 12:36:18 WET [2025/01/10 7:36:18 ET]
Table 'Thalia II' 6-max Seat #2 is the button
Seat 6: NoonTime1991 ($135 in chips) is sitting out
Seat 1: chinokevin13 ($101.50 in chips) 
Seat 2: FAZY011 ($17.08 in chips) 
Seat 3: PayTaxOrDie ($100 in chips) 
Seat 4: YAndy777 ($29.67 in chips) 
Seat 5: erpaye ($100 in chips) 
PayTaxOrDie: posts small blind $0.50
YAndy777: posts big blind $1
NoonTime1991: sits out 
*** HOLE CARDS ***
erpaye: folds 
chinokevin13: raises $1.50 to $2.50
FAZY011: folds 
PayTaxOrDie: folds 
YAndy777: calls $1.50
*** FLOP *** [Kc 7d Js]
YAndy777: bets $5.22
chinokevin13: folds 
Uncalled bet ($5.22) returned to YAndy777
YAndy777 collected $5.22 from pot
*** SUMMARY ***
Total pot $5.50 | Rake $0.28 
Board [Kc 7d Js]
Seat 6: NoonTime1991
Seat 1: chinokevin13 folded on the Flop
Seat 2: FAZY011 (button) folded before Flop (didn't bet)
Seat 3: PayTaxOrDie (small blind) folded before Flop
Seat 4: YAndy777 (big blind) collected ($5.22)
Seat 5: erpaye folded before Flop (didn't bet)



PokerStars Hand #254293940601:  Hold'em No Limit ($0.50/$1.00 USD) - 2025/01/10 12:36:45 WET [2025/01/10 7:36:45 ET]
Table 'Thalia II' 6-max Seat #3 is the button
Seat 5: erpaye ($100 in chips) is sitting out
Seat 1: chinokevin13 ($100 in chips) 
Seat 2: FAZY011 ($17.08 in chips) 
Seat 3: PayTaxOrDie ($100 in chips) 
Seat 4: YAndy777 ($32.39 in chips) 
Seat 6: NoonTime1991 ($135 in chips) 
YAndy777: posts small blind $0.50
erpaye: is sitting out 
NoonTime1991: posts big blind $1
*** HOLE CARDS ***
chinokevin13: folds 
FAZY011: folds 
PayTaxOrDie: raises $1.50 to $2.50
erpaye leaves the table
YAndy777: folds 
NoonTime1991: folds 
Uncalled bet ($1.50) returned to PayTaxOrDie
PayTaxOrDie collected $2.50 from pot
PayTaxOrDie: doesn't show hand 
*** SUMMARY ***
Total pot $2.50 | Rake $0 
Seat 5: erpaye
Seat 1: chinokevin13 folded before Flop (didn't bet)
Seat 2: FAZY011 folded before Flop (didn't bet)
Seat 3: PayTaxOrDie (button) collected ($2.50)
Seat 4: YAndy777 (small blind) folded before Flop
Seat 6: NoonTime1991 (big blind) folded before Flop



PokerStars Hand #254293942155:  Hold'em No Limit ($0.50/$1.00 USD) - 2025/01/10 12:36:56 WET [2025/01/10 7:36:56 ET]
Table 'Thalia II' 6-max Seat #4 is the button
Seat 1: chinokevin13 ($100 in chips) 
Seat 2: FAZY011 ($17.08 in chips) 
Seat 3: PayTaxOrDie ($101.50 in chips) 
Seat 4: YAndy777 ($31.89 in chips) 
Seat 6: NoonTime1991 ($134 in chips) 
NoonTime1991: posts small blind $0.50
chinokevin13: posts big blind $1
*** HOLE CARDS ***
FAZY011: folds 
PayTaxOrDie: folds 
YAndy777: folds 
NoonTime1991: folds 
Uncalled bet ($0.50) returned to chinokevin13
chinokevin13 collected $1 from pot
chinokevin13: doesn't show hand 
*** SUMMARY ***
Total pot $1 | Rake $0 
Seat 1: chinokevin13 (big blind) collected ($1)
Seat 2: FAZY011 folded before Flop (didn't bet)
Seat 3: PayTaxOrDie folded before Flop (didn't bet)
Seat 4: YAndy777 (button) folded before Flop (didn't bet)
Seat 6: NoonTime1991 (small blind) folded before Flop



PokerStars Hand #254293944109:  Hold'em No Limit ($0.50/$1.00 USD) - 2025/01/10 12:37:09 WET [2025/01/10 7:37:09 ET]
Table 'Thalia II' 6-max Seat #6 is the button
Seat 1: chinokevin13 ($100.50 in chips) 
Seat 2: FAZY011 ($17.08 in chips) 
Seat 3: PayTaxOrDie ($101.50 in chips) 
Seat 4: YAndy777 ($31.89 in chips) 
Seat 6: NoonTime1991 ($133.50 in chips) 
chinokevin13: posts small blind $0.50
FAZY011: posts big blind $1
*** HOLE CARDS ***
PayTaxOrDie: folds 
YAndy777: folds 
NoonTime1991: folds 
chinokevin13: raises $1.50 to $2.50
FAZY011: folds 
Uncalled bet ($1.50) returned to chinokevin13
chinokevin13 collected $2 from pot
chinokevin13: doesn't show hand 
*** SUMMARY ***
Total pot $2 | Rake $0 
Seat 1: chinokevin13 (small blind) collected ($2)
Seat 2: FAZY011 (big blind) folded before Flop
Seat 3: PayTaxOrDie folded before Flop (didn't bet)
Seat 4: YAndy777 folded before Flop (didn't bet)
Seat 6: NoonTime1991 (button) folded before Flop (didn't bet)



PokerStars Hand #254293946445:  Hold'em No Limit ($0.50/$1.00 USD) - 2025/01/10 12:37:25 WET [2025/01/10 7:37:25 ET]
Table 'Thalia II' 6-max Seat #1 is the button
Seat 1: chinokevin13 ($101.50 in chips) 
Seat 2: FAZY011 ($16.08 in chips) 
Seat 3: PayTaxOrDie ($101.50 in chips) 
Seat 4: YAndy777 ($31.89 in chips) 
Seat 6: NoonTime1991 ($133.50 in chips) 
FAZY011: posts small blind $0.50
PayTaxOrDie: posts big blind $1
*** HOLE CARDS ***
Pon4uk.ua joins the table at seat #5 
YAndy777: folds 
NoonTime1991: raises $1 to $2
chinokevin13: folds 
FAZY011: folds 
PayTaxOrDie: folds 
Uncalled bet ($1) returned to NoonTime1991
NoonTime1991 collected $2.50 from pot
NoonTime1991: doesn't show hand 
*** SUMMARY ***
Total pot $2.50 | Rake $0 
Seat 1: chinokevin13 (button) folded before Flop (didn't bet)
Seat 2: FAZY011 (small blind) folded before Flop
Seat 3: PayTaxOrDie (big blind) folded before Flop
Seat 4: YAndy777 folded before Flop (didn't bet)
Seat 6: NoonTime1991 collected ($2.50)



PokerStars Hand #254293948481:  Hold'em No Limit ($0.50/$1.00 USD) - 2025/01/10 12:37:39 WET [2025/01/10 7:37:39 ET]
Table 'Thalia II' 6-max Seat #2 is the button
Seat 5: Pon4uk.ua ($100 in chips) is sitting out
Seat 1: chinokevin13 ($101.50 in chips) 
Seat 2: FAZY011 ($15.58 in chips) 
Seat 3: PayTaxOrDie ($100.50 in chips) 
Seat 4: YAndy777 ($31.89 in chips) 
Seat 6: NoonTime1991 ($135 in chips) 
PayTaxOrDie: posts small blind $0.50
YAndy777: posts big blind $1
Pon4uk.ua: sits out 
*** HOLE CARDS ***
NoonTime1991: folds 
chinokevin13: raises $1.50 to $2.50
FAZY011: folds 
PayTaxOrDie has timed out
PayTaxOrDie: folds 
YAndy777: folds 
Uncalled bet ($1.50) returned to chinokevin13
PayTaxOrDie leaves the table
chinokevin13 collected $2.50 from pot
chinokevin13: doesn't show hand 
*** SUMMARY ***
Total pot $2.50 | Rake $0 
Seat 5: Pon4uk.ua
Seat 1: chinokevin13 collected ($2.50)
Seat 2: FAZY011 (button) folded before Flop (didn't bet)
Seat 3: PayTaxOrDie (small blind) folded before Flop
Seat 4: YAndy777 (big blind) folded before Flop
Seat 6: NoonTime1991 folded before Flop (didn't bet)



PokerStars Hand #254293955374:  Hold'em No Limit ($0.50/$1.00 USD) - 2025/01/10 12:38:25 WET [2025/01/10 7:38:25 ET]
Table 'Thalia II' 6-max Seat #4 is the button
Seat 5: Pon4uk.ua ($100 in chips) is sitting out
Seat 1: chinokevin13 ($103 in chips) 
Seat 2: FAZY011 ($15.58 in chips) 
Seat 4: YAndy777 ($30.89 in chips) 
Seat 6: NoonTime1991 ($135 in chips) 
NoonTime1991: posts small blind $0.50
chinokevin13: posts big blind $1
*** HOLE CARDS ***
FAZY011: folds 
YAndy777: folds 
NoonTime1991: folds 
Uncalled bet ($0.50) returned to chinokevin13
chinokevin13 collected $1 from pot
chinokevin13: doesn't show hand 
*** SUMMARY ***
Total pot $1 | Rake $0 
Seat 5: Pon4uk.ua
Seat 1: chinokevin13 (big blind) collected ($1)
Seat 2: FAZY011 folded before Flop (didn't bet)
Seat 4: YAndy777 (button) folded before Flop (didn't bet)
Seat 6: NoonTime1991 (small blind) folded before Flop



PokerStars Hand #254293956894:  Hold'em No Limit ($0.50/$1.00 USD) - 2025/01/10 12:38:35 WET [2025/01/10 7:38:35 ET]
Table 'Thalia II' 6-max Seat #6 is the button
Seat 5: Pon4uk.ua ($100 in chips) is sitting out
Seat 1: chinokevin13 ($103.50 in chips) 
Seat 2: FAZY011 ($15.58 in chips) 
Seat 4: YAndy777 ($30.89 in chips) 
Seat 6: NoonTime1991 ($134.50 in chips) 
chinokevin13: posts small blind $0.50
iNeverBluff398 joins the table at seat #3 
FAZY011: posts big blind $1
Pon4uk.ua: sits out 
*** HOLE CARDS ***
YAndy777: folds 
NoonTime1991: raises $1 to $2
chinokevin13: folds 
FAZY011: calls $1
*** FLOP *** [Ah 5s 4s]
FAZY011: checks 
NoonTime1991: bets $1.41
FAZY011: folds 
Uncalled bet ($1.41) returned to NoonTime1991
NoonTime1991 collected $4.28 from pot
NoonTime1991: doesn't show hand 
*** SUMMARY ***
Total pot $4.50 | Rake $0.22 
Board [Ah 5s 4s]
Seat 5: Pon4uk.ua
Seat 1: chinokevin13 (small blind) folded before Flop
Seat 2: FAZY011 (big blind) folded on the Flop
Seat 4: YAndy777 folded before Flop (didn't bet)
Seat 6: NoonTime1991 (button) collected ($4.28)



PokerStars Hand #254293960189:  Hold'em No Limit ($0.50/$1.00 USD) - 2025/01/10 12:38:57 WET [2025/01/10 7:38:57 ET]
Table 'Thalia II' 6-max Seat #1 is the button
Seat 5: Pon4uk.ua ($100 in chips) is sitting out
Seat 1: chinokevin13 ($103 in chips) 
Seat 2: FAZY011 ($13.58 in chips) 
Seat 3: iNeverBluff398 ($100 in chips) 
Seat 4: YAndy777 ($30.89 in chips) 
Seat 6: NoonTime1991 ($136.78 in chips) 
FAZY011: posts small blind $0.50
iNeverBluff398: posts big blind $1
Pon4uk.ua: sits out 
*** HOLE CARDS ***
YAndy777: calls $1
NoonTime1991: folds 
chinokevin13: raises $3 to $4
FAZY011: folds 
iNeverBluff398: folds 
YAndy777: calls $3
*** FLOP *** [Jh 4d 8c]
YAndy777: checks 
chinokevin13: bets $2.98
YAndy777: folds 
Uncalled bet ($2.98) returned to chinokevin13
chinokevin13 collected $9.02 from pot
chinokevin13: doesn't show hand 
*** SUMMARY ***
Total pot $9.50 | Rake $0.48 
Board [Jh 4d 8c]
Seat 5: Pon4uk.ua
Seat 1: chinokevin13 (button) collected ($9.02)
Seat 2: FAZY011 (small blind) folded before Flop
Seat 3: iNeverBluff398 (big blind) folded before Flop
Seat 4: YAndy777 folded on the Flop
Seat 6: NoonTime1991 folded before Flop (didn't bet)



PokerStars Hand #254293965936:  Hold'em No Limit ($0.50/$1.00 USD) - 2025/01/10 12:39:36 WET [2025/01/10 7:39:36 ET]
Table 'Thalia II' 6-max Seat #2 is the button
Seat 5: Pon4uk.ua ($100 in chips) is sitting out
Seat 1: chinokevin13 ($108.02 in chips) 
Seat 2: FAZY011 ($13.08 in chips) 
Seat 3: iNeverBluff398 ($100 in chips) 
Seat 4: YAndy777 ($26.89 in chips) 
Seat 6: NoonTime1991 ($136.78 in chips) 
iNeverBluff398: posts small blind $0.50
YAndy777: posts big blind $1
Pon4uk.ua: sits out 
*** HOLE CARDS ***
NoonTime1991: folds 
chinokevin13: folds 
FAZY011: raises $2.50 to $3.50
iNeverBluff398: raises $8.50 to $12
YAndy777: calls $11
FAZY011: raises $1.08 to $13.08 and is all-in
iNeverBluff398: calls $1.08
YAndy777: calls $1.08
*** FLOP *** [Tc 6c Td]
iNeverBluff398: bets $27.96
YAndy777: folds 
Uncalled bet ($27.96) returned to iNeverBluff398
*** TURN *** [Tc 6c Td] [Kc]
*** RIVER *** [Tc 6c Td Kc] [4d]
*** SHOW DOWN ***
iNeverBluff398: shows [Kh Jh] (two pair, Kings and Tens)
FAZY011: shows [As 2s] (a pair of Tens)
iNeverBluff398 collected $37.28 from pot
FAZY011 cashed out the hand for $26.80 | Cash Out Fee $0.55
*** SUMMARY ***
Total pot $39.24 | Rake $1.96 
Board [Tc 6c Td Kc 4d]
Seat 5: Pon4uk.ua
Seat 1: chinokevin13 folded before Flop (didn't bet)
Seat 2: FAZY011 (button) showed [As 2s] and lost with a pair of Tens (cashed out).
Seat 3: iNeverBluff398 (small blind) showed [Kh Jh] and won ($37.28) with two pair, Kings and Tens
Seat 4: YAndy777 (big blind) folded on the Flop
Seat 6: NoonTime1991 folded before Flop (didn't bet)



PokerStars Hand #254293972934:  Hold'em No Limit ($0.50/$1.00 USD) - 2025/01/10 12:40:22 WET [2025/01/10 7:40:22 ET]
Table 'Thalia II' 6-max Seat #3 is the button
Seat 1: chinokevin13 ($108.02 in chips) 
Seat 2: FAZY011 ($26.80 in chips) 
Seat 3: iNeverBluff398 ($124.20 in chips) 
Seat 4: YAndy777 ($13.81 in chips) 
Seat 5: Pon4uk.ua ($100 in chips) 
Seat 6: NoonTime1991 ($136.78 in chips) 
YAndy777: posts small blind $0.50
Pon4uk.ua: posts big blind $1
*** HOLE CARDS ***
NoonTime1991: folds 
chinokevin13: folds 
FAZY011: folds 
iNeverBluff398: raises $1.20 to $2.20
YAndy777: folds 
Pon4uk.ua: calls $1.20
*** FLOP *** [Ah 4d 8c]
Pon4uk.ua: checks 
iNeverBluff398: bets $1.54
Pon4uk.ua: folds 
Uncalled bet ($1.54) returned to iNeverBluff398
iNeverBluff398 collected $4.66 from pot
iNeverBluff398: doesn't show hand 
*** SUMMARY ***
Total pot $4.90 | Rake $0.24 
Board [Ah 4d 8c]
Seat 1: chinokevin13 folded before Flop (didn't bet)
Seat 2: FAZY011 folded before Flop (didn't bet)
Seat 3: iNeverBluff398 (button) collected ($4.66)
Seat 4: YAndy777 (small blind) folded before Flop
Seat 5: Pon4uk.ua (big blind) folded on the Flop
Seat 6: NoonTime1991 folded before Flop (didn't bet)



PokerStars Hand #254293976024:  Hold'em No Limit ($0.50/$1.00 USD) - 2025/01/10 12:40:42 WET [2025/01/10 7:40:42 ET]
Table 'Thalia II' 6-max Seat #4 is the button
Seat 1: chinokevin13 ($108.02 in chips) 
Seat 2: FAZY011 ($26.80 in chips) 
Seat 3: iNeverBluff398 ($126.66 in chips) 
Seat 4: YAndy777 ($13.31 in chips) 
Seat 5: Pon4uk.ua ($100 in chips) 
Seat 6: NoonTime1991 ($136.78 in chips) 
Pon4uk.ua: posts small blind $0.50
NoonTime1991: posts big blind $1
*** HOLE CARDS ***
chinokevin13: folds 
FAZY011: folds 
iNeverBluff398: raises $1.20 to $2.20
YAndy777: raises $5.90 to $8.10
Pon4uk.ua: raises $11.90 to $20
NoonTime1991: folds 
iNeverBluff398: folds 
YAndy777: calls $5.21 and is all-in
Uncalled bet ($6.69) returned to Pon4uk.ua
*** FLOP *** [5s 9s 8s]
*** TURN *** [5s 9s 8s] [As]
*** RIVER *** [5s 9s 8s As] [5h]
*** SHOW DOWN ***
Pon4uk.ua: shows [Td Ts] (a flush, Ace high)
YAndy777: shows [9h Kh] (two pair, Nines and Fives)
Pon4uk.ua collected $28.33 from pot
*** SUMMARY ***
Total pot $29.82 | Rake $1.49 
Board [5s 9s 8s As 5h]
Seat 1: chinokevin13 folded before Flop (didn't bet)
Seat 2: FAZY011 folded before Flop (didn't bet)
Seat 3: iNeverBluff398 folded before Flop
Seat 4: YAndy777 (button) showed [9h Kh] and lost with two pair, Nines and Fives
Seat 5: Pon4uk.ua (small blind) showed [Td Ts] and won ($28.33) with a flush, Ace high
Seat 6: NoonTime1991 (big blind) folded before Flop



PokerStars Hand #254293983276:  Hold'em No Limit ($0.50/$1.00 USD) - 2025/01/10 12:41:30 WET [2025/01/10 7:41:30 ET]
Table 'Thalia II' 6-max Seat #5 is the button
Seat 4: YAndy777 ($0 in chips) is sitting out
Seat 1: chinokevin13 ($108.02 in chips) 
Seat 2: FAZY011 ($26.80 in chips) 
Seat 3: iNeverBluff398 ($124.46 in chips) 
Seat 5: Pon4uk.ua ($115.02 in chips) 
Seat 6: NoonTime1991 ($135.78 in chips) 
NoonTime1991: posts small blind $0.50
chinokevin13: posts big blind $1
*** HOLE CARDS ***
FAZY011: folds 
iNeverBluff398: folds 
Pon4uk.ua: folds 
NoonTime1991: folds 
Uncalled bet ($0.50) returned to chinokevin13
chinokevin13 collected $1 from pot
chinokevin13: doesn't show hand 
*** SUMMARY ***
Total pot $1 | Rake $0 
Seat 4: YAndy777
Seat 1: chinokevin13 (big blind) collected ($1)
Seat 2: FAZY011 folded before Flop (didn't bet)
Seat 3: iNeverBluff398 folded before Flop (didn't bet)
Seat 5: Pon4uk.ua (button) folded before Flop (didn't bet)
Seat 6: NoonTime1991 (small blind) folded before Flop



PokerStars Hand #254293985655:  Hold'em No Limit ($0.50/$1.00 USD) - 2025/01/10 12:41:45 WET [2025/01/10 7:41:45 ET]
Table 'Thalia II' 6-max Seat #6 is the button
Seat 2: FAZY011 ($26.80 in chips) is sitting out
Seat 1: chinokevin13 ($108.52 in chips) 
Seat 3: iNeverBluff398 ($124.46 in chips) 
Seat 4: YAndy777 ($28.35 in chips) 
Seat 5: Pon4uk.ua ($115.02 in chips) 
Seat 6: NoonTime1991 ($135.28 in chips) 
chinokevin13: posts small blind $0.50
iNeverBluff398: posts big blind $1
*** HOLE CARDS ***
FAZY011 leaves the table
YAndy777: folds 
Pon4uk.ua: folds 
NoonTime1991: folds 
chinokevin13: raises $2 to $3
iNeverBluff398: raises $6 to $9
yzuk joins the table at seat #2 
chinokevin13: calls $6
*** FLOP *** [5d 9c 9s]
chinokevin13: checks 
iNeverBluff398: bets $12.83
chinokevin13: folds 
Uncalled bet ($12.83) returned to iNeverBluff398
iNeverBluff398 collected $17.10 from pot
iNeverBluff398: doesn't show hand 
*** SUMMARY ***
Total pot $18 | Rake $0.90 
Board [5d 9c 9s]
Seat 2: FAZY011
Seat 1: chinokevin13 (small blind) folded on the Flop
Seat 3: iNeverBluff398 (big blind) collected ($17.10)
Seat 4: YAndy777 folded before Flop (didn't bet)
Seat 5: Pon4uk.ua folded before Flop (didn't bet)
Seat 6: NoonTime1991 (button) folded before Flop (didn't bet)



PokerStars Hand #254293996485:  Hold'em No Limit ($0.50/$1.00 USD) - 2025/01/10 12:42:55 WET [2025/01/10 7:42:55 ET]
Table 'Thalia II' 6-max Seat #1 is the button
Seat 2: yzuk ($121.19 in chips) is sitting out
Seat 1: chinokevin13 ($100 in chips) 
Seat 3: iNeverBluff398 ($132.56 in chips) 
Seat 4: YAndy777 ($28.35 in chips) 
Seat 5: Pon4uk.ua ($115.02 in chips) 
Seat 6: NoonTime1991 ($135.28 in chips) 
iNeverBluff398: posts small blind $0.50
YAndy777: posts big blind $1
*** HOLE CARDS ***
Pon4uk.ua has timed out
Pon4uk.ua: folds 
NoonTime1991: folds 
chinokevin13: folds 
iNeverBluff398: raises $1 to $2
YAndy777: calls $1
*** FLOP *** [Th 4s 6d]
iNeverBluff398: checks 
YAndy777: checks 
*** TURN *** [Th 4s 6d] [2s]
iNeverBluff398: bets $1.25
YAndy777: calls $1.25
*** RIVER *** [Th 4s 6d 2s] [4h]
iNeverBluff398: bets $2
YAndy777: calls $2
*** SHOW DOWN ***
iNeverBluff398: shows [5d 6h] (two pair, Sixes and Fours)
YAndy777: mucks hand 
iNeverBluff398 collected $9.98 from pot
*** SUMMARY ***
Total pot $10.50 | Rake $0.52 
Board [Th 4s 6d 2s 4h]
Seat 2: yzuk
Seat 1: chinokevin13 (button) folded before Flop (didn't bet)
Seat 3: iNeverBluff398 (small blind) showed [5d 6h] and won ($9.98) with two pair, Sixes and Fours
Seat 4: YAndy777 (big blind) mucked
Seat 5: Pon4uk.ua folded before Flop (didn't bet)
Seat 6: NoonTime1991 folded before Flop (didn't bet)



PokerStars Hand #254297581978:  Hold'em No Limit ($0.50/$1.00 USD) - 2025/01/10 17:30:33 WET [2025/01/10 12:30:33 ET]
Table 'Thalia II' 6-max Seat #1 is the button
Seat 1: raketkasix ($100 in chips) 
Seat 2: gig.gyty ($100 in chips) 
Seat 3: dreimis190 ($100 in chips) 
Seat 4: Johnnyj0 ($101 in chips) 
Seat 5: blackclan7 ($101.50 in chips) 
Seat 6: CichiChanMarian ($101 in chips) 
gig.gyty: posts small blind $0.50
dreimis190: posts big blind $1
*** HOLE CARDS ***
Johnnyj0: raises $1.50 to $2.50
blackclan7: folds 
CichiChanMarian: folds 
raketkasix: folds 
gig.gyty: folds 
dreimis190: folds 
Uncalled bet ($1.50) returned to Johnnyj0
Johnnyj0 collected $2.50 from pot
Johnnyj0: doesn't show hand 
*** SUMMARY ***
Total pot $2.50 | Rake $0 
Seat 1: raketkasix (button) folded before Flop (didn't bet)
Seat 2: gig.gyty (small blind) folded before Flop
Seat 3: dreimis190 (big blind) folded before Flop
Seat 4: Johnnyj0 collected ($2.50)
Seat 5: blackclan7 folded before Flop (didn't bet)
Seat 6: CichiChanMarian folded before Flop (didn't bet)



PokerStars Hand #254297588673:  Hold'em No Limit ($0.50/$1.00 USD) - 2025/01/10 17:30:56 WET [2025/01/10 12:30:56 ET]
Table 'Thalia II' 6-max Seat #2 is the button
Seat 1: raketkasix ($100 in chips) 
Seat 2: gig.gyty ($100 in chips) 
Seat 3: dreimis190 ($100 in chips) 
Seat 4: Johnnyj0 ($102.50 in chips) 
Seat 5: blackclan7 ($101.50 in chips) 
Seat 6: CichiChanMarian ($101 in chips) 
dreimis190: posts small blind $0.50
Johnnyj0: posts big blind $1
*** HOLE CARDS ***
blackclan7: raises $1 to $2
CichiChanMarian: folds 
raketkasix: folds 
gig.gyty: folds 
dreimis190: folds 
Johnnyj0: folds 
Uncalled bet ($1) returned to blackclan7
blackclan7 collected $2.50 from pot
blackclan7: doesn't show hand 
*** SUMMARY ***
Total pot $2.50 | Rake $0 
Seat 1: raketkasix folded before Flop (didn't bet)
Seat 2: gig.gyty (button) folded before Flop (didn't bet)
Seat 3: dreimis190 (small blind) folded before Flop
Seat 4: Johnnyj0 (big blind) folded before Flop
Seat 5: blackclan7 collected ($2.50)
Seat 6: CichiChanMarian folded before Flop (didn't bet)



PokerStars Hand #254297592896:  Hold'em No Limit ($0.50/$1.00 USD) - 2025/01/10 17:31:11 WET [2025/01/10 12:31:11 ET]
Table 'Thalia II' 6-max Seat #3 is the button
Seat 1: raketkasix ($100 in chips) 
Seat 2: gig.gyty ($100 in chips) 
Seat 3: dreimis190 ($100 in chips) 
Seat 4: Johnnyj0 ($101.50 in chips) 
Seat 5: blackclan7 ($103 in chips) 
Seat 6: CichiChanMarian ($101 in chips) 
Johnnyj0: posts small blind $0.50
blackclan7: posts big blind $1
*** HOLE CARDS ***
CichiChanMarian: folds 
raketkasix: folds 
gig.gyty: folds 
dreimis190: raises $1.50 to $2.50
Johnnyj0: folds 
blackclan7: folds 
Uncalled bet ($1.50) returned to dreimis190
dreimis190 collected $2.50 from pot
dreimis190: doesn't show hand 
*** SUMMARY ***
Total pot $2.50 | Rake $0 
Seat 1: raketkasix folded before Flop (didn't bet)
Seat 2: gig.gyty folded before Flop (didn't bet)
Seat 3: dreimis190 (button) collected ($2.50)
Seat 4: Johnnyj0 (small blind) folded before Flop
Seat 5: blackclan7 (big blind) folded before Flop
Seat 6: CichiChanMarian folded before Flop (didn't bet)



PokerStars Hand #254297598734:  Hold'em No Limit ($0.50/$1.00 USD) - 2025/01/10 17:31:31 WET [2025/01/10 12:31:31 ET]
Table 'Thalia II' 6-max Seat #4 is the button
Seat 1: raketkasix ($100 in chips) 
Seat 2: gig.gyty ($100 in chips) 
Seat 3: dreimis190 ($101.50 in chips) 
Seat 4: Johnnyj0 ($101 in chips) 
Seat 5: blackclan7 ($102 in chips) 
Seat 6: CichiChanMarian ($101 in chips) 
blackclan7: posts small blind $0.50
CichiChanMarian: posts big blind $1
*** HOLE CARDS ***
raketkasix: folds 
gig.gyty: folds 
dreimis190: folds 
Johnnyj0: raises $1.50 to $2.50
blackclan7: folds 
CichiChanMarian: folds 
Uncalled bet ($1.50) returned to Johnnyj0
Johnnyj0 collected $2.50 from pot
Johnnyj0: doesn't show hand 
*** SUMMARY ***
Total pot $2.50 | Rake $0 
Seat 1: raketkasix folded before Flop (didn't bet)
Seat 2: gig.gyty folded before Flop (didn't bet)
Seat 3: dreimis190 folded before Flop (didn't bet)
Seat 4: Johnnyj0 (button) collected ($2.50)
Seat 5: blackclan7 (small blind) folded before Flop
Seat 6: CichiChanMarian (big blind) folded before Flop



PokerStars Hand #254297603047:  Hold'em No Limit ($0.50/$1.00 USD) - 2025/01/10 17:31:46 WET [2025/01/10 12:31:46 ET]
Table 'Thalia II' 6-max Seat #5 is the button
Seat 1: raketkasix ($100 in chips) 
Seat 2: gig.gyty ($100 in chips) 
Seat 3: dreimis190 ($101.50 in chips) 
Seat 4: Johnnyj0 ($102.50 in chips) 
Seat 5: blackclan7 ($101.50 in chips) 
Seat 6: CichiChanMarian ($100 in chips) 
CichiChanMarian: posts small blind $0.50
raketkasix: posts big blind $1
*** HOLE CARDS ***
gig.gyty: raises $1.25 to $2.25
dreimis190: folds 
Johnnyj0: calls $2.25
blackclan7: folds 
CichiChanMarian: folds 
raketkasix: folds 
*** FLOP *** [6d 6h Qc]
gig.gyty: bets $1.88
Johnnyj0: raises $2.37 to $4.25
gig.gyty: calls $2.37
*** TURN *** [6d 6h Qc] [Ts]
gig.gyty: checks 
Johnnyj0: checks 
*** RIVER *** [6d 6h Qc Ts] [Ks]
gig.gyty: bets $13.80
Johnnyj0: folds 
Uncalled bet ($13.80) returned to gig.gyty
gig.gyty collected $13.78 from pot
gig.gyty: doesn't show hand 
*** SUMMARY ***
Total pot $14.50 | Rake $0.72 
Board [6d 6h Qc Ts Ks]
Seat 1: raketkasix (big blind) folded before Flop
Seat 2: gig.gyty collected ($13.78)
Seat 3: dreimis190 folded before Flop (didn't bet)
Seat 4: Johnnyj0 folded on the River
Seat 5: blackclan7 (button) folded before Flop (didn't bet)
Seat 6: CichiChanMarian (small blind) folded before Flop



PokerStars Hand #254297626786:  Hold'em No Limit ($0.50/$1.00 USD) - 2025/01/10 17:33:10 WET [2025/01/10 12:33:10 ET]
Table 'Thalia II' 6-max Seat #6 is the button
Seat 2: gig.gyty ($107.28 in chips) is sitting out
Seat 1: raketkasix ($100 in chips) 
Seat 3: dreimis190 ($101.50 in chips) 
Seat 4: Johnnyj0 ($96 in chips) 
Seat 5: blackclan7 ($101.50 in chips) 
Seat 6: CichiChanMarian ($100 in chips) 
raketkasix: posts small blind $0.50
gig.gyty: is sitting out 
dreimis190: posts big blind $1
*** HOLE CARDS ***
gig.gyty leaves the table
Johnnyj0: raises $1.50 to $2.50
blackclan7: folds 
CichiChanMarian: folds 
raketkasix: folds 
dreimis190: folds 
Uncalled bet ($1.50) returned to Johnnyj0
Johnnyj0 collected $2.50 from pot
Johnnyj0: doesn't show hand 
*** SUMMARY ***
Total pot $2.50 | Rake $0 
Seat 2: gig.gyty
Seat 1: raketkasix (small blind) folded before Flop
Seat 3: dreimis190 (big blind) folded before Flop
Seat 4: Johnnyj0 collected ($2.50)
Seat 5: blackclan7 folded before Flop (didn't bet)
Seat 6: CichiChanMarian (button) folded before Flop (didn't bet)



PokerStars Hand #254297634487:  Hold'em No Limit ($0.50/$1.00 USD) - 2025/01/10 17:33:37 WET [2025/01/10 12:33:37 ET]
Table 'Thalia II' 6-max Seat #1 is the button
Seat 1: raketkasix ($100 in chips) 
Seat 3: dreimis190 ($100.50 in chips) 
Seat 4: Johnnyj0 ($97.50 in chips) 
Seat 5: blackclan7 ($101.50 in chips) 
Seat 6: CichiChanMarian ($100 in chips) 
dreimis190: posts small blind $0.50
Johnnyj0: posts big blind $1
*** HOLE CARDS ***
tintin641 joins the table at seat #2 
blackclan7: folds 
CichiChanMarian: folds 
raketkasix: folds 
dreimis190: raises $2 to $3
Johnnyj0: calls $2
*** FLOP *** [Kc Qh Ah]
dreimis190: checks 
Johnnyj0: checks 
*** TURN *** [Kc Qh Ah] [Kh]
dreimis190: checks 
Johnnyj0: bets $2
dreimis190: calls $2
*** RIVER *** [Kc Qh Ah Kh] [5h]
dreimis190: checks 
Johnnyj0: bets $4.75
dreimis190: calls $4.75
*** SHOW DOWN ***
Johnnyj0: shows [7d Jh] (a flush, Ace high)
dreimis190: mucks hand 
Johnnyj0 collected $18.52 from pot
*** SUMMARY ***
Total pot $19.50 | Rake $0.98 
Board [Kc Qh Ah Kh 5h]
Seat 1: raketkasix (button) folded before Flop (didn't bet)
Seat 3: dreimis190 (small blind) mucked
Seat 4: Johnnyj0 (big blind) showed [7d Jh] and won ($18.52) with a flush, Ace high
Seat 5: blackclan7 folded before Flop (didn't bet)
Seat 6: CichiChanMarian folded before Flop (didn't bet)



PokerStars Hand #254297658860:  Hold'em No Limit ($0.50/$1.00 USD) - 2025/01/10 17:35:03 WET [2025/01/10 12:35:03 ET]
Table 'Thalia II' 6-max Seat #3 is the button
Seat 2: tintin641 ($100 in chips) is sitting out
Seat 5: blackclan7 ($101.50 in chips) is sitting out
Seat 1: raketkasix ($100 in chips) 
Seat 3: dreimis190 ($100 in chips) 
Seat 4: Johnnyj0 ($106.27 in chips) 
Seat 6: CichiChanMarian ($100 in chips) 
Johnnyj0: posts small blind $0.50
blackclan7: is sitting out 
CichiChanMarian: posts big blind $1
tintin641: sits out 
*** HOLE CARDS ***
raketkasix: raises $1.50 to $2.50
dreimis190: folds 
Johnnyj0: folds 
CichiChanMarian: calls $1.50
*** FLOP *** [3h 9c 7h]
CichiChanMarian: checks 
raketkasix: bets $1.72
CichiChanMarian: folds 
Uncalled bet ($1.72) returned to raketkasix
raketkasix collected $5.22 from pot
raketkasix: doesn't show hand 
*** SUMMARY ***
Total pot $5.50 | Rake $0.28 
Board [3h 9c 7h]
Seat 2: tintin641
Seat 5: blackclan7
Seat 1: raketkasix collected ($5.22)
Seat 3: dreimis190 (button) folded before Flop (didn't bet)
Seat 4: Johnnyj0 (small blind) folded before Flop
Seat 6: CichiChanMarian (big blind) folded on the Flop



PokerStars Hand #254297671725:  Hold'em No Limit ($0.50/$1.00 USD) - 2025/01/10 17:35:49 WET [2025/01/10 12:35:49 ET]
Table 'Thalia II' 6-max Seat #4 is the button
Seat 1: raketkasix ($102.72 in chips) is sitting out
Seat 5: blackclan7 ($101.50 in chips) is sitting out
Seat 2: tintin641 ($100 in chips) 
Seat 3: dreimis190 ($100 in chips) 
Seat 4: Johnnyj0 ($105.77 in chips) 
Seat 6: CichiChanMarian ($100 in chips) 
CichiChanMarian: posts small blind $0.50
raketkasix: is sitting out 
tintin641: posts big blind $1
*** HOLE CARDS ***
dreimis190: folds 
raketkasix leaves the table
Johnnyj0: raises $1.50 to $2.50
whlzor joins the table at seat #1 
blackclan7 leaves the table
CichiChanMarian: raises $11.50 to $14
tintin641: folds 
Johnnyj0: folds 
Uncalled bet ($11.50) returned to CichiChanMarian
CichiChanMarian collected $6 from pot
CichiChanMarian: doesn't show hand 
*** SUMMARY ***
Total pot $6 | Rake $0 
Seat 1: raketkasix
Seat 5: blackclan7
Seat 2: tintin641 (big blind) folded before Flop
Seat 3: dreimis190 folded before Flop (didn't bet)
Seat 4: Johnnyj0 (button) folded before Flop
Seat 6: CichiChanMarian (small blind) collected ($6)



PokerStars Hand #254297680150:  Hold'em No Limit ($0.50/$1.00 USD) - 2025/01/10 17:36:18 WET [2025/01/10 12:36:18 ET]
Table 'Thalia II' 6-max Seat #6 is the button
Seat 1: whlzor ($100 in chips) is sitting out
Seat 2: tintin641 ($100 in chips) 
Seat 3: dreimis190 ($100 in chips) 
Seat 4: Johnnyj0 ($103.27 in chips) 
Seat 6: CichiChanMarian ($103.50 in chips) 
tintin641: posts small blind $0.50
dreimis190: posts big blind $1
*** HOLE CARDS ***
Johnnyj0: raises $1.50 to $2.50
AlexPinsk1 joins the table at seat #5 
CichiChanMarian: raises $5.50 to $8
tintin641: folds 
dreimis190: folds 
Johnnyj0: folds 
Uncalled bet ($5.50) returned to CichiChanMarian
CichiChanMarian collected $6.50 from pot
CichiChanMarian: doesn't show hand 
*** SUMMARY ***
Total pot $6.50 | Rake $0 
Seat 1: whlzor
Seat 2: tintin641 (small blind) folded before Flop
Seat 3: dreimis190 (big blind) folded before Flop
Seat 4: Johnnyj0 folded before Flop
Seat 6: CichiChanMarian (button) collected ($6.50)



PokerStars Hand #254297686604:  Hold'em No Limit ($0.50/$1.00 USD) - 2025/01/10 17:36:41 WET [2025/01/10 12:36:41 ET]
Table 'Thalia II' 6-max Seat #2 is the button
Seat 1: whlzor ($100 in chips) is sitting out
Seat 5: AlexPinsk1 ($100 in chips) is sitting out
Seat 2: tintin641 ($100 in chips) 
Seat 3: dreimis190 ($100 in chips) 
Seat 4: Johnnyj0 ($100.77 in chips) 
Seat 6: CichiChanMarian ($107.50 in chips) 
dreimis190: posts small blind $0.50
Johnnyj0: posts big blind $1
AlexPinsk1: sits out 
whlzor: sits out 
*** HOLE CARDS ***
CichiChanMarian: raises $1.50 to $2.50
tintin641: folds 
dreimis190: folds 
Johnnyj0: folds 
Uncalled bet ($1.50) returned to CichiChanMarian
CichiChanMarian collected $2.50 from pot
CichiChanMarian: doesn't show hand 
*** SUMMARY ***
Total pot $2.50 | Rake $0 
Seat 1: whlzor
Seat 5: AlexPinsk1
Seat 2: tintin641 (button) folded before Flop (didn't bet)
Seat 3: dreimis190 (small blind) folded before Flop
Seat 4: Johnnyj0 (big blind) folded before Flop
Seat 6: CichiChanMarian collected ($2.50)



PokerStars Hand #254297690614:  Hold'em No Limit ($0.50/$1.00 USD) - 2025/01/10 17:36:55 WET [2025/01/10 12:36:55 ET]
Table 'Thalia II' 6-max Seat #3 is the button
Seat 1: whlzor ($100 in chips) is sitting out
Seat 2: tintin641 ($100 in chips) 
Seat 3: dreimis190 ($100 in chips) 
Seat 4: Johnnyj0 ($99.77 in chips) 
Seat 5: AlexPinsk1 ($100 in chips) 
Seat 6: CichiChanMarian ($109 in chips) 
Johnnyj0: posts small blind $0.50
AlexPinsk1: posts big blind $1
whlzor: sits out 
*** HOLE CARDS ***
CichiChanMarian: folds 
tintin641: folds 
dreimis190: raises $1.50 to $2.50
Johnnyj0: calls $2
AlexPinsk1: folds 
*** FLOP *** [8c 6s 2h]
Johnnyj0: checks 
dreimis190: bets $2.85
Johnnyj0: folds 
Uncalled bet ($2.85) returned to dreimis190
dreimis190 collected $5.70 from pot
dreimis190: doesn't show hand 
*** SUMMARY ***
Total pot $6 | Rake $0.30 
Board [8c 6s 2h]
Seat 1: whlzor
Seat 2: tintin641 folded before Flop (didn't bet)
Seat 3: dreimis190 (button) collected ($5.70)
Seat 4: Johnnyj0 (small blind) folded on the Flop
Seat 5: AlexPinsk1 (big blind) folded before Flop
Seat 6: CichiChanMarian folded before Flop (didn't bet)



PokerStars Hand #254297702806:  Hold'em No Limit ($0.50/$1.00 USD) - 2025/01/10 17:37:37 WET [2025/01/10 12:37:37 ET]
Table 'Thalia II' 6-max Seat #4 is the button
Seat 1: whlzor ($100 in chips) is sitting out
Seat 2: tintin641 ($100 in chips) 
Seat 3: dreimis190 ($103.20 in chips) 
Seat 4: Johnnyj0 ($97.27 in chips) 
Seat 5: AlexPinsk1 ($100 in chips) 
Seat 6: CichiChanMarian ($109 in chips) 
AlexPinsk1: posts small blind $0.50
CichiChanMarian: posts big blind $1
whlzor: sits out 
*** HOLE CARDS ***
tintin641: folds 
dreimis190: folds 
Johnnyj0: raises $1.50 to $2.50
AlexPinsk1: folds 
CichiChanMarian: folds 
Uncalled bet ($1.50) returned to Johnnyj0
Johnnyj0 collected $2.50 from pot
Johnnyj0: doesn't show hand 
*** SUMMARY ***
Total pot $2.50 | Rake $0 
Seat 1: whlzor
Seat 2: tintin641 folded before Flop (didn't bet)
Seat 3: dreimis190 folded before Flop (didn't bet)
Seat 4: Johnnyj0 (button) collected ($2.50)
Seat 5: AlexPinsk1 (small blind) folded before Flop
Seat 6: CichiChanMarian (big blind) folded before Flop



PokerStars Hand #254297708040:  Hold'em No Limit ($0.50/$1.00 USD) - 2025/01/10 17:37:55 WET [2025/01/10 12:37:55 ET]
Table 'Thalia II' 6-max Seat #5 is the button
Seat 1: whlzor ($100 in chips) 
Seat 2: tintin641 ($100 in chips) 
Seat 3: dreimis190 ($103.20 in chips) 
Seat 4: Johnnyj0 ($98.77 in chips) 
Seat 5: AlexPinsk1 ($100 in chips) 
Seat 6: CichiChanMarian ($108 in chips) 
CichiChanMarian: posts small blind $0.50
whlzor: posts big blind $1
*** HOLE CARDS ***
tintin641: folds 
dreimis190: raises $1 to $2
Johnnyj0: folds 
AlexPinsk1: folds 
CichiChanMarian: folds 
whlzor: folds 
Uncalled bet ($1) returned to dreimis190
dreimis190 collected $2.50 from pot
dreimis190: doesn't show hand 
*** SUMMARY ***
Total pot $2.50 | Rake $0 
Seat 1: whlzor (big blind) folded before Flop
Seat 2: tintin641 folded before Flop (didn't bet)
Seat 3: dreimis190 collected ($2.50)
Seat 4: Johnnyj0 folded before Flop (didn't bet)
Seat 5: AlexPinsk1 (button) folded before Flop (didn't bet)
Seat 6: CichiChanMarian (small blind) folded before Flop



PokerStars Hand #254297713104:  Hold'em No Limit ($0.50/$1.00 USD) - 2025/01/10 17:38:13 WET [2025/01/10 12:38:13 ET]
Table 'Thalia II' 6-max Seat #6 is the button
Seat 1: whlzor ($100 in chips) 
Seat 2: tintin641 ($100 in chips) 
Seat 3: dreimis190 ($104.70 in chips) 
Seat 4: Johnnyj0 ($98.77 in chips) 
Seat 5: AlexPinsk1 ($100 in chips) 
Seat 6: CichiChanMarian ($107.50 in chips) 
whlzor: posts small blind $0.50
tintin641: posts big blind $1
*** HOLE CARDS ***
dreimis190: folds 
Johnnyj0: folds 
AlexPinsk1: raises $1.50 to $2.50
CichiChanMarian: folds 
whlzor: folds 
tintin641: folds 
Uncalled bet ($1.50) returned to AlexPinsk1
AlexPinsk1 collected $2.50 from pot
AlexPinsk1: doesn't show hand 
*** SUMMARY ***
Total pot $2.50 | Rake $0 
Seat 1: whlzor (small blind) folded before Flop
Seat 2: tintin641 (big blind) folded before Flop
Seat 3: dreimis190 folded before Flop (didn't bet)
Seat 4: Johnnyj0 folded before Flop (didn't bet)
Seat 5: AlexPinsk1 collected ($2.50)
Seat 6: CichiChanMarian (button) folded before Flop (didn't bet)



PokerStars Hand #254297717725:  Hold'em No Limit ($0.50/$1.00 USD) - 2025/01/10 17:38:29 WET [2025/01/10 12:38:29 ET]
Table 'Thalia II' 6-max Seat #1 is the button
Seat 1: whlzor ($100 in chips) 
Seat 2: tintin641 ($100 in chips) 
Seat 3: dreimis190 ($104.70 in chips) 
Seat 4: Johnnyj0 ($98.77 in chips) 
Seat 5: AlexPinsk1 ($101.50 in chips) 
Seat 6: CichiChanMarian ($107.50 in chips) 
tintin641: posts small blind $0.50
dreimis190: posts big blind $1
*** HOLE CARDS ***
Johnnyj0: raises $1.50 to $2.50
AlexPinsk1: folds 
CichiChanMarian: folds 
whlzor: folds 
tintin641: folds 
dreimis190: folds 
Uncalled bet ($1.50) returned to Johnnyj0
Johnnyj0 collected $2.50 from pot
Johnnyj0: doesn't show hand 
*** SUMMARY ***
Total pot $2.50 | Rake $0 
Seat 1: whlzor (button) folded before Flop (didn't bet)
Seat 2: tintin641 (small blind) folded before Flop
Seat 3: dreimis190 (big blind) folded before Flop
Seat 4: Johnnyj0 collected ($2.50)
Seat 5: AlexPinsk1 folded before Flop (didn't bet)
Seat 6: CichiChanMarian folded before Flop (didn't bet)



PokerStars Hand #254297723951:  Hold'em No Limit ($0.50/$1.00 USD) - 2025/01/10 17:38:51 WET [2025/01/10 12:38:51 ET]
Table 'Thalia II' 6-max Seat #2 is the button
Seat 1: whlzor ($100 in chips) 
Seat 2: tintin641 ($100 in chips) 
Seat 3: dreimis190 ($103.70 in chips) 
Seat 4: Johnnyj0 ($100.27 in chips) 
Seat 5: AlexPinsk1 ($101.50 in chips) 
Seat 6: CichiChanMarian ($107.50 in chips) 
dreimis190: posts small blind $0.50
Johnnyj0: posts big blind $1
*** HOLE CARDS ***
AlexPinsk1: folds 
CichiChanMarian: raises $1.50 to $2.50
whlzor: folds 
tintin641: folds 
dreimis190: folds 
Johnnyj0 has timed out
Johnnyj0: folds 
Uncalled bet ($1.50) returned to CichiChanMarian
CichiChanMarian collected $2.50 from pot
CichiChanMarian: doesn't show hand 
*** SUMMARY ***
Total pot $2.50 | Rake $0 
Seat 1: whlzor folded before Flop (didn't bet)
Seat 2: tintin641 (button) folded before Flop (didn't bet)
Seat 3: dreimis190 (small blind) folded before Flop
Seat 4: Johnnyj0 (big blind) folded before Flop
Seat 5: AlexPinsk1 folded before Flop (didn't bet)
Seat 6: CichiChanMarian collected ($2.50)



PokerStars Hand #254297739918:  Hold'em No Limit ($0.50/$1.00 USD) - 2025/01/10 17:39:47 WET [2025/01/10 12:39:47 ET]
Table 'Thalia II' 6-max Seat #3 is the button
Seat 4: Johnnyj0 ($99.27 in chips) is sitting out
Seat 1: whlzor ($100 in chips) 
Seat 2: tintin641 ($100 in chips) 
Seat 3: dreimis190 ($103.20 in chips) 
Seat 5: AlexPinsk1 ($101.50 in chips) 
Seat 6: CichiChanMarian ($109 in chips) 
AlexPinsk1: posts small blind $0.50
CichiChanMarian: posts big blind $1
*** HOLE CARDS ***
whlzor: folds 
tintin641: folds 
dreimis190: folds 
AlexPinsk1: folds 
Uncalled bet ($0.50) returned to CichiChanMarian
CichiChanMarian collected $1 from pot
CichiChanMarian: doesn't show hand 
*** SUMMARY ***
Total pot $1 | Rake $0 
Seat 4: Johnnyj0
Seat 1: whlzor folded before Flop (didn't bet)
Seat 2: tintin641 folded before Flop (didn't bet)
Seat 3: dreimis190 (button) folded before Flop (didn't bet)
Seat 5: AlexPinsk1 (small blind) folded before Flop
Seat 6: CichiChanMarian (big blind) collected ($1)



PokerStars Hand #254297745097:  Hold'em No Limit ($0.50/$1.00 USD) - 2025/01/10 17:40:05 WET [2025/01/10 12:40:05 ET]
Table 'Thalia II' 6-max Seat #5 is the button
Seat 4: Johnnyj0 ($99.27 in chips) is sitting out
Seat 1: whlzor ($100 in chips) 
Seat 2: tintin641 ($100 in chips) 
Seat 3: dreimis190 ($103.20 in chips) 
Seat 5: AlexPinsk1 ($101 in chips) 
Seat 6: CichiChanMarian ($109.50 in chips) 
CichiChanMarian: posts small blind $0.50
whlzor: posts big blind $1
*** HOLE CARDS ***
tintin641: folds 
dreimis190: raises $1.50 to $2.50
AlexPinsk1: folds 
CichiChanMarian: folds 
whlzor: folds 
Uncalled bet ($1.50) returned to dreimis190
dreimis190 collected $2.50 from pot
dreimis190: doesn't show hand 
*** SUMMARY ***
Total pot $2.50 | Rake $0 
Seat 4: Johnnyj0
Seat 1: whlzor (big blind) folded before Flop
Seat 2: tintin641 folded before Flop (didn't bet)
Seat 3: dreimis190 collected ($2.50)
Seat 5: AlexPinsk1 (button) folded before Flop (didn't bet)
Seat 6: CichiChanMarian (small blind) folded before Flop



PokerStars Hand #254297750792:  Hold'em No Limit ($0.50/$1.00 USD) - 2025/01/10 17:40:25 WET [2025/01/10 12:40:25 ET]
Table 'Thalia II' 6-max Seat #6 is the button
Seat 4: Johnnyj0 ($99.27 in chips) is sitting out
Seat 1: whlzor ($100 in chips) 
Seat 2: tintin641 ($100 in chips) 
Seat 3: dreimis190 ($104.70 in chips) 
Seat 5: AlexPinsk1 ($101 in chips) 
Seat 6: CichiChanMarian ($109 in chips) 
whlzor: posts small blind $0.50
tintin641: posts big blind $1
Johnnyj0: sits out 
*** HOLE CARDS ***
dreimis190: folds 
AlexPinsk1: folds 
CichiChanMarian: folds 
whlzor: raises $2 to $3
tintin641: folds 
Uncalled bet ($2) returned to whlzor
whlzor collected $2 from pot
whlzor: doesn't show hand 
*** SUMMARY ***
Total pot $2 | Rake $0 
Seat 4: Johnnyj0
Seat 1: whlzor (small blind) collected ($2)
Seat 2: tintin641 (big blind) folded before Flop
Seat 3: dreimis190 folded before Flop (didn't bet)
Seat 5: AlexPinsk1 folded before Flop (didn't bet)
Seat 6: CichiChanMarian (button) folded before Flop (didn't bet)



PokerStars Hand #254297755789:  Hold'em No Limit ($0.50/$1.00 USD) - 2025/01/10 17:40:42 WET [2025/01/10 12:40:42 ET]
Table 'Thalia II' 6-max Seat #1 is the button
Seat 4: Johnnyj0 ($99.27 in chips) is sitting out
Seat 1: whlzor ($101 in chips) 
Seat 2: tintin641 ($100 in chips) 
Seat 3: dreimis190 ($104.70 in chips) 
Seat 5: AlexPinsk1 ($101 in chips) 
Seat 6: CichiChanMarian ($109 in chips) 
tintin641: posts small blind $0.50
dreimis190: posts big blind $1
Johnnyj0: sits out 
*** HOLE CARDS ***
AlexPinsk1: raises $1.50 to $2.50
CichiChanMarian: folds 
whlzor: folds 
tintin641: folds 
dreimis190: folds 
Uncalled bet ($1.50) returned to AlexPinsk1
AlexPinsk1 collected $2.50 from pot
AlexPinsk1: doesn't show hand 
*** SUMMARY ***
Total pot $2.50 | Rake $0 
Seat 4: Johnnyj0
Seat 1: whlzor (button) folded before Flop (didn't bet)
Seat 2: tintin641 (small blind) folded before Flop
Seat 3: dreimis190 (big blind) folded before Flop
Seat 5: AlexPinsk1 collected ($2.50)
Seat 6: CichiChanMarian folded before Flop (didn't bet)



PokerStars Hand #254297761710:  Hold'em No Limit ($0.50/$1.00 USD) - 2025/01/10 17:41:03 WET [2025/01/10 12:41:03 ET]
Table 'Thalia II' 6-max Seat #2 is the button
Seat 1: whlzor ($101 in chips) 
Seat 2: tintin641 ($100 in chips) 
Seat 3: dreimis190 ($103.70 in chips) 
Seat 4: Johnnyj0 ($99.27 in chips) 
Seat 5: AlexPinsk1 ($102.50 in chips) 
Seat 6: CichiChanMarian ($109 in chips) 
dreimis190: posts small blind $0.50
Johnnyj0: posts big blind $1
*** HOLE CARDS ***
AlexPinsk1: folds 
CichiChanMarian: folds 
whlzor: raises $2 to $3
tintin641: raises $6 to $9
dreimis190: folds 
Johnnyj0: folds 
whlzor: folds 
Uncalled bet ($6) returned to tintin641
tintin641 collected $7.50 from pot
tintin641: doesn't show hand 
*** SUMMARY ***
Total pot $7.50 | Rake $0 
Seat 1: whlzor folded before Flop
Seat 2: tintin641 (button) collected ($7.50)
Seat 3: dreimis190 (small blind) folded before Flop
Seat 4: Johnnyj0 (big blind) folded before Flop
Seat 5: AlexPinsk1 folded before Flop (didn't bet)
Seat 6: CichiChanMarian folded before Flop (didn't bet)



PokerStars Hand #254297769723:  Hold'em No Limit ($0.50/$1.00 USD) - 2025/01/10 17:41:31 WET [2025/01/10 12:41:31 ET]
Table 'Thalia II' 6-max Seat #3 is the button
Seat 1: whlzor ($100 in chips) 
Seat 2: tintin641 ($104.50 in chips) 
Seat 3: dreimis190 ($103.20 in chips) 
Seat 4: Johnnyj0 ($98.27 in chips) 
Seat 5: AlexPinsk1 ($102.50 in chips) 
Seat 6: CichiChanMarian ($109 in chips) 
Johnnyj0: posts small blind $0.50
AlexPinsk1: posts big blind $1
*** HOLE CARDS ***
CichiChanMarian: folds 
whlzor: folds 
tintin641: raises $1.50 to $2.50
dreimis190: folds 
Johnnyj0: folds 
AlexPinsk1: folds 
Uncalled bet ($1.50) returned to tintin641
tintin641 collected $2.50 from pot
tintin641: doesn't show hand 
*** SUMMARY ***
Total pot $2.50 | Rake $0 
Seat 1: whlzor folded before Flop (didn't bet)
Seat 2: tintin641 collected ($2.50)
Seat 3: dreimis190 (button) folded before Flop (didn't bet)
Seat 4: Johnnyj0 (small blind) folded before Flop
Seat 5: AlexPinsk1 (big blind) folded before Flop
Seat 6: CichiChanMarian folded before Flop (didn't bet)



PokerStars Hand #254297778332:  Hold'em No Limit ($0.50/$1.00 USD) - 2025/01/10 17:42:01 WET [2025/01/10 12:42:01 ET]
Table 'Thalia II' 6-max Seat #4 is the button
Seat 1: whlzor ($100 in chips) 
Seat 2: tintin641 ($106 in chips) 
Seat 3: dreimis190 ($103.20 in chips) 
Seat 4: Johnnyj0 ($97.77 in chips) 
Seat 5: AlexPinsk1 ($101.50 in chips) 
Seat 6: CichiChanMarian ($109 in chips) 
AlexPinsk1: posts small blind $0.50
CichiChanMarian: posts big blind $1
*** HOLE CARDS ***
whlzor: raises $1.50 to $2.50
tintin641: folds 
dreimis190: folds 
Johnnyj0: folds 
AlexPinsk1: folds 
CichiChanMarian: folds 
Uncalled bet ($1.50) returned to whlzor
whlzor collected $2.50 from pot
whlzor: doesn't show hand 
*** SUMMARY ***
Total pot $2.50 | Rake $0 
Seat 1: whlzor collected ($2.50)
Seat 2: tintin641 folded before Flop (didn't bet)
Seat 3: dreimis190 folded before Flop (didn't bet)
Seat 4: Johnnyj0 (button) folded before Flop (didn't bet)
Seat 5: AlexPinsk1 (small blind) folded before Flop
Seat 6: CichiChanMarian (big blind) folded before Flop



PokerStars Hand #254297784833:  Hold'em No Limit ($0.50/$1.00 USD) - 2025/01/10 17:42:24 WET [2025/01/10 12:42:24 ET]
Table 'Thalia II' 6-max Seat #5 is the button
Seat 1: whlzor ($101.50 in chips) 
Seat 2: tintin641 ($106 in chips) 
Seat 3: dreimis190 ($103.20 in chips) 
Seat 4: Johnnyj0 ($97.77 in chips) 
Seat 5: AlexPinsk1 ($101 in chips) 
Seat 6: CichiChanMarian ($108 in chips) 
CichiChanMarian: posts small blind $0.50
whlzor: posts big blind $1
*** HOLE CARDS ***
tintin641: folds 
dreimis190: raises $1 to $2
Johnnyj0: folds 
AlexPinsk1: raises $5 to $7
CichiChanMarian: folds 
whlzor: folds 
dreimis190: folds 
Uncalled bet ($5) returned to AlexPinsk1
AlexPinsk1 collected $5.50 from pot
AlexPinsk1: doesn't show hand 
*** SUMMARY ***
Total pot $5.50 | Rake $0 
Seat 1: whlzor (big blind) folded before Flop
Seat 2: tintin641 folded before Flop (didn't bet)
Seat 3: dreimis190 folded before Flop
Seat 4: Johnnyj0 folded before Flop (didn't bet)
Seat 5: AlexPinsk1 (button) collected ($5.50)
Seat 6: CichiChanMarian (small blind) folded before Flop



PokerStars Hand #254297788859:  Hold'em No Limit ($0.50/$1.00 USD) - 2025/01/10 17:42:38 WET [2025/01/10 12:42:38 ET]
Table 'Thalia II' 6-max Seat #6 is the button
Seat 1: whlzor ($100.50 in chips) 
Seat 2: tintin641 ($106 in chips) 
Seat 3: dreimis190 ($101.20 in chips) 
Seat 4: Johnnyj0 ($97.77 in chips) 
Seat 5: AlexPinsk1 ($104.50 in chips) 
Seat 6: CichiChanMarian ($107.50 in chips) 
whlzor: posts small blind $0.50
tintin641: posts big blind $1
*** HOLE CARDS ***
dreimis190: folds 
Johnnyj0: folds 
AlexPinsk1: folds 
CichiChanMarian: raises $1.50 to $2.50
whlzor: folds 
tintin641: folds 
Uncalled bet ($1.50) returned to CichiChanMarian
CichiChanMarian collected $2.50 from pot
CichiChanMarian: doesn't show hand 
*** SUMMARY ***
Total pot $2.50 | Rake $0 
Seat 1: whlzor (small blind) folded before Flop
Seat 2: tintin641 (big blind) folded before Flop
Seat 3: dreimis190 folded before Flop (didn't bet)
Seat 4: Johnnyj0 folded before Flop (didn't bet)
Seat 5: AlexPinsk1 folded before Flop (didn't bet)
Seat 6: CichiChanMarian (button) collected ($2.50)



PokerStars Hand #254297795385:  Hold'em No Limit ($0.50/$1.00 USD) - 2025/01/10 17:43:01 WET [2025/01/10 12:43:01 ET]
Table 'Thalia II' 6-max Seat #1 is the button
Seat 1: whlzor ($100 in chips) 
Seat 2: tintin641 ($105 in chips) 
Seat 3: dreimis190 ($101.20 in chips) 
Seat 4: Johnnyj0 ($97.77 in chips) 
Seat 5: AlexPinsk1 ($104.50 in chips) 
Seat 6: CichiChanMarian ($109 in chips) 
tintin641: posts small blind $0.50
dreimis190: posts big blind $1
*** HOLE CARDS ***
Johnnyj0: folds 
AlexPinsk1: folds 
CichiChanMarian: folds 
whlzor: folds 
tintin641: folds 
Uncalled bet ($0.50) returned to dreimis190
dreimis190 collected $1 from pot
dreimis190: doesn't show hand 
*** SUMMARY ***
Total pot $1 | Rake $0 
Seat 1: whlzor (button) folded before Flop (didn't bet)
Seat 2: tintin641 (small blind) folded before Flop
Seat 3: dreimis190 (big blind) collected ($1)
Seat 4: Johnnyj0 folded before Flop (didn't bet)
Seat 5: AlexPinsk1 folded before Flop (didn't bet)
Seat 6: CichiChanMarian folded before Flop (didn't bet)



PokerStars Hand #254297799937:  Hold'em No Limit ($0.50/$1.00 USD) - 2025/01/10 17:43:17 WET [2025/01/10 12:43:17 ET]
Table 'Thalia II' 6-max Seat #2 is the button
Seat 1: whlzor ($100 in chips) 
Seat 2: tintin641 ($104.50 in chips) 
Seat 3: dreimis190 ($101.70 in chips) 
Seat 4: Johnnyj0 ($97.77 in chips) 
Seat 5: AlexPinsk1 ($104.50 in chips) 
Seat 6: CichiChanMarian ($109 in chips) 
dreimis190: posts small blind $0.50
Johnnyj0: posts big blind $1
*** HOLE CARDS ***
AlexPinsk1: folds 
CichiChanMarian: folds 
whlzor: folds 
tintin641: raises $1.50 to $2.50
dreimis190: folds 
Johnnyj0: folds 
Uncalled bet ($1.50) returned to tintin641
tintin641 collected $2.50 from pot
tintin641: doesn't show hand 
*** SUMMARY ***
Total pot $2.50 | Rake $0 
Seat 1: whlzor folded before Flop (didn't bet)
Seat 2: tintin641 (button) collected ($2.50)
Seat 3: dreimis190 (small blind) folded before Flop
Seat 4: Johnnyj0 (big blind) folded before Flop
Seat 5: AlexPinsk1 folded before Flop (didn't bet)
Seat 6: CichiChanMarian folded before Flop (didn't bet)



PokerStars Hand #254297811494:  Hold'em No Limit ($0.50/$1.00 USD) - 2025/01/10 17:43:57 WET [2025/01/10 12:43:57 ET]
Table 'Thalia II' 6-max Seat #3 is the button
Seat 1: whlzor ($100 in chips) 
Seat 2: tintin641 ($106 in chips) 
Seat 3: dreimis190 ($101.20 in chips) 
Seat 4: Johnnyj0 ($96.77 in chips) 
Seat 5: AlexPinsk1 ($104.50 in chips) 
Seat 6: CichiChanMarian ($109 in chips) 
Johnnyj0: posts small blind $0.50
AlexPinsk1: posts big blind $1
*** HOLE CARDS ***
CichiChanMarian: folds 
whlzor: folds 
tintin641: folds 
dreimis190: raises $1.50 to $2.50
Johnnyj0: folds 
AlexPinsk1: folds 
Uncalled bet ($1.50) returned to dreimis190
dreimis190 collected $2.50 from pot
dreimis190: doesn't show hand 
*** SUMMARY ***
Total pot $2.50 | Rake $0 
Seat 1: whlzor folded before Flop (didn't bet)
Seat 2: tintin641 folded before Flop (didn't bet)
Seat 3: dreimis190 (button) collected ($2.50)
Seat 4: Johnnyj0 (small blind) folded before Flop
Seat 5: AlexPinsk1 (big blind) folded before Flop
Seat 6: CichiChanMarian folded before Flop (didn't bet)



PokerStars Hand #254297818794:  Hold'em No Limit ($0.50/$1.00 USD) - 2025/01/10 17:44:23 WET [2025/01/10 12:44:23 ET]
Table 'Thalia II' 6-max Seat #4 is the button
Seat 1: whlzor ($100 in chips) 
Seat 2: tintin641 ($106 in chips) 
Seat 3: dreimis190 ($102.70 in chips) 
Seat 4: Johnnyj0 ($96.27 in chips) 
Seat 5: AlexPinsk1 ($103.50 in chips) 
Seat 6: CichiChanMarian ($109 in chips) 
AlexPinsk1: posts small blind $0.50
CichiChanMarian: posts big blind $1
*** HOLE CARDS ***
whlzor: folds 
tintin641: raises $1.50 to $2.50
dreimis190: folds 
Johnnyj0: calls $2.50
AlexPinsk1: folds 
CichiChanMarian: folds 
*** FLOP *** [Ac Ts 4c]
tintin641: bets $2.04
Johnnyj0: calls $2.04
*** TURN *** [Ac Ts 4c] [Kh]
tintin641: checks 
Johnnyj0: bets $3.52
tintin641: calls $3.52
*** RIVER *** [Ac Ts 4c Kh] [Ah]
tintin641: checks 
Johnnyj0: bets $4.19
tintin641: raises $12.56 to $16.75
Johnnyj0: folds 
Uncalled bet ($12.56) returned to tintin641
tintin641 collected $24.70 from pot
tintin641: doesn't show hand 
*** SUMMARY ***
Total pot $26 | Rake $1.30 
Board [Ac Ts 4c Kh Ah]
Seat 1: whlzor folded before Flop (didn't bet)
Seat 2: tintin641 collected ($24.70)
Seat 3: dreimis190 folded before Flop (didn't bet)
Seat 4: Johnnyj0 (button) folded on the River
Seat 5: AlexPinsk1 (small blind) folded before Flop
Seat 6: CichiChanMarian (big blind) folded before Flop



PokerStars Hand #254297843286:  Hold'em No Limit ($0.50/$1.00 USD) - 2025/01/10 17:45:49 WET [2025/01/10 12:45:49 ET]
Table 'Thalia II' 6-max Seat #5 is the button
Seat 1: whlzor ($100 in chips) is sitting out
Seat 2: tintin641 ($118.45 in chips) 
Seat 3: dreimis190 ($102.70 in chips) 
Seat 4: Johnnyj0 ($84.02 in chips) 
Seat 5: AlexPinsk1 ($103 in chips) 
Seat 6: CichiChanMarian ($108 in chips) 
CichiChanMarian: posts small blind $0.50
whlzor: is sitting out 
tintin641: posts big blind $1
*** HOLE CARDS ***
whlzor leaves the table
dreimis190: folds 
Johnnyj0: raises $1.50 to $2.50
AlexPinsk1: folds 
CichiChanMarian: folds 
tintin641: folds 
Uncalled bet ($1.50) returned to Johnnyj0
EyzRED joins the table at seat #1 
Johnnyj0 collected $2.50 from pot
Johnnyj0: doesn't show hand 
*** SUMMARY ***
Total pot $2.50 | Rake $0 
Seat 1: whlzor
Seat 2: tintin641 (big blind) folded before Flop
Seat 3: dreimis190 folded before Flop (didn't bet)
Seat 4: Johnnyj0 collected ($2.50)
Seat 5: AlexPinsk1 (button) folded before Flop (didn't bet)
Seat 6: CichiChanMarian (small blind) folded before Flop



PokerStars Hand #254297848768:  Hold'em No Limit ($0.50/$1.00 USD) - 2025/01/10 17:46:08 WET [2025/01/10 12:46:08 ET]
Table 'Thalia II' 6-max Seat #6 is the button
Seat 1: EyzRED ($100 in chips) is sitting out
Seat 2: tintin641 ($117.45 in chips) 
Seat 3: dreimis190 ($102.70 in chips) 
Seat 4: Johnnyj0 ($85.52 in chips) 
Seat 5: AlexPinsk1 ($103 in chips) 
Seat 6: CichiChanMarian ($107.50 in chips) 
tintin641: posts small blind $0.50
dreimis190: posts big blind $1
*** HOLE CARDS ***
Johnnyj0: folds 
AlexPinsk1: raises $1.50 to $2.50
CichiChanMarian: folds 
tintin641: folds 
dreimis190: folds 
Uncalled bet ($1.50) returned to AlexPinsk1
AlexPinsk1 collected $2.50 from pot
AlexPinsk1: doesn't show hand 
*** SUMMARY ***
Total pot $2.50 | Rake $0 
Seat 1: EyzRED
Seat 2: tintin641 (small blind) folded before Flop
Seat 3: dreimis190 (big blind) folded before Flop
Seat 4: Johnnyj0 folded before Flop (didn't bet)
Seat 5: AlexPinsk1 collected ($2.50)
Seat 6: CichiChanMarian (button) folded before Flop (didn't bet)



PokerStars Hand #254297856557:  Hold'em No Limit ($0.50/$1.00 USD) - 2025/01/10 17:46:35 WET [2025/01/10 12:46:35 ET]
Table 'Thalia II' 6-max Seat #2 is the button
Seat 1: EyzRED ($100 in chips) is sitting out
Seat 2: tintin641 ($116.95 in chips) 
Seat 3: dreimis190 ($101.70 in chips) 
Seat 4: Johnnyj0 ($85.52 in chips) 
Seat 5: AlexPinsk1 ($104.50 in chips) 
Seat 6: CichiChanMarian ($107.50 in chips) 
dreimis190: posts small blind $0.50
Johnnyj0: posts big blind $1
EyzRED: sits out 
*** HOLE CARDS ***
AlexPinsk1: folds 
CichiChanMarian: folds 
tintin641: folds 
dreimis190: raises $1.50 to $2.50
Johnnyj0: calls $1.50
*** FLOP *** [9s 9d Qc]
dreimis190: checks 
Johnnyj0: bets $1.66
dreimis190: folds 
Uncalled bet ($1.66) returned to Johnnyj0
Johnnyj0 collected $4.75 from pot
Johnnyj0: doesn't show hand 
*** SUMMARY ***
Total pot $5 | Rake $0.25 
Board [9s 9d Qc]
Seat 1: EyzRED
Seat 2: tintin641 (button) folded before Flop (didn't bet)
Seat 3: dreimis190 (small blind) folded on the Flop
Seat 4: Johnnyj0 (big blind) collected ($4.75)
Seat 5: AlexPinsk1 folded before Flop (didn't bet)
Seat 6: CichiChanMarian folded before Flop (didn't bet)



PokerStars Hand #254297868625:  Hold'em No Limit ($0.50/$1.00 USD) - 2025/01/10 17:47:18 WET [2025/01/10 12:47:18 ET]
Table 'Thalia II' 6-max Seat #3 is the button
Seat 1: EyzRED ($100 in chips) is sitting out
Seat 2: tintin641 ($116.95 in chips) 
Seat 3: dreimis190 ($100 in chips) 
Seat 4: Johnnyj0 ($87.77 in chips) 
Seat 5: AlexPinsk1 ($104.50 in chips) 
Seat 6: CichiChanMarian ($107.50 in chips) 
Johnnyj0: posts small blind $0.50
AlexPinsk1: posts big blind $1
EyzRED: sits out 
*** HOLE CARDS ***
CichiChanMarian: folds 
tintin641: folds 
dreimis190: folds 
Johnnyj0: folds 
Uncalled bet ($0.50) returned to AlexPinsk1
AlexPinsk1 collected $1 from pot
AlexPinsk1: doesn't show hand 
*** SUMMARY ***
Total pot $1 | Rake $0 
Seat 1: EyzRED
Seat 2: tintin641 folded before Flop (didn't bet)
Seat 3: dreimis190 (button) folded before Flop (didn't bet)
Seat 4: Johnnyj0 (small blind) folded before Flop
Seat 5: AlexPinsk1 (big blind) collected ($1)
Seat 6: CichiChanMarian folded before Flop (didn't bet)



PokerStars Hand #254297871953:  Hold'em No Limit ($0.50/$1.00 USD) - 2025/01/10 17:47:29 WET [2025/01/10 12:47:29 ET]
Table 'Thalia II' 6-max Seat #4 is the button
Seat 1: EyzRED ($100 in chips) is sitting out
Seat 2: tintin641 ($116.95 in chips) 
Seat 3: dreimis190 ($100 in chips) 
Seat 4: Johnnyj0 ($87.27 in chips) 
Seat 5: AlexPinsk1 ($105 in chips) 
Seat 6: CichiChanMarian ($107.50 in chips) 
AlexPinsk1: posts small blind $0.50
CichiChanMarian: posts big blind $1
EyzRED: sits out 
*** HOLE CARDS ***
tintin641: folds 
dreimis190: folds 
Johnnyj0: folds 
AlexPinsk1: folds 
Uncalled bet ($0.50) returned to CichiChanMarian
CichiChanMarian collected $1 from pot
CichiChanMarian: doesn't show hand 
*** SUMMARY ***
Total pot $1 | Rake $0 
Seat 1: EyzRED
Seat 2: tintin641 folded before Flop (didn't bet)
Seat 3: dreimis190 folded before Flop (didn't bet)
Seat 4: Johnnyj0 (button) folded before Flop (didn't bet)
Seat 5: AlexPinsk1 (small blind) folded before Flop
Seat 6: CichiChanMarian (big blind) collected ($1)



PokerStars Hand #254297875122:  Hold'em No Limit ($0.50/$1.00 USD) - 2025/01/10 17:47:40 WET [2025/01/10 12:47:40 ET]
Table 'Thalia II' 6-max Seat #5 is the button
Seat 1: EyzRED ($100 in chips) 
Seat 2: tintin641 ($116.95 in chips) 
Seat 3: dreimis190 ($100 in chips) 
Seat 4: Johnnyj0 ($87.27 in chips) 
Seat 5: AlexPinsk1 ($104.50 in chips) 
Seat 6: CichiChanMarian ($108 in chips) 
CichiChanMarian: posts small blind $0.50
EyzRED: posts big blind $1
*** HOLE CARDS ***
tintin641: folds 
dreimis190: folds 
Johnnyj0: folds 
AlexPinsk1: raises $1.50 to $2.50
CichiChanMarian: folds 
EyzRED: folds 
Uncalled bet ($1.50) returned to AlexPinsk1
AlexPinsk1 collected $2.50 from pot
AlexPinsk1: doesn't show hand 
*** SUMMARY ***
Total pot $2.50 | Rake $0 
Seat 1: EyzRED (big blind) folded before Flop
Seat 2: tintin641 folded before Flop (didn't bet)
Seat 3: dreimis190 folded before Flop (didn't bet)
Seat 4: Johnnyj0 folded before Flop (didn't bet)
Seat 5: AlexPinsk1 (button) collected ($2.50)
Seat 6: CichiChanMarian (small blind) folded before Flop



PokerStars Hand #254297881660:  Hold'em No Limit ($0.50/$1.00 USD) - 2025/01/10 17:48:03 WET [2025/01/10 12:48:03 ET]
Table 'Thalia II' 6-max Seat #6 is the button
Seat 1: EyzRED ($100 in chips) 
Seat 2: tintin641 ($116.95 in chips) 
Seat 3: dreimis190 ($100 in chips) 
Seat 4: Johnnyj0 ($87.27 in chips) 
Seat 5: AlexPinsk1 ($106 in chips) 
Seat 6: CichiChanMarian ($107.50 in chips) 
EyzRED: posts small blind $0.50
tintin641: posts big blind $1
*** HOLE CARDS ***
dreimis190: folds 
Johnnyj0: folds 
AlexPinsk1: folds 
CichiChanMarian: raises $1.50 to $2.50
EyzRED: raises $7.50 to $10
tintin641: folds 
CichiChanMarian: folds 
Uncalled bet ($7.50) returned to EyzRED
EyzRED collected $6 from pot
EyzRED: doesn't show hand 
*** SUMMARY ***
Total pot $6 | Rake $0 
Seat 1: EyzRED (small blind) collected ($6)
Seat 2: tintin641 (big blind) folded before Flop
Seat 3: dreimis190 folded before Flop (didn't bet)
Seat 4: Johnnyj0 folded before Flop (didn't bet)
Seat 5: AlexPinsk1 folded before Flop (didn't bet)
Seat 6: CichiChanMarian (button) folded before Flop



PokerStars Hand #254297888538:  Hold'em No Limit ($0.50/$1.00 USD) - 2025/01/10 17:48:28 WET [2025/01/10 12:48:28 ET]
Table 'Thalia II' 6-max Seat #1 is the button
Seat 3: dreimis190 ($100 in chips) is sitting out
Seat 1: EyzRED ($103.50 in chips) 
Seat 2: tintin641 ($115.95 in chips) 
Seat 4: Johnnyj0 ($87.27 in chips) 
Seat 5: AlexPinsk1 ($106 in chips) 
Seat 6: CichiChanMarian ($105 in chips) 
tintin641: posts small blind $0.50
dreimis190: is sitting out 
Johnnyj0: posts big blind $1
*** HOLE CARDS ***
AlexPinsk1: folds 
CichiChanMarian: folds 
EyzRED: raises $1.50 to $2.50
tintin641: folds 
Johnnyj0: calls $1.50
*** FLOP *** [2c 6d 8s]
Johnnyj0: checks 
EyzRED: bets $3.71
Johnnyj0: folds 
Uncalled bet ($3.71) returned to EyzRED
EyzRED collected $5.22 from pot
EyzRED: doesn't show hand 
*** SUMMARY ***
Total pot $5.50 | Rake $0.28 
Board [2c 6d 8s]
Seat 3: dreimis190
Seat 1: EyzRED (button) collected ($5.22)
Seat 2: tintin641 (small blind) folded before Flop
Seat 4: Johnnyj0 (big blind) folded on the Flop
Seat 5: AlexPinsk1 folded before Flop (didn't bet)
Seat 6: CichiChanMarian folded before Flop (didn't bet)



PokerStars Hand #254297897236:  Hold'em No Limit ($0.50/$1.00 USD) - 2025/01/10 17:48:58 WET [2025/01/10 12:48:58 ET]
Table 'Thalia II' 6-max Seat #2 is the button
Seat 3: dreimis190 ($100 in chips) is sitting out
Seat 1: EyzRED ($106.22 in chips) 
Seat 2: tintin641 ($115.45 in chips) 
Seat 4: Johnnyj0 ($84.77 in chips) 
Seat 5: AlexPinsk1 ($106 in chips) 
Seat 6: CichiChanMarian ($105 in chips) 
Johnnyj0: posts small blind $0.50
AlexPinsk1: posts big blind $1
*** HOLE CARDS ***
CichiChanMarian: folds 
EyzRED: folds 
tintin641: raises $1.50 to $2.50
Johnnyj0: folds 
AlexPinsk1: folds 
Uncalled bet ($1.50) returned to tintin641
tintin641 collected $2.50 from pot
tintin641: doesn't show hand 
*** SUMMARY ***
Total pot $2.50 | Rake $0 
Seat 3: dreimis190
Seat 1: EyzRED folded before Flop (didn't bet)
Seat 2: tintin641 (button) collected ($2.50)
Seat 4: Johnnyj0 (small blind) folded before Flop
Seat 5: AlexPinsk1 (big blind) folded before Flop
Seat 6: CichiChanMarian folded before Flop (didn't bet)



PokerStars Hand #254297902213:  Hold'em No Limit ($0.50/$1.00 USD) - 2025/01/10 17:49:15 WET [2025/01/10 12:49:15 ET]
Table 'Thalia II' 6-max Seat #4 is the button
Seat 3: dreimis190 ($100 in chips) is sitting out
Seat 1: EyzRED ($106.22 in chips) 
Seat 2: tintin641 ($116.95 in chips) 
Seat 4: Johnnyj0 ($84.27 in chips) 
Seat 5: AlexPinsk1 ($105 in chips) 
Seat 6: CichiChanMarian ($105 in chips) 
AlexPinsk1: posts small blind $0.50
CichiChanMarian: posts big blind $1
*** HOLE CARDS ***
EyzRED: raises $1.20 to $2.20
tintin641: folds 
Johnnyj0: calls $2.20
AlexPinsk1: folds 
CichiChanMarian: folds 
*** FLOP *** [9d 3d As]
EyzRED: checks 
Johnnyj0: checks 
*** TURN *** [9d 3d As] [Qc]
EyzRED: checks 
Johnnyj0: checks 
*** RIVER *** [9d 3d As Qc] [5h]
EyzRED: bets $7.45
Johnnyj0: folds 
Uncalled bet ($7.45) returned to EyzRED
EyzRED collected $5.60 from pot
EyzRED: doesn't show hand 
*** SUMMARY ***
Total pot $5.90 | Rake $0.30 
Board [9d 3d As Qc 5h]
Seat 3: dreimis190
Seat 1: EyzRED collected ($5.60)
Seat 2: tintin641 folded before Flop (didn't bet)
Seat 4: Johnnyj0 (button) folded on the River
Seat 5: AlexPinsk1 (small blind) folded before Flop
Seat 6: CichiChanMarian (big blind) folded before Flop



PokerStars Hand #254297917944:  Hold'em No Limit ($0.50/$1.00 USD) - 2025/01/10 17:50:11 WET [2025/01/10 12:50:11 ET]
Table 'Thalia II' 6-max Seat #5 is the button
Seat 3: dreimis190 ($100 in chips) is sitting out
Seat 1: EyzRED ($109.62 in chips) 
Seat 2: tintin641 ($116.95 in chips) 
Seat 4: Johnnyj0 ($82.07 in chips) 
Seat 5: AlexPinsk1 ($104.50 in chips) 
Seat 6: CichiChanMarian ($104 in chips) 
CichiChanMarian: posts small blind $0.50
EyzRED: posts big blind $1
*** HOLE CARDS ***
tintin641: folds 
Johnnyj0: folds 
AlexPinsk1: raises $1.50 to $2.50
CichiChanMarian: folds 
EyzRED: folds 
Uncalled bet ($1.50) returned to AlexPinsk1
AlexPinsk1 collected $2.50 from pot
AlexPinsk1: doesn't show hand 
*** SUMMARY ***
Total pot $2.50 | Rake $0 
Seat 3: dreimis190
Seat 1: EyzRED (big blind) folded before Flop
Seat 2: tintin641 folded before Flop (didn't bet)
Seat 4: Johnnyj0 folded before Flop (didn't bet)
Seat 5: AlexPinsk1 (button) collected ($2.50)
Seat 6: CichiChanMarian (small blind) folded before Flop



PokerStars Hand #254297922402:  Hold'em No Limit ($0.50/$1.00 USD) - 2025/01/10 17:50:27 WET [2025/01/10 12:50:27 ET]
Table 'Thalia II' 6-max Seat #6 is the button
Seat 3: dreimis190 ($100 in chips) is sitting out
Seat 1: EyzRED ($108.62 in chips) 
Seat 2: tintin641 ($116.95 in chips) 
Seat 4: Johnnyj0 ($82.07 in chips) 
Seat 5: AlexPinsk1 ($106 in chips) 
Seat 6: CichiChanMarian ($103.50 in chips) 
EyzRED: posts small blind $0.50
tintin641: posts big blind $1
*** HOLE CARDS ***
Johnnyj0: folds 
AlexPinsk1: folds 
CichiChanMarian: raises $1.50 to $2.50
EyzRED: folds 
tintin641: folds 
Uncalled bet ($1.50) returned to CichiChanMarian
CichiChanMarian collected $2.50 from pot
CichiChanMarian: doesn't show hand 
*** SUMMARY ***
Total pot $2.50 | Rake $0 
Seat 3: dreimis190
Seat 1: EyzRED (small blind) folded before Flop
Seat 2: tintin641 (big blind) folded before Flop
Seat 4: Johnnyj0 folded before Flop (didn't bet)
Seat 5: AlexPinsk1 folded before Flop (didn't bet)
Seat 6: CichiChanMarian (button) collected ($2.50)



PokerStars Hand #254297926245:  Hold'em No Limit ($0.50/$1.00 USD) - 2025/01/10 17:50:40 WET [2025/01/10 12:50:40 ET]
Table 'Thalia II' 6-max Seat #1 is the button
Seat 3: dreimis190 ($100 in chips) is sitting out
Seat 1: EyzRED ($108.12 in chips) 
Seat 2: tintin641 ($115.95 in chips) 
Seat 4: Johnnyj0 ($82.07 in chips) 
Seat 5: AlexPinsk1 ($106 in chips) 
Seat 6: CichiChanMarian ($105 in chips) 
tintin641: posts small blind $0.50
Johnnyj0: posts big blind $1
*** HOLE CARDS ***
AlexPinsk1: folds 
CichiChanMarian: folds 
EyzRED: raises $1.50 to $2.50
tintin641: folds 
Johnnyj0: folds 
Uncalled bet ($1.50) returned to EyzRED
EyzRED collected $2.50 from pot
EyzRED: doesn't show hand 
*** SUMMARY ***
Total pot $2.50 | Rake $0 
Seat 3: dreimis190
Seat 1: EyzRED (button) collected ($2.50)
Seat 2: tintin641 (small blind) folded before Flop
Seat 4: Johnnyj0 (big blind) folded before Flop
Seat 5: AlexPinsk1 folded before Flop (didn't bet)
Seat 6: CichiChanMarian folded before Flop (didn't bet)



PokerStars Hand #254297929756:  Hold'em No Limit ($0.50/$1.00 USD) - 2025/01/10 17:50:53 WET [2025/01/10 12:50:53 ET]
Table 'Thalia II' 6-max Seat #2 is the button
Seat 3: dreimis190 ($100 in chips) is sitting out
Seat 1: EyzRED ($109.62 in chips) 
Seat 2: tintin641 ($115.45 in chips) 
Seat 4: Johnnyj0 ($81.07 in chips) 
Seat 5: AlexPinsk1 ($106 in chips) 
Seat 6: CichiChanMarian ($105 in chips) 
Johnnyj0: posts small blind $0.50
AlexPinsk1: posts big blind $1
*** HOLE CARDS ***
CichiChanMarian: folds 
EyzRED: folds 
tintin641: folds 
Johnnyj0: folds 
Uncalled bet ($0.50) returned to AlexPinsk1
AlexPinsk1 collected $1 from pot
AlexPinsk1: doesn't show hand 
*** SUMMARY ***
Total pot $1 | Rake $0 
Seat 3: dreimis190
Seat 1: EyzRED folded before Flop (didn't bet)
Seat 2: tintin641 (button) folded before Flop (didn't bet)
Seat 4: Johnnyj0 (small blind) folded before Flop
Seat 5: AlexPinsk1 (big blind) collected ($1)
Seat 6: CichiChanMarian folded before Flop (didn't bet)



PokerStars Hand #254297934615:  Hold'em No Limit ($0.50/$1.00 USD) - 2025/01/10 17:51:10 WET [2025/01/10 12:51:10 ET]
Table 'Thalia II' 6-max Seat #4 is the button
Seat 3: dreimis190 ($100 in chips) is sitting out
Seat 1: EyzRED ($109.62 in chips) 
Seat 2: tintin641 ($115.45 in chips) 
Seat 4: Johnnyj0 ($80.57 in chips) 
Seat 5: AlexPinsk1 ($106.50 in chips) 
Seat 6: CichiChanMarian ($105 in chips) 
AlexPinsk1: posts small blind $0.50
CichiChanMarian: posts big blind $1
*** HOLE CARDS ***
EyzRED: folds 
tintin641: folds 
Johnnyj0: raises $1.50 to $2.50
AlexPinsk1: folds 
CichiChanMarian: folds 
Uncalled bet ($1.50) returned to Johnnyj0
Johnnyj0 collected $2.50 from pot
Johnnyj0: doesn't show hand 
*** SUMMARY ***
Total pot $2.50 | Rake $0 
Seat 3: dreimis190
Seat 1: EyzRED folded before Flop (didn't bet)
Seat 2: tintin641 folded before Flop (didn't bet)
Seat 4: Johnnyj0 (button) collected ($2.50)
Seat 5: AlexPinsk1 (small blind) folded before Flop
Seat 6: CichiChanMarian (big blind) folded before Flop



PokerStars Hand #254297941862:  Hold'em No Limit ($0.50/$1.00 USD) - 2025/01/10 17:51:35 WET [2025/01/10 12:51:35 ET]
Table 'Thalia II' 6-max Seat #5 is the button
Seat 3: dreimis190 ($100 in chips) is sitting out
Seat 1: EyzRED ($109.62 in chips) 
Seat 2: tintin641 ($115.45 in chips) 
Seat 4: Johnnyj0 ($82.07 in chips) 
Seat 5: AlexPinsk1 ($106 in chips) 
Seat 6: CichiChanMarian ($104 in chips) 
CichiChanMarian: posts small blind $0.50
EyzRED: posts big blind $1
*** HOLE CARDS ***
tintin641: folds 
Johnnyj0: raises $1.50 to $2.50
AlexPinsk1: raises $5 to $7.50
CichiChanMarian: raises $12.50 to $20
EyzRED: folds 
Johnnyj0: folds 
AlexPinsk1: folds 
Uncalled bet ($12.50) returned to CichiChanMarian
CichiChanMarian collected $18.50 from pot
CichiChanMarian: doesn't show hand 
*** SUMMARY ***
Total pot $18.50 | Rake $0 
Seat 3: dreimis190
Seat 1: EyzRED (big blind) folded before Flop
Seat 2: tintin641 folded before Flop (didn't bet)
Seat 4: Johnnyj0 folded before Flop
Seat 5: AlexPinsk1 (button) folded before Flop
Seat 6: CichiChanMarian (small blind) collected ($18.50)



PokerStars Hand #254297955410:  Hold'em No Limit ($0.50/$1.00 USD) - 2025/01/10 17:52:23 WET [2025/01/10 12:52:23 ET]
Table 'Thalia II' 6-max Seat #6 is the button
Seat 3: dreimis190 ($100 in chips) is sitting out
Seat 1: EyzRED ($108.62 in chips) 
Seat 2: tintin641 ($115.45 in chips) 
Seat 4: Johnnyj0 ($79.57 in chips) 
Seat 5: AlexPinsk1 ($100 in chips) 
Seat 6: CichiChanMarian ($115 in chips) 
EyzRED: posts small blind $0.50
tintin641: posts big blind $1
*** HOLE CARDS ***
Johnnyj0: raises $1.50 to $2.50
AlexPinsk1: folds 
CichiChanMarian: folds 
EyzRED: folds 
tintin641: folds 
Uncalled bet ($1.50) returned to Johnnyj0
Johnnyj0 collected $2.50 from pot
Johnnyj0: doesn't show hand 
*** SUMMARY ***
Total pot $2.50 | Rake $0 
Seat 3: dreimis190
Seat 1: EyzRED (small blind) folded before Flop
Seat 2: tintin641 (big blind) folded before Flop
Seat 4: Johnnyj0 collected ($2.50)
Seat 5: AlexPinsk1 folded before Flop (didn't bet)
Seat 6: CichiChanMarian (button) folded before Flop (didn't bet)



PokerStars Hand #254297958869:  Hold'em No Limit ($0.50/$1.00 USD) - 2025/01/10 17:52:35 WET [2025/01/10 12:52:35 ET]
Table 'Thalia II' 6-max Seat #1 is the button
Seat 1: EyzRED ($108.12 in chips) 
Seat 2: tintin641 ($114.45 in chips) 
Seat 3: dreimis190 ($100 in chips) 
Seat 4: Johnnyj0 ($81.07 in chips) 
Seat 5: AlexPinsk1 ($100 in chips) 
Seat 6: CichiChanMarian ($115 in chips) 
tintin641: posts small blind $0.50
dreimis190: posts big blind $1
*** HOLE CARDS ***
Johnnyj0: raises $1.50 to $2.50
AlexPinsk1: folds 
CichiChanMarian: folds 
EyzRED: folds 
tintin641: raises $7.50 to $10
dreimis190: folds 
Johnnyj0: folds 
Uncalled bet ($7.50) returned to tintin641
tintin641 collected $6 from pot
tintin641: doesn't show hand 
*** SUMMARY ***
Total pot $6 | Rake $0 
Seat 1: EyzRED (button) folded before Flop (didn't bet)
Seat 2: tintin641 (small blind) collected ($6)
Seat 3: dreimis190 (big blind) folded before Flop
Seat 4: Johnnyj0 folded before Flop
Seat 5: AlexPinsk1 folded before Flop (didn't bet)
Seat 6: CichiChanMarian folded before Flop (didn't bet)



PokerStars Hand #254297968542:  Hold'em No Limit ($0.50/$1.00 USD) - 2025/01/10 17:53:09 WET [2025/01/10 12:53:09 ET]
Table 'Thalia II' 6-max Seat #2 is the button
Seat 1: EyzRED ($108.12 in chips) 
Seat 2: tintin641 ($117.95 in chips) 
Seat 3: dreimis190 ($100 in chips) 
Seat 4: Johnnyj0 ($78.57 in chips) 
Seat 5: AlexPinsk1 ($100 in chips) 
Seat 6: CichiChanMarian ($115 in chips) 
dreimis190: posts small blind $0.50
Johnnyj0: posts big blind $1
*** HOLE CARDS ***
AlexPinsk1: folds 
CichiChanMarian: folds 
EyzRED: folds 
tintin641: raises $1.50 to $2.50
dreimis190: folds 
Johnnyj0: folds 
Uncalled bet ($1.50) returned to tintin641
tintin641 collected $2.50 from pot
tintin641: doesn't show hand 
*** SUMMARY ***
Total pot $2.50 | Rake $0 
Seat 1: EyzRED folded before Flop (didn't bet)
Seat 2: tintin641 (button) collected ($2.50)
Seat 3: dreimis190 (small blind) folded before Flop
Seat 4: Johnnyj0 (big blind) folded before Flop
Seat 5: AlexPinsk1 folded before Flop (didn't bet)
Seat 6: CichiChanMarian folded before Flop (didn't bet)



PokerStars Hand #254297975843:  Hold'em No Limit ($0.50/$1.00 USD) - 2025/01/10 17:53:35 WET [2025/01/10 12:53:35 ET]
Table 'Thalia II' 6-max Seat #3 is the button
Seat 1: EyzRED ($108.12 in chips) 
Seat 2: tintin641 ($119.45 in chips) 
Seat 3: dreimis190 ($100 in chips) 
Seat 4: Johnnyj0 ($77.57 in chips) 
Seat 5: AlexPinsk1 ($100 in chips) 
Seat 6: CichiChanMarian ($115 in chips) 
Johnnyj0: posts small blind $0.50
AlexPinsk1: posts big blind $1
*** HOLE CARDS ***
CichiChanMarian: folds 
EyzRED: folds 
tintin641: raises $1.50 to $2.50
dreimis190: folds 
Johnnyj0: folds 
AlexPinsk1: calls $1.50
*** FLOP *** [Th 6d 5c]
AlexPinsk1: checks 
tintin641: bets $3.92
AlexPinsk1: calls $3.92
*** TURN *** [Th 6d 5c] [As]
AlexPinsk1: checks 
tintin641: checks 
*** RIVER *** [Th 6d 5c As] [Jd]
AlexPinsk1: checks 
tintin641: bets $9.50
AlexPinsk1: folds 
Uncalled bet ($9.50) returned to tintin641
tintin641 collected $12.67 from pot
tintin641: doesn't show hand 
*** SUMMARY ***
Total pot $13.34 | Rake $0.67 
Board [Th 6d 5c As Jd]
Seat 1: EyzRED folded before Flop (didn't bet)
Seat 2: tintin641 collected ($12.67)
Seat 3: dreimis190 (button) folded before Flop (didn't bet)
Seat 4: Johnnyj0 (small blind) folded before Flop
Seat 5: AlexPinsk1 (big blind) folded on the River
Seat 6: CichiChanMarian folded before Flop (didn't bet)



PokerStars Hand #254298007078:  Hold'em No Limit ($0.50/$1.00 USD) - 2025/01/10 17:55:34 WET [2025/01/10 12:55:34 ET]
Table 'Thalia II' 6-max Seat #4 is the button
Seat 1: EyzRED ($108.12 in chips) 
Seat 2: tintin641 ($125.70 in chips) 
Seat 3: dreimis190 ($100 in chips) 
Seat 4: Johnnyj0 ($77.07 in chips) 
Seat 5: AlexPinsk1 ($100 in chips) 
Seat 6: CichiChanMarian ($115 in chips) 
AlexPinsk1: posts small blind $0.50
CichiChanMarian: posts big blind $1
*** HOLE CARDS ***
EyzRED: folds 
tintin641: folds 
dreimis190: raises $1.50 to $2.50
Johnnyj0: folds 
AlexPinsk1: folds 
CichiChanMarian: folds 
Uncalled bet ($1.50) returned to dreimis190
dreimis190 collected $2.50 from pot
dreimis190: doesn't show hand 
*** SUMMARY ***
Total pot $2.50 | Rake $0 
Seat 1: EyzRED folded before Flop (didn't bet)
Seat 2: tintin641 folded before Flop (didn't bet)
Seat 3: dreimis190 collected ($2.50)
Seat 4: Johnnyj0 (button) folded before Flop (didn't bet)
Seat 5: AlexPinsk1 (small blind) folded before Flop
Seat 6: CichiChanMarian (big blind) folded before Flop



PokerStars Hand #254298011677:  Hold'em No Limit ($0.50/$1.00 USD) - 2025/01/10 17:55:57 WET [2025/01/10 12:55:57 ET]
Table 'Thalia II' 6-max Seat #5 is the button
Seat 1: EyzRED ($108.12 in chips) 
Seat 2: tintin641 ($125.70 in chips) 
Seat 3: dreimis190 ($101.50 in chips) 
Seat 4: Johnnyj0 ($77.07 in chips) 
Seat 5: AlexPinsk1 ($100 in chips) 
Seat 6: CichiChanMarian ($114 in chips) 
CichiChanMarian: posts small blind $0.50
EyzRED: posts big blind $1
*** HOLE CARDS ***
tintin641: folds 
dreimis190: folds 
Johnnyj0: folds 
AlexPinsk1: folds 
CichiChanMarian: folds 
Uncalled bet ($0.50) returned to EyzRED
EyzRED collected $1 from pot
EyzRED: doesn't show hand 
*** SUMMARY ***
Total pot $1 | Rake $0 
Seat 1: EyzRED (big blind) collected ($1)
Seat 2: tintin641 folded before Flop (didn't bet)
Seat 3: dreimis190 folded before Flop (didn't bet)
Seat 4: Johnnyj0 folded before Flop (didn't bet)
Seat 5: AlexPinsk1 (button) folded before Flop (didn't bet)
Seat 6: CichiChanMarian (small blind) folded before Flop



PokerStars Hand #254298016434:  Hold'em No Limit ($0.50/$1.00 USD) - 2025/01/10 17:56:20 WET [2025/01/10 12:56:20 ET]
Table 'Thalia II' 6-max Seat #6 is the button
Seat 1: EyzRED ($108.62 in chips) 
Seat 2: tintin641 ($125.70 in chips) 
Seat 3: dreimis190 ($101.50 in chips) 
Seat 4: Johnnyj0 ($77.07 in chips) 
Seat 5: AlexPinsk1 ($100 in chips) 
Seat 6: CichiChanMarian ($113.50 in chips) 
EyzRED: posts small blind $0.50
tintin641: posts big blind $1
*** HOLE CARDS ***
dreimis190: folds 
Johnnyj0: raises $1.50 to $2.50
AlexPinsk1: folds 
CichiChanMarian: folds 
EyzRED: folds 
tintin641: raises $7.50 to $10
Johnnyj0: folds 
Uncalled bet ($7.50) returned to tintin641
tintin641 collected $5.50 from pot
tintin641: doesn't show hand 
*** SUMMARY ***
Total pot $5.50 | Rake $0 
Seat 1: EyzRED (small blind) folded before Flop
Seat 2: tintin641 (big blind) collected ($5.50)
Seat 3: dreimis190 folded before Flop (didn't bet)
Seat 4: Johnnyj0 folded before Flop
Seat 5: AlexPinsk1 folded before Flop (didn't bet)
Seat 6: CichiChanMarian (button) folded before Flop (didn't bet)



PokerStars Hand #254298022184:  Hold'em No Limit ($0.50/$1.00 USD) - 2025/01/10 17:56:48 WET [2025/01/10 12:56:48 ET]
Table 'Thalia II' 6-max Seat #1 is the button
Seat 1: EyzRED ($108.12 in chips) 
Seat 2: tintin641 ($128.70 in chips) 
Seat 3: dreimis190 ($101.50 in chips) 
Seat 4: Johnnyj0 ($74.57 in chips) 
Seat 5: AlexPinsk1 ($100 in chips) 
Seat 6: CichiChanMarian ($113.50 in chips) 
tintin641: posts small blind $0.50
dreimis190: posts big blind $1
*** HOLE CARDS ***
Johnnyj0: folds 
AlexPinsk1: folds 
CichiChanMarian: folds 
EyzRED: raises $1.50 to $2.50
tintin641: folds 
dreimis190: folds 
Uncalled bet ($1.50) returned to EyzRED
EyzRED collected $2.50 from pot
EyzRED: doesn't show hand 
*** SUMMARY ***
Total pot $2.50 | Rake $0 
Seat 1: EyzRED (button) collected ($2.50)
Seat 2: tintin641 (small blind) folded before Flop
Seat 3: dreimis190 (big blind) folded before Flop
Seat 4: Johnnyj0 folded before Flop (didn't bet)
Seat 5: AlexPinsk1 folded before Flop (didn't bet)
Seat 6: CichiChanMarian folded before Flop (didn't bet)



PokerStars Hand #254298027262:  Hold'em No Limit ($0.50/$1.00 USD) - 2025/01/10 17:57:13 WET [2025/01/10 12:57:13 ET]
Table 'Thalia II' 6-max Seat #2 is the button
Seat 1: EyzRED ($109.62 in chips) 
Seat 2: tintin641 ($128.20 in chips) 
Seat 3: dreimis190 ($100.50 in chips) 
Seat 4: Johnnyj0 ($74.57 in chips) 
Seat 5: AlexPinsk1 ($100 in chips) 
Seat 6: CichiChanMarian ($113.50 in chips) 
dreimis190: posts small blind $0.50
Johnnyj0: posts big blind $1
*** HOLE CARDS ***
AlexPinsk1: folds 
CichiChanMarian: folds 
EyzRED: folds 
tintin641: raises $1.50 to $2.50
dreimis190: folds 
Johnnyj0: folds 
Uncalled bet ($1.50) returned to tintin641
tintin641 collected $2.50 from pot
tintin641: doesn't show hand 
*** SUMMARY ***
Total pot $2.50 | Rake $0 
Seat 1: EyzRED folded before Flop (didn't bet)
Seat 2: tintin641 (button) collected ($2.50)
Seat 3: dreimis190 (small blind) folded before Flop
Seat 4: Johnnyj0 (big blind) folded before Flop
Seat 5: AlexPinsk1 folded before Flop (didn't bet)
Seat 6: CichiChanMarian folded before Flop (didn't bet)



PokerStars Hand #254298035699:  Hold'em No Limit ($0.50/$1.00 USD) - 2025/01/10 17:57:55 WET [2025/01/10 12:57:55 ET]
Table 'Thalia II' 6-max Seat #3 is the button
Seat 1: EyzRED ($109.62 in chips) 
Seat 2: tintin641 ($129.70 in chips) 
Seat 3: dreimis190 ($100 in chips) 
Seat 4: Johnnyj0 ($73.57 in chips) 
Seat 5: AlexPinsk1 ($100 in chips) 
Seat 6: CichiChanMarian ($113.50 in chips) 
Johnnyj0: posts small blind $0.50
AlexPinsk1: posts big blind $1
*** HOLE CARDS ***
CichiChanMarian: folds 
EyzRED: folds 
tintin641: folds 
dreimis190: folds 
Johnnyj0: folds 
Uncalled bet ($0.50) returned to AlexPinsk1
AlexPinsk1 collected $1 from pot
AlexPinsk1: doesn't show hand 
*** SUMMARY ***
Total pot $1 | Rake $0 
Seat 1: EyzRED folded before Flop (didn't bet)
Seat 2: tintin641 folded before Flop (didn't bet)
Seat 3: dreimis190 (button) folded before Flop (didn't bet)
Seat 4: Johnnyj0 (small blind) folded before Flop
Seat 5: AlexPinsk1 (big blind) collected ($1)
Seat 6: CichiChanMarian folded before Flop (didn't bet)



PokerStars Hand #254298041537:  Hold'em No Limit ($0.50/$1.00 USD) - 2025/01/10 17:58:23 WET [2025/01/10 12:58:23 ET]
Table 'Thalia II' 6-max Seat #4 is the button
Seat 1: EyzRED ($109.62 in chips) 
Seat 2: tintin641 ($129.70 in chips) 
Seat 3: dreimis190 ($100 in chips) 
Seat 4: Johnnyj0 ($73.07 in chips) 
Seat 5: AlexPinsk1 ($100.50 in chips) 
Seat 6: CichiChanMarian ($113.50 in chips) 
AlexPinsk1: posts small blind $0.50
CichiChanMarian: posts big blind $1
*** HOLE CARDS ***
EyzRED: folds 
tintin641: folds 
dreimis190: folds 
Johnnyj0: raises $1.50 to $2.50
AlexPinsk1: folds 
CichiChanMarian: folds 
Uncalled bet ($1.50) returned to Johnnyj0
Johnnyj0 collected $2.50 from pot
Johnnyj0: doesn't show hand 
*** SUMMARY ***
Total pot $2.50 | Rake $0 
Seat 1: EyzRED folded before Flop (didn't bet)
Seat 2: tintin641 folded before Flop (didn't bet)
Seat 3: dreimis190 folded before Flop (didn't bet)
Seat 4: Johnnyj0 (button) collected ($2.50)
Seat 5: AlexPinsk1 (small blind) folded before Flop
Seat 6: CichiChanMarian (big blind) folded before Flop



PokerStars Hand #254298046116:  Hold'em No Limit ($0.50/$1.00 USD) - 2025/01/10 17:58:45 WET [2025/01/10 12:58:45 ET]
Table 'Thalia II' 6-max Seat #5 is the button
Seat 1: EyzRED ($109.62 in chips) 
Seat 2: tintin641 ($129.70 in chips) 
Seat 3: dreimis190 ($100 in chips) 
Seat 4: Johnnyj0 ($74.57 in chips) 
Seat 5: AlexPinsk1 ($100 in chips) 
Seat 6: CichiChanMarian ($112.50 in chips) 
CichiChanMarian: posts small blind $0.50
EyzRED: posts big blind $1
*** HOLE CARDS ***
tintin641: folds 
dreimis190: raises $1 to $2
Johnnyj0: folds 
AlexPinsk1: folds 
CichiChanMarian: raises $8 to $10
EyzRED: folds 
dreimis190: calls $8
*** FLOP *** [5s Td 7d]
CichiChanMarian: checks 
dreimis190: bets $5.08
CichiChanMarian: folds 
Uncalled bet ($5.08) returned to dreimis190
dreimis190 collected $19.95 from pot
dreimis190: doesn't show hand 
*** SUMMARY ***
Total pot $21 | Rake $1.05 
Board [5s Td 7d]
Seat 1: EyzRED (big blind) folded before Flop
Seat 2: tintin641 folded before Flop (didn't bet)
Seat 3: dreimis190 collected ($19.95)
Seat 4: Johnnyj0 folded before Flop (didn't bet)
Seat 5: AlexPinsk1 (button) folded before Flop (didn't bet)
Seat 6: CichiChanMarian (small blind) folded on the Flop



PokerStars Hand #254298068111:  Hold'em No Limit ($0.50/$1.00 USD) - 2025/01/10 18:00:29 WET [2025/01/10 13:00:29 ET]
Table 'Thalia II' 6-max Seat #6 is the button
Seat 1: EyzRED ($108.62 in chips) 
Seat 2: tintin641 ($129.70 in chips) 
Seat 3: dreimis190 ($109.95 in chips) 
Seat 4: Johnnyj0 ($74.57 in chips) 
Seat 5: AlexPinsk1 ($100 in chips) 
Seat 6: CichiChanMarian ($102.50 in chips) 
EyzRED: posts small blind $0.50
tintin641: posts big blind $1
*** HOLE CARDS ***
dreimis190: folds 
Johnnyj0: folds 
AlexPinsk1: raises $1.50 to $2.50
CichiChanMarian: folds 
EyzRED: folds 
tintin641: folds 
Uncalled bet ($1.50) returned to AlexPinsk1
AlexPinsk1 collected $2.50 from pot
AlexPinsk1: doesn't show hand 
*** SUMMARY ***
Total pot $2.50 | Rake $0 
Seat 1: EyzRED (small blind) folded before Flop
Seat 2: tintin641 (big blind) folded before Flop
Seat 3: dreimis190 folded before Flop (didn't bet)
Seat 4: Johnnyj0 folded before Flop (didn't bet)
Seat 5: AlexPinsk1 collected ($2.50)
Seat 6: CichiChanMarian (button) folded before Flop (didn't bet)



PokerStars Hand #254298071348:  Hold'em No Limit ($0.50/$1.00 USD) - 2025/01/10 18:00:43 WET [2025/01/10 13:00:43 ET]
Table 'Thalia II' 6-max Seat #1 is the button
Seat 1: EyzRED ($108.12 in chips) 
Seat 2: tintin641 ($128.70 in chips) 
Seat 3: dreimis190 ($109.95 in chips) 
Seat 4: Johnnyj0 ($74.57 in chips) 
Seat 5: AlexPinsk1 ($101.50 in chips) 
Seat 6: CichiChanMarian ($102.50 in chips) 
tintin641: posts small blind $0.50
dreimis190: posts big blind $1
*** HOLE CARDS ***
Johnnyj0: raises $1.50 to $2.50
AlexPinsk1: folds 
CichiChanMarian: raises $5.50 to $8
EyzRED: folds 
tintin641: folds 
dreimis190: folds 
Johnnyj0: folds 
Uncalled bet ($5.50) returned to CichiChanMarian
CichiChanMarian collected $6.50 from pot
CichiChanMarian: doesn't show hand 
*** SUMMARY ***
Total pot $6.50 | Rake $0 
Seat 1: EyzRED (button) folded before Flop (didn't bet)
Seat 2: tintin641 (small blind) folded before Flop
Seat 3: dreimis190 (big blind) folded before Flop
Seat 4: Johnnyj0 folded before Flop
Seat 5: AlexPinsk1 folded before Flop (didn't bet)
Seat 6: CichiChanMarian collected ($6.50)



PokerStars Hand #254298078680:  Hold'em No Limit ($0.50/$1.00 USD) - 2025/01/10 18:01:14 WET [2025/01/10 13:01:14 ET]
Table 'Thalia II' 6-max Seat #2 is the button
Seat 1: EyzRED ($108.12 in chips) 
Seat 2: tintin641 ($128.20 in chips) 
Seat 3: dreimis190 ($108.95 in chips) 
Seat 4: Johnnyj0 ($72.07 in chips) 
Seat 5: AlexPinsk1 ($101.50 in chips) 
Seat 6: CichiChanMarian ($106.50 in chips) 
dreimis190: posts small blind $0.50
Johnnyj0: posts big blind $1
*** HOLE CARDS ***
AlexPinsk1: folds 
CichiChanMarian: folds 
EyzRED: folds 
tintin641: folds 
dreimis190: folds 
Uncalled bet ($0.50) returned to Johnnyj0
Johnnyj0 collected $1 from pot
Johnnyj0: doesn't show hand 
*** SUMMARY ***
Total pot $1 | Rake $0 
Seat 1: EyzRED folded before Flop (didn't bet)
Seat 2: tintin641 (button) folded before Flop (didn't bet)
Seat 3: dreimis190 (small blind) folded before Flop
Seat 4: Johnnyj0 (big blind) collected ($1)
Seat 5: AlexPinsk1 folded before Flop (didn't bet)
Seat 6: CichiChanMarian folded before Flop (didn't bet)



PokerStars Hand #254298084989:  Hold'em No Limit ($0.50/$1.00 USD) - 2025/01/10 18:01:38 WET [2025/01/10 13:01:38 ET]
Table 'Thalia II' 6-max Seat #3 is the button
Seat 1: EyzRED ($108.12 in chips) 
Seat 2: tintin641 ($128.20 in chips) 
Seat 3: dreimis190 ($108.45 in chips) 
Seat 4: Johnnyj0 ($72.57 in chips) 
Seat 5: AlexPinsk1 ($101.50 in chips) 
Seat 6: CichiChanMarian ($106.50 in chips) 
Johnnyj0: posts small blind $0.50
AlexPinsk1: posts big blind $1
*** HOLE CARDS ***
CichiChanMarian: folds 
EyzRED: folds 
tintin641: folds 
dreimis190: folds 
Johnnyj0: folds 
Uncalled bet ($0.50) returned to AlexPinsk1
AlexPinsk1 collected $1 from pot
AlexPinsk1: doesn't show hand 
*** SUMMARY ***
Total pot $1 | Rake $0 
Seat 1: EyzRED folded before Flop (didn't bet)
Seat 2: tintin641 folded before Flop (didn't bet)
Seat 3: dreimis190 (button) folded before Flop (didn't bet)
Seat 4: Johnnyj0 (small blind) folded before Flop
Seat 5: AlexPinsk1 (big blind) collected ($1)
Seat 6: CichiChanMarian folded before Flop (didn't bet)



PokerStars Hand #254298092529:  Hold'em No Limit ($0.50/$1.00 USD) - 2025/01/10 18:02:07 WET [2025/01/10 13:02:07 ET]
Table 'Thalia II' 6-max Seat #4 is the button
Seat 1: EyzRED ($108.12 in chips) 
Seat 2: tintin641 ($128.20 in chips) 
Seat 3: dreimis190 ($108.45 in chips) 
Seat 4: Johnnyj0 ($99.50 in chips) 
Seat 5: AlexPinsk1 ($102 in chips) 
Seat 6: CichiChanMarian ($106.50 in chips) 
AlexPinsk1: posts small blind $0.50
CichiChanMarian: posts big blind $1
*** HOLE CARDS ***
EyzRED: folds 
tintin641: folds 
dreimis190: raises $1.50 to $2.50
Johnnyj0: folds 
AlexPinsk1: folds 
CichiChanMarian: raises $11 to $13.50
dreimis190: folds 
Uncalled bet ($11) returned to CichiChanMarian
CichiChanMarian collected $5.50 from pot
CichiChanMarian: doesn't show hand 
*** SUMMARY ***
Total pot $5.50 | Rake $0 
Seat 1: EyzRED folded before Flop (didn't bet)
Seat 2: tintin641 folded before Flop (didn't bet)
Seat 3: dreimis190 folded before Flop
Seat 4: Johnnyj0 (button) folded before Flop (didn't bet)
Seat 5: AlexPinsk1 (small blind) folded before Flop
Seat 6: CichiChanMarian (big blind) collected ($5.50)



PokerStars Hand #254298101428:  Hold'em No Limit ($0.50/$1.00 USD) - 2025/01/10 18:02:39 WET [2025/01/10 13:02:39 ET]
Table 'Thalia II' 6-max Seat #5 is the button
Seat 1: EyzRED ($108.12 in chips) 
Seat 2: tintin641 ($128.20 in chips) 
Seat 3: dreimis190 ($105.95 in chips) 
Seat 4: Johnnyj0 ($99.50 in chips) 
Seat 5: AlexPinsk1 ($101.50 in chips) 
Seat 6: CichiChanMarian ($109.50 in chips) 
CichiChanMarian: posts small blind $0.50
EyzRED: posts big blind $1
*** HOLE CARDS ***
tintin641: folds 
dreimis190: folds 
Johnnyj0: raises $1.50 to $2.50
AlexPinsk1: folds 
CichiChanMarian: folds 
EyzRED: folds 
Uncalled bet ($1.50) returned to Johnnyj0
Johnnyj0 collected $2.50 from pot
Johnnyj0: doesn't show hand 
*** SUMMARY ***
Total pot $2.50 | Rake $0 
Seat 1: EyzRED (big blind) folded before Flop
Seat 2: tintin641 folded before Flop (didn't bet)
Seat 3: dreimis190 folded before Flop (didn't bet)
Seat 4: Johnnyj0 collected ($2.50)
Seat 5: AlexPinsk1 (button) folded before Flop (didn't bet)
Seat 6: CichiChanMarian (small blind) folded before Flop



PokerStars Hand #254298113650:  Hold'em No Limit ($0.50/$1.00 USD) - 2025/01/10 18:03:21 WET [2025/01/10 13:03:21 ET]
Table 'Thalia II' 6-max Seat #6 is the button
Seat 1: EyzRED ($107.12 in chips) 
Seat 2: tintin641 ($128.20 in chips) 
Seat 3: dreimis190 ($105.95 in chips) 
Seat 4: Johnnyj0 ($101 in chips) 
Seat 5: AlexPinsk1 ($101.50 in chips) 
Seat 6: CichiChanMarian ($109 in chips) 
EyzRED: posts small blind $0.50
tintin641: posts big blind $1
*** HOLE CARDS ***
dreimis190: folds 
Johnnyj0: folds 
AlexPinsk1: raises $1.50 to $2.50
CichiChanMarian: folds 
EyzRED: folds 
tintin641: folds 
Uncalled bet ($1.50) returned to AlexPinsk1
AlexPinsk1 collected $2.50 from pot
AlexPinsk1: doesn't show hand 
*** SUMMARY ***
Total pot $2.50 | Rake $0 
Seat 1: EyzRED (small blind) folded before Flop
Seat 2: tintin641 (big blind) folded before Flop
Seat 3: dreimis190 folded before Flop (didn't bet)
Seat 4: Johnnyj0 folded before Flop (didn't bet)
Seat 5: AlexPinsk1 collected ($2.50)
Seat 6: CichiChanMarian (button) folded before Flop (didn't bet)



PokerStars Hand #254298119598:  Hold'em No Limit ($0.50/$1.00 USD) - 2025/01/10 18:03:42 WET [2025/01/10 13:03:42 ET]
Table 'Thalia II' 6-max Seat #1 is the button
Seat 1: EyzRED ($106.62 in chips) 
Seat 2: tintin641 ($127.20 in chips) 
Seat 3: dreimis190 ($105.95 in chips) 
Seat 4: Johnnyj0 ($101 in chips) 
Seat 5: AlexPinsk1 ($103 in chips) 
Seat 6: CichiChanMarian ($109 in chips) 
tintin641: posts small blind $0.50
dreimis190: posts big blind $1
*** HOLE CARDS ***
Johnnyj0: raises $1.50 to $2.50
AlexPinsk1: folds 
CichiChanMarian: folds 
EyzRED: folds 
tintin641: folds 
dreimis190: folds 
Uncalled bet ($1.50) returned to Johnnyj0
Johnnyj0 collected $2.50 from pot
Johnnyj0: doesn't show hand 
*** SUMMARY ***
Total pot $2.50 | Rake $0 
Seat 1: EyzRED (button) folded before Flop (didn't bet)
Seat 2: tintin641 (small blind) folded before Flop
Seat 3: dreimis190 (big blind) folded before Flop
Seat 4: Johnnyj0 collected ($2.50)
Seat 5: AlexPinsk1 folded before Flop (didn't bet)
Seat 6: CichiChanMarian folded before Flop (didn't bet)



PokerStars Hand #254298126432:  Hold'em No Limit ($0.50/$1.00 USD) - 2025/01/10 18:04:06 WET [2025/01/10 13:04:06 ET]
Table 'Thalia II' 6-max Seat #2 is the button
Seat 1: EyzRED ($106.62 in chips) 
Seat 2: tintin641 ($126.70 in chips) 
Seat 3: dreimis190 ($104.95 in chips) 
Seat 4: Johnnyj0 ($102.50 in chips) 
Seat 5: AlexPinsk1 ($103 in chips) 
Seat 6: CichiChanMarian ($109 in chips) 
dreimis190: posts small blind $0.50
Johnnyj0: posts big blind $1
*** HOLE CARDS ***
AlexPinsk1: folds 
CichiChanMarian: raises $1.50 to $2.50
EyzRED: folds 
tintin641: folds 
dreimis190: folds 
Johnnyj0: folds 
Uncalled bet ($1.50) returned to CichiChanMarian
CichiChanMarian collected $2.50 from pot
CichiChanMarian: doesn't show hand 
*** SUMMARY ***
Total pot $2.50 | Rake $0 
Seat 1: EyzRED folded before Flop (didn't bet)
Seat 2: tintin641 (button) folded before Flop (didn't bet)
Seat 3: dreimis190 (small blind) folded before Flop
Seat 4: Johnnyj0 (big blind) folded before Flop
Seat 5: AlexPinsk1 folded before Flop (didn't bet)
Seat 6: CichiChanMarian collected ($2.50)



PokerStars Hand #254298135927:  Hold'em No Limit ($0.50/$1.00 USD) - 2025/01/10 18:04:38 WET [2025/01/10 13:04:38 ET]
Table 'Thalia II' 6-max Seat #3 is the button
Seat 1: EyzRED ($106.62 in chips) 
Seat 2: tintin641 ($126.70 in chips) 
Seat 3: dreimis190 ($104.45 in chips) 
Seat 4: Johnnyj0 ($101.50 in chips) 
Seat 5: AlexPinsk1 ($103 in chips) 
Seat 6: CichiChanMarian ($110.50 in chips) 
Johnnyj0: posts small blind $0.50
AlexPinsk1: posts big blind $1
*** HOLE CARDS ***
CichiChanMarian: folds 
EyzRED: folds 
tintin641: folds 
dreimis190: raises $1.50 to $2.50
Johnnyj0: calls $2
AlexPinsk1: folds 
*** FLOP *** [4c 8d 9c]
Johnnyj0: checks 
dreimis190: bets $1
Johnnyj0: calls $1
*** TURN *** [4c 8d 9c] [Th]
Johnnyj0: checks 
dreimis190: checks 
*** RIVER *** [4c 8d 9c Th] [Tc]
Johnnyj0: checks 
dreimis190: checks 
*** SHOW DOWN ***
Johnnyj0: shows [6d 6c] (two pair, Tens and Sixes)
dreimis190: mucks hand 
Johnnyj0 collected $7.60 from pot
*** SUMMARY ***
Total pot $8 | Rake $0.40 
Board [4c 8d 9c Th Tc]
Seat 1: EyzRED folded before Flop (didn't bet)
Seat 2: tintin641 folded before Flop (didn't bet)
Seat 3: dreimis190 (button) mucked
Seat 4: Johnnyj0 (small blind) showed [6d 6c] and won ($7.60) with two pair, Tens and Sixes
Seat 5: AlexPinsk1 (big blind) folded before Flop
Seat 6: CichiChanMarian folded before Flop (didn't bet)



PokerStars Hand #254298148575:  Hold'em No Limit ($0.50/$1.00 USD) - 2025/01/10 18:05:22 WET [2025/01/10 13:05:22 ET]
Table 'Thalia II' 6-max Seat #4 is the button
Seat 1: EyzRED ($106.62 in chips) 
Seat 2: tintin641 ($126.70 in chips) 
Seat 3: dreimis190 ($100.95 in chips) 
Seat 4: Johnnyj0 ($105.60 in chips) 
Seat 5: AlexPinsk1 ($102 in chips) 
Seat 6: CichiChanMarian ($110.50 in chips) 
AlexPinsk1: posts small blind $0.50
CichiChanMarian: posts big blind $1
*** HOLE CARDS ***
EyzRED: raises $1.20 to $2.20
tintin641: folds 
dreimis190: folds 
Johnnyj0: calls $2.20
AlexPinsk1: folds 
CichiChanMarian: calls $1.20
*** FLOP *** [8c 2d Ac]
CichiChanMarian: checks 
EyzRED: checks 
Johnnyj0: bets $3.36
CichiChanMarian: folds 
EyzRED: calls $3.36
*** TURN *** [8c 2d Ac] [Js]
EyzRED: checks 
Johnnyj0: bets $5.57
EyzRED: raises $18.43 to $24
Johnnyj0: calls $18.43
*** RIVER *** [8c 2d Ac Js] [Qs]
EyzRED: bets $42.12
Johnnyj0: calls $42.12
*** SHOW DOWN ***
EyzRED: shows [As Jc] (two pair, Aces and Jacks)
Johnnyj0: mucks hand 
EyzRED collected $143.56 from pot
*** SUMMARY ***
Total pot $146.06 | Rake $2.50 
Board [8c 2d Ac Js Qs]
Seat 1: EyzRED showed [As Jc] and won ($143.56) with two pair, Aces and Jacks
Seat 2: tintin641 folded before Flop (didn't bet)
Seat 3: dreimis190 folded before Flop (didn't bet)
Seat 4: Johnnyj0 (button) mucked
Seat 5: AlexPinsk1 (small blind) folded before Flop
Seat 6: CichiChanMarian (big blind) folded on the Flop



PokerStars Hand #254298178936:  Hold'em No Limit ($0.50/$1.00 USD) - 2025/01/10 18:07:06 WET [2025/01/10 13:07:06 ET]
Table 'Thalia II' 6-max Seat #5 is the button
Seat 1: EyzRED ($178.50 in chips) 
Seat 2: tintin641 ($126.70 in chips) 
Seat 3: dreimis190 ($100.95 in chips) 
Seat 4: Johnnyj0 ($33.92 in chips) 
Seat 5: AlexPinsk1 ($101.50 in chips) 
Seat 6: CichiChanMarian ($108.30 in chips) 
CichiChanMarian: posts small blind $0.50
EyzRED: posts big blind $1
*** HOLE CARDS ***
tintin641: folds 
dreimis190: folds 
Johnnyj0: raises $1.50 to $2.50
AlexPinsk1: folds 
CichiChanMarian: folds 
EyzRED: folds 
Uncalled bet ($1.50) returned to Johnnyj0
Johnnyj0 collected $2.50 from pot
Johnnyj0: doesn't show hand 
*** SUMMARY ***
Total pot $2.50 | Rake $0 
Seat 1: EyzRED (big blind) folded before Flop
Seat 2: tintin641 folded before Flop (didn't bet)
Seat 3: dreimis190 folded before Flop (didn't bet)
Seat 4: Johnnyj0 collected ($2.50)
Seat 5: AlexPinsk1 (button) folded before Flop (didn't bet)
Seat 6: CichiChanMarian (small blind) folded before Flop



PokerStars Hand #254298188517:  Hold'em No Limit ($0.50/$1.00 USD) - 2025/01/10 18:07:40 WET [2025/01/10 13:07:40 ET]
Table 'Thalia II' 6-max Seat #6 is the button
Seat 1: EyzRED ($177.50 in chips) 
Seat 2: tintin641 ($126.70 in chips) 
Seat 3: dreimis190 ($100.95 in chips) 
Seat 4: Johnnyj0 ($35.42 in chips) 
Seat 5: AlexPinsk1 ($101.50 in chips) 
Seat 6: CichiChanMarian ($107.80 in chips) 
EyzRED: posts small blind $0.50
tintin641: posts big blind $1
*** HOLE CARDS ***
dreimis190: folds 
Johnnyj0: folds 
AlexPinsk1: folds 
CichiChanMarian: folds 
EyzRED: folds 
Uncalled bet ($0.50) returned to tintin641
tintin641 collected $1 from pot
tintin641: doesn't show hand 
*** SUMMARY ***
Total pot $1 | Rake $0 
Seat 1: EyzRED (small blind) folded before Flop
Seat 2: tintin641 (big blind) collected ($1)
Seat 3: dreimis190 folded before Flop (didn't bet)
Seat 4: Johnnyj0 folded before Flop (didn't bet)
Seat 5: AlexPinsk1 folded before Flop (didn't bet)
Seat 6: CichiChanMarian (button) folded before Flop (didn't bet)



PokerStars Hand #254298193867:  Hold'em No Limit ($0.50/$1.00 USD) - 2025/01/10 18:07:58 WET [2025/01/10 13:07:58 ET]
Table 'Thalia II' 6-max Seat #1 is the button
Seat 1: EyzRED ($177 in chips) 
Seat 2: tintin641 ($127.20 in chips) 
Seat 3: dreimis190 ($100.95 in chips) 
Seat 4: Johnnyj0 ($100 in chips) 
Seat 5: AlexPinsk1 ($101.50 in chips) 
Seat 6: CichiChanMarian ($107.80 in chips) 
tintin641: posts small blind $0.50
dreimis190: posts big blind $1
*** HOLE CARDS ***
Johnnyj0: folds 
AlexPinsk1: raises $1.50 to $2.50
CichiChanMarian: folds 
EyzRED: folds 
tintin641: folds 
dreimis190: folds 
Uncalled bet ($1.50) returned to AlexPinsk1
AlexPinsk1 collected $2.50 from pot
AlexPinsk1: doesn't show hand 
*** SUMMARY ***
Total pot $2.50 | Rake $0 
Seat 1: EyzRED (button) folded before Flop (didn't bet)
Seat 2: tintin641 (small blind) folded before Flop
Seat 3: dreimis190 (big blind) folded before Flop
Seat 4: Johnnyj0 folded before Flop (didn't bet)
Seat 5: AlexPinsk1 collected ($2.50)
Seat 6: CichiChanMarian folded before Flop (didn't bet)



PokerStars Hand #254298198563:  Hold'em No Limit ($0.50/$1.00 USD) - 2025/01/10 18:08:15 WET [2025/01/10 13:08:15 ET]
Table 'Thalia II' 6-max Seat #2 is the button
Seat 1: EyzRED ($177 in chips) 
Seat 2: tintin641 ($126.70 in chips) 
Seat 3: dreimis190 ($100 in chips) 
Seat 4: Johnnyj0 ($100 in chips) 
Seat 5: AlexPinsk1 ($103 in chips) 
Seat 6: CichiChanMarian ($107.80 in chips) 
dreimis190: posts small blind $0.50
Johnnyj0: posts big blind $1
*** HOLE CARDS ***
AlexPinsk1: folds 
CichiChanMarian: folds 
EyzRED: folds 
tintin641: raises $1.50 to $2.50
dreimis190: raises $8.50 to $11
Johnnyj0: folds 
tintin641: folds 
Uncalled bet ($8.50) returned to dreimis190
dreimis190 collected $6 from pot
dreimis190: doesn't show hand 
*** SUMMARY ***
Total pot $6 | Rake $0 
Seat 1: EyzRED folded before Flop (didn't bet)
Seat 2: tintin641 (button) folded before Flop
Seat 3: dreimis190 (small blind) collected ($6)
Seat 4: Johnnyj0 (big blind) folded before Flop
Seat 5: AlexPinsk1 folded before Flop (didn't bet)
Seat 6: CichiChanMarian folded before Flop (didn't bet)



PokerStars Hand #254298206748:  Hold'em No Limit ($0.50/$1.00 USD) - 2025/01/10 18:08:43 WET [2025/01/10 13:08:43 ET]
Table 'Thalia II' 6-max Seat #3 is the button
Seat 1: EyzRED ($177 in chips) 
Seat 2: tintin641 ($124.20 in chips) 
Seat 3: dreimis190 ($103.50 in chips) 
Seat 4: Johnnyj0 ($99 in chips) 
Seat 5: AlexPinsk1 ($103 in chips) 
Seat 6: CichiChanMarian ($107.80 in chips) 
Johnnyj0: posts small blind $0.50
AlexPinsk1: posts big blind $1
*** HOLE CARDS ***
CichiChanMarian: folds 
EyzRED: folds 
tintin641: folds 
dreimis190: folds 
Johnnyj0: raises $1.50 to $2.50
AlexPinsk1: calls $1.50
*** FLOP *** [Ts 2c Qc]
Johnnyj0: bets $1.66
AlexPinsk1: folds 
Uncalled bet ($1.66) returned to Johnnyj0
Johnnyj0 collected $4.75 from pot
Johnnyj0: doesn't show hand 
*** SUMMARY ***
Total pot $5 | Rake $0.25 
Board [Ts 2c Qc]
Seat 1: EyzRED folded before Flop (didn't bet)
Seat 2: tintin641 folded before Flop (didn't bet)
Seat 3: dreimis190 (button) folded before Flop (didn't bet)
Seat 4: Johnnyj0 (small blind) collected ($4.75)
Seat 5: AlexPinsk1 (big blind) folded on the Flop
Seat 6: CichiChanMarian folded before Flop (didn't bet)



PokerStars Hand #254298216337:  Hold'em No Limit ($0.50/$1.00 USD) - 2025/01/10 18:09:16 WET [2025/01/10 13:09:16 ET]
Table 'Thalia II' 6-max Seat #4 is the button
Seat 1: EyzRED ($177 in chips) 
Seat 2: tintin641 ($124.20 in chips) 
Seat 3: dreimis190 ($103.50 in chips) 
Seat 4: Johnnyj0 ($101.25 in chips) 
Seat 5: AlexPinsk1 ($100.50 in chips) 
Seat 6: CichiChanMarian ($107.80 in chips) 
AlexPinsk1: posts small blind $0.50
CichiChanMarian: posts big blind $1
*** HOLE CARDS ***
EyzRED: folds 
tintin641: folds 
dreimis190: folds 
Johnnyj0: folds 
AlexPinsk1: folds 
Uncalled bet ($0.50) returned to CichiChanMarian
CichiChanMarian collected $1 from pot
CichiChanMarian: doesn't show hand 
*** SUMMARY ***
Total pot $1 | Rake $0 
Seat 1: EyzRED folded before Flop (didn't bet)
Seat 2: tintin641 folded before Flop (didn't bet)
Seat 3: dreimis190 folded before Flop (didn't bet)
Seat 4: Johnnyj0 (button) folded before Flop (didn't bet)
Seat 5: AlexPinsk1 (small blind) folded before Flop
Seat 6: CichiChanMarian (big blind) collected ($1)



PokerStars Hand #254298222571:  Hold'em No Limit ($0.50/$1.00 USD) - 2025/01/10 18:09:38 WET [2025/01/10 13:09:38 ET]
Table 'Thalia II' 6-max Seat #5 is the button
Seat 1: EyzRED ($177 in chips) 
Seat 2: tintin641 ($124.20 in chips) 
Seat 3: dreimis190 ($103.50 in chips) 
Seat 4: Johnnyj0 ($101.25 in chips) 
Seat 5: AlexPinsk1 ($100 in chips) 
Seat 6: CichiChanMarian ($108.30 in chips) 
CichiChanMarian: posts small blind $0.50
EyzRED: posts big blind $1
*** HOLE CARDS ***
tintin641: folds 
dreimis190: folds 
Johnnyj0: folds 
AlexPinsk1: raises $1.50 to $2.50
CichiChanMarian: folds 
EyzRED: raises $8.50 to $11
AlexPinsk1: raises $13.50 to $24.50
EyzRED: raises $152.50 to $177 and is all-in
AlexPinsk1: calls $75.50 and is all-in
Uncalled bet ($77) returned to EyzRED
*** FLOP *** [Ac Ad As]
*** TURN *** [Ac Ad As] [Th]
*** RIVER *** [Ac Ad As Th] [Ks]
*** SHOW DOWN ***
EyzRED: shows [Kc Kh] (a full house, Aces full of Kings)
AlexPinsk1: shows [Qh Qd] (a full house, Aces full of Queens)
EyzRED collected $198 from pot
*** SUMMARY ***
Total pot $200.50 | Rake $2.50 
Board [Ac Ad As Th Ks]
Seat 1: EyzRED (big blind) showed [Kc Kh] and won ($198) with a full house, Aces full of Kings
Seat 2: tintin641 folded before Flop (didn't bet)
Seat 3: dreimis190 folded before Flop (didn't bet)
Seat 4: Johnnyj0 folded before Flop (didn't bet)
Seat 5: AlexPinsk1 (button) showed [Qh Qd] and lost with a full house, Aces full of Queens
Seat 6: CichiChanMarian (small blind) folded before Flop



PokerStars Hand #254298239652:  Hold'em No Limit ($0.50/$1.00 USD) - 2025/01/10 18:10:37 WET [2025/01/10 13:10:37 ET]
Table 'Thalia II' 6-max Seat #6 is the button
Seat 2: tintin641 ($124.20 in chips) is sitting out
Seat 1: EyzRED ($275 in chips) 
Seat 3: dreimis190 ($103.50 in chips) 
Seat 4: Johnnyj0 ($101.25 in chips) 
Seat 5: AlexPinsk1 ($100 in chips) 
Seat 6: CichiChanMarian ($107.80 in chips) 
EyzRED: posts small blind $0.50
tintin641: is sitting out 
dreimis190: posts big blind $1
*** HOLE CARDS ***
tintin641 leaves the table
Johnnyj0: folds 
AlexPinsk1: raises $1.50 to $2.50
Evelexy1 joins the table at seat #2 
CichiChanMarian: folds 
EyzRED: folds 
dreimis190: folds 
Uncalled bet ($1.50) returned to AlexPinsk1
AlexPinsk1 collected $2.50 from pot
AlexPinsk1: doesn't show hand 
*** SUMMARY ***
Total pot $2.50 | Rake $0 
Seat 2: tintin641
Seat 1: EyzRED (small blind) folded before Flop
Seat 3: dreimis190 (big blind) folded before Flop
Seat 4: Johnnyj0 folded before Flop (didn't bet)
Seat 5: AlexPinsk1 collected ($2.50)
Seat 6: CichiChanMarian (button) folded before Flop (didn't bet)



PokerStars Hand #254298243649:  Hold'em No Limit ($0.50/$1.00 USD) - 2025/01/10 18:10:51 WET [2025/01/10 13:10:51 ET]
Table 'Thalia II' 6-max Seat #1 is the button
Seat 2: Evelexy1 ($100 in chips) is sitting out
Seat 1: EyzRED ($274.50 in chips) 
Seat 3: dreimis190 ($102.50 in chips) 
Seat 4: Johnnyj0 ($101.25 in chips) 
Seat 5: AlexPinsk1 ($101.50 in chips) 
Seat 6: CichiChanMarian ($107.80 in chips) 
dreimis190: posts small blind $0.50
Johnnyj0: posts big blind $1
*** HOLE CARDS ***
AlexPinsk1: raises $1.50 to $2.50
CichiChanMarian: folds 
EyzRED: folds 
dreimis190: folds 
Johnnyj0: folds 
Uncalled bet ($1.50) returned to AlexPinsk1
AlexPinsk1 collected $2.50 from pot
AlexPinsk1: doesn't show hand 
*** SUMMARY ***
Total pot $2.50 | Rake $0 
Seat 2: Evelexy1
Seat 1: EyzRED (button) folded before Flop (didn't bet)
Seat 3: dreimis190 (small blind) folded before Flop
Seat 4: Johnnyj0 (big blind) folded before Flop
Seat 5: AlexPinsk1 collected ($2.50)
Seat 6: CichiChanMarian folded before Flop (didn't bet)



PokerStars Hand #254298253478:  Hold'em No Limit ($0.50/$1.00 USD) - 2025/01/10 18:11:24 WET [2025/01/10 13:11:24 ET]
Table 'Thalia II' 6-max Seat #3 is the button
Seat 2: Evelexy1 ($100 in chips) is sitting out
Seat 1: EyzRED ($274.50 in chips) 
Seat 3: dreimis190 ($102 in chips) 
Seat 4: Johnnyj0 ($100.25 in chips) 
Seat 5: AlexPinsk1 ($103 in chips) 
Seat 6: CichiChanMarian ($107.80 in chips) 
Johnnyj0: posts small blind $0.50
AlexPinsk1: posts big blind $1
Evelexy1: sits out 
*** HOLE CARDS ***
CichiChanMarian: folds 
EyzRED: folds 
dreimis190: raises $1.50 to $2.50
Johnnyj0: folds 
AlexPinsk1: folds 
Uncalled bet ($1.50) returned to dreimis190
dreimis190 collected $2.50 from pot
dreimis190: doesn't show hand 
*** SUMMARY ***
Total pot $2.50 | Rake $0 
Seat 2: Evelexy1
Seat 1: EyzRED folded before Flop (didn't bet)
Seat 3: dreimis190 (button) collected ($2.50)
Seat 4: Johnnyj0 (small blind) folded before Flop
Seat 5: AlexPinsk1 (big blind) folded before Flop
Seat 6: CichiChanMarian folded before Flop (didn't bet)



PokerStars Hand #254298257829:  Hold'em No Limit ($0.50/$1.00 USD) - 2025/01/10 18:11:39 WET [2025/01/10 13:11:39 ET]
Table 'Thalia II' 6-max Seat #5 is the button
Seat 2: Evelexy1 ($100 in chips) is sitting out
Seat 4: Johnnyj0 ($99.75 in chips) is sitting out
Seat 1: EyzRED ($274.50 in chips) 
Seat 3: dreimis190 ($103.50 in chips) 
Seat 5: AlexPinsk1 ($102 in chips) 
Seat 6: CichiChanMarian ($107.80 in chips) 
CichiChanMarian: posts small blind $0.50
EyzRED: posts big blind $1
Evelexy1: sits out 
*** HOLE CARDS ***
dreimis190: folds 
AlexPinsk1: folds 
CichiChanMarian: raises $2 to $3
EyzRED: calls $2
*** FLOP *** [8d Ac 9c]
CichiChanMarian: checks 
EyzRED: checks 
*** TURN *** [8d Ac 9c] [3d]
CichiChanMarian: bets $4.28
EyzRED: calls $4.28
*** RIVER *** [8d Ac 9c 3d] [6h]
CichiChanMarian: bets $10.37
EyzRED: calls $10.37
*** SHOW DOWN ***
CichiChanMarian: shows [Ts Qs] (high card Ace)
EyzRED: shows [9h Js] (a pair of Nines)
EyzRED collected $34.30 from pot
*** SUMMARY ***
Total pot $35.30 | Rake $1 
Board [8d Ac 9c 3d 6h]
Seat 2: Evelexy1
Seat 4: Johnnyj0
Seat 1: EyzRED (big blind) showed [9h Js] and won ($34.30) with a pair of Nines
Seat 3: dreimis190 folded before Flop (didn't bet)
Seat 5: AlexPinsk1 (button) folded before Flop (didn't bet)
Seat 6: CichiChanMarian (small blind) showed [Ts Qs] and lost with high card Ace



PokerStars Hand #254298279487:  Hold'em No Limit ($0.50/$1.00 USD) - 2025/01/10 18:12:53 WET [2025/01/10 13:12:53 ET]
Table 'Thalia II' 6-max Seat #6 is the button
Seat 4: Johnnyj0 ($99.75 in chips) is sitting out
Seat 1: EyzRED ($291.15 in chips) 
Seat 2: Evelexy1 ($100 in chips) 
Seat 3: dreimis190 ($103.50 in chips) 
Seat 5: AlexPinsk1 ($102 in chips) 
Seat 6: CichiChanMarian ($100 in chips) 
EyzRED: posts small blind $0.50
Evelexy1: posts big blind $1
*** HOLE CARDS ***
dreimis190: raises $1 to $2
AlexPinsk1: raises $5 to $7
CichiChanMarian: folds 
EyzRED: folds 
Evelexy1: folds 
dreimis190: folds 
Uncalled bet ($5) returned to AlexPinsk1
AlexPinsk1 collected $5.50 from pot
AlexPinsk1: doesn't show hand 
*** SUMMARY ***
Total pot $5.50 | Rake $0 
Seat 4: Johnnyj0
Seat 1: EyzRED (small blind) folded before Flop
Seat 2: Evelexy1 (big blind) folded before Flop
Seat 3: dreimis190 folded before Flop
Seat 5: AlexPinsk1 collected ($5.50)
Seat 6: CichiChanMarian (button) folded before Flop (didn't bet)



PokerStars Hand #254298286686:  Hold'em No Limit ($0.50/$1.00 USD) - 2025/01/10 18:13:18 WET [2025/01/10 13:13:18 ET]
Table 'Thalia II' 6-max Seat #1 is the button
Seat 4: Johnnyj0 ($99.75 in chips) is sitting out
Seat 1: EyzRED ($290.65 in chips) 
Seat 2: Evelexy1 ($100 in chips) 
Seat 3: dreimis190 ($101.50 in chips) 
Seat 5: AlexPinsk1 ($105.50 in chips) 
Seat 6: CichiChanMarian ($100 in chips) 
Evelexy1: posts small blind $0.50
dreimis190: posts big blind $1
*** HOLE CARDS ***
AlexPinsk1: raises $1.50 to $2.50
CichiChanMarian: folds 
EyzRED: folds 
Evelexy1: folds 
dreimis190: folds 
Uncalled bet ($1.50) returned to AlexPinsk1
AlexPinsk1 collected $2.50 from pot
AlexPinsk1: doesn't show hand 
*** SUMMARY ***
Total pot $2.50 | Rake $0 
Seat 4: Johnnyj0
Seat 1: EyzRED (button) folded before Flop (didn't bet)
Seat 2: Evelexy1 (small blind) folded before Flop
Seat 3: dreimis190 (big blind) folded before Flop
Seat 5: AlexPinsk1 collected ($2.50)
Seat 6: CichiChanMarian folded before Flop (didn't bet)



PokerStars Hand #254298291900:  Hold'em No Limit ($0.50/$1.00 USD) - 2025/01/10 18:13:35 WET [2025/01/10 13:13:35 ET]
Table 'Thalia II' 6-max Seat #2 is the button
Seat 4: Johnnyj0 ($99.75 in chips) is sitting out
Seat 1: EyzRED ($290.65 in chips) 
Seat 2: Evelexy1 ($100 in chips) 
Seat 3: dreimis190 ($100.50 in chips) 
Seat 5: AlexPinsk1 ($107 in chips) 
Seat 6: CichiChanMarian ($100 in chips) 
dreimis190: posts small blind $0.50
AlexPinsk1: posts big blind $1
*** HOLE CARDS ***
CichiChanMarian: folds 
EyzRED: raises $1.20 to $2.20
Evelexy1: folds 
dreimis190: folds 
AlexPinsk1: folds 
Uncalled bet ($1.20) returned to EyzRED
EyzRED collected $2.50 from pot
EyzRED: doesn't show hand 
*** SUMMARY ***
Total pot $2.50 | Rake $0 
Seat 4: Johnnyj0
Seat 1: EyzRED collected ($2.50)
Seat 2: Evelexy1 (button) folded before Flop (didn't bet)
Seat 3: dreimis190 (small blind) folded before Flop
Seat 5: AlexPinsk1 (big blind) folded before Flop
Seat 6: CichiChanMarian folded before Flop (didn't bet)



PokerStars Hand #254298394340:  Hold'em No Limit ($0.50/$1.00 USD) - 2025/01/10 18:19:24 WET [2025/01/10 13:19:24 ET]
Table 'Thalia II' 6-max Seat #6 is the button
Seat 2: Evelexy1 ($110.38 in chips) is sitting out
Seat 3: dreimis190 ($100 in chips) is sitting out
Seat 1: EyzRED ($283.81 in chips) 
Seat 5: AlexPinsk1 ($111.42 in chips) 
Seat 6: CichiChanMarian ($100 in chips) 
EyzRED: posts small blind $0.50
dreimis190: is sitting out 
AlexPinsk1: posts big blind $1
*** HOLE CARDS ***
Evelexy1 leaves the table
dreimis190 leaves the table
CichiChanMarian: raises $1.50 to $2.50
EyzRED: folds 
AlexPinsk1: calls $1.50
*** FLOP *** [9s Jc 4s]
AlexPinsk1: checks 
CichiChanMarian: bets $1.72
AlexPinsk1: calls $1.72
*** TURN *** [9s Jc 4s] [4h]
AlexPinsk1: checks 
CichiChanMarian: checks 
*** RIVER *** [9s Jc 4s 4h] [5s]
AlexPinsk1: checks 
CichiChanMarian: checks 
*** SHOW DOWN ***
AlexPinsk1: shows [3d 3s] (two pair, Fours and Threes)
CichiChanMarian: mucks hand 
AlexPinsk1 collected $8.49 from pot
*** SUMMARY ***
Total pot $8.94 | Rake $0.45 
Board [9s Jc 4s 4h 5s]
Seat 2: Evelexy1
Seat 3: dreimis190
Seat 1: EyzRED (small blind) folded before Flop
Seat 5: AlexPinsk1 (big blind) showed [3d 3s] and won ($8.49) with two pair, Fours and Threes
Seat 6: CichiChanMarian (button) mucked



PokerStars Hand #254298295500:  Hold'em No Limit ($0.50/$1.00 USD) - 2025/01/10 18:13:47 WET [2025/01/10 13:13:47 ET]
Table 'Thalia II' 6-max Seat #3 is the button
Seat 4: Johnnyj0 ($99.75 in chips) is sitting out
Seat 1: EyzRED ($292.15 in chips) 
Seat 2: Evelexy1 ($100 in chips) 
Seat 3: dreimis190 ($100 in chips) 
Seat 5: AlexPinsk1 ($106 in chips) 
Seat 6: CichiChanMarian ($100 in chips) 
AlexPinsk1: posts small blind $0.50
CichiChanMarian: posts big blind $1
*** HOLE CARDS ***
EyzRED: folds 
Evelexy1: folds 
dreimis190: folds 
AlexPinsk1: folds 
Uncalled bet ($0.50) returned to CichiChanMarian
CichiChanMarian collected $1 from pot
CichiChanMarian: doesn't show hand 
*** SUMMARY ***
Total pot $1 | Rake $0 
Seat 4: Johnnyj0
Seat 1: EyzRED folded before Flop (didn't bet)
Seat 2: Evelexy1 folded before Flop (didn't bet)
Seat 3: dreimis190 (button) folded before Flop (didn't bet)
Seat 5: AlexPinsk1 (small blind) folded before Flop
Seat 6: CichiChanMarian (big blind) collected ($1)



PokerStars Hand #254298298406:  Hold'em No Limit ($0.50/$1.00 USD) - 2025/01/10 18:13:57 WET [2025/01/10 13:13:57 ET]
Table 'Thalia II' 6-max Seat #5 is the button
Seat 4: Johnnyj0 ($99.75 in chips) is sitting out
Seat 1: EyzRED ($292.15 in chips) 
Seat 2: Evelexy1 ($100 in chips) 
Seat 3: dreimis190 ($100 in chips) 
Seat 5: AlexPinsk1 ($105.50 in chips) 
Seat 6: CichiChanMarian ($100.50 in chips) 
CichiChanMarian: posts small blind $0.50
EyzRED: posts big blind $1
*** HOLE CARDS ***
Evelexy1: raises $1 to $2
dreimis190: folds 
AlexPinsk1: folds 
CichiChanMarian: folds 
EyzRED: folds 
Uncalled bet ($1) returned to Evelexy1
Evelexy1 collected $2.50 from pot
Evelexy1: doesn't show hand 
*** SUMMARY ***
Total pot $2.50 | Rake $0 
Seat 4: Johnnyj0
Seat 1: EyzRED (big blind) folded before Flop
Seat 2: Evelexy1 collected ($2.50)
Seat 3: dreimis190 folded before Flop (didn't bet)
Seat 5: AlexPinsk1 (button) folded before Flop (didn't bet)
Seat 6: CichiChanMarian (small blind) folded before Flop



PokerStars Hand #254298301589:  Hold'em No Limit ($0.50/$1.00 USD) - 2025/01/10 18:14:08 WET [2025/01/10 13:14:08 ET]
Table 'Thalia II' 6-max Seat #6 is the button
Seat 4: Johnnyj0 ($99.75 in chips) is sitting out
Seat 1: EyzRED ($291.15 in chips) 
Seat 2: Evelexy1 ($101.50 in chips) 
Seat 3: dreimis190 ($100 in chips) 
Seat 5: AlexPinsk1 ($105.50 in chips) 
Seat 6: CichiChanMarian ($100 in chips) 
EyzRED: posts small blind $0.50
Evelexy1: posts big blind $1
*** HOLE CARDS ***
dreimis190: raises $1 to $2
AlexPinsk1: folds 
CichiChanMarian: folds 
EyzRED: folds 
Evelexy1: folds 
Uncalled bet ($1) returned to dreimis190
dreimis190 collected $2.50 from pot
dreimis190: doesn't show hand 
*** SUMMARY ***
Total pot $2.50 | Rake $0 
Seat 4: Johnnyj0
Seat 1: EyzRED (small blind) folded before Flop
Seat 2: Evelexy1 (big blind) folded before Flop
Seat 3: dreimis190 collected ($2.50)
Seat 5: AlexPinsk1 folded before Flop (didn't bet)
Seat 6: CichiChanMarian (button) folded before Flop (didn't bet)



PokerStars Hand #254298305854:  Hold'em No Limit ($0.50/$1.00 USD) - 2025/01/10 18:14:22 WET [2025/01/10 13:14:22 ET]
Table 'Thalia II' 6-max Seat #1 is the button
Seat 4: Johnnyj0 ($99.75 in chips) is sitting out
Seat 1: EyzRED ($290.65 in chips) 
Seat 2: Evelexy1 ($100.50 in chips) 
Seat 3: dreimis190 ($101.50 in chips) 
Seat 5: AlexPinsk1 ($105.50 in chips) 
Seat 6: CichiChanMarian ($100 in chips) 
Evelexy1: posts small blind $0.50
dreimis190: posts big blind $1
*** HOLE CARDS ***
AlexPinsk1: folds 
CichiChanMarian: raises $1.50 to $2.50
EyzRED: folds 
Evelexy1: folds 
dreimis190: raises $10.50 to $13
CichiChanMarian: folds 
Uncalled bet ($10.50) returned to dreimis190
dreimis190 collected $5.50 from pot
dreimis190: doesn't show hand 
*** SUMMARY ***
Total pot $5.50 | Rake $0 
Seat 4: Johnnyj0
Seat 1: EyzRED (button) folded before Flop (didn't bet)
Seat 2: Evelexy1 (small blind) folded before Flop
Seat 3: dreimis190 (big blind) collected ($5.50)
Seat 5: AlexPinsk1 folded before Flop (didn't bet)
Seat 6: CichiChanMarian folded before Flop



PokerStars Hand #254298315346:  Hold'em No Limit ($0.50/$1.00 USD) - 2025/01/10 18:14:54 WET [2025/01/10 13:14:54 ET]
Table 'Thalia II' 6-max Seat #2 is the button
Seat 4: Johnnyj0 ($99.75 in chips) is sitting out
Seat 1: EyzRED ($290.65 in chips) 
Seat 2: Evelexy1 ($100 in chips) 
Seat 3: dreimis190 ($104.50 in chips) 
Seat 5: AlexPinsk1 ($105.50 in chips) 
Seat 6: CichiChanMarian ($100 in chips) 
dreimis190: posts small blind $0.50
AlexPinsk1: posts big blind $1
*** HOLE CARDS ***
CichiChanMarian: folds 
EyzRED: folds 
Evelexy1: raises $1.50 to $2.50
dreimis190: folds 
AlexPinsk1: folds 
Uncalled bet ($1.50) returned to Evelexy1
Evelexy1 collected $2.50 from pot
Evelexy1: doesn't show hand 
*** SUMMARY ***
Total pot $2.50 | Rake $0 
Seat 4: Johnnyj0
Seat 1: EyzRED folded before Flop (didn't bet)
Seat 2: Evelexy1 (button) collected ($2.50)
Seat 3: dreimis190 (small blind) folded before Flop
Seat 5: AlexPinsk1 (big blind) folded before Flop
Seat 6: CichiChanMarian folded before Flop (didn't bet)



PokerStars Hand #254298318636:  Hold'em No Limit ($0.50/$1.00 USD) - 2025/01/10 18:15:05 WET [2025/01/10 13:15:05 ET]
Table 'Thalia II' 6-max Seat #3 is the button
Seat 4: Johnnyj0 ($99.75 in chips) is sitting out
Seat 1: EyzRED ($290.65 in chips) 
Seat 2: Evelexy1 ($101.50 in chips) 
Seat 3: dreimis190 ($104 in chips) 
Seat 5: AlexPinsk1 ($104.50 in chips) 
Seat 6: CichiChanMarian ($100 in chips) 
AlexPinsk1: posts small blind $0.50
CichiChanMarian: posts big blind $1
*** HOLE CARDS ***
EyzRED: folds 
Evelexy1: folds 
dreimis190: raises $1.50 to $2.50
AlexPinsk1: folds 
CichiChanMarian: folds 
Uncalled bet ($1.50) returned to dreimis190
dreimis190 collected $2.50 from pot
dreimis190: doesn't show hand 
*** SUMMARY ***
Total pot $2.50 | Rake $0 
Seat 4: Johnnyj0
Seat 1: EyzRED folded before Flop (didn't bet)
Seat 2: Evelexy1 folded before Flop (didn't bet)
Seat 3: dreimis190 (button) collected ($2.50)
Seat 5: AlexPinsk1 (small blind) folded before Flop
Seat 6: CichiChanMarian (big blind) folded before Flop



PokerStars Hand #254298324045:  Hold'em No Limit ($0.50/$1.00 USD) - 2025/01/10 18:15:24 WET [2025/01/10 13:15:24 ET]
Table 'Thalia II' 6-max Seat #5 is the button
Seat 4: Johnnyj0 ($99.75 in chips) is sitting out
Seat 1: EyzRED ($290.65 in chips) 
Seat 2: Evelexy1 ($101.50 in chips) 
Seat 3: dreimis190 ($105.50 in chips) 
Seat 5: AlexPinsk1 ($104 in chips) 
Seat 6: CichiChanMarian ($100 in chips) 
CichiChanMarian: posts small blind $0.50
EyzRED: posts big blind $1
*** HOLE CARDS ***
Evelexy1: folds 
dreimis190: folds 
AlexPinsk1: raises $1.50 to $2.50
CichiChanMarian: folds 
EyzRED: folds 
Uncalled bet ($1.50) returned to AlexPinsk1
AlexPinsk1 collected $2.50 from pot
AlexPinsk1: doesn't show hand 
*** SUMMARY ***
Total pot $2.50 | Rake $0 
Seat 4: Johnnyj0
Seat 1: EyzRED (big blind) folded before Flop
Seat 2: Evelexy1 folded before Flop (didn't bet)
Seat 3: dreimis190 folded before Flop (didn't bet)
Seat 5: AlexPinsk1 (button) collected ($2.50)
Seat 6: CichiChanMarian (small blind) folded before Flop



PokerStars Hand #254298329174:  Hold'em No Limit ($0.50/$1.00 USD) - 2025/01/10 18:15:41 WET [2025/01/10 13:15:41 ET]
Table 'Thalia II' 6-max Seat #6 is the button
Seat 4: Johnnyj0 ($99.75 in chips) is sitting out
Seat 1: EyzRED ($289.65 in chips) 
Seat 2: Evelexy1 ($101.50 in chips) 
Seat 3: dreimis190 ($105.50 in chips) 
Seat 5: AlexPinsk1 ($105.50 in chips) 
Seat 6: CichiChanMarian ($100 in chips) 
EyzRED: posts small blind $0.50
Evelexy1: posts big blind $1
*** HOLE CARDS ***
dreimis190: folds 
AlexPinsk1: folds 
CichiChanMarian: folds 
EyzRED: raises $2 to $3
Evelexy1: calls $2
*** FLOP *** [9c Ts 3c]
EyzRED: checks 
Evelexy1: checks 
*** TURN *** [9c Ts 3c] [5d]
EyzRED: checks 
Evelexy1: checks 
*** RIVER *** [9c Ts 3c 5d] [7d]
EyzRED: bets $4.05
Evelexy1: folds 
Uncalled bet ($4.05) returned to EyzRED
EyzRED collected $5.70 from pot
EyzRED: doesn't show hand 
*** SUMMARY ***
Total pot $6 | Rake $0.30 
Board [9c Ts 3c 5d 7d]
Seat 4: Johnnyj0
Seat 1: EyzRED (small blind) collected ($5.70)
Seat 2: Evelexy1 (big blind) folded on the River
Seat 3: dreimis190 folded before Flop (didn't bet)
Seat 5: AlexPinsk1 folded before Flop (didn't bet)
Seat 6: CichiChanMarian (button) folded before Flop (didn't bet)



PokerStars Hand #254298345235:  Hold'em No Limit ($0.50/$1.00 USD) - 2025/01/10 18:16:36 WET [2025/01/10 13:16:36 ET]
Table 'Thalia II' 6-max Seat #1 is the button
Seat 4: Johnnyj0 ($99.75 in chips) is sitting out
Seat 1: EyzRED ($292.35 in chips) 
Seat 2: Evelexy1 ($100 in chips) 
Seat 3: dreimis190 ($105.50 in chips) 
Seat 5: AlexPinsk1 ($105.50 in chips) 
Seat 6: CichiChanMarian ($100 in chips) 
Evelexy1: posts small blind $0.50
dreimis190: posts big blind $1
*** HOLE CARDS ***
AlexPinsk1: folds 
CichiChanMarian: raises $1.50 to $2.50
EyzRED: folds 
Evelexy1: folds 
dreimis190: folds 
Uncalled bet ($1.50) returned to CichiChanMarian
CichiChanMarian collected $2.50 from pot
CichiChanMarian: doesn't show hand 
*** SUMMARY ***
Total pot $2.50 | Rake $0 
Seat 4: Johnnyj0
Seat 1: EyzRED (button) folded before Flop (didn't bet)
Seat 2: Evelexy1 (small blind) folded before Flop
Seat 3: dreimis190 (big blind) folded before Flop
Seat 5: AlexPinsk1 folded before Flop (didn't bet)
Seat 6: CichiChanMarian collected ($2.50)



PokerStars Hand #254298349679:  Hold'em No Limit ($0.50/$1.00 USD) - 2025/01/10 18:16:52 WET [2025/01/10 13:16:52 ET]
Table 'Thalia II' 6-max Seat #2 is the button
Seat 4: Johnnyj0 ($99.75 in chips) is sitting out
Seat 1: EyzRED ($292.35 in chips) 
Seat 2: Evelexy1 ($100 in chips) 
Seat 3: dreimis190 ($104.50 in chips) 
Seat 5: AlexPinsk1 ($105.50 in chips) 
Seat 6: CichiChanMarian ($101.50 in chips) 
dreimis190: posts small blind $0.50
AlexPinsk1: posts big blind $1
*** HOLE CARDS ***
CichiChanMarian: folds 
EyzRED: folds 
Evelexy1: folds 
dreimis190: raises $2 to $3
AlexPinsk1: calls $2
*** FLOP *** [Jc Qs Jd]
dreimis190: bets $1.38
AlexPinsk1: calls $1.38
*** TURN *** [Jc Qs Jd] [Jh]
dreimis190: bets $2.75
AlexPinsk1: calls $2.75
*** RIVER *** [Jc Qs Jd Jh] [3s]
dreimis190: checks 
AlexPinsk1: checks 
*** SHOW DOWN ***
dreimis190: shows [8s 9c] (three of a kind, Jacks)
AlexPinsk1: shows [Td Kh] (three of a kind, Jacks - King kicker)
AlexPinsk1 collected $13.55 from pot
*** SUMMARY ***
Total pot $14.26 | Rake $0.71 
Board [Jc Qs Jd Jh 3s]
Seat 4: Johnnyj0
Seat 1: EyzRED folded before Flop (didn't bet)
Seat 2: Evelexy1 (button) folded before Flop (didn't bet)
Seat 3: dreimis190 (small blind) showed [8s 9c] and lost with three of a kind, Jacks
Seat 5: AlexPinsk1 (big blind) showed [Td Kh] and won ($13.55) with three of a kind, Jacks
Seat 6: CichiChanMarian folded before Flop (didn't bet)



PokerStars Hand #254298371067:  Hold'em No Limit ($0.50/$1.00 USD) - 2025/01/10 18:18:05 WET [2025/01/10 13:18:05 ET]
Table 'Thalia II' 6-max Seat #3 is the button
Seat 4: Johnnyj0 ($99.75 in chips) is sitting out
Seat 1: EyzRED ($292.35 in chips) 
Seat 2: Evelexy1 ($100 in chips) 
Seat 3: dreimis190 ($100 in chips) 
Seat 5: AlexPinsk1 ($111.92 in chips) 
Seat 6: CichiChanMarian ($101.50 in chips) 
AlexPinsk1: posts small blind $0.50
CichiChanMarian: posts big blind $1
*** HOLE CARDS ***
EyzRED: raises $1.20 to $2.20
Evelexy1: folds 
dreimis190: folds 
AlexPinsk1: folds 
CichiChanMarian: calls $1.20
*** FLOP *** [Ks Kd 6s]
CichiChanMarian: checks 
EyzRED: bets $1.35
CichiChanMarian: folds 
Uncalled bet ($1.35) returned to EyzRED
EyzRED collected $4.66 from pot
EyzRED: doesn't show hand 
*** SUMMARY ***
Total pot $4.90 | Rake $0.24 
Board [Ks Kd 6s]
Seat 4: Johnnyj0
Seat 1: EyzRED collected ($4.66)
Seat 2: Evelexy1 folded before Flop (didn't bet)
Seat 3: dreimis190 (button) folded before Flop (didn't bet)
Seat 5: AlexPinsk1 (small blind) folded before Flop
Seat 6: CichiChanMarian (big blind) folded on the Flop



PokerStars Hand #254298379448:  Hold'em No Limit ($0.50/$1.00 USD) - 2025/01/10 18:18:33 WET [2025/01/10 13:18:33 ET]
Table 'Thalia II' 6-max Seat #5 is the button
Seat 4: Johnnyj0 ($99.75 in chips) is sitting out
Seat 1: EyzRED ($294.81 in chips) 
Seat 2: Evelexy1 ($100 in chips) 
Seat 3: dreimis190 ($100 in chips) 
Seat 5: AlexPinsk1 ($111.42 in chips) 
Seat 6: CichiChanMarian ($100 in chips) 
CichiChanMarian: posts small blind $0.50
EyzRED: posts big blind $1
*** HOLE CARDS ***
Evelexy1: raises $1 to $2
dreimis190: folds 
AlexPinsk1: folds 
CichiChanMarian: folds 
EyzRED: calls $1
*** FLOP *** [8s 3s 2d]
EyzRED: checks 
Evelexy1: bets $2.82
EyzRED: raises $6.18 to $9
Evelexy1: calls $6.18
*** TURN *** [8s 3s 2d] [7s]
Johnnyj0 leaves the table
EyzRED: checks 
Evelexy1: bets $16.04
EyzRED: folds 
Uncalled bet ($16.04) returned to Evelexy1
Evelexy1 collected $21.38 from pot
Evelexy1: doesn't show hand 
*** SUMMARY ***
Total pot $22.50 | Rake $1.12 
Board [8s 3s 2d 7s]
Seat 4: Johnnyj0
Seat 1: EyzRED (big blind) folded on the Turn
Seat 2: Evelexy1 collected ($21.38)
Seat 3: dreimis190 folded before Flop (didn't bet)
Seat 5: AlexPinsk1 (button) folded before Flop (didn't bet)
Seat 6: CichiChanMarian (small blind) folded before Flop



