PokerStars Hand #254298341295:  Hold'em No Limit ($0.50/$1.00 USD) - 2025/01/10 18:16:23 WET [2025/01/10 13:16:23 ET]
Table 'Roswitha III' 6-max Seat #3 is the button
Seat 6: Evelexy1 ($100 in chips) is sitting out
Seat 1: Xenicide ($100 in chips) 
Seat 2: YeeesMan ($100 in chips) 
Seat 3: KDOG1309 ($113.69 in chips) 
Seat 4: BoyLoc0 ($113.78 in chips) 
Seat 5: blackclan7 ($100 in chips) 
BoyLoc0: posts small blind $0.50
blackclan7: posts big blind $1
Evelexy1: sits out 
*** HOLE CARDS ***
Xenicide: folds 
YeeesMan: folds 
KDOG1309: folds 
BoyLoc0: folds 
Uncalled bet ($0.50) returned to blackclan7
blackclan7 collected $1 from pot
blackclan7: doesn't show hand 
*** SUMMARY ***
Total pot $1 | Rake $0 
Seat 6: Evelexy1
Seat 1: Xenicide folded before Flop (didn't bet)
Seat 2: YeeesMan folded before Flop (didn't bet)
Seat 3: KDOG1309 (button) folded before Flop (didn't bet)
Seat 4: BoyLoc0 (small blind) folded before Flop
Seat 5: blackclan7 (big blind) collected ($1)



PokerStars Hand #254298346906:  Hold'em No Limit ($0.50/$1.00 USD) - 2025/01/10 18:16:42 WET [2025/01/10 13:16:42 ET]
Table 'Roswitha III' 6-max Seat #4 is the button
Seat 1: Xenicide ($100 in chips) 
Seat 2: YeeesMan ($100 in chips) 
Seat 3: KDOG1309 ($113.69 in chips) 
Seat 4: BoyLoc0 ($113.28 in chips) 
Seat 5: blackclan7 ($100.50 in chips) 
Seat 6: Evelexy1 ($100 in chips) 
blackclan7: posts small blind $0.50
Evelexy1: posts big blind $1
*** HOLE CARDS ***
Xenicide: folds 
YeeesMan: folds 
KDOG1309: calls $1
BoyLoc0: calls $1
blackclan7: raises $6 to $7
Evelexy1: folds 
KDOG1309: calls $6
BoyLoc0: folds 
*** FLOP *** [5h 3h 7c]
blackclan7: checks 
KDOG1309: checks 
*** TURN *** [5h 3h 7c] [8d]
blackclan7: checks 
KDOG1309: checks 
*** RIVER *** [5h 3h 7c 8d] [Tc]
blackclan7: checks 
KDOG1309: checks 
*** SHOW DOWN ***
blackclan7: shows [Ad Qd] (high card Ace)
KDOG1309: mucks hand 
blackclan7 collected $15.20 from pot
*** SUMMARY ***
Total pot $16 | Rake $0.80 
Board [5h 3h 7c 8d Tc]
Seat 1: Xenicide folded before Flop (didn't bet)
Seat 2: YeeesMan folded before Flop (didn't bet)
Seat 3: KDOG1309 mucked
Seat 4: BoyLoc0 (button) folded before Flop
Seat 5: blackclan7 (small blind) showed [Ad Qd] and won ($15.20) with high card Ace
Seat 6: Evelexy1 (big blind) folded before Flop



PokerStars Hand #254298372159:  Hold'em No Limit ($0.50/$1.00 USD) - 2025/01/10 18:18:09 WET [2025/01/10 13:18:09 ET]
Table 'Roswitha III' 6-max Seat #5 is the button
Seat 1: Xenicide ($100 in chips) 
Seat 2: YeeesMan ($100 in chips) 
Seat 3: KDOG1309 ($106.69 in chips) 
Seat 4: BoyLoc0 ($112.28 in chips) 
Seat 5: blackclan7 ($108.70 in chips) 
Seat 6: Evelexy1 ($100 in chips) 
Evelexy1: posts small blind $0.50
Xenicide: posts big blind $1
*** HOLE CARDS ***
YeeesMan: folds 
KDOG1309: raises $1 to $2
BoyLoc0: folds 
blackclan7: folds 
Evelexy1: folds 
Xenicide: raises $29 to $31
KDOG1309: calls $29
*** FLOP *** [4s 6s Jd]
Xenicide: bets $69 and is all-in
KDOG1309: calls $69
*** TURN *** [4s 6s Jd] [7c]
*** RIVER *** [4s 6s Jd 7c] [9h]
*** SHOW DOWN ***
Xenicide: shows [Ah Kh] (high card Ace)
KDOG1309: shows [Kd Ac] (high card Ace)
Xenicide collected $99 from pot
KDOG1309 collected $99 from pot
*** SUMMARY ***
Total pot $200.50 | Rake $2.50 
Board [4s 6s Jd 7c 9h]
Seat 1: Xenicide (big blind) showed [Ah Kh] and won ($99) with high card Ace
Seat 2: YeeesMan folded before Flop (didn't bet)
Seat 3: KDOG1309 showed [Kd Ac] and won ($99) with high card Ace
Seat 4: BoyLoc0 folded before Flop (didn't bet)
Seat 5: blackclan7 (button) folded before Flop (didn't bet)
Seat 6: Evelexy1 (small blind) folded before Flop



PokerStars Hand #254298387193:  Hold'em No Limit ($0.50/$1.00 USD) - 2025/01/10 18:19:00 WET [2025/01/10 13:19:00 ET]
Table 'Roswitha III' 6-max Seat #6 is the button
Seat 1: Xenicide ($100 in chips) 
Seat 2: YeeesMan ($100 in chips) 
Seat 3: KDOG1309 ($105.69 in chips) 
Seat 4: BoyLoc0 ($112.28 in chips) 
Seat 5: blackclan7 ($108.70 in chips) 
Seat 6: Evelexy1 ($100 in chips) 
Xenicide: posts small blind $0.50
YeeesMan: posts big blind $1
*** HOLE CARDS ***
KDOG1309: calls $1
BoyLoc0: folds 
blackclan7: folds 
Evelexy1: folds 
Xenicide: raises $4.50 to $5.50
YeeesMan: folds 
KDOG1309: folds 
Uncalled bet ($4.50) returned to Xenicide
Xenicide collected $3 from pot
*** SUMMARY ***
Total pot $3 | Rake $0 
Seat 1: Xenicide (small blind) collected ($3)
Seat 2: YeeesMan (big blind) folded before Flop
Seat 3: KDOG1309 folded before Flop
Seat 4: BoyLoc0 folded before Flop (didn't bet)
Seat 5: blackclan7 folded before Flop (didn't bet)
Seat 6: Evelexy1 (button) folded before Flop (didn't bet)



PokerStars Hand #254298395073:  Hold'em No Limit ($0.50/$1.00 USD) - 2025/01/10 18:19:27 WET [2025/01/10 13:19:27 ET]
Table 'Roswitha III' 6-max Seat #1 is the button
Seat 1: Xenicide ($102 in chips) 
Seat 2: YeeesMan ($100 in chips) 
Seat 3: KDOG1309 ($104.69 in chips) 
Seat 4: BoyLoc0 ($112.28 in chips) 
Seat 5: blackclan7 ($108.70 in chips) 
Seat 6: Evelexy1 ($100 in chips) 
YeeesMan: posts small blind $0.50
KDOG1309: posts big blind $1
*** HOLE CARDS ***
BoyLoc0: folds 
blackclan7: folds 
Evelexy1: folds 
Xenicide: raises $1.25 to $2.25
YeeesMan: raises $8.75 to $11
KDOG1309: folds 
Xenicide: folds 
Uncalled bet ($8.75) returned to YeeesMan
YeeesMan collected $5.50 from pot
YeeesMan: doesn't show hand 
*** SUMMARY ***
Total pot $5.50 | Rake $0 
Seat 1: Xenicide (button) folded before Flop
Seat 2: YeeesMan (small blind) collected ($5.50)
Seat 3: KDOG1309 (big blind) folded before Flop
Seat 4: BoyLoc0 folded before Flop (didn't bet)
Seat 5: blackclan7 folded before Flop (didn't bet)
Seat 6: Evelexy1 folded before Flop (didn't bet)



PokerStars Hand #254298402283:  Hold'em No Limit ($0.50/$1.00 USD) - 2025/01/10 18:19:51 WET [2025/01/10 13:19:51 ET]
Table 'Roswitha III' 6-max Seat #2 is the button
Seat 1: Xenicide ($100 in chips) 
Seat 2: YeeesMan ($103.25 in chips) 
Seat 3: KDOG1309 ($103.69 in chips) 
Seat 4: BoyLoc0 ($112.28 in chips) 
Seat 5: blackclan7 ($108.70 in chips) 
Seat 6: Evelexy1 ($100 in chips) 
KDOG1309: posts small blind $0.50
BoyLoc0: posts big blind $1
*** HOLE CARDS ***
blackclan7: folds 
Evelexy1: folds 
Xenicide: raises $1 to $2
YeeesMan: raises $6 to $8
KDOG1309: calls $7.50
BoyLoc0: folds 
Xenicide: calls $6
*** FLOP *** [Ad 5h 3d]
KDOG1309: bets $23.75
Xenicide: folds 
YeeesMan: folds 
Uncalled bet ($23.75) returned to KDOG1309
KDOG1309 collected $23.75 from pot
*** SUMMARY ***
Total pot $25 | Rake $1.25 
Board [Ad 5h 3d]
Seat 1: Xenicide folded on the Flop
Seat 2: YeeesMan (button) folded on the Flop
Seat 3: KDOG1309 (small blind) collected ($23.75)
Seat 4: BoyLoc0 (big blind) folded before Flop
Seat 5: blackclan7 folded before Flop (didn't bet)
Seat 6: Evelexy1 folded before Flop (didn't bet)



PokerStars Hand #254298417073:  Hold'em No Limit ($0.50/$1.00 USD) - 2025/01/10 18:20:41 WET [2025/01/10 13:20:41 ET]
Table 'Roswitha III' 6-max Seat #3 is the button
Seat 1: Xenicide ($100 in chips) 
Seat 2: YeeesMan ($100 in chips) 
Seat 3: KDOG1309 ($119.44 in chips) 
Seat 4: BoyLoc0 ($111.28 in chips) 
Seat 5: blackclan7 ($108.70 in chips) 
Seat 6: Evelexy1 ($100 in chips) 
BoyLoc0: posts small blind $0.50
blackclan7: posts big blind $1
*** HOLE CARDS ***
Evelexy1: folds 
Xenicide: folds 
YeeesMan: folds 
KDOG1309: calls $1
BoyLoc0: raises $4 to $5
blackclan7: folds 
KDOG1309: calls $4
*** FLOP *** [9s 9d 2h]
BoyLoc0: bets $7.84
KDOG1309: folds 
Uncalled bet ($7.84) returned to BoyLoc0
BoyLoc0 collected $10.45 from pot
BoyLoc0: doesn't show hand 
*** SUMMARY ***
Total pot $11 | Rake $0.55 
Board [9s 9d 2h]
Seat 1: Xenicide folded before Flop (didn't bet)
Seat 2: YeeesMan folded before Flop (didn't bet)
Seat 3: KDOG1309 (button) folded on the Flop
Seat 4: BoyLoc0 (small blind) collected ($10.45)
Seat 5: blackclan7 (big blind) folded before Flop
Seat 6: Evelexy1 folded before Flop (didn't bet)



PokerStars Hand #254298426971:  Hold'em No Limit ($0.50/$1.00 USD) - 2025/01/10 18:21:14 WET [2025/01/10 13:21:14 ET]
Table 'Roswitha III' 6-max Seat #4 is the button
Seat 1: Xenicide ($100 in chips) 
Seat 2: YeeesMan ($100 in chips) 
Seat 3: KDOG1309 ($114.44 in chips) 
Seat 4: BoyLoc0 ($116.73 in chips) 
Seat 5: blackclan7 ($107.70 in chips) 
Seat 6: Evelexy1 ($100 in chips) 
blackclan7: posts small blind $0.50
Evelexy1: posts big blind $1
*** HOLE CARDS ***
Xenicide: folds 
YeeesMan: raises $1.50 to $2.50
KDOG1309: folds 
BoyLoc0: raises $5 to $7.50
blackclan7: folds 
Evelexy1: folds 
YeeesMan: raises $15.50 to $23
BoyLoc0: raises $93.73 to $116.73 and is all-in
YeeesMan: folds 
Uncalled bet ($93.73) returned to BoyLoc0
BoyLoc0 collected $47.50 from pot
BoyLoc0: doesn't show hand 
*** SUMMARY ***
Total pot $47.50 | Rake $0 
Seat 1: Xenicide folded before Flop (didn't bet)
Seat 2: YeeesMan folded before Flop
Seat 3: KDOG1309 folded before Flop (didn't bet)
Seat 4: BoyLoc0 (button) collected ($47.50)
Seat 5: blackclan7 (small blind) folded before Flop
Seat 6: Evelexy1 (big blind) folded before Flop



PokerStars Hand #254298441937:  Hold'em No Limit ($0.50/$1.00 USD) - 2025/01/10 18:22:05 WET [2025/01/10 13:22:05 ET]
Table 'Roswitha III' 6-max Seat #5 is the button
Seat 1: Xenicide ($100 in chips) 
Seat 2: YeeesMan ($100 in chips) 
Seat 3: KDOG1309 ($114.44 in chips) 
Seat 4: BoyLoc0 ($141.23 in chips) 
Seat 5: blackclan7 ($107.20 in chips) 
Seat 6: Evelexy1 ($100 in chips) 
Evelexy1: posts small blind $0.50
Xenicide: posts big blind $1
*** HOLE CARDS ***
YeeesMan: folds 
KDOG1309: calls $1
BoyLoc0: folds 
blackclan7: raises $3 to $4
Evelexy1: folds 
Xenicide: folds 
KDOG1309: calls $3
*** FLOP *** [9s 5d 8h]
KDOG1309: bets $9.02
blackclan7: calls $9.02
*** TURN *** [9s 5d 8h] [2h]
KDOG1309: checks 
blackclan7: checks 
*** RIVER *** [9s 5d 8h 2h] [4s]
KDOG1309: checks 
blackclan7: bets $10.99
KDOG1309: calls $10.99
*** SHOW DOWN ***
blackclan7: shows [9h Jh] (a pair of Nines)
KDOG1309: mucks hand 
blackclan7 collected $47.04 from pot
*** SUMMARY ***
Total pot $49.52 | Rake $2.48 
Board [9s 5d 8h 2h 4s]
Seat 1: Xenicide (big blind) folded before Flop
Seat 2: YeeesMan folded before Flop (didn't bet)
Seat 3: KDOG1309 mucked
Seat 4: BoyLoc0 folded before Flop (didn't bet)
Seat 5: blackclan7 (button) showed [9h Jh] and won ($47.04) with a pair of Nines
Seat 6: Evelexy1 (small blind) folded before Flop



PokerStars Hand #254298468555:  Hold'em No Limit ($0.50/$1.00 USD) - 2025/01/10 18:23:34 WET [2025/01/10 13:23:34 ET]
Table 'Roswitha III' 6-max Seat #6 is the button
Seat 1: Xenicide ($100 in chips) 
Seat 2: YeeesMan ($100 in chips) 
Seat 3: KDOG1309 ($90.43 in chips) 
Seat 4: BoyLoc0 ($141.23 in chips) 
Seat 5: blackclan7 ($130.23 in chips) 
Seat 6: Evelexy1 ($100 in chips) 
Xenicide: posts small blind $0.50
YeeesMan: posts big blind $1
*** HOLE CARDS ***
KDOG1309: folds 
BoyLoc0: folds 
blackclan7: raises $1.30 to $2.30
Evelexy1: folds 
Xenicide: folds 
YeeesMan: folds 
Uncalled bet ($1.30) returned to blackclan7
blackclan7 collected $2.50 from pot
blackclan7: doesn't show hand 
*** SUMMARY ***
Total pot $2.50 | Rake $0 
Seat 1: Xenicide (small blind) folded before Flop
Seat 2: YeeesMan (big blind) folded before Flop
Seat 3: KDOG1309 folded before Flop (didn't bet)
Seat 4: BoyLoc0 folded before Flop (didn't bet)
Seat 5: blackclan7 collected ($2.50)
Seat 6: Evelexy1 (button) folded before Flop (didn't bet)



PokerStars Hand #254298473426:  Hold'em No Limit ($0.50/$1.00 USD) - 2025/01/10 18:23:50 WET [2025/01/10 13:23:50 ET]
Table 'Roswitha III' 6-max Seat #1 is the button
Seat 1: Xenicide ($100 in chips) 
Seat 2: YeeesMan ($100 in chips) 
Seat 3: KDOG1309 ($90.43 in chips) 
Seat 4: BoyLoc0 ($141.23 in chips) 
Seat 5: blackclan7 ($131.73 in chips) 
Seat 6: Evelexy1 ($100 in chips) 
YeeesMan: posts small blind $0.50
KDOG1309: posts big blind $1
*** HOLE CARDS ***
BoyLoc0: folds 
blackclan7: folds 
Evelexy1: folds 
Xenicide: folds 
YeeesMan: raises $2 to $3
KDOG1309: calls $2
*** FLOP *** [Kh 2h 4d]
YeeesMan: bets $2.85
KDOG1309: folds 
Uncalled bet ($2.85) returned to YeeesMan
YeeesMan collected $5.70 from pot
YeeesMan: doesn't show hand 
*** SUMMARY ***
Total pot $6 | Rake $0.30 
Board [Kh 2h 4d]
Seat 1: Xenicide (button) folded before Flop (didn't bet)
Seat 2: YeeesMan (small blind) collected ($5.70)
Seat 3: KDOG1309 (big blind) folded on the Flop
Seat 4: BoyLoc0 folded before Flop (didn't bet)
Seat 5: blackclan7 folded before Flop (didn't bet)
Seat 6: Evelexy1 folded before Flop (didn't bet)



PokerStars Hand #254298482221:  Hold'em No Limit ($0.50/$1.00 USD) - 2025/01/10 18:24:20 WET [2025/01/10 13:24:20 ET]
Table 'Roswitha III' 6-max Seat #2 is the button
Seat 1: Xenicide ($100 in chips) 
Seat 2: YeeesMan ($102.70 in chips) 
Seat 3: KDOG1309 ($87.43 in chips) 
Seat 4: BoyLoc0 ($141.23 in chips) 
Seat 5: blackclan7 ($131.73 in chips) 
Seat 6: Evelexy1 ($100 in chips) 
KDOG1309: posts small blind $0.50
BoyLoc0: posts big blind $1
*** HOLE CARDS ***
blackclan7: folds 
Evelexy1: folds 
Xenicide: folds 
YeeesMan: folds 
KDOG1309: raises $1 to $2
BoyLoc0: calls $1
*** FLOP *** [2s 4d Kd]
KDOG1309: checks 
BoyLoc0: checks 
*** TURN *** [2s 4d Kd] [9d]
KDOG1309: checks 
BoyLoc0: checks 
*** RIVER *** [2s 4d Kd 9d] [7h]
KDOG1309: bets $3.80
BoyLoc0: calls $3.80
*** SHOW DOWN ***
KDOG1309: shows [Qh Ad] (high card Ace)
BoyLoc0: shows [7c Js] (a pair of Sevens)
BoyLoc0 collected $11.02 from pot
*** SUMMARY ***
Total pot $11.60 | Rake $0.58 
Board [2s 4d Kd 9d 7h]
Seat 1: Xenicide folded before Flop (didn't bet)
Seat 2: YeeesMan (button) folded before Flop (didn't bet)
Seat 3: KDOG1309 (small blind) showed [Qh Ad] and lost with high card Ace
Seat 4: BoyLoc0 (big blind) showed [7c Js] and won ($11.02) with a pair of Sevens
Seat 5: blackclan7 folded before Flop (didn't bet)
Seat 6: Evelexy1 folded before Flop (didn't bet)



PokerStars Hand #254298490178:  Hold'em No Limit ($0.50/$1.00 USD) - 2025/01/10 18:24:46 WET [2025/01/10 13:24:46 ET]
Table 'Roswitha III' 6-max Seat #3 is the button
Seat 1: Xenicide ($100 in chips) 
Seat 2: YeeesMan ($102.70 in chips) 
Seat 3: KDOG1309 ($81.63 in chips) 
Seat 4: BoyLoc0 ($146.45 in chips) 
Seat 5: blackclan7 ($131.73 in chips) 
Seat 6: Evelexy1 ($100 in chips) 
BoyLoc0: posts small blind $0.50
blackclan7: posts big blind $1
*** HOLE CARDS ***
Evelexy1: folds 
Xenicide: folds 
YeeesMan: raises $1.50 to $2.50
KDOG1309: folds 
BoyLoc0: folds 
blackclan7: folds 
Uncalled bet ($1.50) returned to YeeesMan
YeeesMan collected $2.50 from pot
YeeesMan: doesn't show hand 
*** SUMMARY ***
Total pot $2.50 | Rake $0 
Seat 1: Xenicide folded before Flop (didn't bet)
Seat 2: YeeesMan collected ($2.50)
Seat 3: KDOG1309 (button) folded before Flop (didn't bet)
Seat 4: BoyLoc0 (small blind) folded before Flop
Seat 5: blackclan7 (big blind) folded before Flop
Seat 6: Evelexy1 folded before Flop (didn't bet)



PokerStars Hand #254298494709:  Hold'em No Limit ($0.50/$1.00 USD) - 2025/01/10 18:25:01 WET [2025/01/10 13:25:01 ET]
Table 'Roswitha III' 6-max Seat #4 is the button
Seat 1: Xenicide ($100 in chips) 
Seat 2: YeeesMan ($104.20 in chips) 
Seat 3: KDOG1309 ($81.63 in chips) 
Seat 4: BoyLoc0 ($145.95 in chips) 
Seat 5: blackclan7 ($130.73 in chips) 
Seat 6: Evelexy1 ($100 in chips) 
blackclan7: posts small blind $0.50
Evelexy1: posts big blind $1
*** HOLE CARDS ***
Xenicide: raises $1 to $2
YeeesMan: folds 
KDOG1309: folds 
BoyLoc0: folds 
blackclan7: folds 
Evelexy1: calls $1
*** FLOP *** [Kd 4s 4d]
Evelexy1: checks 
Xenicide: bets $1.07
Evelexy1: folds 
Uncalled bet ($1.07) returned to Xenicide
Xenicide collected $4.28 from pot
*** SUMMARY ***
Total pot $4.50 | Rake $0.22 
Board [Kd 4s 4d]
Seat 1: Xenicide collected ($4.28)
Seat 2: YeeesMan folded before Flop (didn't bet)
Seat 3: KDOG1309 folded before Flop (didn't bet)
Seat 4: BoyLoc0 (button) folded before Flop (didn't bet)
Seat 5: blackclan7 (small blind) folded before Flop
Seat 6: Evelexy1 (big blind) folded on the Flop



PokerStars Hand #254298505052:  Hold'em No Limit ($0.50/$1.00 USD) - 2025/01/10 18:25:36 WET [2025/01/10 13:25:36 ET]
Table 'Roswitha III' 6-max Seat #5 is the button
Seat 1: Xenicide ($102.28 in chips) 
Seat 2: YeeesMan ($104.20 in chips) 
Seat 3: KDOG1309 ($81.63 in chips) 
Seat 4: BoyLoc0 ($145.95 in chips) 
Seat 5: blackclan7 ($130.23 in chips) 
Seat 6: Evelexy1 ($100 in chips) 
Evelexy1: posts small blind $0.50
Xenicide: posts big blind $1
*** HOLE CARDS ***
YeeesMan: raises $1.50 to $2.50
KDOG1309 is disconnected 
KDOG1309 has timed out while disconnected
KDOG1309: folds 
BoyLoc0: folds 
blackclan7: folds 
Evelexy1: folds 
Xenicide: calls $1.50
*** FLOP *** [Js 9d Td]
Xenicide: checks 
YeeesMan: bets $3.92
Xenicide: folds 
Uncalled bet ($3.92) returned to YeeesMan
YeeesMan collected $5.22 from pot
YeeesMan: doesn't show hand 
*** SUMMARY ***
Total pot $5.50 | Rake $0.28 
Board [Js 9d Td]
Seat 1: Xenicide (big blind) folded on the Flop
Seat 2: YeeesMan collected ($5.22)
Seat 3: KDOG1309 folded before Flop (didn't bet)
Seat 4: BoyLoc0 folded before Flop (didn't bet)
Seat 5: blackclan7 (button) folded before Flop (didn't bet)
Seat 6: Evelexy1 (small blind) folded before Flop



PokerStars Hand #254298521960:  Hold'em No Limit ($0.50/$1.00 USD) - 2025/01/10 18:26:32 WET [2025/01/10 13:26:32 ET]
Table 'Roswitha III' 6-max Seat #6 is the button
Seat 1: Xenicide ($100 in chips) 
Seat 2: YeeesMan ($106.92 in chips) 
Seat 3: KDOG1309 ($81.63 in chips) 
Seat 4: BoyLoc0 ($145.95 in chips) 
Seat 5: blackclan7 ($130.23 in chips) 
Seat 6: Evelexy1 ($100 in chips) 
Xenicide: posts small blind $0.50
YeeesMan: posts big blind $1
*** HOLE CARDS ***
KDOG1309: raises $2.50 to $3.50
BoyLoc0: folds 
blackclan7: folds 
Evelexy1: folds 
Xenicide: folds 
YeeesMan: folds 
Uncalled bet ($2.50) returned to KDOG1309
KDOG1309 collected $2.50 from pot
*** SUMMARY ***
Total pot $2.50 | Rake $0 
Seat 1: Xenicide (small blind) folded before Flop
Seat 2: YeeesMan (big blind) folded before Flop
Seat 3: KDOG1309 collected ($2.50)
Seat 4: BoyLoc0 folded before Flop (didn't bet)
Seat 5: blackclan7 folded before Flop (didn't bet)
Seat 6: Evelexy1 (button) folded before Flop (didn't bet)



PokerStars Hand #254298530236:  Hold'em No Limit ($0.50/$1.00 USD) - 2025/01/10 18:27:00 WET [2025/01/10 13:27:00 ET]
Table 'Roswitha III' 6-max Seat #1 is the button
Seat 1: Xenicide ($100 in chips) 
Seat 2: YeeesMan ($105.92 in chips) 
Seat 3: KDOG1309 ($83.13 in chips) 
Seat 4: BoyLoc0 ($145.95 in chips) 
Seat 5: blackclan7 ($130.23 in chips) 
Seat 6: Evelexy1 ($100 in chips) 
YeeesMan: posts small blind $0.50
KDOG1309: posts big blind $1
*** HOLE CARDS ***
BoyLoc0: folds 
blackclan7: folds 
Evelexy1: folds 
Xenicide: folds 
YeeesMan: raises $2 to $3
KDOG1309: calls $2
*** FLOP *** [Ad 7c 7h]
YeeesMan: bets $1.88
KDOG1309: calls $1.88
*** TURN *** [Ad 7c 7h] [Jd]
YeeesMan: checks 
KDOG1309: checks 
*** RIVER *** [Ad 7c 7h Jd] [Ah]
YeeesMan: checks 
KDOG1309: checks 
*** SHOW DOWN ***
YeeesMan: shows [Kc As] (a full house, Aces full of Sevens)
KDOG1309: mucks hand 
YeeesMan collected $9.27 from pot
*** SUMMARY ***
Total pot $9.76 | Rake $0.49 
Board [Ad 7c 7h Jd Ah]
Seat 1: Xenicide (button) folded before Flop (didn't bet)
Seat 2: YeeesMan (small blind) showed [Kc As] and won ($9.27) with a full house, Aces full of Sevens
Seat 3: KDOG1309 (big blind) mucked
Seat 4: BoyLoc0 folded before Flop (didn't bet)
Seat 5: blackclan7 folded before Flop (didn't bet)
Seat 6: Evelexy1 folded before Flop (didn't bet)



PokerStars Hand #254298547258:  Hold'em No Limit ($0.50/$1.00 USD) - 2025/01/10 18:27:56 WET [2025/01/10 13:27:56 ET]
Table 'Roswitha III' 6-max Seat #2 is the button
Seat 1: Xenicide ($100 in chips) 
Seat 2: YeeesMan ($110.31 in chips) 
Seat 3: KDOG1309 ($78.25 in chips) 
Seat 4: BoyLoc0 ($145.95 in chips) 
Seat 5: blackclan7 ($130.23 in chips) 
Seat 6: Evelexy1 ($100 in chips) 
KDOG1309: posts small blind $0.50
BoyLoc0: posts big blind $1
*** HOLE CARDS ***
blackclan7: folds 
Evelexy1: folds 
Xenicide: folds 
YeeesMan: folds 
KDOG1309: calls $0.50
BoyLoc0: checks 
*** FLOP *** [4h Qh 2s]
KDOG1309: checks 
BoyLoc0: checks 
*** TURN *** [4h Qh 2s] [Th]
KDOG1309: checks 
BoyLoc0: checks 
*** RIVER *** [4h Qh 2s Th] [Kd]
KDOG1309: checks 
BoyLoc0: checks 
*** SHOW DOWN ***
KDOG1309: shows [Js Jh] (a pair of Jacks)
BoyLoc0: mucks hand 
KDOG1309 collected $1.90 from pot
*** SUMMARY ***
Total pot $2 | Rake $0.10 
Board [4h Qh 2s Th Kd]
Seat 1: Xenicide folded before Flop (didn't bet)
Seat 2: YeeesMan (button) folded before Flop (didn't bet)
Seat 3: KDOG1309 (small blind) showed [Js Jh] and won ($1.90) with a pair of Jacks
Seat 4: BoyLoc0 (big blind) mucked
Seat 5: blackclan7 folded before Flop (didn't bet)
Seat 6: Evelexy1 folded before Flop (didn't bet)



PokerStars Hand #254298562078:  Hold'em No Limit ($0.50/$1.00 USD) - 2025/01/10 18:28:45 WET [2025/01/10 13:28:45 ET]
Table 'Roswitha III' 6-max Seat #3 is the button
Seat 1: Xenicide ($100 in chips) 
Seat 2: YeeesMan ($110.31 in chips) 
Seat 3: KDOG1309 ($79.15 in chips) 
Seat 4: BoyLoc0 ($144.95 in chips) 
Seat 5: blackclan7 ($130.23 in chips) 
Seat 6: Evelexy1 ($100 in chips) 
BoyLoc0: posts small blind $0.50
blackclan7: posts big blind $1
*** HOLE CARDS ***
Evelexy1: raises $1 to $2
Xenicide: folds 
YeeesMan: folds 
KDOG1309: calls $2
BoyLoc0: folds 
blackclan7: calls $1
*** FLOP *** [5c Ad Td]
blackclan7: checks 
Evelexy1: bets $3.09
KDOG1309: folds 
blackclan7: raises $8.16 to $11.25
Evelexy1: calls $8.16
*** TURN *** [5c Ad Td] [9h]
blackclan7: bets $20.66
Evelexy1: calls $20.66
*** RIVER *** [5c Ad Td 9h] [4d]
blackclan7: bets $8.50
Evelexy1: raises $57.59 to $66.09 and is all-in
blackclan7: folds 
Uncalled bet ($57.59) returned to Evelexy1
Evelexy1 collected $84.82 from pot
Evelexy1: doesn't show hand 
*** SUMMARY ***
Total pot $87.32 | Rake $2.50 
Board [5c Ad Td 9h 4d]
Seat 1: Xenicide folded before Flop (didn't bet)
Seat 2: YeeesMan folded before Flop (didn't bet)
Seat 3: KDOG1309 (button) folded on the Flop
Seat 4: BoyLoc0 (small blind) folded before Flop
Seat 5: blackclan7 (big blind) folded on the River
Seat 6: Evelexy1 collected ($84.82)



PokerStars Hand #254298598887:  Hold'em No Limit ($0.50/$1.00 USD) - 2025/01/10 18:30:47 WET [2025/01/10 13:30:47 ET]
Table 'Roswitha III' 6-max Seat #4 is the button
Seat 1: Xenicide ($100 in chips) 
Seat 2: YeeesMan ($110.31 in chips) 
Seat 3: KDOG1309 ($77.15 in chips) 
Seat 4: BoyLoc0 ($144.45 in chips) 
Seat 5: blackclan7 ($100 in chips) 
Seat 6: Evelexy1 ($142.41 in chips) 
blackclan7: posts small blind $0.50
Evelexy1: posts big blind $1
*** HOLE CARDS ***
Xenicide: folds 
YeeesMan: raises $1.50 to $2.50
KDOG1309: calls $2.50
BoyLoc0: raises $6.50 to $9
blackclan7: raises $15.30 to $24.30
Evelexy1: folds 
YeeesMan: folds 
KDOG1309: folds 
BoyLoc0: folds 
Uncalled bet ($15.30) returned to blackclan7
blackclan7 collected $24 from pot
blackclan7: doesn't show hand 
*** SUMMARY ***
Total pot $24 | Rake $0 
Seat 1: Xenicide folded before Flop (didn't bet)
Seat 2: YeeesMan folded before Flop
Seat 3: KDOG1309 folded before Flop
Seat 4: BoyLoc0 (button) folded before Flop
Seat 5: blackclan7 (small blind) collected ($24)
Seat 6: Evelexy1 (big blind) folded before Flop



PokerStars Hand #254298614667:  Hold'em No Limit ($0.50/$1.00 USD) - 2025/01/10 18:31:38 WET [2025/01/10 13:31:38 ET]
Table 'Roswitha III' 6-max Seat #5 is the button
Seat 1: Xenicide ($100 in chips) 
Seat 2: YeeesMan ($107.81 in chips) 
Seat 3: KDOG1309 ($74.65 in chips) 
Seat 4: BoyLoc0 ($135.45 in chips) 
Seat 5: blackclan7 ($115 in chips) 
Seat 6: Evelexy1 ($141.41 in chips) 
Evelexy1: posts small blind $0.50
Xenicide: posts big blind $1
*** HOLE CARDS ***
YeeesMan: folds 
KDOG1309: folds 
BoyLoc0: raises $1.50 to $2.50
blackclan7: raises $5.85 to $8.35
Evelexy1: folds 
Xenicide: folds 
BoyLoc0: folds 
Uncalled bet ($5.85) returned to blackclan7
blackclan7 collected $6.50 from pot
blackclan7: doesn't show hand 
*** SUMMARY ***
Total pot $6.50 | Rake $0 
Seat 1: Xenicide (big blind) folded before Flop
Seat 2: YeeesMan folded before Flop (didn't bet)
Seat 3: KDOG1309 folded before Flop (didn't bet)
Seat 4: BoyLoc0 folded before Flop
Seat 5: blackclan7 (button) collected ($6.50)
Seat 6: Evelexy1 (small blind) folded before Flop



PokerStars Hand #254298624315:  Hold'em No Limit ($0.50/$1.00 USD) - 2025/01/10 18:32:10 WET [2025/01/10 13:32:10 ET]
Table 'Roswitha III' 6-max Seat #6 is the button
Seat 1: Xenicide ($100 in chips) 
Seat 2: YeeesMan ($107.81 in chips) 
Seat 3: KDOG1309 ($74.65 in chips) 
Seat 4: BoyLoc0 ($132.95 in chips) 
Seat 5: blackclan7 ($119 in chips) 
Seat 6: Evelexy1 ($140.91 in chips) 
Xenicide: posts small blind $0.50
YeeesMan: posts big blind $1
*** HOLE CARDS ***
KDOG1309: calls $1
BoyLoc0: folds 
blackclan7: folds 
Evelexy1: folds 
Xenicide: raises $8 to $9
YeeesMan: folds 
KDOG1309: calls $8
*** FLOP *** [8d Td 8s]
Xenicide: checks 
KDOG1309: checks 
*** TURN *** [8d Td 8s] [Tc]
Xenicide: bets $2.71
KDOG1309: calls $2.71
*** RIVER *** [8d Td 8s Tc] [3d]
Xenicide: checks 
KDOG1309: checks 
*** SHOW DOWN ***
Xenicide: shows [Ks Qc] (two pair, Tens and Eights)
KDOG1309: mucks hand 
Xenicide collected $23.20 from pot
*** SUMMARY ***
Total pot $24.42 | Rake $1.22 
Board [8d Td 8s Tc 3d]
Seat 1: Xenicide (small blind) showed [Ks Qc] and won ($23.20) with two pair, Tens and Eights
Seat 2: YeeesMan (big blind) folded before Flop
Seat 3: KDOG1309 mucked
Seat 4: BoyLoc0 folded before Flop (didn't bet)
Seat 5: blackclan7 folded before Flop (didn't bet)
Seat 6: Evelexy1 (button) folded before Flop (didn't bet)



PokerStars Hand #254298639015:  Hold'em No Limit ($0.50/$1.00 USD) - 2025/01/10 18:32:58 WET [2025/01/10 13:32:58 ET]
Table 'Roswitha III' 6-max Seat #1 is the button
Seat 1: Xenicide ($111.49 in chips) 
Seat 2: YeeesMan ($106.81 in chips) 
Seat 3: KDOG1309 ($62.94 in chips) 
Seat 4: BoyLoc0 ($132.95 in chips) 
Seat 5: blackclan7 ($119 in chips) 
Seat 6: Evelexy1 ($140.91 in chips) 
YeeesMan: posts small blind $0.50
KDOG1309: posts big blind $1
*** HOLE CARDS ***
BoyLoc0: folds 
blackclan7: folds 
Evelexy1: folds 
Xenicide: folds 
YeeesMan: folds 
Uncalled bet ($0.50) returned to KDOG1309
KDOG1309 collected $1 from pot
*** SUMMARY ***
Total pot $1 | Rake $0 
Seat 1: Xenicide (button) folded before Flop (didn't bet)
Seat 2: YeeesMan (small blind) folded before Flop
Seat 3: KDOG1309 (big blind) collected ($1)
Seat 4: BoyLoc0 folded before Flop (didn't bet)
Seat 5: blackclan7 folded before Flop (didn't bet)
Seat 6: Evelexy1 folded before Flop (didn't bet)



PokerStars Hand #254298643476:  Hold'em No Limit ($0.50/$1.00 USD) - 2025/01/10 18:33:13 WET [2025/01/10 13:33:13 ET]
Table 'Roswitha III' 6-max Seat #2 is the button
Seat 1: Xenicide ($111.49 in chips) 
Seat 2: YeeesMan ($106.31 in chips) 
Seat 3: KDOG1309 ($63.44 in chips) 
Seat 4: BoyLoc0 ($132.95 in chips) 
Seat 5: blackclan7 ($119 in chips) 
Seat 6: Evelexy1 ($140.91 in chips) 
KDOG1309: posts small blind $0.50
BoyLoc0: posts big blind $1
*** HOLE CARDS ***
blackclan7: folds 
Evelexy1: folds 
Xenicide: raises $1 to $2
YeeesMan: folds 
KDOG1309: calls $1.50
BoyLoc0: raises $10 to $12
Xenicide: calls $10
KDOG1309: folds 
*** FLOP *** [Js 6d Kd]
BoyLoc0: bets $8.15
Xenicide: calls $8.15
*** TURN *** [Js 6d Kd] [Ts]
BoyLoc0: checks 
Xenicide: bets $14.06
BoyLoc0: calls $14.06
*** RIVER *** [Js 6d Kd Ts] [2d]
BoyLoc0: checks 
Xenicide: bets $77.28 and is all-in
BoyLoc0: folds 
Uncalled bet ($77.28) returned to Xenicide
Xenicide collected $67.92 from pot
Xenicide: doesn't show hand 
*** SUMMARY ***
Total pot $70.42 | Rake $2.50 
Board [Js 6d Kd Ts 2d]
Seat 1: Xenicide collected ($67.92)
Seat 2: YeeesMan (button) folded before Flop (didn't bet)
Seat 3: KDOG1309 (small blind) folded before Flop
Seat 4: BoyLoc0 (big blind) folded on the River
Seat 5: blackclan7 folded before Flop (didn't bet)
Seat 6: Evelexy1 folded before Flop (didn't bet)



PokerStars Hand #254298673818:  Hold'em No Limit ($0.50/$1.00 USD) - 2025/01/10 18:34:52 WET [2025/01/10 13:34:52 ET]
Table 'Roswitha III' 6-max Seat #3 is the button
Seat 1: Xenicide ($145.20 in chips) 
Seat 2: YeeesMan ($106.31 in chips) 
Seat 3: KDOG1309 ($61.44 in chips) 
Seat 4: BoyLoc0 ($100 in chips) 
Seat 5: blackclan7 ($119 in chips) 
Seat 6: Evelexy1 ($140.91 in chips) 
BoyLoc0: posts small blind $0.50
blackclan7: posts big blind $1
*** HOLE CARDS ***
Evelexy1: folds 
Xenicide: folds 
YeeesMan: folds 
KDOG1309: calls $1
BoyLoc0: calls $0.50
blackclan7: checks 
*** FLOP *** [8c Td 4d]
BoyLoc0: bets $1
blackclan7: folds 
KDOG1309: calls $1
*** TURN *** [8c Td 4d] [Ah]
BoyLoc0: checks 
KDOG1309: checks 
*** RIVER *** [8c Td 4d Ah] [Kd]
BoyLoc0: checks 
KDOG1309: checks 
*** SHOW DOWN ***
BoyLoc0: shows [Tc 7c] (a pair of Tens)
KDOG1309: mucks hand 
BoyLoc0 collected $4.75 from pot
*** SUMMARY ***
Total pot $5 | Rake $0.25 
Board [8c Td 4d Ah Kd]
Seat 1: Xenicide folded before Flop (didn't bet)
Seat 2: YeeesMan folded before Flop (didn't bet)
Seat 3: KDOG1309 (button) mucked
Seat 4: BoyLoc0 (small blind) showed [Tc 7c] and won ($4.75) with a pair of Tens
Seat 5: blackclan7 (big blind) folded on the Flop
Seat 6: Evelexy1 folded before Flop (didn't bet)



PokerStars Hand #254298684984:  Hold'em No Limit ($0.50/$1.00 USD) - 2025/01/10 18:35:28 WET [2025/01/10 13:35:28 ET]
Table 'Roswitha III' 6-max Seat #4 is the button
Seat 1: Xenicide ($145.20 in chips) 
Seat 2: YeeesMan ($106.31 in chips) 
Seat 3: KDOG1309 ($59.44 in chips) 
Seat 4: BoyLoc0 ($102.75 in chips) 
Seat 5: blackclan7 ($118 in chips) 
Seat 6: Evelexy1 ($140.91 in chips) 
blackclan7: posts small blind $0.50
Evelexy1: posts big blind $1
*** HOLE CARDS ***
Xenicide: folds 
YeeesMan: folds 
KDOG1309: calls $1
BoyLoc0: folds 
blackclan7: folds 
Evelexy1: raises $3.50 to $4.50
KDOG1309: calls $3.50
*** FLOP *** [3d 3h 7d]
Evelexy1: checks 
KDOG1309: checks 
*** TURN *** [3d 3h 7d] [Jc]
Evelexy1: checks 
KDOG1309: checks 
*** RIVER *** [3d 3h 7d Jc] [Ad]
Evelexy1: checks 
KDOG1309: checks 
*** SHOW DOWN ***
Evelexy1: shows [Ac Tc] (two pair, Aces and Threes)
KDOG1309: mucks hand 
Evelexy1 collected $9.02 from pot
*** SUMMARY ***
Total pot $9.50 | Rake $0.48 
Board [3d 3h 7d Jc Ad]
Seat 1: Xenicide folded before Flop (didn't bet)
Seat 2: YeeesMan folded before Flop (didn't bet)
Seat 3: KDOG1309 mucked
Seat 4: BoyLoc0 (button) folded before Flop (didn't bet)
Seat 5: blackclan7 (small blind) folded before Flop
Seat 6: Evelexy1 (big blind) showed [Ac Tc] and won ($9.02) with two pair, Aces and Threes



PokerStars Hand #254298696325:  Hold'em No Limit ($0.50/$1.00 USD) - 2025/01/10 18:36:05 WET [2025/01/10 13:36:05 ET]
Table 'Roswitha III' 6-max Seat #5 is the button
Seat 1: Xenicide ($145.20 in chips) 
Seat 2: YeeesMan ($106.31 in chips) 
Seat 3: KDOG1309 ($54.94 in chips) 
Seat 4: BoyLoc0 ($102.75 in chips) 
Seat 5: blackclan7 ($117.50 in chips) 
Seat 6: Evelexy1 ($145.43 in chips) 
Evelexy1: posts small blind $0.50
Xenicide: posts big blind $1
*** HOLE CARDS ***
YeeesMan: folds 
KDOG1309: calls $1
BoyLoc0: raises $3 to $4
blackclan7: folds 
Evelexy1: folds 
Xenicide: folds 
KDOG1309: calls $3
*** FLOP *** [Ah 8d Tc]
KDOG1309: checks 
BoyLoc0: checks 
*** TURN *** [Ah 8d Tc] [Qs]
KDOG1309: checks 
BoyLoc0: checks 
*** RIVER *** [Ah 8d Tc Qs] [Js]
KDOG1309: checks 
BoyLoc0: checks 
*** SHOW DOWN ***
KDOG1309: shows [4d 5h] (high card Ace)
BoyLoc0: shows [7s 7c] (a pair of Sevens)
BoyLoc0 collected $9.02 from pot
*** SUMMARY ***
Total pot $9.50 | Rake $0.48 
Board [Ah 8d Tc Qs Js]
Seat 1: Xenicide (big blind) folded before Flop
Seat 2: YeeesMan folded before Flop (didn't bet)
Seat 3: KDOG1309 showed [4d 5h] and lost with high card Ace
Seat 4: BoyLoc0 showed [7s 7c] and won ($9.02) with a pair of Sevens
Seat 5: blackclan7 (button) folded before Flop (didn't bet)
Seat 6: Evelexy1 (small blind) folded before Flop



PokerStars Hand #254298715648:  Hold'em No Limit ($0.50/$1.00 USD) - 2025/01/10 18:37:08 WET [2025/01/10 13:37:08 ET]
Table 'Roswitha III' 6-max Seat #6 is the button
Seat 1: Xenicide ($144.20 in chips) 
Seat 2: YeeesMan ($106.31 in chips) 
Seat 3: KDOG1309 ($50.94 in chips) 
Seat 4: BoyLoc0 ($107.77 in chips) 
Seat 5: blackclan7 ($117.50 in chips) 
Seat 6: Evelexy1 ($144.93 in chips) 
Xenicide: posts small blind $0.50
YeeesMan: posts big blind $1
*** HOLE CARDS ***
KDOG1309: calls $1
BoyLoc0: folds 
blackclan7: raises $3 to $4
Evelexy1: folds 
Xenicide: folds 
YeeesMan: folds 
KDOG1309: calls $3
*** FLOP *** [Ah 2d Qc]
KDOG1309: bets $1
blackclan7: calls $1
*** TURN *** [Ah 2d Qc] [8d]
KDOG1309: checks 
blackclan7: checks 
*** RIVER *** [Ah 2d Qc 8d] [Jh]
KDOG1309: bets $5.46
blackclan7: folds 
Uncalled bet ($5.46) returned to KDOG1309
KDOG1309 collected $10.92 from pot
*** SUMMARY ***
Total pot $11.50 | Rake $0.58 
Board [Ah 2d Qc 8d Jh]
Seat 1: Xenicide (small blind) folded before Flop
Seat 2: YeeesMan (big blind) folded before Flop
Seat 3: KDOG1309 collected ($10.92)
Seat 4: BoyLoc0 folded before Flop (didn't bet)
Seat 5: blackclan7 folded on the River
Seat 6: Evelexy1 (button) folded before Flop (didn't bet)



PokerStars Hand #254298741613:  Hold'em No Limit ($0.50/$1.00 USD) - 2025/01/10 18:38:32 WET [2025/01/10 13:38:32 ET]
Table 'Roswitha III' 6-max Seat #1 is the button
Seat 1: Xenicide ($143.70 in chips) 
Seat 2: YeeesMan ($105.31 in chips) 
Seat 3: KDOG1309 ($56.86 in chips) 
Seat 4: BoyLoc0 ($107.77 in chips) 
Seat 5: blackclan7 ($112.50 in chips) 
Seat 6: Evelexy1 ($144.93 in chips) 
YeeesMan: posts small blind $0.50
KDOG1309: posts big blind $1
*** HOLE CARDS ***
BoyLoc0: folds 
blackclan7: folds 
Evelexy1: raises $1.50 to $2.50
Xenicide: folds 
YeeesMan: raises $8.50 to $11
KDOG1309: folds 
Evelexy1: folds 
Uncalled bet ($8.50) returned to YeeesMan
YeeesMan collected $6 from pot
YeeesMan: doesn't show hand 
*** SUMMARY ***
Total pot $6 | Rake $0 
Seat 1: Xenicide (button) folded before Flop (didn't bet)
Seat 2: YeeesMan (small blind) collected ($6)
Seat 3: KDOG1309 (big blind) folded before Flop
Seat 4: BoyLoc0 folded before Flop (didn't bet)
Seat 5: blackclan7 folded before Flop (didn't bet)
Seat 6: Evelexy1 folded before Flop



PokerStars Hand #254298750110:  Hold'em No Limit ($0.50/$1.00 USD) - 2025/01/10 18:38:59 WET [2025/01/10 13:38:59 ET]
Table 'Roswitha III' 6-max Seat #2 is the button
Seat 1: Xenicide ($143.70 in chips) 
Seat 2: YeeesMan ($108.81 in chips) 
Seat 3: KDOG1309 ($55.86 in chips) 
Seat 4: BoyLoc0 ($107.77 in chips) 
Seat 5: blackclan7 ($112.50 in chips) 
Seat 6: Evelexy1 ($142.43 in chips) 
KDOG1309: posts small blind $0.50
BoyLoc0: posts big blind $1
*** HOLE CARDS ***
blackclan7: folds 
Evelexy1: folds 
Xenicide: folds 
YeeesMan: folds 
KDOG1309: calls $0.50
BoyLoc0: checks 
*** FLOP *** [9h Jd Qc]
KDOG1309: checks 
BoyLoc0: checks 
*** TURN *** [9h Jd Qc] [Tc]
KDOG1309: bets $1
BoyLoc0: folds 
Uncalled bet ($1) returned to KDOG1309
KDOG1309 collected $1.90 from pot
*** SUMMARY ***
Total pot $2 | Rake $0.10 
Board [9h Jd Qc Tc]
Seat 1: Xenicide folded before Flop (didn't bet)
Seat 2: YeeesMan (button) folded before Flop (didn't bet)
Seat 3: KDOG1309 (small blind) collected ($1.90)
Seat 4: BoyLoc0 (big blind) folded on the Turn
Seat 5: blackclan7 folded before Flop (didn't bet)
Seat 6: Evelexy1 folded before Flop (didn't bet)



PokerStars Hand #254298760606:  Hold'em No Limit ($0.50/$1.00 USD) - 2025/01/10 18:39:33 WET [2025/01/10 13:39:33 ET]
Table 'Roswitha III' 6-max Seat #3 is the button
Seat 1: Xenicide ($143.70 in chips) 
Seat 2: YeeesMan ($108.81 in chips) 
Seat 3: KDOG1309 ($56.76 in chips) 
Seat 4: BoyLoc0 ($106.77 in chips) 
Seat 5: blackclan7 ($112.50 in chips) 
Seat 6: Evelexy1 ($142.43 in chips) 
BoyLoc0: posts small blind $0.50
blackclan7: posts big blind $1
*** HOLE CARDS ***
Evelexy1: raises $1 to $2
Xenicide: folds 
YeeesMan: folds 
KDOG1309: calls $2
BoyLoc0: folds 
blackclan7: calls $1
*** FLOP *** [Td Qd 5h]
blackclan7: checks 
Evelexy1: bets $3.09
KDOG1309: calls $3.09
blackclan7: folds 
*** TURN *** [Td Qd 5h] [4d]
Evelexy1: bets $6.03
KDOG1309: calls $6.03
*** RIVER *** [Td Qd 5h 4d] [5d]
Evelexy1: bets $11.75
KDOG1309: folds 
Uncalled bet ($11.75) returned to Evelexy1
Evelexy1 collected $23.50 from pot
Evelexy1: doesn't show hand 
*** SUMMARY ***
Total pot $24.74 | Rake $1.24 
Board [Td Qd 5h 4d 5d]
Seat 1: Xenicide folded before Flop (didn't bet)
Seat 2: YeeesMan folded before Flop (didn't bet)
Seat 3: KDOG1309 (button) folded on the River
Seat 4: BoyLoc0 (small blind) folded before Flop
Seat 5: blackclan7 (big blind) folded on the Flop
Seat 6: Evelexy1 collected ($23.50)



PokerStars Hand #254298781793:  Hold'em No Limit ($0.50/$1.00 USD) - 2025/01/10 18:40:41 WET [2025/01/10 13:40:41 ET]
Table 'Roswitha III' 6-max Seat #4 is the button
Seat 1: Xenicide ($143.70 in chips) 
Seat 2: YeeesMan ($108.81 in chips) 
Seat 3: KDOG1309 ($45.64 in chips) 
Seat 4: BoyLoc0 ($106.27 in chips) 
Seat 5: blackclan7 ($110.50 in chips) 
Seat 6: Evelexy1 ($154.81 in chips) 
blackclan7: posts small blind $0.50
Evelexy1: posts big blind $1
*** HOLE CARDS ***
Xenicide: folds 
YeeesMan: folds 
KDOG1309: calls $1
BoyLoc0: folds 
blackclan7: folds 
Evelexy1: checks 
*** FLOP *** [2h Qd 7s]
Evelexy1: checks 
KDOG1309: bets $1
Evelexy1: folds 
Uncalled bet ($1) returned to KDOG1309
KDOG1309 collected $2.38 from pot
*** SUMMARY ***
Total pot $2.50 | Rake $0.12 
Board [2h Qd 7s]
Seat 1: Xenicide folded before Flop (didn't bet)
Seat 2: YeeesMan folded before Flop (didn't bet)
Seat 3: KDOG1309 collected ($2.38)
Seat 4: BoyLoc0 (button) folded before Flop (didn't bet)
Seat 5: blackclan7 (small blind) folded before Flop
Seat 6: Evelexy1 (big blind) folded on the Flop



PokerStars Hand #254298793212:  Hold'em No Limit ($0.50/$1.00 USD) - 2025/01/10 18:41:17 WET [2025/01/10 13:41:17 ET]
Table 'Roswitha III' 6-max Seat #5 is the button
Seat 1: Xenicide ($143.70 in chips) 
Seat 2: YeeesMan ($108.81 in chips) 
Seat 3: KDOG1309 ($47.02 in chips) 
Seat 4: BoyLoc0 ($106.27 in chips) 
Seat 5: blackclan7 ($110 in chips) 
Seat 6: Evelexy1 ($153.81 in chips) 
Evelexy1: posts small blind $0.50
Xenicide: posts big blind $1
*** HOLE CARDS ***
YeeesMan: raises $1.50 to $2.50
KDOG1309: calls $2.50
BoyLoc0: calls $2.50
blackclan7: folds 
Evelexy1: calls $2
Xenicide: folds 
*** FLOP *** [Th 8d 7d]
Evelexy1: checks 
YeeesMan: checks 
KDOG1309: checks 
BoyLoc0: bets $3.45
Evelexy1: calls $3.45
YeeesMan: folds 
KDOG1309: calls $3.45
*** TURN *** [Th 8d 7d] [Ks]
Evelexy1: checks 
KDOG1309: checks 
BoyLoc0: checks 
*** RIVER *** [Th 8d 7d Ks] [9d]
Evelexy1: bets $2.03
KDOG1309: raises $24.34 to $26.37
BoyLoc0: folds 
Evelexy1: folds 
Uncalled bet ($24.34) returned to KDOG1309
KDOG1309 collected $24.14 from pot
*** SUMMARY ***
Total pot $25.41 | Rake $1.27 
Board [Th 8d 7d Ks 9d]
Seat 1: Xenicide (big blind) folded before Flop
Seat 2: YeeesMan folded on the Flop
Seat 3: KDOG1309 collected ($24.14)
Seat 4: BoyLoc0 folded on the River
Seat 5: blackclan7 (button) folded before Flop (didn't bet)
Seat 6: Evelexy1 (small blind) folded on the River



PokerStars Hand #254298820946:  Hold'em No Limit ($0.50/$1.00 USD) - 2025/01/10 18:42:48 WET [2025/01/10 13:42:48 ET]
Table 'Roswitha III' 6-max Seat #6 is the button
Seat 1: Xenicide ($142.70 in chips) 
Seat 2: YeeesMan ($106.31 in chips) 
Seat 3: KDOG1309 ($63.18 in chips) 
Seat 4: BoyLoc0 ($100.32 in chips) 
Seat 5: blackclan7 ($110 in chips) 
Seat 6: Evelexy1 ($145.83 in chips) 
Xenicide: posts small blind $0.50
YeeesMan: posts big blind $1
*** HOLE CARDS ***
KDOG1309: folds 
BoyLoc0: folds 
blackclan7: folds 
Evelexy1: folds 
Xenicide: folds 
Uncalled bet ($0.50) returned to YeeesMan
YeeesMan collected $1 from pot
YeeesMan: doesn't show hand 
*** SUMMARY ***
Total pot $1 | Rake $0 
Seat 1: Xenicide (small blind) folded before Flop
Seat 2: YeeesMan (big blind) collected ($1)
Seat 3: KDOG1309 folded before Flop (didn't bet)
Seat 4: BoyLoc0 folded before Flop (didn't bet)
Seat 5: blackclan7 folded before Flop (didn't bet)
Seat 6: Evelexy1 (button) folded before Flop (didn't bet)



PokerStars Hand #254298825849:  Hold'em No Limit ($0.50/$1.00 USD) - 2025/01/10 18:43:04 WET [2025/01/10 13:43:04 ET]
Table 'Roswitha III' 6-max Seat #1 is the button
Seat 1: Xenicide ($142.20 in chips) 
Seat 2: YeeesMan ($106.81 in chips) 
Seat 3: KDOG1309 ($63.18 in chips) 
Seat 4: BoyLoc0 ($100.32 in chips) 
Seat 5: blackclan7 ($110 in chips) 
Seat 6: Evelexy1 ($145.83 in chips) 
YeeesMan: posts small blind $0.50
KDOG1309: posts big blind $1
*** HOLE CARDS ***
BoyLoc0: folds 
blackclan7: folds 
Evelexy1: raises $1.50 to $2.50
Xenicide: folds 
YeeesMan: folds 
KDOG1309: calls $1.50
*** FLOP *** [Kd As 9s]
KDOG1309: checks 
Evelexy1: bets $1.74
KDOG1309: calls $1.74
*** TURN *** [Kd As 9s] [4d]
KDOG1309: checks 
Evelexy1: bets $6.40
KDOG1309: folds 
Uncalled bet ($6.40) returned to Evelexy1
Evelexy1 collected $8.53 from pot
Evelexy1: doesn't show hand 
*** SUMMARY ***
Total pot $8.98 | Rake $0.45 
Board [Kd As 9s 4d]
Seat 1: Xenicide (button) folded before Flop (didn't bet)
Seat 2: YeeesMan (small blind) folded before Flop
Seat 3: KDOG1309 (big blind) folded on the Turn
Seat 4: BoyLoc0 folded before Flop (didn't bet)
Seat 5: blackclan7 folded before Flop (didn't bet)
Seat 6: Evelexy1 collected ($8.53)



PokerStars Hand #254298836115:  Hold'em No Limit ($0.50/$1.00 USD) - 2025/01/10 18:43:37 WET [2025/01/10 13:43:37 ET]
Table 'Roswitha III' 6-max Seat #2 is the button
Seat 1: Xenicide ($142.20 in chips) 
Seat 2: YeeesMan ($106.31 in chips) 
Seat 3: KDOG1309 ($58.94 in chips) 
Seat 4: BoyLoc0 ($100.32 in chips) 
Seat 5: blackclan7 ($110 in chips) 
Seat 6: Evelexy1 ($150.12 in chips) 
KDOG1309: posts small blind $0.50
BoyLoc0: posts big blind $1
*** HOLE CARDS ***
blackclan7: folds 
Evelexy1: folds 
Xenicide: folds 
YeeesMan: folds 
KDOG1309: folds 
Uncalled bet ($0.50) returned to BoyLoc0
BoyLoc0 collected $1 from pot
BoyLoc0: doesn't show hand 
*** SUMMARY ***
Total pot $1 | Rake $0 
Seat 1: Xenicide folded before Flop (didn't bet)
Seat 2: YeeesMan (button) folded before Flop (didn't bet)
Seat 3: KDOG1309 (small blind) folded before Flop
Seat 4: BoyLoc0 (big blind) collected ($1)
Seat 5: blackclan7 folded before Flop (didn't bet)
Seat 6: Evelexy1 folded before Flop (didn't bet)



PokerStars Hand #254298841717:  Hold'em No Limit ($0.50/$1.00 USD) - 2025/01/10 18:43:55 WET [2025/01/10 13:43:55 ET]
Table 'Roswitha III' 6-max Seat #3 is the button
Seat 1: Xenicide ($142.20 in chips) 
Seat 2: YeeesMan ($106.31 in chips) 
Seat 3: KDOG1309 ($58.44 in chips) 
Seat 4: BoyLoc0 ($100.82 in chips) 
Seat 5: blackclan7 ($110 in chips) 
Seat 6: Evelexy1 ($150.12 in chips) 
BoyLoc0: posts small blind $0.50
blackclan7: posts big blind $1
*** HOLE CARDS ***
Evelexy1: raises $1 to $2
Xenicide: folds 
YeeesMan: folds 
KDOG1309: raises $1 to $3
BoyLoc0: folds 
blackclan7: folds 
Evelexy1: calls $1
*** FLOP *** [Ks 4d 8d]
Evelexy1: checks 
KDOG1309: checks 
*** TURN *** [Ks 4d 8d] [3c]
Evelexy1: bets $5.50
KDOG1309: calls $5.50
*** RIVER *** [Ks 4d 8d 3c] [Ac]
Evelexy1: bets $3.52
KDOG1309: calls $3.52
*** SHOW DOWN ***
Evelexy1: shows [Kc Tc] (a pair of Kings)
KDOG1309: mucks hand 
Evelexy1 collected $24.26 from pot
*** SUMMARY ***
Total pot $25.54 | Rake $1.28 
Board [Ks 4d 8d 3c Ac]
Seat 1: Xenicide folded before Flop (didn't bet)
Seat 2: YeeesMan folded before Flop (didn't bet)
Seat 3: KDOG1309 (button) mucked
Seat 4: BoyLoc0 (small blind) folded before Flop
Seat 5: blackclan7 (big blind) folded before Flop
Seat 6: Evelexy1 showed [Kc Tc] and won ($24.26) with a pair of Kings



PokerStars Hand #254298853436:  Hold'em No Limit ($0.50/$1.00 USD) - 2025/01/10 18:44:34 WET [2025/01/10 13:44:34 ET]
Table 'Roswitha III' 6-max Seat #4 is the button
Seat 1: Xenicide ($142.20 in chips) 
Seat 2: YeeesMan ($106.31 in chips) 
Seat 3: KDOG1309 ($46.42 in chips) 
Seat 4: BoyLoc0 ($100.32 in chips) 
Seat 5: blackclan7 ($109 in chips) 
Seat 6: Evelexy1 ($162.36 in chips) 
blackclan7: posts small blind $0.50
Evelexy1: posts big blind $1
*** HOLE CARDS ***
Xenicide: folds 
YeeesMan: folds 
KDOG1309: folds 
BoyLoc0: folds 
blackclan7: raises $2 to $3
Evelexy1: folds 
Uncalled bet ($2) returned to blackclan7
blackclan7 collected $2 from pot
blackclan7: doesn't show hand 
*** SUMMARY ***
Total pot $2 | Rake $0 
Seat 1: Xenicide folded before Flop (didn't bet)
Seat 2: YeeesMan folded before Flop (didn't bet)
Seat 3: KDOG1309 folded before Flop (didn't bet)
Seat 4: BoyLoc0 (button) folded before Flop (didn't bet)
Seat 5: blackclan7 (small blind) collected ($2)
Seat 6: Evelexy1 (big blind) folded before Flop



PokerStars Hand #254298863731:  Hold'em No Limit ($0.50/$1.00 USD) - 2025/01/10 18:45:07 WET [2025/01/10 13:45:07 ET]
Table 'Roswitha III' 6-max Seat #5 is the button
Seat 1: Xenicide ($142.20 in chips) 
Seat 2: YeeesMan ($106.31 in chips) 
Seat 3: KDOG1309 ($46.42 in chips) 
Seat 4: BoyLoc0 ($100.32 in chips) 
Seat 5: blackclan7 ($110 in chips) 
Seat 6: Evelexy1 ($161.36 in chips) 
Evelexy1: posts small blind $0.50
Xenicide: posts big blind $1
*** HOLE CARDS ***
YeeesMan: folds 
KDOG1309: calls $1
BoyLoc0: folds 
blackclan7: folds 
Evelexy1: calls $0.50
Xenicide: raises $8 to $9
KDOG1309: folds 
Evelexy1: folds 
Uncalled bet ($8) returned to Xenicide
Xenicide collected $3 from pot
*** SUMMARY ***
Total pot $3 | Rake $0 
Seat 1: Xenicide (big blind) collected ($3)
Seat 2: YeeesMan folded before Flop (didn't bet)
Seat 3: KDOG1309 folded before Flop
Seat 4: BoyLoc0 folded before Flop (didn't bet)
Seat 5: blackclan7 (button) folded before Flop (didn't bet)
Seat 6: Evelexy1 (small blind) folded before Flop



PokerStars Hand #254298873332:  Hold'em No Limit ($0.50/$1.00 USD) - 2025/01/10 18:45:38 WET [2025/01/10 13:45:38 ET]
Table 'Roswitha III' 6-max Seat #6 is the button
Seat 1: Xenicide ($144.20 in chips) 
Seat 2: YeeesMan ($106.31 in chips) 
Seat 3: KDOG1309 ($45.42 in chips) 
Seat 4: BoyLoc0 ($100.32 in chips) 
Seat 5: blackclan7 ($110 in chips) 
Seat 6: Evelexy1 ($160.36 in chips) 
Xenicide: posts small blind $0.50
YeeesMan: posts big blind $1
*** HOLE CARDS ***
KDOG1309: folds 
BoyLoc0: folds 
blackclan7: folds 
Evelexy1: folds 
Xenicide: folds 
Uncalled bet ($0.50) returned to YeeesMan
YeeesMan collected $1 from pot
YeeesMan: doesn't show hand 
*** SUMMARY ***
Total pot $1 | Rake $0 
Seat 1: Xenicide (small blind) folded before Flop
Seat 2: YeeesMan (big blind) collected ($1)
Seat 3: KDOG1309 folded before Flop (didn't bet)
Seat 4: BoyLoc0 folded before Flop (didn't bet)
Seat 5: blackclan7 folded before Flop (didn't bet)
Seat 6: Evelexy1 (button) folded before Flop (didn't bet)



PokerStars Hand #254298877619:  Hold'em No Limit ($0.50/$1.00 USD) - 2025/01/10 18:45:53 WET [2025/01/10 13:45:53 ET]
Table 'Roswitha III' 6-max Seat #1 is the button
Seat 1: Xenicide ($143.70 in chips) 
Seat 2: YeeesMan ($106.81 in chips) 
Seat 3: KDOG1309 ($45.42 in chips) 
Seat 4: BoyLoc0 ($100.32 in chips) 
Seat 5: blackclan7 ($110 in chips) 
Seat 6: Evelexy1 ($160.36 in chips) 
YeeesMan: posts small blind $0.50
KDOG1309: posts big blind $1
*** HOLE CARDS ***
BoyLoc0: folds 
blackclan7: folds 
Evelexy1: folds 
Xenicide: raises $1.25 to $2.25
YeeesMan: folds 
KDOG1309: calls $1.25
*** FLOP *** [6d 5c 9s]
KDOG1309: bets $2.38
Xenicide: folds 
Uncalled bet ($2.38) returned to KDOG1309
KDOG1309 collected $4.75 from pot
*** SUMMARY ***
Total pot $5 | Rake $0.25 
Board [6d 5c 9s]
Seat 1: Xenicide (button) folded on the Flop
Seat 2: YeeesMan (small blind) folded before Flop
Seat 3: KDOG1309 (big blind) collected ($4.75)
Seat 4: BoyLoc0 folded before Flop (didn't bet)
Seat 5: blackclan7 folded before Flop (didn't bet)
Seat 6: Evelexy1 folded before Flop (didn't bet)



PokerStars Hand #254298886228:  Hold'em No Limit ($0.50/$1.00 USD) - 2025/01/10 18:46:21 WET [2025/01/10 13:46:21 ET]
Table 'Roswitha III' 6-max Seat #2 is the button
Seat 1: Xenicide ($141.45 in chips) 
Seat 2: YeeesMan ($106.31 in chips) 
Seat 3: KDOG1309 ($47.92 in chips) 
Seat 4: BoyLoc0 ($100.32 in chips) 
Seat 5: blackclan7 ($110 in chips) 
Seat 6: Evelexy1 ($160.36 in chips) 
KDOG1309: posts small blind $0.50
BoyLoc0: posts big blind $1
*** HOLE CARDS ***
blackclan7: folds 
Evelexy1: folds 
Xenicide: raises $1 to $2
YeeesMan: raises $6 to $8
KDOG1309: folds 
BoyLoc0: folds 
Xenicide: raises $12 to $20
YeeesMan: raises $86.31 to $106.31 and is all-in
Xenicide: folds 
Uncalled bet ($86.31) returned to YeeesMan
YeeesMan collected $41.50 from pot
YeeesMan: doesn't show hand 
*** SUMMARY ***
Total pot $41.50 | Rake $0 
Seat 1: Xenicide folded before Flop
Seat 2: YeeesMan (button) collected ($41.50)
Seat 3: KDOG1309 (small blind) folded before Flop
Seat 4: BoyLoc0 (big blind) folded before Flop
Seat 5: blackclan7 folded before Flop (didn't bet)
Seat 6: Evelexy1 folded before Flop (didn't bet)



PokerStars Hand #254298901235:  Hold'em No Limit ($0.50/$1.00 USD) - 2025/01/10 18:47:09 WET [2025/01/10 13:47:09 ET]
Table 'Roswitha III' 6-max Seat #3 is the button
Seat 1: Xenicide ($121.45 in chips) 
Seat 2: YeeesMan ($127.81 in chips) 
Seat 3: KDOG1309 ($47.42 in chips) 
Seat 4: BoyLoc0 ($100 in chips) 
Seat 5: blackclan7 ($110 in chips) 
Seat 6: Evelexy1 ($160.36 in chips) 
BoyLoc0: posts small blind $0.50
blackclan7: posts big blind $1
*** HOLE CARDS ***
Evelexy1: raises $1 to $2
Xenicide: folds 
YeeesMan: folds 
KDOG1309: calls $2
BoyLoc0: folds 
blackclan7: folds 
*** FLOP *** [2s 8h 6s]
Evelexy1: bets $2.61
KDOG1309: calls $2.61
*** TURN *** [2s 8h 6s] [2h]
Evelexy1: bets $8.50
KDOG1309: calls $8.50
*** RIVER *** [2s 8h 6s 2h] [Ad]
Evelexy1: bets $13.17
KDOG1309: folds 
Uncalled bet ($13.17) returned to Evelexy1
Evelexy1 collected $26.33 from pot
Evelexy1: doesn't show hand 
*** SUMMARY ***
Total pot $27.72 | Rake $1.39 
Board [2s 8h 6s 2h Ad]
Seat 1: Xenicide folded before Flop (didn't bet)
Seat 2: YeeesMan folded before Flop (didn't bet)
Seat 3: KDOG1309 (button) folded on the River
Seat 4: BoyLoc0 (small blind) folded before Flop
Seat 5: blackclan7 (big blind) folded before Flop
Seat 6: Evelexy1 collected ($26.33)



PokerStars Hand #254298914572:  Hold'em No Limit ($0.50/$1.00 USD) - 2025/01/10 18:47:53 WET [2025/01/10 13:47:53 ET]
Table 'Roswitha III' 6-max Seat #4 is the button
Seat 1: Xenicide ($121.45 in chips) 
Seat 2: YeeesMan ($127.81 in chips) 
Seat 3: KDOG1309 ($34.31 in chips) 
Seat 4: BoyLoc0 ($100 in chips) 
Seat 5: blackclan7 ($109 in chips) 
Seat 6: Evelexy1 ($173.58 in chips) 
blackclan7: posts small blind $0.50
Evelexy1: posts big blind $1
*** HOLE CARDS ***
Xenicide: folds 
YeeesMan: raises $1.50 to $2.50
KDOG1309: calls $2.50
BoyLoc0: folds 
blackclan7: folds 
Evelexy1: folds 
*** FLOP *** [5s Jc 4s]
YeeesMan: bets $2.04
KDOG1309: calls $2.04
*** TURN *** [5s Jc 4s] [9c]
YeeesMan: bets $7.54
KDOG1309: folds 
Uncalled bet ($7.54) returned to YeeesMan
YeeesMan collected $10.05 from pot
YeeesMan: doesn't show hand 
*** SUMMARY ***
Total pot $10.58 | Rake $0.53 
Board [5s Jc 4s 9c]
Seat 1: Xenicide folded before Flop (didn't bet)
Seat 2: YeeesMan collected ($10.05)
Seat 3: KDOG1309 folded on the Turn
Seat 4: BoyLoc0 (button) folded before Flop (didn't bet)
Seat 5: blackclan7 (small blind) folded before Flop
Seat 6: Evelexy1 (big blind) folded before Flop



PokerStars Hand #254298928221:  Hold'em No Limit ($0.50/$1.00 USD) - 2025/01/10 18:48:38 WET [2025/01/10 13:48:38 ET]
Table 'Roswitha III' 6-max Seat #5 is the button
Seat 1: Xenicide ($121.45 in chips) 
Seat 2: YeeesMan ($133.32 in chips) 
Seat 3: KDOG1309 ($29.77 in chips) 
Seat 4: BoyLoc0 ($100 in chips) 
Seat 5: blackclan7 ($108.50 in chips) 
Seat 6: Evelexy1 ($172.58 in chips) 
Evelexy1: posts small blind $0.50
Xenicide: posts big blind $1
*** HOLE CARDS ***
YeeesMan: folds 
KDOG1309: calls $1
BoyLoc0: folds 
blackclan7: folds 
Evelexy1: calls $0.50
Xenicide: checks 
*** FLOP *** [3h 8d Jd]
Evelexy1: checks 
Xenicide: bets $1.43
KDOG1309: folds 
Evelexy1: folds 
Uncalled bet ($1.43) returned to Xenicide
Xenicide collected $2.85 from pot
*** SUMMARY ***
Total pot $3 | Rake $0.15 
Board [3h 8d Jd]
Seat 1: Xenicide (big blind) collected ($2.85)
Seat 2: YeeesMan folded before Flop (didn't bet)
Seat 3: KDOG1309 folded on the Flop
Seat 4: BoyLoc0 folded before Flop (didn't bet)
Seat 5: blackclan7 (button) folded before Flop (didn't bet)
Seat 6: Evelexy1 (small blind) folded on the Flop



PokerStars Hand #254298938795:  Hold'em No Limit ($0.50/$1.00 USD) - 2025/01/10 18:49:12 WET [2025/01/10 13:49:12 ET]
Table 'Roswitha III' 6-max Seat #6 is the button
Seat 1: Xenicide ($123.30 in chips) 
Seat 2: YeeesMan ($133.32 in chips) 
Seat 3: KDOG1309 ($28.77 in chips) 
Seat 4: BoyLoc0 ($100 in chips) 
Seat 5: blackclan7 ($108.50 in chips) 
Seat 6: Evelexy1 ($171.58 in chips) 
Xenicide: posts small blind $0.50
YeeesMan: posts big blind $1
*** HOLE CARDS ***
KDOG1309: folds 
BoyLoc0: folds 
blackclan7: folds 
Evelexy1: raises $1.50 to $2.50
Xenicide: folds 
YeeesMan: calls $1.50
*** FLOP *** [7s Ks 3d]
YeeesMan: checks 
Evelexy1: bets $1.74
YeeesMan: calls $1.74
*** TURN *** [7s Ks 3d] [Ad]
YeeesMan: checks 
Evelexy1: bets $2.13
YeeesMan: folds 
Uncalled bet ($2.13) returned to Evelexy1
Evelexy1 collected $8.53 from pot
Evelexy1: doesn't show hand 
*** SUMMARY ***
Total pot $8.98 | Rake $0.45 
Board [7s Ks 3d Ad]
Seat 1: Xenicide (small blind) folded before Flop
Seat 2: YeeesMan (big blind) folded on the Turn
Seat 3: KDOG1309 folded before Flop (didn't bet)
Seat 4: BoyLoc0 folded before Flop (didn't bet)
Seat 5: blackclan7 folded before Flop (didn't bet)
Seat 6: Evelexy1 (button) collected ($8.53)



PokerStars Hand #254298965690:  Hold'em No Limit ($0.50/$1.00 USD) - 2025/01/10 18:50:41 WET [2025/01/10 13:50:41 ET]
Table 'Roswitha III' 6-max Seat #1 is the button
Seat 1: Xenicide ($122.80 in chips) 
Seat 2: YeeesMan ($129.08 in chips) 
Seat 3: KDOG1309 ($28.77 in chips) 
Seat 4: BoyLoc0 ($100 in chips) 
Seat 5: blackclan7 ($108.50 in chips) 
Seat 6: Evelexy1 ($175.87 in chips) 
YeeesMan: posts small blind $0.50
KDOG1309: posts big blind $1
*** HOLE CARDS ***
BoyLoc0: folds 
blackclan7: folds 
Evelexy1: folds 
Xenicide: folds 
YeeesMan: folds 
Uncalled bet ($0.50) returned to KDOG1309
KDOG1309 collected $1 from pot
*** SUMMARY ***
Total pot $1 | Rake $0 
Seat 1: Xenicide (button) folded before Flop (didn't bet)
Seat 2: YeeesMan (small blind) folded before Flop
Seat 3: KDOG1309 (big blind) collected ($1)
Seat 4: BoyLoc0 folded before Flop (didn't bet)
Seat 5: blackclan7 folded before Flop (didn't bet)
Seat 6: Evelexy1 folded before Flop (didn't bet)



PokerStars Hand #254298970353:  Hold'em No Limit ($0.50/$1.00 USD) - 2025/01/10 18:50:57 WET [2025/01/10 13:50:57 ET]
Table 'Roswitha III' 6-max Seat #2 is the button
Seat 1: Xenicide ($122.80 in chips) 
Seat 2: YeeesMan ($128.58 in chips) 
Seat 3: KDOG1309 ($29.27 in chips) 
Seat 4: BoyLoc0 ($100 in chips) 
Seat 5: blackclan7 ($108.50 in chips) 
Seat 6: Evelexy1 ($175.87 in chips) 
KDOG1309: posts small blind $0.50
BoyLoc0: posts big blind $1
*** HOLE CARDS ***
blackclan7: folds 
Evelexy1: folds 
Xenicide: folds 
YeeesMan: raises $1.50 to $2.50
KDOG1309: calls $2
BoyLoc0: folds 
*** FLOP *** [Js Jh 8d]
KDOG1309: checks 
YeeesMan: checks 
*** TURN *** [Js Jh 8d] [Qs]
KDOG1309: checks 
YeeesMan: bets $4.28
KDOG1309: folds 
Uncalled bet ($4.28) returned to YeeesMan
YeeesMan collected $5.70 from pot
YeeesMan: doesn't show hand 
*** SUMMARY ***
Total pot $6 | Rake $0.30 
Board [Js Jh 8d Qs]
Seat 1: Xenicide folded before Flop (didn't bet)
Seat 2: YeeesMan (button) collected ($5.70)
Seat 3: KDOG1309 (small blind) folded on the Turn
Seat 4: BoyLoc0 (big blind) folded before Flop
Seat 5: blackclan7 folded before Flop (didn't bet)
Seat 6: Evelexy1 folded before Flop (didn't bet)



PokerStars Hand #254298985308:  Hold'em No Limit ($0.50/$1.00 USD) - 2025/01/10 18:51:46 WET [2025/01/10 13:51:46 ET]
Table 'Roswitha III' 6-max Seat #3 is the button
Seat 1: Xenicide ($122.80 in chips) 
Seat 2: YeeesMan ($131.78 in chips) 
Seat 3: KDOG1309 ($26.77 in chips) 
Seat 4: BoyLoc0 ($100 in chips) 
Seat 5: blackclan7 ($108.50 in chips) 
Seat 6: Evelexy1 ($175.87 in chips) 
BoyLoc0: posts small blind $0.50
blackclan7: posts big blind $1
*** HOLE CARDS ***
Evelexy1: folds 
Xenicide: folds 
YeeesMan: folds 
KDOG1309: calls $1
BoyLoc0: raises $4 to $5
blackclan7: raises $10 to $15
KDOG1309: calls $14
BoyLoc0: calls $10
*** FLOP *** [5s Ac Qc]
BoyLoc0: checks 
blackclan7: checks 
KDOG1309: bets $11.77 and is all-in
BoyLoc0: calls $11.77
blackclan7: folds 
*** TURN *** [5s Ac Qc] [4s]
*** RIVER *** [5s Ac Qc 4s] [7h]
*** SHOW DOWN ***
BoyLoc0: shows [Qd As] (two pair, Aces and Queens)
KDOG1309: shows [Jc Ah] (a pair of Aces)
BoyLoc0 collected $66.04 from pot
*** SUMMARY ***
Total pot $68.54 | Rake $2.50 
Board [5s Ac Qc 4s 7h]
Seat 1: Xenicide folded before Flop (didn't bet)
Seat 2: YeeesMan folded before Flop (didn't bet)
Seat 3: KDOG1309 (button) showed [Jc Ah] and lost with a pair of Aces
Seat 4: BoyLoc0 (small blind) showed [Qd As] and won ($66.04) with two pair, Aces and Queens
Seat 5: blackclan7 (big blind) folded on the Flop
Seat 6: Evelexy1 folded before Flop (didn't bet)



PokerStars Hand #254299009461:  Hold'em No Limit ($0.50/$1.00 USD) - 2025/01/10 18:53:06 WET [2025/01/10 13:53:06 ET]
Table 'Roswitha III' 6-max Seat #4 is the button
Seat 3: KDOG1309 ($0 in chips) is sitting out
Seat 1: Xenicide ($122.80 in chips) 
Seat 2: YeeesMan ($131.78 in chips) 
Seat 4: BoyLoc0 ($139.27 in chips) 
Seat 5: blackclan7 ($100 in chips) 
Seat 6: Evelexy1 ($175.87 in chips) 
blackclan7: posts small blind $0.50
Evelexy1: posts big blind $1
*** HOLE CARDS ***
Xenicide: folds 
YeeesMan: raises $1.50 to $2.50
BoyLoc0: folds 
blackclan7: calls $2
Evelexy1: calls $1.50
*** FLOP *** [8d Tc Jd]
blackclan7: checks 
Evelexy1: checks 
YeeesMan: checks 
*** TURN *** [8d Tc Jd] [4h]
blackclan7: checks 
Evelexy1: checks 
YeeesMan: checks 
*** RIVER *** [8d Tc Jd 4h] [Jc]
blackclan7: checks 
Evelexy1: bets $4.70
YeeesMan: calls $4.70
blackclan7: folds 
*** SHOW DOWN ***
Evelexy1: shows [9d 9s] (two pair, Jacks and Nines)
YeeesMan: mucks hand 
Evelexy1 collected $16.06 from pot
*** SUMMARY ***
Total pot $16.90 | Rake $0.84 
Board [8d Tc Jd 4h Jc]
Seat 3: KDOG1309
Seat 1: Xenicide folded before Flop (didn't bet)
Seat 2: YeeesMan mucked
Seat 4: BoyLoc0 (button) folded before Flop (didn't bet)
Seat 5: blackclan7 (small blind) folded on the River
Seat 6: Evelexy1 (big blind) showed [9d 9s] and won ($16.06) with two pair, Jacks and Nines



PokerStars Hand #254299027413:  Hold'em No Limit ($0.50/$1.00 USD) - 2025/01/10 18:54:06 WET [2025/01/10 13:54:06 ET]
Table 'Roswitha III' 6-max Seat #5 is the button
Seat 1: Xenicide ($122.80 in chips) 
Seat 2: YeeesMan ($124.58 in chips) 
Seat 3: KDOG1309 ($20.75 in chips) 
Seat 4: BoyLoc0 ($139.27 in chips) 
Seat 5: blackclan7 ($100 in chips) 
Seat 6: Evelexy1 ($184.73 in chips) 
Evelexy1: posts small blind $0.50
Xenicide: posts big blind $1
*** HOLE CARDS ***
YeeesMan: folds 
KDOG1309: calls $1
BoyLoc0: folds 
blackclan7: folds 
Evelexy1: calls $0.50
Xenicide: raises $6.50 to $7.50
KDOG1309: calls $6.50
Evelexy1: folds 
*** FLOP *** [3s 4h 3h]
Xenicide: bets $24
KDOG1309: calls $13.25 and is all-in
Uncalled bet ($10.75) returned to Xenicide
*** FIRST TURN *** [3s 4h 3h] [Qc]
*** FIRST RIVER *** [3s 4h 3h Qc] [Qs]
*** SECOND TURN *** [3s 4h 3h] [2d]
*** SECOND RIVER *** [3s 4h 3h 2d] [Kc]
*** FIRST SHOW DOWN ***
Xenicide: shows [Ad Ks] (two pair, Queens and Threes)
KDOG1309: shows [6h Ac] (two pair, Queens and Threes)
Xenicide collected $10.10 from pot
KDOG1309 collected $10.09 from pot
*** SECOND SHOW DOWN ***
Xenicide: shows [Ad Ks] (two pair, Kings and Threes)
KDOG1309: shows [6h Ac] (a pair of Threes)
Xenicide collected $20.19 from pot
*** SUMMARY ***
Total pot $42.50 | Rake $2.12 
Hand was run twice
FIRST Board [3s 4h 3h Qc Qs]
SECOND Board [3s 4h 3h 2d Kc]
Seat 1: Xenicide (big blind) showed [Ad Ks] and won ($10.10) with two pair, Queens and Threes, and won ($20.19) with two pair, Kings and Threes
Seat 2: YeeesMan folded before Flop (didn't bet)
Seat 3: KDOG1309 showed [6h Ac] and won ($10.09) with two pair, Queens and Threes, and lost with a pair of Threes
Seat 4: BoyLoc0 folded before Flop (didn't bet)
Seat 5: blackclan7 (button) folded before Flop (didn't bet)
Seat 6: Evelexy1 (small blind) folded before Flop



PokerStars Hand #254299041658:  Hold'em No Limit ($0.50/$1.00 USD) - 2025/01/10 18:54:53 WET [2025/01/10 13:54:53 ET]
Table 'Roswitha III' 6-max Seat #6 is the button
Seat 1: Xenicide ($132.34 in chips) 
Seat 2: YeeesMan ($124.58 in chips) 
Seat 3: KDOG1309 ($10.09 in chips) 
Seat 4: BoyLoc0 ($139.27 in chips) 
Seat 5: blackclan7 ($100 in chips) 
Seat 6: Evelexy1 ($183.73 in chips) 
Xenicide: posts small blind $0.50
YeeesMan: posts big blind $1
*** HOLE CARDS ***
KDOG1309: calls $1
BoyLoc0: folds 
blackclan7: folds 
Evelexy1: folds 
Xenicide: folds 
YeeesMan: checks 
*** FLOP *** [9h Kd Js]
YeeesMan: checks 
Evelexy1 leaves the table
KDOG1309: checks 
*** TURN *** [9h Kd Js] [2h]
YeeesMan: checks 
KDOG1309: checks 
*** RIVER *** [9h Kd Js 2h] [Qh]
YeeesMan: checks 
KDOG1309: checks 
*** SHOW DOWN ***
YeeesMan: shows [6c 4c] (high card King)
KDOG1309: shows [Ad 6h] (high card Ace)
KDOG1309 collected $2.38 from pot
*** SUMMARY ***
Total pot $2.50 | Rake $0.12 
Board [9h Kd Js 2h Qh]
Seat 1: Xenicide (small blind) folded before Flop
Seat 2: YeeesMan (big blind) showed [6c 4c] and lost with high card King
Seat 3: KDOG1309 showed [Ad 6h] and won ($2.38) with high card Ace
Seat 4: BoyLoc0 folded before Flop (didn't bet)
Seat 5: blackclan7 folded before Flop (didn't bet)
Seat 6: Evelexy1 (button) folded before Flop (didn't bet)



PokerStars Hand #254299055829:  Hold'em No Limit ($0.50/$1.00 USD) - 2025/01/10 18:55:57 WET [2025/01/10 13:55:57 ET]
Table 'Roswitha III' 6-max Seat #1 is the button
Seat 1: Xenicide ($131.84 in chips) 
Seat 2: YeeesMan ($123.58 in chips) 
Seat 3: KDOG1309 ($11.47 in chips) 
Seat 4: BoyLoc0 ($139.27 in chips) 
Seat 5: blackclan7 ($100 in chips) 
YeeesMan: posts small blind $0.50
KDOG1309: posts big blind $1
*** HOLE CARDS ***
BoyLoc0: raises $1 to $2
blackclan7: folds 
Xenicide: calls $2
YeeesMan: calls $1.50
IREQO joins the table at seat #6 
KDOG1309: calls $1
*** FLOP *** [Qd 2c 3h]
YeeesMan: checks 
KDOG1309: checks 
BoyLoc0: checks 
Xenicide: checks 
*** TURN *** [Qd 2c 3h] [Ah]
YeeesMan: checks 
KDOG1309: checks 
BoyLoc0: checks 
Xenicide: bets $7.60
YeeesMan: folds 
KDOG1309: raises $1.87 to $9.47 and is all-in
BoyLoc0: folds 
Xenicide: calls $1.87
KDOG1309 has timed out
*** FIRST RIVER *** [Qd 2c 3h Ah] [6c]
*** SECOND RIVER *** [Qd 2c 3h Ah] [6h]
*** FIRST SHOW DOWN ***
KDOG1309: shows [4d 4h] (a pair of Fours)
Xenicide: shows [9h 7h] (high card Ace)
KDOG1309 collected $12.80 from pot
*** SECOND SHOW DOWN ***
KDOG1309: shows [4d 4h] (a pair of Fours)
Xenicide: shows [9h 7h] (a flush, Ace high)
Xenicide collected $12.79 from pot
*** SUMMARY ***
Total pot $26.94 | Rake $1.35 
Hand was run twice
FIRST Board [Qd 2c 3h Ah 6c]
SECOND Board [Qd 2c 3h Ah 6h]
Seat 1: Xenicide (button) showed [9h 7h] and lost with high card Ace, and won ($12.79) with a flush, Ace high
Seat 2: YeeesMan (small blind) folded on the Turn
Seat 3: KDOG1309 (big blind) showed [4d 4h] and won ($12.80) with a pair of Fours, and lost with a pair of Fours
Seat 4: BoyLoc0 folded on the Turn
Seat 5: blackclan7 folded before Flop (didn't bet)



PokerStars Hand #254299088765:  Hold'em No Limit ($0.50/$1.00 USD) - 2025/01/10 18:58:34 WET [2025/01/10 13:58:34 ET]
Table 'Roswitha III' 6-max Seat #2 is the button
Seat 6: IREQO ($100 in chips) is sitting out
Seat 1: Xenicide ($133.16 in chips) 
Seat 2: YeeesMan ($121.58 in chips) 
Seat 3: KDOG1309 ($12.80 in chips) 
Seat 4: BoyLoc0 ($137.27 in chips) 
Seat 5: blackclan7 ($100 in chips) 
KDOG1309: posts small blind $0.50
BoyLoc0: posts big blind $1
IREQO: sits out 
*** HOLE CARDS ***
blackclan7: folds 
Xenicide: folds 
YeeesMan: folds 
KDOG1309: raises $11.80 to $12.80 and is all-in
BoyLoc0: folds 
Uncalled bet ($11.80) returned to KDOG1309
KDOG1309 collected $2 from pot
*** SUMMARY ***
Total pot $2 | Rake $0 
Seat 6: IREQO
Seat 1: Xenicide folded before Flop (didn't bet)
Seat 2: YeeesMan (button) folded before Flop (didn't bet)
Seat 3: KDOG1309 (small blind) collected ($2)
Seat 4: BoyLoc0 (big blind) folded before Flop
Seat 5: blackclan7 folded before Flop (didn't bet)



PokerStars Hand #254299220111:  Hold'em No Limit ($0.50/$1.00 USD) - 2025/01/10 19:06:36 WET [2025/01/10 14:06:36 ET]
Table 'Roswitha III' 6-max Seat #4 is the button
Seat 6: IREQO ($100 in chips) is sitting out
Seat 1: Xenicide ($139.86 in chips) 
Seat 2: YeeesMan ($111.40 in chips) 
Seat 3: KDOG1309 ($19.81 in chips) 
Seat 4: BoyLoc0 ($122.45 in chips) 
Seat 5: blackclan7 ($117.10 in chips) 
blackclan7: posts small blind $0.50
IREQO: is sitting out 
Xenicide: posts big blind $1
*** HOLE CARDS ***
YeeesMan: folds 
KDOG1309: calls $1
BoyLoc0: raises $1.50 to $2.50
blackclan7: folds 
Xenicide: folds 
KDOG1309: calls $1.50
*** FLOP *** [Qc 7c Tc]
KDOG1309: bets $3.09
BoyLoc0: calls $3.09
*** TURN *** [Qc 7c Tc] [5c]
KDOG1309: checks 
BoyLoc0: checks 
*** RIVER *** [Qc 7c Tc 5c] [8h]
KDOG1309: checks 
BoyLoc0: checks 
*** SHOW DOWN ***
KDOG1309: shows [3d 3c] (a flush, Queen high)
BoyLoc0: mucks hand 
KDOG1309 collected $12.05 from pot
*** SUMMARY ***
Total pot $12.68 | Rake $0.63 
Board [Qc 7c Tc 5c 8h]
Seat 6: IREQO
Seat 1: Xenicide (big blind) folded before Flop
Seat 2: YeeesMan folded before Flop (didn't bet)
Seat 3: KDOG1309 showed [3d 3c] and won ($12.05) with a flush, Queen high
Seat 4: BoyLoc0 (button) mucked
Seat 5: blackclan7 (small blind) folded before Flop



PokerStars Hand #254299234089:  Hold'em No Limit ($0.50/$1.00 USD) - 2025/01/10 19:07:22 WET [2025/01/10 14:07:22 ET]
Table 'Roswitha III' 6-max Seat #5 is the button
Seat 6: IREQO ($100 in chips) is sitting out
Seat 1: Xenicide ($138.86 in chips) 
Seat 2: YeeesMan ($111.40 in chips) 
Seat 3: KDOG1309 ($26.27 in chips) 
Seat 4: BoyLoc0 ($116.86 in chips) 
Seat 5: blackclan7 ($116.60 in chips) 
Xenicide: posts small blind $0.50
YeeesMan: posts big blind $1
*** HOLE CARDS ***
KDOG1309: calls $1
BoyLoc0: folds 
blackclan7: folds 
Xenicide: raises $7.50 to $8.50
YeeesMan: folds 
KDOG1309: calls $7.50
*** FLOP *** [Td 8c Js]
IREQO is disconnected 
Xenicide: checks 
KDOG1309: checks 
*** TURN *** [Td 8c Js] [2d]
Xenicide: bets $5.99
KDOG1309: calls $5.99
*** RIVER *** [Td 8c Js 2d] [8h]
Xenicide: bets $9
KDOG1309: folds 
Uncalled bet ($9) returned to Xenicide
Xenicide collected $28.48 from pot
*** SUMMARY ***
Total pot $29.98 | Rake $1.50 
Board [Td 8c Js 2d 8h]
Seat 6: IREQO
Seat 1: Xenicide (small blind) collected ($28.48)
Seat 2: YeeesMan (big blind) folded before Flop
Seat 3: KDOG1309 folded on the River
Seat 4: BoyLoc0 folded before Flop (didn't bet)
Seat 5: blackclan7 (button) folded before Flop (didn't bet)



PokerStars Hand #254299261925:  Hold'em No Limit ($0.50/$1.00 USD) - 2025/01/10 19:08:53 WET [2025/01/10 14:08:53 ET]
Table 'Roswitha III' 6-max Seat #1 is the button
Seat 6: IREQO ($100 in chips) is sitting out
Seat 1: Xenicide ($152.85 in chips) 
Seat 2: YeeesMan ($110.40 in chips) 
Seat 3: KDOG1309 ($11.78 in chips) 
Seat 4: BoyLoc0 ($116.86 in chips) 
Seat 5: blackclan7 ($116.60 in chips) 
YeeesMan: posts small blind $0.50
KDOG1309: posts big blind $1
*** HOLE CARDS ***
BoyLoc0: raises $1.50 to $2.50
blackclan7: folds 
Xenicide: folds 
YeeesMan: folds 
KDOG1309: calls $1.50
*** FLOP *** [7d Jd 3s]
KDOG1309: checks 
BoyLoc0: bets $1.72
KDOG1309: calls $1.72
*** TURN *** [7d Jd 3s] [Qs]
KDOG1309: checks 
BoyLoc0: bets $8
KDOG1309: calls $7.56 and is all-in
Uncalled bet ($0.44) returned to BoyLoc0
*** RIVER *** [7d Jd 3s Qs] [8s]
*** SHOW DOWN ***
KDOG1309: shows [Kd 8d] (a pair of Eights)
BoyLoc0: shows [Jh Kh] (a pair of Jacks)
BoyLoc0 collected $22.86 from pot
*** SUMMARY ***
Total pot $24.06 | Rake $1.20 
Board [7d Jd 3s Qs 8s]
Seat 6: IREQO
Seat 1: Xenicide (button) folded before Flop (didn't bet)
Seat 2: YeeesMan (small blind) folded before Flop
Seat 3: KDOG1309 (big blind) showed [Kd 8d] and lost with a pair of Eights
Seat 4: BoyLoc0 showed [Jh Kh] and won ($22.86) with a pair of Jacks
Seat 5: blackclan7 folded before Flop (didn't bet)



PokerStars Hand #254299277750:  Hold'em No Limit ($0.50/$1.00 USD) - 2025/01/10 19:09:45 WET [2025/01/10 14:09:45 ET]
Table 'Roswitha III' 6-max Seat #2 is the button
Seat 3: KDOG1309 ($0 in chips) is sitting out
Seat 6: IREQO ($100 in chips) is sitting out
Seat 1: Xenicide ($152.85 in chips) 
Seat 2: YeeesMan ($109.90 in chips) 
Seat 4: BoyLoc0 ($127.94 in chips) 
Seat 5: blackclan7 ($116.60 in chips) 
BoyLoc0: posts small blind $0.50
blackclan7: posts big blind $1
*** HOLE CARDS ***
Xenicide: folds 
YeeesMan: raises $1.50 to $2.50
BoyLoc0: raises $7.50 to $10
blackclan7: folds 
YeeesMan: folds 
Uncalled bet ($7.50) returned to BoyLoc0
BoyLoc0 collected $6 from pot
BoyLoc0: doesn't show hand 
*** SUMMARY ***
Total pot $6 | Rake $0 
Seat 3: KDOG1309
Seat 6: IREQO
Seat 1: Xenicide folded before Flop (didn't bet)
Seat 2: YeeesMan (button) folded before Flop
Seat 4: BoyLoc0 (small blind) collected ($6)
Seat 5: blackclan7 (big blind) folded before Flop



PokerStars Hand #254299292291:  Hold'em No Limit ($0.50/$1.00 USD) - 2025/01/10 19:10:32 WET [2025/01/10 14:10:32 ET]
Table 'Roswitha III' 6-max Seat #4 is the button
Seat 6: IREQO ($100 in chips) is sitting out
Seat 1: Xenicide ($152.85 in chips) 
Seat 2: YeeesMan ($107.40 in chips) 
Seat 3: KDOG1309 ($100 in chips) 
Seat 4: BoyLoc0 ($131.44 in chips) 
Seat 5: blackclan7 ($115.60 in chips) 
blackclan7: posts small blind $0.50
Xenicide: posts big blind $1
KDOG1309: posts small blind $0.50
*** HOLE CARDS ***
YeeesMan: folds 
KDOG1309: folds 
BoyLoc0: raises $1.50 to $2.50
blackclan7: folds 
Xenicide: folds 
Uncalled bet ($1.50) returned to BoyLoc0
BoyLoc0 collected $3 from pot
BoyLoc0: doesn't show hand 
*** SUMMARY ***
Total pot $3 | Rake $0 
Seat 6: IREQO
Seat 1: Xenicide (big blind) folded before Flop
Seat 2: YeeesMan folded before Flop (didn't bet)
Seat 3: KDOG1309 folded before Flop (didn't bet)
Seat 4: BoyLoc0 (button) collected ($3)
Seat 5: blackclan7 (small blind) folded before Flop



PokerStars Hand #254299300022:  Hold'em No Limit ($0.50/$1.00 USD) - 2025/01/10 19:10:57 WET [2025/01/10 14:10:57 ET]
Table 'Roswitha III' 6-max Seat #5 is the button
Seat 6: IREQO ($100 in chips) is sitting out
Seat 1: Xenicide ($151.85 in chips) 
Seat 2: YeeesMan ($107.40 in chips) 
Seat 3: KDOG1309 ($99.50 in chips) 
Seat 4: BoyLoc0 ($133.44 in chips) 
Seat 5: blackclan7 ($115.10 in chips) 
Xenicide: posts small blind $0.50
YeeesMan: posts big blind $1
*** HOLE CARDS ***
KDOG1309: calls $1
BoyLoc0: folds 
blackclan7: folds 
Xenicide: raises $4.50 to $5.50
YeeesMan: folds 
KDOG1309: calls $4.50
*** FLOP *** [Qs 5c Qd]
Xenicide: checks 
KDOG1309: checks 
*** TURN *** [Qs 5c Qd] [2s]
Xenicide: bets $1.71
KDOG1309: calls $1.71
*** RIVER *** [Qs 5c Qd 2s] [Ks]
Xenicide: checks 
KDOG1309: bets $14.65
Xenicide: folds 
Uncalled bet ($14.65) returned to KDOG1309
KDOG1309 collected $14.65 from pot
*** SUMMARY ***
Total pot $15.42 | Rake $0.77 
Board [Qs 5c Qd 2s Ks]
Seat 6: IREQO
Seat 1: Xenicide (small blind) folded on the River
Seat 2: YeeesMan (big blind) folded before Flop
Seat 3: KDOG1309 collected ($14.65)
Seat 4: BoyLoc0 folded before Flop (didn't bet)
Seat 5: blackclan7 (button) folded before Flop (didn't bet)



PokerStars Hand #254299329007:  Hold'em No Limit ($0.50/$1.00 USD) - 2025/01/10 19:12:32 WET [2025/01/10 14:12:32 ET]
Table 'Roswitha III' 6-max Seat #1 is the button
Seat 6: IREQO ($100 in chips) is sitting out
Seat 1: Xenicide ($144.64 in chips) 
Seat 2: YeeesMan ($106.40 in chips) 
Seat 3: KDOG1309 ($106.94 in chips) 
Seat 4: BoyLoc0 ($133.44 in chips) 
Seat 5: blackclan7 ($115.10 in chips) 
YeeesMan: posts small blind $0.50
KDOG1309: posts big blind $1
*** HOLE CARDS ***
BoyLoc0: folds 
blackclan7: folds 
Xenicide: raises $1.25 to $2.25
YeeesMan: folds 
KDOG1309: calls $1.25
*** FLOP *** [8c Ad 9c]
KDOG1309: checks 
Xenicide: bets $1.66
KDOG1309: calls $1.66
*** TURN *** [8c Ad 9c] [Jh]
KDOG1309: checks 
Xenicide: bets $11.85
KDOG1309: calls $11.85
*** RIVER *** [8c Ad 9c Jh] [4c]
KDOG1309: checks 
Xenicide: bets $89
KDOG1309: folds 
Uncalled bet ($89) returned to Xenicide
Xenicide collected $30.42 from pot
Xenicide: doesn't show hand 
*** SUMMARY ***
Total pot $32.02 | Rake $1.60 
Board [8c Ad 9c Jh 4c]
Seat 6: IREQO
Seat 1: Xenicide (button) collected ($30.42)
Seat 2: YeeesMan (small blind) folded before Flop
Seat 3: KDOG1309 (big blind) folded on the River
Seat 4: BoyLoc0 folded before Flop (didn't bet)
Seat 5: blackclan7 folded before Flop (didn't bet)



PokerStars Hand #254299351275:  Hold'em No Limit ($0.50/$1.00 USD) - 2025/01/10 19:13:45 WET [2025/01/10 14:13:45 ET]
Table 'Roswitha III' 6-max Seat #2 is the button
Seat 6: IREQO ($100 in chips) is sitting out
Seat 1: Xenicide ($159.30 in chips) 
Seat 2: YeeesMan ($105.90 in chips) 
Seat 3: KDOG1309 ($91.18 in chips) 
Seat 4: BoyLoc0 ($133.44 in chips) 
Seat 5: blackclan7 ($115.10 in chips) 
KDOG1309: posts small blind $0.50
BoyLoc0: posts big blind $1
*** HOLE CARDS ***
blackclan7: folds 
Xenicide: raises $1 to $2
YeeesMan: folds 
KDOG1309: folds 
BoyLoc0: folds 
Uncalled bet ($1) returned to Xenicide
Xenicide collected $2.50 from pot
*** SUMMARY ***
Total pot $2.50 | Rake $0 
Seat 6: IREQO
Seat 1: Xenicide collected ($2.50)
Seat 2: YeeesMan (button) folded before Flop (didn't bet)
Seat 3: KDOG1309 (small blind) folded before Flop
Seat 4: BoyLoc0 (big blind) folded before Flop
Seat 5: blackclan7 folded before Flop (didn't bet)



PokerStars Hand #254299358477:  Hold'em No Limit ($0.50/$1.00 USD) - 2025/01/10 19:14:09 WET [2025/01/10 14:14:09 ET]
Table 'Roswitha III' 6-max Seat #3 is the button
Seat 6: IREQO ($100 in chips) is sitting out
Seat 1: Xenicide ($160.80 in chips) 
Seat 2: YeeesMan ($105.90 in chips) 
Seat 3: KDOG1309 ($90.68 in chips) 
Seat 4: BoyLoc0 ($132.44 in chips) 
Seat 5: blackclan7 ($115.10 in chips) 
BoyLoc0: posts small blind $0.50
blackclan7: posts big blind $1
*** HOLE CARDS ***
Xenicide: folds 
YeeesMan: folds 
KDOG1309: calls $1
BoyLoc0: raises $4 to $5
blackclan7: folds 
KDOG1309: calls $4
*** FLOP *** [9s 2s Ad]
BoyLoc0: bets $7.84
KDOG1309: calls $7.84
*** TURN *** [9s 2s Ad] [6c]
BoyLoc0: checks 
KDOG1309: bets $25.35
BoyLoc0: raises $94.25 to $119.60 and is all-in
KDOG1309: calls $52.49 and is all-in
Uncalled bet ($41.76) returned to BoyLoc0
*** RIVER *** [9s 2s Ad 6c] [Th]
*** SHOW DOWN ***
BoyLoc0: shows [Td Ah] (two pair, Aces and Tens)
KDOG1309: shows [9h 6d] (two pair, Nines and Sixes)
BoyLoc0 collected $179.86 from pot
KDOG1309 cashed out the hand for $144.21 | Cash Out Fee $2.94
*** SUMMARY ***
Total pot $182.36 | Rake $2.50 
Board [9s 2s Ad 6c Th]
Seat 6: IREQO
Seat 1: Xenicide folded before Flop (didn't bet)
Seat 2: YeeesMan folded before Flop (didn't bet)
Seat 3: KDOG1309 (button) showed [9h 6d] and lost with two pair, Nines and Sixes (cashed out).
Seat 4: BoyLoc0 (small blind) showed [Td Ah] and won ($179.86) with two pair, Aces and Tens
Seat 5: blackclan7 (big blind) folded before Flop



PokerStars Hand #254299376335:  Hold'em No Limit ($0.50/$1.00 USD) - 2025/01/10 19:15:06 WET [2025/01/10 14:15:06 ET]
Table 'Roswitha III' 6-max Seat #4 is the button
Seat 6: IREQO ($100 in chips) is sitting out
Seat 1: Xenicide ($160.80 in chips) 
Seat 2: YeeesMan ($105.90 in chips) 
Seat 3: KDOG1309 ($144.21 in chips) 
Seat 4: BoyLoc0 ($221.62 in chips) 
Seat 5: blackclan7 ($114.10 in chips) 
blackclan7: posts small blind $0.50
Xenicide: posts big blind $1
*** HOLE CARDS ***
YeeesMan: folds 
KDOG1309: calls $1
BoyLoc0: folds 
blackclan7: folds 
Xenicide: raises $8 to $9
KDOG1309: folds 
Uncalled bet ($8) returned to Xenicide
Xenicide collected $2.50 from pot
*** SUMMARY ***
Total pot $2.50 | Rake $0 
Seat 6: IREQO
Seat 1: Xenicide (big blind) collected ($2.50)
Seat 2: YeeesMan folded before Flop (didn't bet)
Seat 3: KDOG1309 folded before Flop
Seat 4: BoyLoc0 (button) folded before Flop (didn't bet)
Seat 5: blackclan7 (small blind) folded before Flop



PokerStars Hand #254299386618:  Hold'em No Limit ($0.50/$1.00 USD) - 2025/01/10 19:15:40 WET [2025/01/10 14:15:40 ET]
Table 'Roswitha III' 6-max Seat #5 is the button
Seat 6: IREQO ($100 in chips) is sitting out
Seat 1: Xenicide ($162.30 in chips) 
Seat 2: YeeesMan ($105.90 in chips) 
Seat 3: KDOG1309 ($143.21 in chips) 
Seat 4: BoyLoc0 ($221.62 in chips) 
Seat 5: blackclan7 ($113.60 in chips) 
Xenicide: posts small blind $0.50
YeeesMan: posts big blind $1
*** HOLE CARDS ***
KDOG1309: calls $1
BoyLoc0: folds 
blackclan7: folds 
Xenicide: folds 
YeeesMan: checks 
*** FLOP *** [Js 7h Qc]
YeeesMan: checks 
KDOG1309: checks 
*** TURN *** [Js 7h Qc] [7s]
YeeesMan: checks 
KDOG1309: checks 
*** RIVER *** [Js 7h Qc 7s] [8c]
YeeesMan: bets $1.19
KDOG1309: folds 
Uncalled bet ($1.19) returned to YeeesMan
YeeesMan collected $2.38 from pot
YeeesMan: doesn't show hand 
*** SUMMARY ***
Total pot $2.50 | Rake $0.12 
Board [Js 7h Qc 7s 8c]
Seat 6: IREQO
Seat 1: Xenicide (small blind) folded before Flop
Seat 2: YeeesMan (big blind) collected ($2.38)
Seat 3: KDOG1309 folded on the River
Seat 4: BoyLoc0 folded before Flop (didn't bet)
Seat 5: blackclan7 (button) folded before Flop (didn't bet)



PokerStars Hand #254299401481:  Hold'em No Limit ($0.50/$1.00 USD) - 2025/01/10 19:16:28 WET [2025/01/10 14:16:28 ET]
Table 'Roswitha III' 6-max Seat #1 is the button
Seat 6: IREQO ($100 in chips) is sitting out
Seat 1: Xenicide ($161.80 in chips) 
Seat 2: YeeesMan ($107.28 in chips) 
Seat 3: KDOG1309 ($142.21 in chips) 
Seat 4: BoyLoc0 ($221.62 in chips) 
Seat 5: blackclan7 ($113.60 in chips) 
YeeesMan: posts small blind $0.50
KDOG1309: posts big blind $1
*** HOLE CARDS ***
BoyLoc0: raises $1.50 to $2.50
blackclan7: folds 
Xenicide: folds 
YeeesMan: folds 
KDOG1309: calls $1.50
*** FLOP *** [Jd 2d Js]
KDOG1309: checks 
BoyLoc0: bets $1.72
KDOG1309: calls $1.72
*** TURN *** [Jd 2d Js] [6s]
KDOG1309: checks 
BoyLoc0: checks 
*** RIVER *** [Jd 2d Js 6s] [3s]
KDOG1309: bets $4.25
BoyLoc0: calls $4.25
*** SHOW DOWN ***
KDOG1309: shows [9h 2h] (two pair, Jacks and Deuces)
BoyLoc0: shows [4c 4s] (two pair, Jacks and Fours)
BoyLoc0 collected $16.57 from pot
*** SUMMARY ***
Total pot $17.44 | Rake $0.87 
Board [Jd 2d Js 6s 3s]
Seat 6: IREQO
Seat 1: Xenicide (button) folded before Flop (didn't bet)
Seat 2: YeeesMan (small blind) folded before Flop
Seat 3: KDOG1309 (big blind) showed [9h 2h] and lost with two pair, Jacks and Deuces
Seat 4: BoyLoc0 showed [4c 4s] and won ($16.57) with two pair, Jacks and Fours
Seat 5: blackclan7 folded before Flop (didn't bet)



PokerStars Hand #254299414420:  Hold'em No Limit ($0.50/$1.00 USD) - 2025/01/10 19:17:10 WET [2025/01/10 14:17:10 ET]
Table 'Roswitha III' 6-max Seat #2 is the button
Seat 6: IREQO ($100 in chips) is sitting out
Seat 1: Xenicide ($161.80 in chips) 
Seat 2: YeeesMan ($106.78 in chips) 
Seat 3: KDOG1309 ($133.74 in chips) 
Seat 4: BoyLoc0 ($229.72 in chips) 
Seat 5: blackclan7 ($113.60 in chips) 
KDOG1309: posts small blind $0.50
BoyLoc0: posts big blind $1
*** HOLE CARDS ***
blackclan7: folds 
Xenicide: folds 
YeeesMan: folds 
KDOG1309: calls $0.50
BoyLoc0: checks 
*** FLOP *** [7s 7d Ks]
KDOG1309: bets $1
BoyLoc0: folds 
Uncalled bet ($1) returned to KDOG1309
KDOG1309 collected $1.90 from pot
*** SUMMARY ***
Total pot $2 | Rake $0.10 
Board [7s 7d Ks]
Seat 6: IREQO
Seat 1: Xenicide folded before Flop (didn't bet)
Seat 2: YeeesMan (button) folded before Flop (didn't bet)
Seat 3: KDOG1309 (small blind) collected ($1.90)
Seat 4: BoyLoc0 (big blind) folded on the Flop
Seat 5: blackclan7 folded before Flop (didn't bet)



PokerStars Hand #254299423569:  Hold'em No Limit ($0.50/$1.00 USD) - 2025/01/10 19:17:40 WET [2025/01/10 14:17:40 ET]
Table 'Roswitha III' 6-max Seat #3 is the button
Seat 6: IREQO ($100 in chips) is sitting out
Seat 1: Xenicide ($161.80 in chips) 
Seat 2: YeeesMan ($106.78 in chips) 
Seat 3: KDOG1309 ($134.64 in chips) 
Seat 4: BoyLoc0 ($228.72 in chips) 
Seat 5: blackclan7 ($113.60 in chips) 
BoyLoc0: posts small blind $0.50
blackclan7: posts big blind $1
*** HOLE CARDS ***
Xenicide: folds 
YeeesMan: folds 
KDOG1309: calls $1
BoyLoc0: folds 
blackclan7: checks 
*** FLOP *** [Kc 2s As]
blackclan7: checks 
KDOG1309: checks 
*** TURN *** [Kc 2s As] [Td]
blackclan7: checks 
KDOG1309: checks 
*** RIVER *** [Kc 2s As Td] [6c]
IREQO leaves the table
dreimis190 joins the table at seat #6 
blackclan7: bets $1.57
KDOG1309: folds 
Uncalled bet ($1.57) returned to blackclan7
blackclan7 collected $2.38 from pot
blackclan7: doesn't show hand 
*** SUMMARY ***
Total pot $2.50 | Rake $0.12 
Board [Kc 2s As Td 6c]
Seat 6: IREQO
Seat 1: Xenicide folded before Flop (didn't bet)
Seat 2: YeeesMan folded before Flop (didn't bet)
Seat 3: KDOG1309 (button) folded on the River
Seat 4: BoyLoc0 (small blind) folded before Flop
Seat 5: blackclan7 (big blind) collected ($2.38)



PokerStars Hand #254299443707:  Hold'em No Limit ($0.50/$1.00 USD) - 2025/01/10 19:18:45 WET [2025/01/10 14:18:45 ET]
Table 'Roswitha III' 6-max Seat #4 is the button
Seat 1: Xenicide ($161.80 in chips) 
Seat 2: YeeesMan ($106.78 in chips) 
Seat 3: KDOG1309 ($133.64 in chips) 
Seat 4: BoyLoc0 ($228.22 in chips) 
Seat 5: blackclan7 ($114.98 in chips) 
Seat 6: dreimis190 ($100 in chips) 
blackclan7: posts small blind $0.50
dreimis190: posts big blind $1
*** HOLE CARDS ***
Xenicide: raises $1 to $2
YeeesMan: raises $6 to $8
KDOG1309: folds 
BoyLoc0: folds 
blackclan7: folds 
dreimis190: folds 
Xenicide: raises $12 to $20
YeeesMan: raises $86.78 to $106.78 and is all-in
Xenicide: calls $86.78
*** FIRST FLOP *** [Ks Kc 2h]
*** FIRST TURN *** [Ks Kc 2h] [4d]
*** FIRST RIVER *** [Ks Kc 2h 4d] [Qc]
*** SECOND FLOP *** [8d 2d Th]
*** SECOND TURN *** [8d 2d Th] [9s]
*** SECOND RIVER *** [8d 2d Th 9s] [5h]
*** FIRST SHOW DOWN ***
Xenicide: shows [Kh Ah] (three of a kind, Kings)
YeeesMan: shows [Jc Js] (two pair, Kings and Jacks)
Xenicide collected $106.28 from pot
*** SECOND SHOW DOWN ***
Xenicide: shows [Kh Ah] (high card Ace)
YeeesMan: shows [Jc Js] (a pair of Jacks)
YeeesMan collected $106.28 from pot
*** SUMMARY ***
Total pot $215.06 | Rake $2.50 
Hand was run twice
FIRST Board [Ks Kc 2h 4d Qc]
SECOND Board [8d 2d Th 9s 5h]
Seat 1: Xenicide showed [Kh Ah] and won ($106.28) with three of a kind, Kings, and lost with high card Ace
Seat 2: YeeesMan showed [Jc Js] and lost with two pair, Kings and Jacks, and won ($106.28) with a pair of Jacks
Seat 3: KDOG1309 folded before Flop (didn't bet)
Seat 4: BoyLoc0 (button) folded before Flop (didn't bet)
Seat 5: blackclan7 (small blind) folded before Flop
Seat 6: dreimis190 (big blind) folded before Flop



PokerStars Hand #254299461575:  Hold'em No Limit ($0.50/$1.00 USD) - 2025/01/10 19:19:43 WET [2025/01/10 14:19:43 ET]
Table 'Roswitha III' 6-max Seat #5 is the button
Seat 1: Xenicide ($161.30 in chips) is sitting out
Seat 2: YeeesMan ($106.28 in chips) 
Seat 3: KDOG1309 ($133.64 in chips) 
Seat 4: BoyLoc0 ($228.22 in chips) 
Seat 5: blackclan7 ($114.48 in chips) 
Seat 6: dreimis190 ($100 in chips) 
dreimis190: posts small blind $0.50
Xenicide: is sitting out 
YeeesMan: posts big blind $1
*** HOLE CARDS ***
Xenicide leaves the table
KDOG1309: folds 
BoyLoc0: folds 
blackclan7: folds 
dreimis190: folds 
Uncalled bet ($0.50) returned to YeeesMan
YeeesMan collected $1 from pot
YeeesMan: doesn't show hand 
*** SUMMARY ***
Total pot $1 | Rake $0 
Seat 1: Xenicide
Seat 2: YeeesMan (big blind) collected ($1)
Seat 3: KDOG1309 folded before Flop (didn't bet)
Seat 4: BoyLoc0 folded before Flop (didn't bet)
Seat 5: blackclan7 (button) folded before Flop (didn't bet)
Seat 6: dreimis190 (small blind) folded before Flop



PokerStars Hand #254299466816:  Hold'em No Limit ($0.50/$1.00 USD) - 2025/01/10 19:20:00 WET [2025/01/10 14:20:00 ET]
Table 'Roswitha III' 6-max Seat #6 is the button
Seat 2: YeeesMan ($106.78 in chips) 
Seat 3: KDOG1309 ($133.64 in chips) 
Seat 4: BoyLoc0 ($228.22 in chips) 
Seat 5: blackclan7 ($114.48 in chips) 
Seat 6: dreimis190 ($100 in chips) 
YeeesMan: posts small blind $0.50
KDOG1309: posts big blind $1
*** HOLE CARDS ***
BoyLoc0: folds 
Evelexy1 joins the table at seat #1 
blackclan7: folds 
dreimis190: raises $1.50 to $2.50
YeeesMan: folds 
KDOG1309: calls $1.50
*** FLOP *** [5d 2h Th]
KDOG1309: checks 
dreimis190: bets $1.72
KDOG1309: calls $1.72
*** TURN *** [5d 2h Th] [5c]
KDOG1309: checks 
dreimis190: bets $2.30
KDOG1309: folds 
Uncalled bet ($2.30) returned to dreimis190
dreimis190 collected $8.49 from pot
dreimis190: doesn't show hand 
*** SUMMARY ***
Total pot $8.94 | Rake $0.45 
Board [5d 2h Th 5c]
Seat 2: YeeesMan (small blind) folded before Flop
Seat 3: KDOG1309 (big blind) folded on the Turn
Seat 4: BoyLoc0 folded before Flop (didn't bet)
Seat 5: blackclan7 folded before Flop (didn't bet)
Seat 6: dreimis190 (button) collected ($8.49)



PokerStars Hand #254299488133:  Hold'em No Limit ($0.50/$1.00 USD) - 2025/01/10 19:21:09 WET [2025/01/10 14:21:09 ET]
Table 'Roswitha III' 6-max Seat #2 is the button
Seat 1: Evelexy1 ($183.73 in chips) is sitting out
Seat 2: YeeesMan ($106.28 in chips) 
Seat 3: KDOG1309 ($129.42 in chips) 
Seat 4: BoyLoc0 ($228.22 in chips) 
Seat 5: blackclan7 ($114.48 in chips) 
Seat 6: dreimis190 ($104.27 in chips) 
KDOG1309: posts small blind $0.50
BoyLoc0: posts big blind $1
Evelexy1: sits out 
*** HOLE CARDS ***
blackclan7: raises $1 to $2
dreimis190: folds 
YeeesMan: folds 
KDOG1309: calls $1.50
BoyLoc0: folds 
*** FLOP *** [Jh 8s 7d]
KDOG1309: bets $1
blackclan7: raises $3.44 to $4.44
KDOG1309: calls $3.44
*** TURN *** [Jh 8s 7d] [7c]
KDOG1309: checks 
blackclan7: bets $6.73
KDOG1309: calls $6.73
*** RIVER *** [Jh 8s 7d 7c] [Tc]
KDOG1309: bets $25.97
blackclan7: folds 
Uncalled bet ($25.97) returned to KDOG1309
KDOG1309 collected $25.97 from pot
*** SUMMARY ***
Total pot $27.34 | Rake $1.37 
Board [Jh 8s 7d 7c Tc]
Seat 1: Evelexy1
Seat 2: YeeesMan (button) folded before Flop (didn't bet)
Seat 3: KDOG1309 (small blind) collected ($25.97)
Seat 4: BoyLoc0 (big blind) folded before Flop
Seat 5: blackclan7 folded on the River
Seat 6: dreimis190 folded before Flop (didn't bet)



PokerStars Hand #254299505932:  Hold'em No Limit ($0.50/$1.00 USD) - 2025/01/10 19:22:07 WET [2025/01/10 14:22:07 ET]
Table 'Roswitha III' 6-max Seat #3 is the button
Seat 1: Evelexy1 ($183.73 in chips) is sitting out
Seat 2: YeeesMan ($106.28 in chips) 
Seat 3: KDOG1309 ($142.22 in chips) 
Seat 4: BoyLoc0 ($227.22 in chips) 
Seat 5: blackclan7 ($101.31 in chips) 
Seat 6: dreimis190 ($104.27 in chips) 
BoyLoc0: posts small blind $0.50
blackclan7: posts big blind $1
Evelexy1: sits out 
*** HOLE CARDS ***
dreimis190: folds 
YeeesMan: folds 
KDOG1309: folds 
BoyLoc0: folds 
Uncalled bet ($0.50) returned to blackclan7
blackclan7 collected $1 from pot
blackclan7: doesn't show hand 
*** SUMMARY ***
Total pot $1 | Rake $0 
Seat 1: Evelexy1
Seat 2: YeeesMan folded before Flop (didn't bet)
Seat 3: KDOG1309 (button) folded before Flop (didn't bet)
Seat 4: BoyLoc0 (small blind) folded before Flop
Seat 5: blackclan7 (big blind) collected ($1)
Seat 6: dreimis190 folded before Flop (didn't bet)



PokerStars Hand #254299508803:  Hold'em No Limit ($0.50/$1.00 USD) - 2025/01/10 19:22:16 WET [2025/01/10 14:22:16 ET]
Table 'Roswitha III' 6-max Seat #4 is the button
Seat 1: Evelexy1 ($183.73 in chips) is sitting out
Seat 2: YeeesMan ($106.28 in chips) 
Seat 3: KDOG1309 ($142.22 in chips) 
Seat 4: BoyLoc0 ($226.72 in chips) 
Seat 5: blackclan7 ($101.81 in chips) 
Seat 6: dreimis190 ($104.27 in chips) 
blackclan7: posts small blind $0.50
dreimis190: posts big blind $1
Evelexy1: sits out 
*** HOLE CARDS ***
YeeesMan: folds 
KDOG1309: calls $1
BoyLoc0: folds 
blackclan7: calls $0.50
dreimis190: raises $7 to $8
KDOG1309: calls $7
blackclan7: folds 
*** FLOP *** [5c Kd 9s]
dreimis190: bets $5.33
KDOG1309: calls $5.33
*** TURN *** [5c Kd 9s] [8d]
dreimis190: checks 
KDOG1309: checks 
*** RIVER *** [5c Kd 9s 8d] [As]
dreimis190: bets $4
KDOG1309: calls $4
*** SHOW DOWN ***
dreimis190: shows [Jh Js] (a pair of Jacks)
KDOG1309: shows [5d Ad] (two pair, Aces and Fives)
KDOG1309 collected $33.88 from pot
*** SUMMARY ***
Total pot $35.66 | Rake $1.78 
Board [5c Kd 9s 8d As]
Seat 1: Evelexy1
Seat 2: YeeesMan folded before Flop (didn't bet)
Seat 3: KDOG1309 showed [5d Ad] and won ($33.88) with two pair, Aces and Fives
Seat 4: BoyLoc0 (button) folded before Flop (didn't bet)
Seat 5: blackclan7 (small blind) folded before Flop
Seat 6: dreimis190 (big blind) showed [Jh Js] and lost with a pair of Jacks



PokerStars Hand #254299525092:  Hold'em No Limit ($0.50/$1.00 USD) - 2025/01/10 19:23:10 WET [2025/01/10 14:23:10 ET]
Table 'Roswitha III' 6-max Seat #5 is the button
Seat 1: Evelexy1 ($183.73 in chips) 
Seat 2: YeeesMan ($106.28 in chips) 
Seat 3: KDOG1309 ($158.77 in chips) 
Seat 4: BoyLoc0 ($226.72 in chips) 
Seat 5: blackclan7 ($100.81 in chips) 
Seat 6: dreimis190 ($100 in chips) 
dreimis190: posts small blind $0.50
Evelexy1: posts big blind $1
*** HOLE CARDS ***
YeeesMan: raises $1.50 to $2.50
KDOG1309: calls $2.50
BoyLoc0: folds 
blackclan7: calls $2.50
dreimis190: folds 
Evelexy1: folds 
*** FLOP *** [Js Ad 5c]
YeeesMan: checks 
KDOG1309: checks 
blackclan7: checks 
*** TURN *** [Js Ad 5c] [Kh]
YeeesMan: checks 
KDOG1309: checks 
blackclan7: checks 
*** RIVER *** [Js Ad 5c Kh] [2c]
YeeesMan: bets $6.41
KDOG1309: folds 
blackclan7: folds 
Uncalled bet ($6.41) returned to YeeesMan
YeeesMan collected $8.55 from pot
YeeesMan: doesn't show hand 
*** SUMMARY ***
Total pot $9 | Rake $0.45 
Board [Js Ad 5c Kh 2c]
Seat 1: Evelexy1 (big blind) folded before Flop
Seat 2: YeeesMan collected ($8.55)
Seat 3: KDOG1309 folded on the River
Seat 4: BoyLoc0 folded before Flop (didn't bet)
Seat 5: blackclan7 (button) folded on the River
Seat 6: dreimis190 (small blind) folded before Flop



PokerStars Hand #254299555062:  Hold'em No Limit ($0.50/$1.00 USD) - 2025/01/10 19:24:46 WET [2025/01/10 14:24:46 ET]
Table 'Roswitha III' 6-max Seat #6 is the button
Seat 1: Evelexy1 ($182.73 in chips) 
Seat 2: YeeesMan ($112.33 in chips) 
Seat 3: KDOG1309 ($156.27 in chips) 
Seat 4: BoyLoc0 ($226.72 in chips) 
Seat 5: blackclan7 ($100 in chips) 
Seat 6: dreimis190 ($100 in chips) 
Evelexy1: posts small blind $0.50
YeeesMan: posts big blind $1
*** HOLE CARDS ***
KDOG1309: calls $1
BoyLoc0: folds 
blackclan7: folds 
dreimis190: folds 
Evelexy1: folds 
YeeesMan: checks 
*** FLOP *** [7c Th Kc]
YeeesMan: checks 
KDOG1309: checks 
*** TURN *** [7c Th Kc] [Qs]
YeeesMan: checks 
KDOG1309: checks 
*** RIVER *** [7c Th Kc Qs] [9c]
YeeesMan: checks 
KDOG1309: checks 
*** SHOW DOWN ***
YeeesMan: shows [5c 3d] (high card King)
KDOG1309: shows [7s 4s] (a pair of Sevens)
KDOG1309 collected $2.38 from pot
*** SUMMARY ***
Total pot $2.50 | Rake $0.12 
Board [7c Th Kc Qs 9c]
Seat 1: Evelexy1 (small blind) folded before Flop
Seat 2: YeeesMan (big blind) showed [5c 3d] and lost with high card King
Seat 3: KDOG1309 showed [7s 4s] and won ($2.38) with a pair of Sevens
Seat 4: BoyLoc0 folded before Flop (didn't bet)
Seat 5: blackclan7 folded before Flop (didn't bet)
Seat 6: dreimis190 (button) folded before Flop (didn't bet)



PokerStars Hand #254299567042:  Hold'em No Limit ($0.50/$1.00 USD) - 2025/01/10 19:25:25 WET [2025/01/10 14:25:25 ET]
Table 'Roswitha III' 6-max Seat #1 is the button
Seat 1: Evelexy1 ($182.23 in chips) 
Seat 2: YeeesMan ($111.33 in chips) 
Seat 3: KDOG1309 ($157.65 in chips) 
Seat 4: BoyLoc0 ($226.72 in chips) 
Seat 5: blackclan7 ($100 in chips) 
Seat 6: dreimis190 ($100 in chips) 
YeeesMan: posts small blind $0.50
KDOG1309: posts big blind $1
*** HOLE CARDS ***
BoyLoc0: raises $1.50 to $2.50
blackclan7: folds 
dreimis190: folds 
Evelexy1: folds 
YeeesMan: folds 
KDOG1309: calls $1.50
*** FLOP *** [Ah Kc 2s]
KDOG1309: checks 
BoyLoc0: bets $3.92
KDOG1309: folds 
Uncalled bet ($3.92) returned to BoyLoc0
BoyLoc0 collected $5.22 from pot
BoyLoc0: doesn't show hand 
*** SUMMARY ***
Total pot $5.50 | Rake $0.28 
Board [Ah Kc 2s]
Seat 1: Evelexy1 (button) folded before Flop (didn't bet)
Seat 2: YeeesMan (small blind) folded before Flop
Seat 3: KDOG1309 (big blind) folded on the Flop
Seat 4: BoyLoc0 collected ($5.22)
Seat 5: blackclan7 folded before Flop (didn't bet)
Seat 6: dreimis190 folded before Flop (didn't bet)



PokerStars Hand #254299581434:  Hold'em No Limit ($0.50/$1.00 USD) - 2025/01/10 19:26:12 WET [2025/01/10 14:26:12 ET]
Table 'Roswitha III' 6-max Seat #2 is the button
Seat 1: Evelexy1 ($182.23 in chips) 
Seat 2: YeeesMan ($110.83 in chips) 
Seat 3: KDOG1309 ($155.15 in chips) 
Seat 4: BoyLoc0 ($229.44 in chips) 
Seat 5: blackclan7 ($100 in chips) 
Seat 6: dreimis190 ($100 in chips) 
KDOG1309: posts small blind $0.50
BoyLoc0: posts big blind $1
*** HOLE CARDS ***
blackclan7: folds 
dreimis190: folds 
Evelexy1: raises $2 to $3
YeeesMan: folds 
KDOG1309: folds 
BoyLoc0: folds 
Uncalled bet ($2) returned to Evelexy1
Evelexy1 collected $2.50 from pot
Evelexy1: doesn't show hand 
*** SUMMARY ***
Total pot $2.50 | Rake $0 
Seat 1: Evelexy1 collected ($2.50)
Seat 2: YeeesMan (button) folded before Flop (didn't bet)
Seat 3: KDOG1309 (small blind) folded before Flop
Seat 4: BoyLoc0 (big blind) folded before Flop
Seat 5: blackclan7 folded before Flop (didn't bet)
Seat 6: dreimis190 folded before Flop (didn't bet)



PokerStars Hand #254299587014:  Hold'em No Limit ($0.50/$1.00 USD) - 2025/01/10 19:26:30 WET [2025/01/10 14:26:30 ET]
Table 'Roswitha III' 6-max Seat #3 is the button
Seat 1: Evelexy1 ($183.73 in chips) 
Seat 2: YeeesMan ($110.83 in chips) 
Seat 3: KDOG1309 ($154.65 in chips) 
Seat 4: BoyLoc0 ($228.44 in chips) 
Seat 5: blackclan7 ($100 in chips) 
Seat 6: dreimis190 ($100 in chips) 
BoyLoc0: posts small blind $0.50
blackclan7: posts big blind $1
*** HOLE CARDS ***
dreimis190: folds 
Evelexy1: folds 
YeeesMan: raises $1.50 to $2.50
KDOG1309: calls $2.50
BoyLoc0: folds 
blackclan7: folds 
*** FLOP *** [4c 6d 4d]
YeeesMan: checks 
KDOG1309: checks 
*** TURN *** [4c 6d 4d] [9h]
YeeesMan: checks 
KDOG1309: checks 
*** RIVER *** [4c 6d 4d 9h] [Js]
YeeesMan: bets $4.63
KDOG1309: calls $4.63
*** SHOW DOWN ***
YeeesMan: shows [Qh Kc] (a pair of Fours)
KDOG1309: shows [Jd Ac] (two pair, Jacks and Fours)
KDOG1309 collected $14.97 from pot
*** SUMMARY ***
Total pot $15.76 | Rake $0.79 
Board [4c 6d 4d 9h Js]
Seat 1: Evelexy1 folded before Flop (didn't bet)
Seat 2: YeeesMan showed [Qh Kc] and lost with a pair of Fours
Seat 3: KDOG1309 (button) showed [Jd Ac] and won ($14.97) with two pair, Jacks and Fours
Seat 4: BoyLoc0 (small blind) folded before Flop
Seat 5: blackclan7 (big blind) folded before Flop
Seat 6: dreimis190 folded before Flop (didn't bet)



PokerStars Hand #254299603467:  Hold'em No Limit ($0.50/$1.00 USD) - 2025/01/10 19:27:22 WET [2025/01/10 14:27:22 ET]
Table 'Roswitha III' 6-max Seat #4 is the button
Seat 1: Evelexy1 ($183.73 in chips) 
Seat 2: YeeesMan ($103.70 in chips) 
Seat 3: KDOG1309 ($162.49 in chips) 
Seat 4: BoyLoc0 ($227.94 in chips) 
Seat 5: blackclan7 ($100 in chips) 
Seat 6: dreimis190 ($100 in chips) 
blackclan7: posts small blind $0.50
dreimis190: posts big blind $1
*** HOLE CARDS ***
Evelexy1: folds 
YeeesMan: folds 
KDOG1309: calls $1
BoyLoc0: raises $3 to $4
blackclan7: folds 
dreimis190: folds 
KDOG1309: calls $3
*** FLOP *** [4c 6c As]
KDOG1309: checks 
BoyLoc0: bets $2.98
KDOG1309: calls $2.98
*** TURN *** [4c 6c As] [Tc]
KDOG1309: bets $7.35
BoyLoc0: folds 
Uncalled bet ($7.35) returned to KDOG1309
KDOG1309 collected $14.69 from pot
*** SUMMARY ***
Total pot $15.46 | Rake $0.77 
Board [4c 6c As Tc]
Seat 1: Evelexy1 folded before Flop (didn't bet)
Seat 2: YeeesMan folded before Flop (didn't bet)
Seat 3: KDOG1309 collected ($14.69)
Seat 4: BoyLoc0 (button) folded on the Turn
Seat 5: blackclan7 (small blind) folded before Flop
Seat 6: dreimis190 (big blind) folded before Flop



PokerStars Hand #254299621403:  Hold'em No Limit ($0.50/$1.00 USD) - 2025/01/10 19:28:21 WET [2025/01/10 14:28:21 ET]
Table 'Roswitha III' 6-max Seat #5 is the button
Seat 1: Evelexy1 ($183.73 in chips) 
Seat 2: YeeesMan ($103.70 in chips) 
Seat 3: KDOG1309 ($170.20 in chips) 
Seat 4: BoyLoc0 ($220.96 in chips) 
Seat 5: blackclan7 ($100 in chips) 
Seat 6: dreimis190 ($100 in chips) 
dreimis190: posts small blind $0.50
Evelexy1: posts big blind $1
*** HOLE CARDS ***
YeeesMan: raises $1.50 to $2.50
KDOG1309: calls $2.50
BoyLoc0: folds 
blackclan7: folds 
dreimis190: folds 
Evelexy1: folds 
*** FLOP *** [3s As 7c]
YeeesMan: bets $4.63
KDOG1309: calls $4.63
*** TURN *** [3s As 7c] [9d]
YeeesMan: bets $11.23
KDOG1309: calls $11.23
*** RIVER *** [3s As 7c 9d] [2s]
YeeesMan: checks 
KDOG1309: bets $36.31
YeeesMan: folds 
Uncalled bet ($36.31) returned to KDOG1309
KDOG1309 collected $36.31 from pot
*** SUMMARY ***
Total pot $38.22 | Rake $1.91 
Board [3s As 7c 9d 2s]
Seat 1: Evelexy1 (big blind) folded before Flop
Seat 2: YeeesMan folded on the River
Seat 3: KDOG1309 collected ($36.31)
Seat 4: BoyLoc0 folded before Flop (didn't bet)
Seat 5: blackclan7 (button) folded before Flop (didn't bet)
Seat 6: dreimis190 (small blind) folded before Flop



PokerStars Hand #254299636701:  Hold'em No Limit ($0.50/$1.00 USD) - 2025/01/10 19:29:11 WET [2025/01/10 14:29:11 ET]
Table 'Roswitha III' 6-max Seat #6 is the button
Seat 1: Evelexy1 ($182.73 in chips) 
Seat 2: YeeesMan ($100 in chips) 
Seat 3: KDOG1309 ($188.15 in chips) 
Seat 4: BoyLoc0 ($220.96 in chips) 
Seat 5: blackclan7 ($100 in chips) 
Seat 6: dreimis190 ($100 in chips) 
Evelexy1: posts small blind $0.50
YeeesMan: posts big blind $1
*** HOLE CARDS ***
KDOG1309: calls $1
BoyLoc0: folds 
blackclan7: folds 
dreimis190: raises $2.50 to $3.50
Evelexy1: folds 
YeeesMan: folds 
KDOG1309: raises $2.50 to $6
dreimis190: calls $2.50
*** FLOP *** [Td 2h 5d]
KDOG1309: bets $1
dreimis190: calls $1
*** TURN *** [Td 2h 5d] [Ks]
KDOG1309: checks 
dreimis190: checks 
*** RIVER *** [Td 2h 5d Ks] [2d]
KDOG1309: bets $7.36
dreimis190: folds 
Uncalled bet ($7.36) returned to KDOG1309
KDOG1309 collected $14.72 from pot
*** SUMMARY ***
Total pot $15.50 | Rake $0.78 
Board [Td 2h 5d Ks 2d]
Seat 1: Evelexy1 (small blind) folded before Flop
Seat 2: YeeesMan (big blind) folded before Flop
Seat 3: KDOG1309 collected ($14.72)
Seat 4: BoyLoc0 folded before Flop (didn't bet)
Seat 5: blackclan7 folded before Flop (didn't bet)
Seat 6: dreimis190 (button) folded on the River



PokerStars Hand #254299659080:  Hold'em No Limit ($0.50/$1.00 USD) - 2025/01/10 19:30:22 WET [2025/01/10 14:30:22 ET]
Table 'Roswitha III' 6-max Seat #1 is the button
Seat 1: Evelexy1 ($182.23 in chips) 
Seat 2: YeeesMan ($100 in chips) 
Seat 3: KDOG1309 ($195.87 in chips) 
Seat 4: BoyLoc0 ($220.96 in chips) 
Seat 5: blackclan7 ($100 in chips) 
Seat 6: dreimis190 ($100 in chips) 
YeeesMan: posts small blind $0.50
KDOG1309: posts big blind $1
*** HOLE CARDS ***
BoyLoc0: folds 
blackclan7: folds 
dreimis190: folds 
Evelexy1: folds 
YeeesMan: raises $2 to $3
KDOG1309: folds 
Uncalled bet ($2) returned to YeeesMan
YeeesMan collected $2 from pot
YeeesMan: doesn't show hand 
*** SUMMARY ***
Total pot $2 | Rake $0 
Seat 1: Evelexy1 (button) folded before Flop (didn't bet)
Seat 2: YeeesMan (small blind) collected ($2)
Seat 3: KDOG1309 (big blind) folded before Flop
Seat 4: BoyLoc0 folded before Flop (didn't bet)
Seat 5: blackclan7 folded before Flop (didn't bet)
Seat 6: dreimis190 folded before Flop (didn't bet)



PokerStars Hand #254299666309:  Hold'em No Limit ($0.50/$1.00 USD) - 2025/01/10 19:30:46 WET [2025/01/10 14:30:46 ET]
Table 'Roswitha III' 6-max Seat #2 is the button
Seat 1: Evelexy1 ($182.23 in chips) 
Seat 2: YeeesMan ($101 in chips) 
Seat 3: KDOG1309 ($194.87 in chips) 
Seat 4: BoyLoc0 ($220.96 in chips) 
Seat 5: blackclan7 ($100 in chips) 
Seat 6: dreimis190 ($100 in chips) 
KDOG1309: posts small blind $0.50
BoyLoc0: posts big blind $1
*** HOLE CARDS ***
blackclan7: folds 
dreimis190: folds 
Evelexy1: raises $2 to $3
YeeesMan: calls $3
KDOG1309: calls $2.50
BoyLoc0: folds 
*** FLOP *** [5h Jh 8c]
KDOG1309: checks 
Evelexy1: bets $4.75
YeeesMan: folds 
KDOG1309: raises $4.75 to $9.50
Evelexy1: calls $4.75
*** TURN *** [5h Jh 8c] [Ks]
KDOG1309: bets $27.55
Evelexy1: calls $27.55
*** RIVER *** [5h Jh 8c Ks] [Kc]
KDOG1309: checks 
Evelexy1: checks 
*** SHOW DOWN ***
KDOG1309: shows [8d Jc] (two pair, Kings and Jacks)
Evelexy1: mucks hand 
KDOG1309 collected $81.60 from pot
*** SUMMARY ***
Total pot $84.10 | Rake $2.50 
Board [5h Jh 8c Ks Kc]
Seat 1: Evelexy1 mucked
Seat 2: YeeesMan (button) folded on the Flop
Seat 3: KDOG1309 (small blind) showed [8d Jc] and won ($81.60) with two pair, Kings and Jacks
Seat 4: BoyLoc0 (big blind) folded before Flop
Seat 5: blackclan7 folded before Flop (didn't bet)
Seat 6: dreimis190 folded before Flop (didn't bet)



PokerStars Hand #254299686995:  Hold'em No Limit ($0.50/$1.00 USD) - 2025/01/10 19:31:52 WET [2025/01/10 14:31:52 ET]
Table 'Roswitha III' 6-max Seat #3 is the button
Seat 1: Evelexy1 ($142.18 in chips) 
Seat 2: YeeesMan ($100 in chips) 
Seat 3: KDOG1309 ($236.42 in chips) 
Seat 4: BoyLoc0 ($219.96 in chips) 
Seat 5: blackclan7 ($100 in chips) 
Seat 6: dreimis190 ($100 in chips) 
BoyLoc0: posts small blind $0.50
blackclan7: posts big blind $1
*** HOLE CARDS ***
dreimis190: folds 
Evelexy1: folds 
YeeesMan: folds 
KDOG1309: folds 
BoyLoc0: raises $2 to $3
blackclan7: raises $6.50 to $9.50
BoyLoc0: calls $6.50
*** FLOP *** [9s Th 6s]
BoyLoc0: checks 
blackclan7: bets $9.21
BoyLoc0: calls $9.21
*** TURN *** [9s Th 6s] [Ts]
BoyLoc0: checks 
blackclan7: checks 
*** RIVER *** [9s Th 6s Ts] [6d]
BoyLoc0: bets $201.25 and is all-in
blackclan7: folds 
Uncalled bet ($201.25) returned to BoyLoc0
BoyLoc0 collected $35.55 from pot
BoyLoc0: doesn't show hand 
*** SUMMARY ***
Total pot $37.42 | Rake $1.87 
Board [9s Th 6s Ts 6d]
Seat 1: Evelexy1 folded before Flop (didn't bet)
Seat 2: YeeesMan folded before Flop (didn't bet)
Seat 3: KDOG1309 (button) folded before Flop (didn't bet)
Seat 4: BoyLoc0 (small blind) collected ($35.55)
Seat 5: blackclan7 (big blind) folded on the River
Seat 6: dreimis190 folded before Flop (didn't bet)



PokerStars Hand #254299729527:  Hold'em No Limit ($0.50/$1.00 USD) - 2025/01/10 19:34:09 WET [2025/01/10 14:34:09 ET]
Table 'Roswitha III' 6-max Seat #4 is the button
Seat 1: Evelexy1 ($142.18 in chips) 
Seat 2: YeeesMan ($100 in chips) 
Seat 3: KDOG1309 ($236.42 in chips) 
Seat 4: BoyLoc0 ($236.80 in chips) 
Seat 5: blackclan7 ($100 in chips) 
Seat 6: dreimis190 ($100 in chips) 
blackclan7: posts small blind $0.50
dreimis190: posts big blind $1
*** HOLE CARDS ***
Evelexy1: folds 
YeeesMan: folds 
KDOG1309: folds 
BoyLoc0: folds 
blackclan7: folds 
Uncalled bet ($0.50) returned to dreimis190
dreimis190 collected $1 from pot
dreimis190: doesn't show hand 
*** SUMMARY ***
Total pot $1 | Rake $0 
Seat 1: Evelexy1 folded before Flop (didn't bet)
Seat 2: YeeesMan folded before Flop (didn't bet)
Seat 3: KDOG1309 folded before Flop (didn't bet)
Seat 4: BoyLoc0 (button) folded before Flop (didn't bet)
Seat 5: blackclan7 (small blind) folded before Flop
Seat 6: dreimis190 (big blind) collected ($1)



PokerStars Hand #254299733824:  Hold'em No Limit ($0.50/$1.00 USD) - 2025/01/10 19:34:23 WET [2025/01/10 14:34:23 ET]
Table 'Roswitha III' 6-max Seat #5 is the button
Seat 1: Evelexy1 ($142.18 in chips) 
Seat 2: YeeesMan ($100 in chips) 
Seat 3: KDOG1309 ($236.42 in chips) 
Seat 4: BoyLoc0 ($236.80 in chips) 
Seat 5: blackclan7 ($100 in chips) 
Seat 6: dreimis190 ($100.50 in chips) 
dreimis190: posts small blind $0.50
Evelexy1: posts big blind $1
*** HOLE CARDS ***
YeeesMan: folds 
KDOG1309: calls $1
BoyLoc0: raises $3 to $4
blackclan7: calls $4
dreimis190: folds 
Evelexy1: folds 
KDOG1309: calls $3
*** FLOP *** [4s As 3s]
KDOG1309: bets $6.41
BoyLoc0: calls $6.41
blackclan7: folds 
*** TURN *** [4s As 3s] [Kc]
KDOG1309: bets $12.50
BoyLoc0: calls $12.50
*** RIVER *** [4s As 3s Kc] [8d]
KDOG1309: bets $48.82
BoyLoc0: folds 
Uncalled bet ($48.82) returned to KDOG1309
KDOG1309 collected $48.82 from pot
*** SUMMARY ***
Total pot $51.32 | Rake $2.50 
Board [4s As 3s Kc 8d]
Seat 1: Evelexy1 (big blind) folded before Flop
Seat 2: YeeesMan folded before Flop (didn't bet)
Seat 3: KDOG1309 collected ($48.82)
Seat 4: BoyLoc0 folded on the River
Seat 5: blackclan7 (button) folded on the Flop
Seat 6: dreimis190 (small blind) folded before Flop



PokerStars Hand #254299760348:  Hold'em No Limit ($0.50/$1.00 USD) - 2025/01/10 19:35:47 WET [2025/01/10 14:35:47 ET]
Table 'Roswitha III' 6-max Seat #6 is the button
Seat 1: Evelexy1 ($141.18 in chips) 
Seat 2: YeeesMan ($100 in chips) 
Seat 3: KDOG1309 ($262.33 in chips) 
Seat 4: BoyLoc0 ($213.89 in chips) 
Seat 5: blackclan7 ($100 in chips) 
Seat 6: dreimis190 ($100 in chips) 
Evelexy1: posts small blind $0.50
YeeesMan: posts big blind $1
*** HOLE CARDS ***
KDOG1309: folds 
BoyLoc0: folds 
blackclan7: folds 
dreimis190: raises $1.50 to $2.50
Evelexy1: folds 
YeeesMan: raises $9.50 to $12
dreimis190: calls $9.50
*** FLOP *** [6d 7d As]
YeeesMan: bets $7.68
dreimis190: folds 
Uncalled bet ($7.68) returned to YeeesMan
YeeesMan collected $23.28 from pot
YeeesMan: doesn't show hand 
*** SUMMARY ***
Total pot $24.50 | Rake $1.22 
Board [6d 7d As]
Seat 1: Evelexy1 (small blind) folded before Flop
Seat 2: YeeesMan (big blind) collected ($23.28)
Seat 3: KDOG1309 folded before Flop (didn't bet)
Seat 4: BoyLoc0 folded before Flop (didn't bet)
Seat 5: blackclan7 folded before Flop (didn't bet)
Seat 6: dreimis190 (button) folded on the Flop



PokerStars Hand #254299772718:  Hold'em No Limit ($0.50/$1.00 USD) - 2025/01/10 19:36:27 WET [2025/01/10 14:36:27 ET]
Table 'Roswitha III' 6-max Seat #1 is the button
Seat 1: Evelexy1 ($140.68 in chips) 
Seat 2: YeeesMan ($111.28 in chips) 
Seat 3: KDOG1309 ($262.33 in chips) 
Seat 4: BoyLoc0 ($213.89 in chips) 
Seat 5: blackclan7 ($100 in chips) 
Seat 6: dreimis190 ($100 in chips) 
YeeesMan: posts small blind $0.50
KDOG1309: posts big blind $1
*** HOLE CARDS ***
BoyLoc0: folds 
blackclan7: raises $1 to $2
dreimis190: folds 
Evelexy1: folds 
YeeesMan: folds 
KDOG1309: calls $1
*** FLOP *** [7s Ts 5s]
KDOG1309: checks 
blackclan7: checks 
*** TURN *** [7s Ts 5s] [Ad]
KDOG1309: checks 
blackclan7: checks 
*** RIVER *** [7s Ts 5s Ad] [5h]
KDOG1309: bets $1
blackclan7: calls $1
*** SHOW DOWN ***
KDOG1309: shows [6h 7c] (two pair, Sevens and Fives)
blackclan7: shows [Th Qd] (two pair, Tens and Fives)
blackclan7 collected $6.18 from pot
*** SUMMARY ***
Total pot $6.50 | Rake $0.32 
Board [7s Ts 5s Ad 5h]
Seat 1: Evelexy1 (button) folded before Flop (didn't bet)
Seat 2: YeeesMan (small blind) folded before Flop
Seat 3: KDOG1309 (big blind) showed [6h 7c] and lost with two pair, Sevens and Fives
Seat 4: BoyLoc0 folded before Flop (didn't bet)
Seat 5: blackclan7 showed [Th Qd] and won ($6.18) with two pair, Tens and Fives
Seat 6: dreimis190 folded before Flop (didn't bet)



PokerStars Hand #254299789478:  Hold'em No Limit ($0.50/$1.00 USD) - 2025/01/10 19:37:19 WET [2025/01/10 14:37:19 ET]
Table 'Roswitha III' 6-max Seat #2 is the button
Seat 1: Evelexy1 ($140.68 in chips) 
Seat 2: YeeesMan ($110.78 in chips) 
Seat 3: KDOG1309 ($259.33 in chips) 
Seat 4: BoyLoc0 ($213.89 in chips) 
Seat 5: blackclan7 ($103.18 in chips) 
Seat 6: dreimis190 ($100 in chips) 
KDOG1309: posts small blind $0.50
BoyLoc0: posts big blind $1
*** HOLE CARDS ***
blackclan7: folds 
dreimis190: raises $1 to $2
Evelexy1: folds 
YeeesMan: calls $2
KDOG1309: calls $1.50
BoyLoc0: calls $1
*** FLOP *** [3h Qc 3s]
KDOG1309: checks 
BoyLoc0: checks 
dreimis190: checks 
YeeesMan: bets $2.51
KDOG1309: folds 
BoyLoc0: folds 
dreimis190: folds 
Uncalled bet ($2.51) returned to YeeesMan
YeeesMan collected $7.60 from pot
YeeesMan: doesn't show hand 
*** SUMMARY ***
Total pot $8 | Rake $0.40 
Board [3h Qc 3s]
Seat 1: Evelexy1 folded before Flop (didn't bet)
Seat 2: YeeesMan (button) collected ($7.60)
Seat 3: KDOG1309 (small blind) folded on the Flop
Seat 4: BoyLoc0 (big blind) folded on the Flop
Seat 5: blackclan7 folded before Flop (didn't bet)
Seat 6: dreimis190 folded on the Flop



PokerStars Hand #254299806337:  Hold'em No Limit ($0.50/$1.00 USD) - 2025/01/10 19:38:13 WET [2025/01/10 14:38:13 ET]
Table 'Roswitha III' 6-max Seat #3 is the button
Seat 1: Evelexy1 ($140.68 in chips) 
Seat 2: YeeesMan ($116.38 in chips) 
Seat 3: KDOG1309 ($257.33 in chips) 
Seat 4: BoyLoc0 ($211.89 in chips) 
Seat 5: blackclan7 ($103.18 in chips) 
Seat 6: dreimis190 ($100 in chips) 
BoyLoc0: posts small blind $0.50
blackclan7: posts big blind $1
*** HOLE CARDS ***
dreimis190: folds 
Evelexy1: folds 
YeeesMan: folds 
KDOG1309: calls $1
BoyLoc0: calls $0.50
blackclan7: checks 
*** FLOP *** [3s Ac 2h]
BoyLoc0: checks 
blackclan7: checks 
KDOG1309: checks 
*** TURN *** [3s Ac 2h] [3h]
BoyLoc0: checks 
blackclan7: checks 
KDOG1309: checks 
*** RIVER *** [3s Ac 2h 3h] [2d]
BoyLoc0: checks 
blackclan7: checks 
KDOG1309: bets $2.85
BoyLoc0: folds 
blackclan7: folds 
Uncalled bet ($2.85) returned to KDOG1309
KDOG1309 collected $2.85 from pot
*** SUMMARY ***
Total pot $3 | Rake $0.15 
Board [3s Ac 2h 3h 2d]
Seat 1: Evelexy1 folded before Flop (didn't bet)
Seat 2: YeeesMan folded before Flop (didn't bet)
Seat 3: KDOG1309 (button) collected ($2.85)
Seat 4: BoyLoc0 (small blind) folded on the River
Seat 5: blackclan7 (big blind) folded on the River
Seat 6: dreimis190 folded before Flop (didn't bet)



PokerStars Hand #254299832956:  Hold'em No Limit ($0.50/$1.00 USD) - 2025/01/10 19:39:38 WET [2025/01/10 14:39:38 ET]
Table 'Roswitha III' 6-max Seat #4 is the button
Seat 1: Evelexy1 ($140.68 in chips) 
Seat 2: YeeesMan ($116.38 in chips) 
Seat 3: KDOG1309 ($259.18 in chips) 
Seat 4: BoyLoc0 ($210.89 in chips) 
Seat 5: blackclan7 ($102.18 in chips) 
Seat 6: dreimis190 ($100 in chips) 
blackclan7: posts small blind $0.50
dreimis190: posts big blind $1
*** HOLE CARDS ***
Evelexy1: folds 
YeeesMan: raises $1.50 to $2.50
KDOG1309: calls $2.50
BoyLoc0: folds 
blackclan7: raises $12 to $14.50
dreimis190: folds 
YeeesMan: folds 
KDOG1309: calls $12
*** FLOP *** [8c Td 9c]
blackclan7: bets $15.75
KDOG1309: calls $15.75
*** TURN *** [8c Td 9c] [2h]
blackclan7: bets $71.93 and is all-in
KDOG1309: folds 
Uncalled bet ($71.93) returned to blackclan7
blackclan7 collected $61.50 from pot
blackclan7: doesn't show hand 
*** SUMMARY ***
Total pot $64 | Rake $2.50 
Board [8c Td 9c 2h]
Seat 1: Evelexy1 folded before Flop (didn't bet)
Seat 2: YeeesMan folded before Flop
Seat 3: KDOG1309 folded on the Turn
Seat 4: BoyLoc0 (button) folded before Flop (didn't bet)
Seat 5: blackclan7 (small blind) collected ($61.50)
Seat 6: dreimis190 (big blind) folded before Flop



PokerStars Hand #254299860453:  Hold'em No Limit ($0.50/$1.00 USD) - 2025/01/10 19:41:06 WET [2025/01/10 14:41:06 ET]
Table 'Roswitha III' 6-max Seat #5 is the button
Seat 1: Evelexy1 ($140.68 in chips) 
Seat 2: YeeesMan ($113.88 in chips) 
Seat 3: KDOG1309 ($228.93 in chips) 
Seat 4: BoyLoc0 ($210.89 in chips) 
Seat 5: blackclan7 ($133.43 in chips) 
Seat 6: dreimis190 ($100 in chips) 
dreimis190: posts small blind $0.50
Evelexy1: posts big blind $1
*** HOLE CARDS ***
YeeesMan: folds 
KDOG1309: calls $1
BoyLoc0: folds 
blackclan7: folds 
dreimis190: folds 
Evelexy1: checks 
*** FLOP *** [Tc Jc 5s]
Evelexy1: checks 
KDOG1309: bets $1
Evelexy1: folds 
Uncalled bet ($1) returned to KDOG1309
KDOG1309 collected $2.38 from pot
*** SUMMARY ***
Total pot $2.50 | Rake $0.12 
Board [Tc Jc 5s]
Seat 1: Evelexy1 (big blind) folded on the Flop
Seat 2: YeeesMan folded before Flop (didn't bet)
Seat 3: KDOG1309 collected ($2.38)
Seat 4: BoyLoc0 folded before Flop (didn't bet)
Seat 5: blackclan7 (button) folded before Flop (didn't bet)
Seat 6: dreimis190 (small blind) folded before Flop



PokerStars Hand #254299869125:  Hold'em No Limit ($0.50/$1.00 USD) - 2025/01/10 19:41:34 WET [2025/01/10 14:41:34 ET]
Table 'Roswitha III' 6-max Seat #6 is the button
Seat 1: Evelexy1 ($139.68 in chips) 
Seat 2: YeeesMan ($113.88 in chips) 
Seat 3: KDOG1309 ($230.31 in chips) 
Seat 4: BoyLoc0 ($210.89 in chips) 
Seat 5: blackclan7 ($133.43 in chips) 
Seat 6: dreimis190 ($100 in chips) 
Evelexy1: posts small blind $0.50
YeeesMan: posts big blind $1
*** HOLE CARDS ***
KDOG1309: folds 
BoyLoc0: folds 
blackclan7: folds 
dreimis190: folds 
Evelexy1: raises $1.50 to $2.50
YeeesMan: folds 
Uncalled bet ($1.50) returned to Evelexy1
Evelexy1 collected $2 from pot
Evelexy1: doesn't show hand 
*** SUMMARY ***
Total pot $2 | Rake $0 
Seat 1: Evelexy1 (small blind) collected ($2)
Seat 2: YeeesMan (big blind) folded before Flop
Seat 3: KDOG1309 folded before Flop (didn't bet)
Seat 4: BoyLoc0 folded before Flop (didn't bet)
Seat 5: blackclan7 folded before Flop (didn't bet)
Seat 6: dreimis190 (button) folded before Flop (didn't bet)



PokerStars Hand #254299880202:  Hold'em No Limit ($0.50/$1.00 USD) - 2025/01/10 19:42:10 WET [2025/01/10 14:42:10 ET]
Table 'Roswitha III' 6-max Seat #1 is the button
Seat 1: Evelexy1 ($140.68 in chips) 
Seat 2: YeeesMan ($112.88 in chips) 
Seat 3: KDOG1309 ($230.31 in chips) 
Seat 4: BoyLoc0 ($210.89 in chips) 
Seat 5: blackclan7 ($133.43 in chips) 
Seat 6: dreimis190 ($100 in chips) 
YeeesMan: posts small blind $0.50
KDOG1309: posts big blind $1
*** HOLE CARDS ***
BoyLoc0: folds 
blackclan7: folds 
dreimis190: folds 
Evelexy1: folds 
YeeesMan: raises $2 to $3
KDOG1309: raises $2 to $5
YeeesMan: calls $2
*** FLOP *** [9h 2h Tc]
YeeesMan: checks 
KDOG1309: bets $1
YeeesMan: calls $1
*** TURN *** [9h 2h Tc] [5d]
YeeesMan: checks 
KDOG1309: bets $1
YeeesMan: calls $1
*** RIVER *** [9h 2h Tc 5d] [9s]
YeeesMan: checks 
KDOG1309: bets $13.30
YeeesMan: folds 
Uncalled bet ($13.30) returned to KDOG1309
KDOG1309 collected $13.30 from pot
*** SUMMARY ***
Total pot $14 | Rake $0.70 
Board [9h 2h Tc 5d 9s]
Seat 1: Evelexy1 (button) folded before Flop (didn't bet)
Seat 2: YeeesMan (small blind) folded on the River
Seat 3: KDOG1309 (big blind) collected ($13.30)
Seat 4: BoyLoc0 folded before Flop (didn't bet)
Seat 5: blackclan7 folded before Flop (didn't bet)
Seat 6: dreimis190 folded before Flop (didn't bet)



PokerStars Hand #254299903991:  Hold'em No Limit ($0.50/$1.00 USD) - 2025/01/10 19:43:26 WET [2025/01/10 14:43:26 ET]
Table 'Roswitha III' 6-max Seat #2 is the button
Seat 1: Evelexy1 ($140.68 in chips) 
Seat 2: YeeesMan ($105.88 in chips) 
Seat 3: KDOG1309 ($236.61 in chips) 
Seat 4: BoyLoc0 ($210.89 in chips) 
Seat 5: blackclan7 ($133.43 in chips) 
Seat 6: dreimis190 ($100 in chips) 
KDOG1309: posts small blind $0.50
BoyLoc0: posts big blind $1
*** HOLE CARDS ***
blackclan7: folds 
dreimis190: folds 
Evelexy1: folds 
YeeesMan: folds 
KDOG1309: calls $0.50
BoyLoc0: checks 
*** FLOP *** [8c 2h 6c]
KDOG1309: checks 
BoyLoc0: checks 
*** TURN *** [8c 2h 6c] [Ks]
KDOG1309: checks 
BoyLoc0: checks 
*** RIVER *** [8c 2h 6c Ks] [5d]
KDOG1309: checks 
BoyLoc0: checks 
*** SHOW DOWN ***
KDOG1309: shows [Ac 5h] (a pair of Fives)
BoyLoc0: mucks hand 
KDOG1309 collected $1.90 from pot
*** SUMMARY ***
Total pot $2 | Rake $0.10 
Board [8c 2h 6c Ks 5d]
Seat 1: Evelexy1 folded before Flop (didn't bet)
Seat 2: YeeesMan (button) folded before Flop (didn't bet)
Seat 3: KDOG1309 (small blind) showed [Ac 5h] and won ($1.90) with a pair of Fives
Seat 4: BoyLoc0 (big blind) mucked
Seat 5: blackclan7 folded before Flop (didn't bet)
Seat 6: dreimis190 folded before Flop (didn't bet)



PokerStars Hand #254299917895:  Hold'em No Limit ($0.50/$1.00 USD) - 2025/01/10 19:44:12 WET [2025/01/10 14:44:12 ET]
Table 'Roswitha III' 6-max Seat #3 is the button
Seat 1: Evelexy1 ($140.68 in chips) 
Seat 2: YeeesMan ($105.88 in chips) 
Seat 3: KDOG1309 ($237.51 in chips) 
Seat 4: BoyLoc0 ($209.89 in chips) 
Seat 5: blackclan7 ($133.43 in chips) 
Seat 6: dreimis190 ($100 in chips) 
BoyLoc0: posts small blind $0.50
blackclan7: posts big blind $1
*** HOLE CARDS ***
dreimis190: folds 
Evelexy1: folds 
YeeesMan: folds 
KDOG1309: folds 
BoyLoc0: folds 
Uncalled bet ($0.50) returned to blackclan7
blackclan7 collected $1 from pot
blackclan7: doesn't show hand 
*** SUMMARY ***
Total pot $1 | Rake $0 
Seat 1: Evelexy1 folded before Flop (didn't bet)
Seat 2: YeeesMan folded before Flop (didn't bet)
Seat 3: KDOG1309 (button) folded before Flop (didn't bet)
Seat 4: BoyLoc0 (small blind) folded before Flop
Seat 5: blackclan7 (big blind) collected ($1)
Seat 6: dreimis190 folded before Flop (didn't bet)



PokerStars Hand #254299921471:  Hold'em No Limit ($0.50/$1.00 USD) - 2025/01/10 19:44:23 WET [2025/01/10 14:44:23 ET]
Table 'Roswitha III' 6-max Seat #4 is the button
Seat 1: Evelexy1 ($140.68 in chips) 
Seat 2: YeeesMan ($105.88 in chips) 
Seat 3: KDOG1309 ($237.51 in chips) 
Seat 4: BoyLoc0 ($209.39 in chips) 
Seat 5: blackclan7 ($133.93 in chips) 
Seat 6: dreimis190 ($100 in chips) 
blackclan7: posts small blind $0.50
dreimis190: posts big blind $1
*** HOLE CARDS ***
Evelexy1: raises $1 to $2
YeeesMan: folds 
KDOG1309: calls $2
BoyLoc0: folds 
blackclan7: calls $1.50
dreimis190: folds 
*** FLOP *** [7s 2h Js]
blackclan7: checks 
Evelexy1: checks 
KDOG1309: checks 
*** TURN *** [7s 2h Js] [6s]
blackclan7: checks 
Evelexy1: checks 
KDOG1309: bets $3.33
blackclan7: calls $3.33
Evelexy1: folds 
*** RIVER *** [7s 2h Js 6s] [8c]
blackclan7: checks 
KDOG1309: bets $12.98
blackclan7 has timed out
blackclan7: folds 
Uncalled bet ($12.98) returned to KDOG1309
KDOG1309 collected $12.98 from pot
*** SUMMARY ***
Total pot $13.66 | Rake $0.68 
Board [7s 2h Js 6s 8c]
Seat 1: Evelexy1 folded on the Turn
Seat 2: YeeesMan folded before Flop (didn't bet)
Seat 3: KDOG1309 collected ($12.98)
Seat 4: BoyLoc0 (button) folded before Flop (didn't bet)
Seat 5: blackclan7 (small blind) folded on the River
Seat 6: dreimis190 (big blind) folded before Flop



PokerStars Hand #254299945693:  Hold'em No Limit ($0.50/$1.00 USD) - 2025/01/10 19:45:41 WET [2025/01/10 14:45:41 ET]
Table 'Roswitha III' 6-max Seat #5 is the button
Seat 1: Evelexy1 ($138.68 in chips) 
Seat 2: YeeesMan ($105.88 in chips) 
Seat 3: KDOG1309 ($245.16 in chips) 
Seat 4: BoyLoc0 ($209.39 in chips) 
Seat 5: blackclan7 ($128.60 in chips) 
Seat 6: dreimis190 ($100 in chips) 
dreimis190: posts small blind $0.50
Evelexy1: posts big blind $1
*** HOLE CARDS ***
YeeesMan: folds 
KDOG1309: calls $1
BoyLoc0: folds 
blackclan7: folds 
dreimis190: calls $0.50
Evelexy1: checks 
*** FLOP *** [6h 5s 5d]
dreimis190: checks 
Evelexy1: checks 
KDOG1309: bets $1
dreimis190: folds 
Evelexy1: folds 
Uncalled bet ($1) returned to KDOG1309
KDOG1309 collected $2.85 from pot
*** SUMMARY ***
Total pot $3 | Rake $0.15 
Board [6h 5s 5d]
Seat 1: Evelexy1 (big blind) folded on the Flop
Seat 2: YeeesMan folded before Flop (didn't bet)
Seat 3: KDOG1309 collected ($2.85)
Seat 4: BoyLoc0 folded before Flop (didn't bet)
Seat 5: blackclan7 (button) folded before Flop (didn't bet)
Seat 6: dreimis190 (small blind) folded on the Flop



PokerStars Hand #254299959800:  Hold'em No Limit ($0.50/$1.00 USD) - 2025/01/10 19:46:26 WET [2025/01/10 14:46:26 ET]
Table 'Roswitha III' 6-max Seat #6 is the button
Seat 1: Evelexy1 ($137.68 in chips) 
Seat 2: YeeesMan ($105.88 in chips) 
Seat 3: KDOG1309 ($247.01 in chips) 
Seat 4: BoyLoc0 ($209.39 in chips) 
Seat 5: blackclan7 ($128.60 in chips) 
Seat 6: dreimis190 ($100 in chips) 
Evelexy1: posts small blind $0.50
YeeesMan: posts big blind $1
*** HOLE CARDS ***
KDOG1309: calls $1
BoyLoc0: folds 
blackclan7: folds 
dreimis190: folds 
Evelexy1: folds 
YeeesMan: raises $4 to $5
KDOG1309: calls $4
*** FLOP *** [2s Kc 2d]
YeeesMan: checks 
KDOG1309: checks 
*** TURN *** [2s Kc 2d] [6h]
YeeesMan: checks 
KDOG1309: checks 
*** RIVER *** [2s Kc 2d 6h] [Th]
YeeesMan: checks 
KDOG1309: bets $9.98
YeeesMan: calls $9.98
*** SHOW DOWN ***
KDOG1309: shows [5c Kh] (two pair, Kings and Deuces)
YeeesMan: mucks hand 
KDOG1309 collected $28.94 from pot
*** SUMMARY ***
Total pot $30.46 | Rake $1.52 
Board [2s Kc 2d 6h Th]
Seat 1: Evelexy1 (small blind) folded before Flop
Seat 2: YeeesMan (big blind) mucked
Seat 3: KDOG1309 showed [5c Kh] and won ($28.94) with two pair, Kings and Deuces
Seat 4: BoyLoc0 folded before Flop (didn't bet)
Seat 5: blackclan7 folded before Flop (didn't bet)
Seat 6: dreimis190 (button) folded before Flop (didn't bet)



PokerStars Hand #254299976500:  Hold'em No Limit ($0.50/$1.00 USD) - 2025/01/10 19:47:20 WET [2025/01/10 14:47:20 ET]
Table 'Roswitha III' 6-max Seat #1 is the button
Seat 1: Evelexy1 ($137.18 in chips) 
Seat 2: YeeesMan ($100 in chips) 
Seat 3: KDOG1309 ($260.97 in chips) 
Seat 4: BoyLoc0 ($209.39 in chips) 
Seat 5: blackclan7 ($128.60 in chips) 
Seat 6: dreimis190 ($100 in chips) 
YeeesMan: posts small blind $0.50
KDOG1309: posts big blind $1
*** HOLE CARDS ***
BoyLoc0: folds 
blackclan7: raises $1 to $2
dreimis190: folds 
Evelexy1: folds 
YeeesMan: folds 
KDOG1309: calls $1
*** FLOP *** [6d Td 7h]
KDOG1309: bets $1
blackclan7: raises $3.20 to $4.20
KDOG1309: calls $3.20
*** TURN *** [6d Td 7h] [9h]
KDOG1309: checks 
blackclan7: checks 
*** RIVER *** [6d Td 7h 9h] [Kc]
KDOG1309: checks 
blackclan7: checks 
*** SHOW DOWN ***
KDOG1309: shows [Th Ac] (a pair of Tens)
blackclan7: shows [Js Jc] (a pair of Jacks)
blackclan7 collected $12.26 from pot
*** SUMMARY ***
Total pot $12.90 | Rake $0.64 
Board [6d Td 7h 9h Kc]
Seat 1: Evelexy1 (button) folded before Flop (didn't bet)
Seat 2: YeeesMan (small blind) folded before Flop
Seat 3: KDOG1309 (big blind) showed [Th Ac] and lost with a pair of Tens
Seat 4: BoyLoc0 folded before Flop (didn't bet)
Seat 5: blackclan7 showed [Js Jc] and won ($12.26) with a pair of Jacks
Seat 6: dreimis190 folded before Flop (didn't bet)



PokerStars Hand #254299989574:  Hold'em No Limit ($0.50/$1.00 USD) - 2025/01/10 19:48:02 WET [2025/01/10 14:48:02 ET]
Table 'Roswitha III' 6-max Seat #2 is the button
Seat 1: Evelexy1 ($137.18 in chips) 
Seat 2: YeeesMan ($100 in chips) 
Seat 3: KDOG1309 ($254.77 in chips) 
Seat 4: BoyLoc0 ($209.39 in chips) 
Seat 5: blackclan7 ($134.66 in chips) 
Seat 6: dreimis190 ($100 in chips) 
KDOG1309: posts small blind $0.50
BoyLoc0: posts big blind $1
*** HOLE CARDS ***
blackclan7: folds 
dreimis190: raises $1 to $2
Evelexy1: raises $4 to $6
YeeesMan: raises $12 to $18
KDOG1309: folds 
BoyLoc0: folds 
dreimis190: folds 
Evelexy1: folds 
Uncalled bet ($12) returned to YeeesMan
YeeesMan collected $15.50 from pot
YeeesMan: doesn't show hand 
*** SUMMARY ***
Total pot $15.50 | Rake $0 
Seat 1: Evelexy1 folded before Flop
Seat 2: YeeesMan (button) collected ($15.50)
Seat 3: KDOG1309 (small blind) folded before Flop
Seat 4: BoyLoc0 (big blind) folded before Flop
Seat 5: blackclan7 folded before Flop (didn't bet)
Seat 6: dreimis190 folded before Flop



PokerStars Hand #254299997030:  Hold'em No Limit ($0.50/$1.00 USD) - 2025/01/10 19:48:26 WET [2025/01/10 14:48:26 ET]
Table 'Roswitha III' 6-max Seat #3 is the button
Seat 1: Evelexy1 ($131.18 in chips) 
Seat 2: YeeesMan ($109.50 in chips) 
Seat 3: KDOG1309 ($254.27 in chips) 
Seat 4: BoyLoc0 ($208.39 in chips) 
Seat 5: blackclan7 ($134.66 in chips) 
Seat 6: dreimis190 ($100 in chips) 
BoyLoc0: posts small blind $0.50
blackclan7: posts big blind $1
*** HOLE CARDS ***
dreimis190: folds 
Evelexy1: folds 
YeeesMan: raises $1.50 to $2.50
KDOG1309: raises $1.50 to $4
BoyLoc0: folds 
blackclan7: folds 
YeeesMan: calls $1.50
*** FLOP *** [6c 3h As]
YeeesMan: checks 
KDOG1309: checks 
*** TURN *** [6c 3h As] [Ac]
YeeesMan: checks 
KDOG1309: checks 
*** RIVER *** [6c 3h As Ac] [Jh]
YeeesMan: checks 
KDOG1309: checks 
*** SHOW DOWN ***
YeeesMan: shows [8d 8c] (two pair, Aces and Eights)
KDOG1309: mucks hand 
YeeesMan collected $9.02 from pot
*** SUMMARY ***
Total pot $9.50 | Rake $0.48 
Board [6c 3h As Ac Jh]
Seat 1: Evelexy1 folded before Flop (didn't bet)
Seat 2: YeeesMan showed [8d 8c] and won ($9.02) with two pair, Aces and Eights
Seat 3: KDOG1309 (button) mucked
Seat 4: BoyLoc0 (small blind) folded before Flop
Seat 5: blackclan7 (big blind) folded before Flop
Seat 6: dreimis190 folded before Flop (didn't bet)



PokerStars Hand #254300012907:  Hold'em No Limit ($0.50/$1.00 USD) - 2025/01/10 19:49:17 WET [2025/01/10 14:49:17 ET]
Table 'Roswitha III' 6-max Seat #4 is the button
Seat 1: Evelexy1 ($131.18 in chips) 
Seat 2: YeeesMan ($114.52 in chips) 
Seat 3: KDOG1309 ($250.27 in chips) 
Seat 4: BoyLoc0 ($207.89 in chips) 
Seat 5: blackclan7 ($133.66 in chips) 
Seat 6: dreimis190 ($100 in chips) 
blackclan7: posts small blind $0.50
dreimis190: posts big blind $1
*** HOLE CARDS ***
Evelexy1: folds 
YeeesMan: folds 
KDOG1309: folds 
BoyLoc0: raises $1.50 to $2.50
blackclan7: folds 
dreimis190: raises $10.50 to $13
BoyLoc0: folds 
Uncalled bet ($10.50) returned to dreimis190
dreimis190 collected $5.50 from pot
dreimis190: doesn't show hand 
*** SUMMARY ***
Total pot $5.50 | Rake $0 
Seat 1: Evelexy1 folded before Flop (didn't bet)
Seat 2: YeeesMan folded before Flop (didn't bet)
Seat 3: KDOG1309 folded before Flop (didn't bet)
Seat 4: BoyLoc0 (button) folded before Flop
Seat 5: blackclan7 (small blind) folded before Flop
Seat 6: dreimis190 (big blind) collected ($5.50)



PokerStars Hand #254300023709:  Hold'em No Limit ($0.50/$1.00 USD) - 2025/01/10 19:49:52 WET [2025/01/10 14:49:52 ET]
Table 'Roswitha III' 6-max Seat #5 is the button
Seat 1: Evelexy1 ($131.18 in chips) 
Seat 2: YeeesMan ($114.52 in chips) 
Seat 3: KDOG1309 ($250.27 in chips) 
Seat 4: BoyLoc0 ($205.39 in chips) 
Seat 5: blackclan7 ($133.16 in chips) 
Seat 6: dreimis190 ($103 in chips) 
dreimis190: posts small blind $0.50
Evelexy1: posts big blind $1
*** HOLE CARDS ***
YeeesMan: folds 
KDOG1309: calls $1
BoyLoc0: folds 
blackclan7: folds 
dreimis190: calls $0.50
Evelexy1: raises $6 to $7
KDOG1309: folds 
dreimis190: folds 
Uncalled bet ($6) returned to Evelexy1
Evelexy1 collected $3 from pot
Evelexy1: doesn't show hand 
*** SUMMARY ***
Total pot $3 | Rake $0 
Seat 1: Evelexy1 (big blind) collected ($3)
Seat 2: YeeesMan folded before Flop (didn't bet)
Seat 3: KDOG1309 folded before Flop
Seat 4: BoyLoc0 folded before Flop (didn't bet)
Seat 5: blackclan7 (button) folded before Flop (didn't bet)
Seat 6: dreimis190 (small blind) folded before Flop



PokerStars Hand #254300039615:  Hold'em No Limit ($0.50/$1.00 USD) - 2025/01/10 19:50:44 WET [2025/01/10 14:50:44 ET]
Table 'Roswitha III' 6-max Seat #6 is the button
Seat 1: Evelexy1 ($133.18 in chips) 
Seat 2: YeeesMan ($114.52 in chips) 
Seat 3: KDOG1309 ($249.27 in chips) 
Seat 4: BoyLoc0 ($205.39 in chips) 
Seat 5: blackclan7 ($133.16 in chips) 
Seat 6: dreimis190 ($102 in chips) 
Evelexy1: posts small blind $0.50
YeeesMan: posts big blind $1
*** HOLE CARDS ***
KDOG1309: calls $1
BoyLoc0: folds 
blackclan7: raises $3 to $4
dreimis190: folds 
Evelexy1: folds 
YeeesMan: folds 
KDOG1309: raises $3 to $7
blackclan7: calls $3
*** FLOP *** [Td 9h Ad]
KDOG1309: bets $7.36
blackclan7: calls $7.36
*** TURN *** [Td 9h Ad] [Kc]
KDOG1309: checks 
blackclan7: checks 
*** RIVER *** [Td 9h Ad Kc] [Qs]
KDOG1309: bets $28.71
blackclan7: raises $90.09 to $118.80 and is all-in
KDOG1309: calls $90.09
*** SHOW DOWN ***
blackclan7: shows [Ac Jc] (a straight, Ten to Ace)
KDOG1309: shows [Jd Jh] (a straight, Ten to Ace)
KDOG1309 collected $132.66 from pot
blackclan7 collected $132.66 from pot
*** SUMMARY ***
Total pot $267.82 | Rake $2.50 
Board [Td 9h Ad Kc Qs]
Seat 1: Evelexy1 (small blind) folded before Flop
Seat 2: YeeesMan (big blind) folded before Flop
Seat 3: KDOG1309 showed [Jd Jh] and won ($132.66) with a straight, Ten to Ace
Seat 4: BoyLoc0 folded before Flop (didn't bet)
Seat 5: blackclan7 showed [Ac Jc] and won ($132.66) with a straight, Ten to Ace
Seat 6: dreimis190 (button) folded before Flop (didn't bet)



PokerStars Hand #254300071255:  Hold'em No Limit ($0.50/$1.00 USD) - 2025/01/10 19:52:26 WET [2025/01/10 14:52:26 ET]
Table 'Roswitha III' 6-max Seat #1 is the button
Seat 1: Evelexy1 ($132.68 in chips) 
Seat 2: YeeesMan ($113.52 in chips) 
Seat 3: KDOG1309 ($248.77 in chips) 
Seat 4: BoyLoc0 ($205.39 in chips) 
Seat 5: blackclan7 ($132.66 in chips) 
Seat 6: dreimis190 ($102 in chips) 
YeeesMan: posts small blind $0.50
KDOG1309: posts big blind $1
*** HOLE CARDS ***
BoyLoc0: folds 
blackclan7: folds 
dreimis190: raises $1.50 to $2.50
Evelexy1: folds 
YeeesMan: folds 
KDOG1309: calls $1.50
*** FLOP *** [3s Ac Td]
KDOG1309: bets $1
dreimis190: calls $1
*** TURN *** [3s Ac Td] [Th]
KDOG1309: checks 
Evelexy1 leaves the table
dreimis190: bets $1.50
KDOG1309: folds 
Uncalled bet ($1.50) returned to dreimis190
dreimis190 collected $7.12 from pot
dreimis190: doesn't show hand 
*** SUMMARY ***
Total pot $7.50 | Rake $0.38 
Board [3s Ac Td Th]
Seat 1: Evelexy1 (button) folded before Flop (didn't bet)
Seat 2: YeeesMan (small blind) folded before Flop
Seat 3: KDOG1309 (big blind) folded on the Turn
Seat 4: BoyLoc0 folded before Flop (didn't bet)
Seat 5: blackclan7 folded before Flop (didn't bet)
Seat 6: dreimis190 collected ($7.12)



PokerStars Hand #254300088014:  Hold'em No Limit ($0.50/$1.00 USD) - 2025/01/10 19:53:20 WET [2025/01/10 14:53:20 ET]
Table 'Roswitha III' 6-max Seat #2 is the button
Seat 2: YeeesMan ($113.02 in chips) 
Seat 3: KDOG1309 ($245.27 in chips) 
Seat 4: BoyLoc0 ($205.39 in chips) 
Seat 5: blackclan7 ($132.66 in chips) 
Seat 6: dreimis190 ($105.62 in chips) 
KDOG1309: posts small blind $0.50
BoyLoc0: posts big blind $1
*** HOLE CARDS ***
blackclan7: folds 
dreimis190: raises $1.50 to $2.50
socito joins the table at seat #1 
YeeesMan: calls $2.50
KDOG1309: calls $2
BoyLoc0: calls $1.50
*** FLOP *** [6s Jd 3c]
KDOG1309: checks 
BoyLoc0: checks 
dreimis190: checks 
YeeesMan: checks 
*** TURN *** [6s Jd 3c] [8s]
KDOG1309: checks 
BoyLoc0: checks 
dreimis190: bets $13.50
YeeesMan: calls $13.50
KDOG1309: folds 
BoyLoc0: folds 
*** RIVER *** [6s Jd 3c 8s] [As]
dreimis190: bets $8.60
YeeesMan: raises $17.20 to $25.80
dreimis190: raises $63.82 to $89.62 and is all-in
YeeesMan: folds 
Uncalled bet ($63.82) returned to dreimis190
dreimis190 collected $86.10 from pot
dreimis190: doesn't show hand 
*** SUMMARY ***
Total pot $88.60 | Rake $2.50 
Board [6s Jd 3c 8s As]
Seat 2: YeeesMan (button) folded on the River
Seat 3: KDOG1309 (small blind) folded on the Turn
Seat 4: BoyLoc0 (big blind) folded on the Turn
Seat 5: blackclan7 folded before Flop (didn't bet)
Seat 6: dreimis190 collected ($86.10)



PokerStars Hand #254300133956:  Hold'em No Limit ($0.50/$1.00 USD) - 2025/01/10 19:56:06 WET [2025/01/10 14:56:06 ET]
Table 'Roswitha III' 6-max Seat #4 is the button
Seat 1: socito ($100 in chips) is sitting out
Seat 3: KDOG1309 ($242.77 in chips) is sitting out
Seat 2: YeeesMan ($100 in chips) 
Seat 4: BoyLoc0 ($202.89 in chips) 
Seat 5: blackclan7 ($132.66 in chips) 
Seat 6: dreimis190 ($149.92 in chips) 
blackclan7: posts small blind $0.50
dreimis190: posts big blind $1
socito: sits out 
*** HOLE CARDS ***
YeeesMan: folds 
BoyLoc0: folds 
blackclan7: raises $2 to $3
dreimis190: calls $2
*** FLOP *** [9s Td 9d]
blackclan7: checks 
dreimis190: checks 
*** TURN *** [9s Td 9d] [Jc]
blackclan7: bets $2.91
dreimis190: folds 
Uncalled bet ($2.91) returned to blackclan7
blackclan7 collected $5.70 from pot
blackclan7: doesn't show hand 
*** SUMMARY ***
Total pot $6 | Rake $0.30 
Board [9s Td 9d Jc]
Seat 1: socito
Seat 3: KDOG1309
Seat 2: YeeesMan folded before Flop (didn't bet)
Seat 4: BoyLoc0 (button) folded before Flop (didn't bet)
Seat 5: blackclan7 (small blind) collected ($5.70)
Seat 6: dreimis190 (big blind) folded on the Turn



PokerStars Hand #254300146194:  Hold'em No Limit ($0.50/$1.00 USD) - 2025/01/10 19:57:01 WET [2025/01/10 14:57:01 ET]
Table 'Roswitha III' 6-max Seat #5 is the button
Seat 1: socito ($100 in chips) 
Seat 2: YeeesMan ($100 in chips) 
Seat 3: KDOG1309 ($242.77 in chips) 
Seat 4: BoyLoc0 ($202.89 in chips) 
Seat 5: blackclan7 ($135.36 in chips) 
Seat 6: dreimis190 ($146.92 in chips) 
dreimis190: posts small blind $0.50
socito: posts big blind $1
*** HOLE CARDS ***
YeeesMan: folds 
KDOG1309: calls $1
BoyLoc0: raises $3 to $4
blackclan7: calls $4
dreimis190: folds 
socito: folds 
KDOG1309: calls $3
*** FLOP *** [Qc 2c 4h]
KDOG1309: checks 
BoyLoc0: bets $4.23
blackclan7: calls $4.23
KDOG1309: folds 
*** TURN *** [Qc 2c 4h] [4d]
KDOG1309 leaves the table
BoyLoc0: checks 
blackclan7: checks 
*** RIVER *** [Qc 2c 4h 4d] [5h]
socito leaves the table
BoyLoc0: bets $6.88
YeeesMan leaves the table
blackclan7: raises $15.12 to $22
BoyLoc0: folds 
Uncalled bet ($15.12) returned to blackclan7
blackclan7 collected $33.93 from pot
blackclan7: doesn't show hand 
*** SUMMARY ***
Total pot $35.72 | Rake $1.79 
Board [Qc 2c 4h 4d 5h]
Seat 1: socito (big blind) folded before Flop
Seat 2: YeeesMan folded before Flop (didn't bet)
Seat 3: KDOG1309 folded on the Flop
Seat 4: BoyLoc0 folded on the River
Seat 5: blackclan7 (button) collected ($33.93)
Seat 6: dreimis190 (small blind) folded before Flop



