PokerStars Hand #254305095291:  Hold'em No Limit ($0.50/$1.00 USD) - 2025/01/10 0:21:00 WET [2025/01/10 19:21:00 ET]
Table 'Muscida III' 6-max Seat #1 is the button
Seat 1: BrandonKelly99 ($23.39 in chips) 
Seat 2: app1e_j@ck ($102.40 in chips) 
Seat 3: Unipoker11 ($100 in chips) 
Seat 4: equilibrium_tv ($24 in chips) 
app1e_j@ck: posts small blind $0.50
Unipoker11: posts big blind $1
*** HOLE CARDS ***
equilibrium_tv: folds 
BrandonKelly99: calls $1
app1e_j@ck: folds 
Unipoker11: raises $50 to $51
BrandonKelly99: calls $22.39 and is all-in
Uncalled bet ($27.61) returned to Unipoker11
*** FLOP *** [Ts 7s Ac]
*** TURN *** [Ts 7s Ac] [5c]
*** RIVER *** [Ts 7s Ac 5c] [8s]
*** SHOW DOWN ***
Unipoker11: shows [8d Ad] (two pair, Aces and Eights)
BrandonKelly99: shows [Jh Kd] (high card Ace)
Unipoker11 collected $46.28 from pot
*** SUMMARY ***
Total pot $47.28 | Rake $1 
Board [Ts 7s Ac 5c 8s]
Seat 1: BrandonKelly99 (button) showed [Jh Kd] and lost with high card Ace
Seat 2: app1e_j@ck (small blind) folded before Flop
Seat 3: Unipoker11 (big blind) showed [8d Ad] and won ($46.28) with two pair, Aces and Eights
Seat 4: equilibrium_tv folded before Flop (didn't bet)



PokerStars Hand #254305104728:  Hold'em No Limit ($0.50/$1.00 USD) - 2025/01/10 0:21:37 WET [2025/01/10 19:21:37 ET]
Table 'Muscida III' 6-max Seat #2 is the button
Seat 1: BrandonKelly99 ($0 in chips) is sitting out
Seat 2: app1e_j@ck ($101.90 in chips) 
Seat 3: Unipoker11 ($122.89 in chips) 
Seat 4: equilibrium_tv ($24 in chips) 
Unipoker11: posts small blind $0.50
equilibrium_tv: posts big blind $1
*** HOLE CARDS ***
app1e_j@ck: folds 
Greidoide joins the table at seat #5 
Unipoker11: folds 
Uncalled bet ($0.50) returned to equilibrium_tv
Greidoide is disconnected 
Paramede1338 joins the table at seat #6 
equilibrium_tv collected $1 from pot
BrandonKelly99 leaves the table
*** SUMMARY ***
Total pot $1 | Rake $0 
Seat 1: BrandonKelly99
Seat 2: app1e_j@ck (button) folded before Flop (didn't bet)
Seat 3: Unipoker11 (small blind) folded before Flop
Seat 4: equilibrium_tv (big blind) collected ($1)



PokerStars Hand #254305107293:  Hold'em No Limit ($0.50/$1.00 USD) - 2025/01/10 0:21:47 WET [2025/01/10 19:21:47 ET]
Table 'Muscida III' 6-max Seat #3 is the button
Seat 6: Paramede1338 ($10 in chips) is sitting out
Seat 2: app1e_j@ck ($101.90 in chips) 
Seat 3: Unipoker11 ($122.39 in chips) 
Seat 4: equilibrium_tv ($24.50 in chips) 
Seat 5: Greidoide ($14.64 in chips) 
equilibrium_tv: posts small blind $0.50
Greidoide: posts big blind $1
Paramede1338: sits out 
*** HOLE CARDS ***
app1e_j@ck: folds 
Unipoker11: folds 
Zvst joins the table at seat #1 
equilibrium_tv: raises $13 to $14
Greidoide: folds 
Uncalled bet ($13) returned to equilibrium_tv
equilibrium_tv collected $2 from pot
*** SUMMARY ***
Total pot $2 | Rake $0 
Seat 6: Paramede1338
Seat 2: app1e_j@ck folded before Flop (didn't bet)
Seat 3: Unipoker11 (button) folded before Flop (didn't bet)
Seat 4: equilibrium_tv (small blind) collected ($2)
Seat 5: Greidoide (big blind) folded before Flop



PokerStars Hand #254305113211:  Hold'em No Limit ($0.50/$1.00 USD) - 2025/01/10 0:22:11 WET [2025/01/10 19:22:11 ET]
Table 'Muscida III' 6-max Seat #4 is the button
Seat 1: Zvst ($10 in chips) is sitting out
Seat 2: app1e_j@ck ($101.90 in chips) 
Seat 3: Unipoker11 ($122.39 in chips) 
Seat 4: equilibrium_tv ($25.50 in chips) 
Seat 5: Greidoide ($13.64 in chips) 
Seat 6: Paramede1338 ($10 in chips) 
Greidoide: posts small blind $0.50
Paramede1338: posts big blind $1
Zvst: sits out 
*** HOLE CARDS ***
app1e_j@ck: folds 
Unipoker11: raises $1 to $2
equilibrium_tv: folds 
Greidoide: calls $1.50
Paramede1338: calls $1
*** FLOP *** [Qc Jc Jh]
Greidoide: checks 
Paramede1338: checks 
Unipoker11: checks 
*** TURN *** [Qc Jc Jh] [7h]
Greidoide: checks 
Paramede1338: bets $4
Unipoker11: calls $4
Greidoide: folds 
*** RIVER *** [Qc Jc Jh 7h] [4h]
Paramede1338: bets $4 and is all-in
Unipoker11: calls $4
*** SHOW DOWN ***
Paramede1338: shows [Td 7d] (two pair, Jacks and Sevens)
Unipoker11: shows [Qs 9h] (two pair, Queens and Jacks)
Unipoker11 collected $20.90 from pot
*** SUMMARY ***
Total pot $22 | Rake $1.10 
Board [Qc Jc Jh 7h 4h]
Seat 1: Zvst
Seat 2: app1e_j@ck folded before Flop (didn't bet)
Seat 3: Unipoker11 showed [Qs 9h] and won ($20.90) with two pair, Queens and Jacks
Seat 4: equilibrium_tv (button) folded before Flop (didn't bet)
Seat 5: Greidoide (small blind) folded on the Turn
Seat 6: Paramede1338 (big blind) showed [Td 7d] and lost with two pair, Jacks and Sevens



PokerStars Hand #254305125849:  Hold'em No Limit ($0.50/$1.00 USD) - 2025/01/10 0:23:01 WET [2025/01/10 19:23:01 ET]
Table 'Muscida III' 6-max Seat #5 is the button
Seat 1: Zvst ($10 in chips) is sitting out
Seat 6: Paramede1338 ($0 in chips) is sitting out
Seat 2: app1e_j@ck ($101.90 in chips) 
Seat 3: Unipoker11 ($133.29 in chips) 
Seat 4: equilibrium_tv ($25.50 in chips) 
Seat 5: Greidoide ($11.64 in chips) 
app1e_j@ck: posts small blind $0.50
Unipoker11: posts big blind $1
*** HOLE CARDS ***
equilibrium_tv: folds 
equilibrium_tv leaves the table
Greidoide: calls $1
app1e_j@ck: folds 
Unipoker11: checks 
*** FLOP *** [8d Kh 2c]
Unipoker11: checks 
Greidoide: bets $1
andutu34 joins the table at seat #4 
Unipoker11: folds 
Uncalled bet ($1) returned to Greidoide
Greidoide collected $2.38 from pot
*** SUMMARY ***
Total pot $2.50 | Rake $0.12 
Board [8d Kh 2c]
Seat 1: Zvst
Seat 6: Paramede1338
Seat 2: app1e_j@ck (small blind) folded before Flop
Seat 3: Unipoker11 (big blind) folded on the Flop
Seat 4: equilibrium_tv folded before Flop (didn't bet)
Seat 5: Greidoide (button) collected ($2.38)



PokerStars Hand #254305135525:  Hold'em No Limit ($0.50/$1.00 USD) - 2025/01/10 0:23:39 WET [2025/01/10 19:23:39 ET]
Table 'Muscida III' 6-max Seat #2 is the button
Seat 1: Zvst ($41 in chips) is sitting out
Seat 2: app1e_j@ck ($101.40 in chips) 
Seat 3: Unipoker11 ($132.29 in chips) 
Seat 4: andutu34 ($100 in chips) 
Seat 5: Greidoide ($13.02 in chips) 
Seat 6: Paramede1338 ($40 in chips) 
Unipoker11: posts small blind $0.50
andutu34: posts big blind $1
Paramede1338: posts small blind $0.50
Zvst: sits out 
*** HOLE CARDS ***
Greidoide: calls $1
Paramede1338: folds 
app1e_j@ck: folds 
Unipoker11: folds 
andutu34: checks 
*** FLOP *** [Qs 5h 2h]
andutu34: checks 
Greidoide: checks 
*** TURN *** [Qs 5h 2h] [8s]
andutu34: bets $2.14
Greidoide: folds 
Uncalled bet ($2.14) returned to andutu34
andutu34 collected $2.85 from pot
andutu34: doesn't show hand 
*** SUMMARY ***
Total pot $3 | Rake $0.15 
Board [Qs 5h 2h 8s]
Seat 1: Zvst
Seat 2: app1e_j@ck (button) folded before Flop (didn't bet)
Seat 3: Unipoker11 (small blind) folded before Flop
Seat 4: andutu34 (big blind) collected ($2.85)
Seat 5: Greidoide folded on the Turn
Seat 6: Paramede1338 folded before Flop (didn't bet)



PokerStars Hand #254305144308:  Hold'em No Limit ($0.50/$1.00 USD) - 2025/01/10 0:24:15 WET [2025/01/10 19:24:15 ET]
Table 'Muscida III' 6-max Seat #3 is the button
Seat 1: Zvst ($41 in chips) is sitting out
Seat 2: app1e_j@ck ($101.40 in chips) 
Seat 3: Unipoker11 ($131.79 in chips) 
Seat 4: andutu34 ($101.85 in chips) 
Seat 5: Greidoide ($12.02 in chips) 
Seat 6: Paramede1338 ($39.50 in chips) 
andutu34: posts small blind $0.50
Greidoide: posts big blind $1
Zvst: sits out 
*** HOLE CARDS ***
Paramede1338: folds 
app1e_j@ck: folds 
Unipoker11: folds 
andutu34: raises $35 to $36
Greidoide: folds 
Uncalled bet ($35) returned to andutu34
andutu34 collected $2 from pot
andutu34: doesn't show hand 
*** SUMMARY ***
Total pot $2 | Rake $0 
Seat 1: Zvst
Seat 2: app1e_j@ck folded before Flop (didn't bet)
Seat 3: Unipoker11 (button) folded before Flop (didn't bet)
Seat 4: andutu34 (small blind) collected ($2)
Seat 5: Greidoide (big blind) folded before Flop
Seat 6: Paramede1338 folded before Flop (didn't bet)



PokerStars Hand #254305150164:  Hold'em No Limit ($0.50/$1.00 USD) - 2025/01/10 0:24:38 WET [2025/01/10 19:24:38 ET]
Table 'Muscida III' 6-max Seat #4 is the button
Seat 1: Zvst ($41 in chips) is sitting out
Seat 2: app1e_j@ck ($101.40 in chips) 
Seat 3: Unipoker11 ($131.79 in chips) 
Seat 4: andutu34 ($102.85 in chips) 
Seat 5: Greidoide ($11.02 in chips) 
Seat 6: Paramede1338 ($39.50 in chips) 
Greidoide: posts small blind $0.50
Paramede1338: posts big blind $1
Zvst: sits out 
*** HOLE CARDS ***
app1e_j@ck: raises $1.50 to $2.50
Unipoker11: folds 
andutu34: folds 
Greidoide: calls $2
Paramede1338: calls $1.50
*** FLOP *** [9s 8d 9d]
Greidoide: checks 
Paramede1338: checks 
app1e_j@ck: bets $2.35
Greidoide: calls $2.35
Paramede1338: calls $2.35
*** TURN *** [9s 8d 9d] [2c]
Greidoide: bets $6.17 and is all-in
Paramede1338: folds 
app1e_j@ck: calls $6.17
*** RIVER *** [9s 8d 9d 2c] [6c]
*** SHOW DOWN ***
Greidoide: shows [Jc 9h] (three of a kind, Nines)
app1e_j@ck: shows [Td Qh] (a pair of Nines)
Greidoide collected $25.55 from pot
*** SUMMARY ***
Total pot $26.89 | Rake $1.34 
Board [9s 8d 9d 2c 6c]
Seat 1: Zvst
Seat 2: app1e_j@ck showed [Td Qh] and lost with a pair of Nines
Seat 3: Unipoker11 folded before Flop (didn't bet)
Seat 4: andutu34 (button) folded before Flop (didn't bet)
Seat 5: Greidoide (small blind) showed [Jc 9h] and won ($25.55) with three of a kind, Nines
Seat 6: Paramede1338 (big blind) folded on the Turn



PokerStars Hand #254305167349:  Hold'em No Limit ($0.50/$1.00 USD) - 2025/01/10 0:25:48 WET [2025/01/10 19:25:48 ET]
Table 'Muscida III' 6-max Seat #5 is the button
Seat 1: Zvst ($41 in chips) 
Seat 2: app1e_j@ck ($100 in chips) 
Seat 3: Unipoker11 ($131.79 in chips) 
Seat 4: andutu34 ($102.85 in chips) 
Seat 5: Greidoide ($25.55 in chips) 
Seat 6: Paramede1338 ($34.65 in chips) 
Paramede1338: posts small blind $0.50
Zvst: posts big blind $1
*** HOLE CARDS ***
app1e_j@ck: folds 
Unipoker11: folds 
andutu34: raises $1.30 to $2.30
Greidoide: folds 
Paramede1338: calls $1.80
Zvst: folds 
*** FLOP *** [4c 2c Qs]
Paramede1338: bets $3
andutu34: folds 
Uncalled bet ($3) returned to Paramede1338
Paramede1338 collected $5.32 from pot
Paramede1338: doesn't show hand 
*** SUMMARY ***
Total pot $5.60 | Rake $0.28 
Board [4c 2c Qs]
Seat 1: Zvst (big blind) folded before Flop
Seat 2: app1e_j@ck folded before Flop (didn't bet)
Seat 3: Unipoker11 folded before Flop (didn't bet)
Seat 4: andutu34 folded on the Flop
Seat 5: Greidoide (button) folded before Flop (didn't bet)
Seat 6: Paramede1338 (small blind) collected ($5.32)



PokerStars Hand #254305179556:  Hold'em No Limit ($0.50/$1.00 USD) - 2025/01/10 0:26:38 WET [2025/01/10 19:26:38 ET]
Table 'Muscida III' 6-max Seat #6 is the button
Seat 2: app1e_j@ck ($100 in chips) is sitting out
Seat 1: Zvst ($40 in chips) 
Seat 3: Unipoker11 ($131.79 in chips) 
Seat 4: andutu34 ($100.55 in chips) 
Seat 5: Greidoide ($25.55 in chips) 
Seat 6: Paramede1338 ($37.67 in chips) 
Zvst: posts small blind $0.50
app1e_j@ck: is sitting out 
Unipoker11: posts big blind $1
*** HOLE CARDS ***
andutu34: folds 
Greidoide: calls $1
Paramede1338: folds 
Zvst: folds 
Unipoker11: checks 
*** FLOP *** [5d Kd Jd]
Unipoker11: checks 
Greidoide: checks 
*** TURN *** [5d Kd Jd] [8c]
Unipoker11: checks 
Greidoide: checks 
*** RIVER *** [5d Kd Jd 8c] [8s]
Unipoker11: bets $1
Greidoide: folds 
Uncalled bet ($1) returned to Unipoker11
Unipoker11 collected $2.38 from pot
Unipoker11: doesn't show hand 
*** SUMMARY ***
Total pot $2.50 | Rake $0.12 
Board [5d Kd Jd 8c 8s]
Seat 2: app1e_j@ck
Seat 1: Zvst (small blind) folded before Flop
Seat 3: Unipoker11 (big blind) collected ($2.38)
Seat 4: andutu34 folded before Flop (didn't bet)
Seat 5: Greidoide folded on the River
Seat 6: Paramede1338 (button) folded before Flop (didn't bet)



PokerStars Hand #254305187778:  Hold'em No Limit ($0.50/$1.00 USD) - 2025/01/10 0:27:12 WET [2025/01/10 19:27:12 ET]
Table 'Muscida III' 6-max Seat #1 is the button
Seat 2: app1e_j@ck ($100 in chips) is sitting out
Seat 1: Zvst ($39.50 in chips) 
Seat 3: Unipoker11 ($133.17 in chips) 
Seat 4: andutu34 ($100.55 in chips) 
Seat 5: Greidoide ($24.55 in chips) 
Seat 6: Paramede1338 ($37.67 in chips) 
Unipoker11: posts small blind $0.50
andutu34: posts big blind $1
*** HOLE CARDS ***
Greidoide: folds 
Paramede1338: folds 
Zvst: folds 
Unipoker11: folds 
Uncalled bet ($0.50) returned to andutu34
andutu34 collected $1 from pot
andutu34: doesn't show hand 
*** SUMMARY ***
Total pot $1 | Rake $0 
Seat 2: app1e_j@ck
Seat 1: Zvst (button) folded before Flop (didn't bet)
Seat 3: Unipoker11 (small blind) folded before Flop
Seat 4: andutu34 (big blind) collected ($1)
Seat 5: Greidoide folded before Flop (didn't bet)
Seat 6: Paramede1338 folded before Flop (didn't bet)



PokerStars Hand #254305191848:  Hold'em No Limit ($0.50/$1.00 USD) - 2025/01/10 0:27:28 WET [2025/01/10 19:27:28 ET]
Table 'Muscida III' 6-max Seat #3 is the button
Seat 2: app1e_j@ck ($100 in chips) is sitting out
Seat 1: Zvst ($39.50 in chips) 
Seat 3: Unipoker11 ($132.67 in chips) 
Seat 4: andutu34 ($101.05 in chips) 
Seat 5: Greidoide ($24.55 in chips) 
Seat 6: Paramede1338 ($37.67 in chips) 
andutu34: posts small blind $0.50
Greidoide: posts big blind $1
*** HOLE CARDS ***
Paramede1338: folds 
Zvst: folds 
Unipoker11 has timed out
Unipoker11: folds 
andutu34: folds 
Uncalled bet ($0.50) returned to Greidoide
Greidoide collected $1 from pot
*** SUMMARY ***
Total pot $1 | Rake $0 
Seat 2: app1e_j@ck
Seat 1: Zvst folded before Flop (didn't bet)
Seat 3: Unipoker11 (button) folded before Flop (didn't bet)
Seat 4: andutu34 (small blind) folded before Flop
Seat 5: Greidoide (big blind) collected ($1)
Seat 6: Paramede1338 folded before Flop (didn't bet)



PokerStars Hand #254305199077:  Hold'em No Limit ($0.50/$1.00 USD) - 2025/01/10 0:27:58 WET [2025/01/10 19:27:58 ET]
Table 'Muscida III' 6-max Seat #4 is the button
Seat 2: app1e_j@ck ($100 in chips) is sitting out
Seat 1: Zvst ($39.50 in chips) 
Seat 3: Unipoker11 ($132.67 in chips) 
Seat 4: andutu34 ($100.55 in chips) 
Seat 5: Greidoide ($25.05 in chips) 
Seat 6: Paramede1338 ($37.67 in chips) 
Greidoide: posts small blind $0.50
Paramede1338: posts big blind $1
*** HOLE CARDS ***
Zvst: folds 
Unipoker11: folds 
andutu34: folds 
Greidoide: raises $1 to $2
Paramede1338: calls $1
*** FLOP *** [7s 7c Ac]
Greidoide: checks 
Paramede1338: checks 
*** TURN *** [7s 7c Ac] [9h]
Greidoide: checks 
Paramede1338: bets $4
Greidoide: folds 
Uncalled bet ($4) returned to Paramede1338
Paramede1338 collected $3.80 from pot
Paramede1338: doesn't show hand 
*** SUMMARY ***
Total pot $4 | Rake $0.20 
Board [7s 7c Ac 9h]
Seat 2: app1e_j@ck
Seat 1: Zvst folded before Flop (didn't bet)
Seat 3: Unipoker11 folded before Flop (didn't bet)
Seat 4: andutu34 (button) folded before Flop (didn't bet)
Seat 5: Greidoide (small blind) folded on the Turn
Seat 6: Paramede1338 (big blind) collected ($3.80)



PokerStars Hand #254305206655:  Hold'em No Limit ($0.50/$1.00 USD) - 2025/01/10 0:28:30 WET [2025/01/10 19:28:30 ET]
Table 'Muscida III' 6-max Seat #5 is the button
Seat 2: app1e_j@ck ($100 in chips) is sitting out
Seat 1: Zvst ($39.50 in chips) 
Seat 3: Unipoker11 ($132.67 in chips) 
Seat 4: andutu34 ($100.55 in chips) 
Seat 5: Greidoide ($23.05 in chips) 
Seat 6: Paramede1338 ($39.47 in chips) 
Paramede1338: posts small blind $0.50
Zvst: posts big blind $1
*** HOLE CARDS ***
Unipoker11: raises $1 to $2
andutu34: folds 
Greidoide: folds 
Paramede1338: calls $1.50
Zvst: folds 
*** FLOP *** [Ts 8c 6h]
Paramede1338: checks 
Unipoker11: bets $2.38
Paramede1338: folds 
Uncalled bet ($2.38) returned to Unipoker11
Unipoker11 collected $4.75 from pot
Unipoker11: doesn't show hand 
*** SUMMARY ***
Total pot $5 | Rake $0.25 
Board [Ts 8c 6h]
Seat 2: app1e_j@ck
Seat 1: Zvst (big blind) folded before Flop
Seat 3: Unipoker11 collected ($4.75)
Seat 4: andutu34 folded before Flop (didn't bet)
Seat 5: Greidoide (button) folded before Flop (didn't bet)
Seat 6: Paramede1338 (small blind) folded on the Flop



PokerStars Hand #254305217235:  Hold'em No Limit ($0.50/$1.00 USD) - 2025/01/10 0:29:14 WET [2025/01/10 19:29:14 ET]
Table 'Muscida III' 6-max Seat #6 is the button
Seat 1: Zvst ($38.50 in chips) 
Seat 2: app1e_j@ck ($100 in chips) 
Seat 3: Unipoker11 ($135.42 in chips) 
Seat 4: andutu34 ($100.55 in chips) 
Seat 5: Greidoide ($23.05 in chips) 
Seat 6: Paramede1338 ($37.47 in chips) 
Zvst: posts small blind $0.50
app1e_j@ck: posts big blind $1
*** HOLE CARDS ***
Unipoker11: folds 
andutu34: folds 
Greidoide: folds 
Paramede1338: calls $1
Zvst: folds 
app1e_j@ck: checks 
*** FLOP *** [5d 5h 9h]
app1e_j@ck: checks 
Paramede1338: bets $3
app1e_j@ck: calls $3
*** TURN *** [5d 5h 9h] [Js]
app1e_j@ck: checks 
Paramede1338: bets $3
app1e_j@ck: calls $3
*** RIVER *** [5d 5h 9h Js] [Kc]
app1e_j@ck: bets $10.34
Paramede1338: folds 
Uncalled bet ($10.34) returned to app1e_j@ck
app1e_j@ck collected $13.78 from pot
app1e_j@ck: doesn't show hand 
*** SUMMARY ***
Total pot $14.50 | Rake $0.72 
Board [5d 5h 9h Js Kc]
Seat 1: Zvst (small blind) folded before Flop
Seat 2: app1e_j@ck (big blind) collected ($13.78)
Seat 3: Unipoker11 folded before Flop (didn't bet)
Seat 4: andutu34 folded before Flop (didn't bet)
Seat 5: Greidoide folded before Flop (didn't bet)
Seat 6: Paramede1338 (button) folded on the River



PokerStars Hand #254305242263:  Hold'em No Limit ($0.50/$1.00 USD) - 2025/01/10 0:30:56 WET [2025/01/10 19:30:56 ET]
Table 'Muscida III' 6-max Seat #1 is the button
Seat 1: Zvst ($38 in chips) 
Seat 2: app1e_j@ck ($106.78 in chips) 
Seat 3: Unipoker11 ($135.42 in chips) 
Seat 4: andutu34 ($100.55 in chips) 
Seat 5: Greidoide ($23.05 in chips) 
Seat 6: Paramede1338 ($30.47 in chips) 
app1e_j@ck: posts small blind $0.50
Unipoker11: posts big blind $1
*** HOLE CARDS ***
andutu34: folds 
Greidoide: calls $1
Paramede1338: calls $1
Zvst: folds 
app1e_j@ck: folds 
Unipoker11: raises $4 to $5
Greidoide: calls $4
Paramede1338: folds 
*** FLOP *** [2s 9s Kd]
Unipoker11: checks 
Greidoide: bets $5.46
Unipoker11: calls $5.46
*** TURN *** [2s 9s Kd] [8s]
Unipoker11: checks 
Greidoide: bets $12.59 and is all-in
Unipoker11: calls $12.59
*** RIVER *** [2s 9s Kd 8s] [2h]
*** SHOW DOWN ***
Unipoker11: shows [As Jh] (a pair of Deuces)
Greidoide: shows [Qs 5s] (a flush, Queen high)
Greidoide collected $45.22 from pot
*** SUMMARY ***
Total pot $47.60 | Rake $2.38 
Board [2s 9s Kd 8s 2h]
Seat 1: Zvst (button) folded before Flop (didn't bet)
Seat 2: app1e_j@ck (small blind) folded before Flop
Seat 3: Unipoker11 (big blind) showed [As Jh] and lost with a pair of Deuces
Seat 4: andutu34 folded before Flop (didn't bet)
Seat 5: Greidoide showed [Qs 5s] and won ($45.22) with a flush, Queen high
Seat 6: Paramede1338 folded before Flop



PokerStars Hand #254305263885:  Hold'em No Limit ($0.50/$1.00 USD) - 2025/01/10 0:32:26 WET [2025/01/10 19:32:26 ET]
Table 'Muscida III' 6-max Seat #2 is the button
Seat 1: Zvst ($38 in chips) 
Seat 2: app1e_j@ck ($106.28 in chips) 
Seat 3: Unipoker11 ($112.37 in chips) 
Seat 4: andutu34 ($100.55 in chips) 
Seat 5: Greidoide ($45.22 in chips) 
Seat 6: Paramede1338 ($29.47 in chips) 
Unipoker11: posts small blind $0.50
andutu34: posts big blind $1
*** HOLE CARDS ***
Greidoide: folds 
Paramede1338: folds 
Zvst: folds 
app1e_j@ck: folds 
Unipoker11: folds 
Uncalled bet ($0.50) returned to andutu34
andutu34 collected $1 from pot
andutu34: doesn't show hand 
*** SUMMARY ***
Total pot $1 | Rake $0 
Seat 1: Zvst folded before Flop (didn't bet)
Seat 2: app1e_j@ck (button) folded before Flop (didn't bet)
Seat 3: Unipoker11 (small blind) folded before Flop
Seat 4: andutu34 (big blind) collected ($1)
Seat 5: Greidoide folded before Flop (didn't bet)
Seat 6: Paramede1338 folded before Flop (didn't bet)



PokerStars Hand #254305267835:  Hold'em No Limit ($0.50/$1.00 USD) - 2025/01/10 0:32:42 WET [2025/01/10 19:32:42 ET]
Table 'Muscida III' 6-max Seat #3 is the button
Seat 1: Zvst ($38 in chips) 
Seat 2: app1e_j@ck ($106.28 in chips) 
Seat 3: Unipoker11 ($111.87 in chips) 
Seat 4: andutu34 ($101.05 in chips) 
Seat 5: Greidoide ($45.22 in chips) 
Seat 6: Paramede1338 ($29.47 in chips) 
andutu34: posts small blind $0.50
Greidoide: posts big blind $1
*** HOLE CARDS ***
Paramede1338: calls $1
Zvst: folds 
app1e_j@ck: raises $3.50 to $4.50
Unipoker11: raises $7.50 to $12
andutu34: folds 
Greidoide: folds 
Paramede1338: calls $11
app1e_j@ck: folds 
*** FLOP *** [8c 2h 3h]
Paramede1338: bets $17.47 and is all-in
Unipoker11: calls $17.47
*** TURN *** [8c 2h 3h] [6h]
*** RIVER *** [8c 2h 3h 6h] [Kh]
*** SHOW DOWN ***
Paramede1338: shows [9s As] (high card Ace)
Unipoker11: shows [Qh Qc] (a flush, King high)
Unipoker11 collected $62.44 from pot
*** SUMMARY ***
Total pot $64.94 | Rake $2.50 
Board [8c 2h 3h 6h Kh]
Seat 1: Zvst folded before Flop (didn't bet)
Seat 2: app1e_j@ck folded before Flop
Seat 3: Unipoker11 (button) showed [Qh Qc] and won ($62.44) with a flush, King high
Seat 4: andutu34 (small blind) folded before Flop
Seat 5: Greidoide (big blind) folded before Flop
Seat 6: Paramede1338 showed [9s As] and lost with high card Ace



PokerStars Hand #254305284223:  Hold'em No Limit ($0.50/$1.00 USD) - 2025/01/10 0:33:50 WET [2025/01/10 19:33:50 ET]
Table 'Muscida III' 6-max Seat #4 is the button
Seat 6: Paramede1338 ($0 in chips) is sitting out
Seat 1: Zvst ($38 in chips) 
Seat 2: app1e_j@ck ($101.78 in chips) 
Seat 3: Unipoker11 ($144.84 in chips) 
Seat 4: andutu34 ($100.55 in chips) 
Seat 5: Greidoide ($44.22 in chips) 
Greidoide: posts small blind $0.50
Zvst: posts big blind $1
*** HOLE CARDS ***
app1e_j@ck: folds 
Unipoker11: folds 
andutu34: raises $1.49 to $2.49
Greidoide: calls $1.99
Zvst: raises $8.47 to $10.96
andutu34: folds 
Greidoide: folds 
Uncalled bet ($8.47) returned to Zvst
Zvst collected $7.47 from pot
Zvst: doesn't show hand 
*** SUMMARY ***
Total pot $7.47 | Rake $0 
Seat 6: Paramede1338
Seat 1: Zvst (big blind) collected ($7.47)
Seat 2: app1e_j@ck folded before Flop (didn't bet)
Seat 3: Unipoker11 folded before Flop (didn't bet)
Seat 4: andutu34 (button) folded before Flop
Seat 5: Greidoide (small blind) folded before Flop



PokerStars Hand #254305293926:  Hold'em No Limit ($0.50/$1.00 USD) - 2025/01/10 0:34:30 WET [2025/01/10 19:34:30 ET]
Table 'Muscida III' 6-max Seat #5 is the button
Seat 6: Paramede1338 ($0 in chips) is sitting out
Seat 1: Zvst ($42.98 in chips) 
Seat 2: app1e_j@ck ($101.78 in chips) 
Seat 3: Unipoker11 ($144.84 in chips) 
Seat 4: andutu34 ($100 in chips) 
Seat 5: Greidoide ($41.73 in chips) 
Zvst: posts small blind $0.50
app1e_j@ck: posts big blind $1
*** HOLE CARDS ***
Unipoker11: folds 
andutu34: folds 
Greidoide: folds 
Zvst: raises $1.50 to $2.50
app1e_j@ck: folds 
Uncalled bet ($1.50) returned to Zvst
Zvst collected $2 from pot
Zvst: doesn't show hand 
*** SUMMARY ***
Total pot $2 | Rake $0 
Seat 6: Paramede1338
Seat 1: Zvst (small blind) collected ($2)
Seat 2: app1e_j@ck (big blind) folded before Flop
Seat 3: Unipoker11 folded before Flop (didn't bet)
Seat 4: andutu34 folded before Flop (didn't bet)
Seat 5: Greidoide (button) folded before Flop (didn't bet)



PokerStars Hand #254305299286:  Hold'em No Limit ($0.50/$1.00 USD) - 2025/01/10 0:34:52 WET [2025/01/10 19:34:52 ET]
Table 'Muscida III' 6-max Seat #1 is the button
Seat 3: Unipoker11 ($144.84 in chips) is sitting out
Seat 6: Paramede1338 ($0 in chips) is sitting out
Seat 1: Zvst ($43.98 in chips) 
Seat 2: app1e_j@ck ($100.78 in chips) 
Seat 4: andutu34 ($100 in chips) 
Seat 5: Greidoide ($41.73 in chips) 
app1e_j@ck: posts small blind $0.50
Unipoker11: is sitting out 
andutu34: posts big blind $1
*** HOLE CARDS ***
Unipoker11 leaves the table
Greidoide: calls $1
Zvst: folds 
app1e_j@ck: folds 
andutu34: checks 
*** FLOP *** [3d Ts 5c]
andutu34: checks 
Greidoide: checks 
*** TURN *** [3d Ts 5c] [Jd]
andutu34: bets $2
Greidoide: folds 
Uncalled bet ($2) returned to andutu34
andutu34 collected $2.38 from pot
andutu34: doesn't show hand 
*** SUMMARY ***
Total pot $2.50 | Rake $0.12 
Board [3d Ts 5c Jd]
Seat 3: Unipoker11
Seat 6: Paramede1338
Seat 1: Zvst (button) folded before Flop (didn't bet)
Seat 2: app1e_j@ck (small blind) folded before Flop
Seat 4: andutu34 (big blind) collected ($2.38)
Seat 5: Greidoide folded on the Turn



PokerStars Hand #254305307006:  Hold'em No Limit ($0.50/$1.00 USD) - 2025/01/10 0:35:25 WET [2025/01/10 19:35:25 ET]
Table 'Muscida III' 6-max Seat #2 is the button
Seat 6: Paramede1338 ($0 in chips) is sitting out
Seat 1: Zvst ($43.98 in chips) 
Seat 2: app1e_j@ck ($100.28 in chips) 
Seat 4: andutu34 ($101.38 in chips) 
Seat 5: Greidoide ($40.73 in chips) 
andutu34: posts small blind $0.50
Greidoide: posts big blind $1
*** HOLE CARDS ***
LuckyShikari joins the table at seat #3 
Zvst: folds 
app1e_j@ck: raises $1.50 to $2.50
andutu34: folds 
Greidoide: calls $1.50
*** FLOP *** [Th 2h Jc]
Greidoide: bets $2.61
app1e_j@ck: folds 
Uncalled bet ($2.61) returned to Greidoide
Greidoide collected $5.22 from pot
*** SUMMARY ***
Total pot $5.50 | Rake $0.28 
Board [Th 2h Jc]
Seat 6: Paramede1338
Seat 1: Zvst folded before Flop (didn't bet)
Seat 2: app1e_j@ck (button) folded on the Flop
Seat 4: andutu34 (small blind) folded before Flop
Seat 5: Greidoide (big blind) collected ($5.22)



PokerStars Hand #254305312464:  Hold'em No Limit ($0.50/$1.00 USD) - 2025/01/10 0:35:47 WET [2025/01/10 19:35:47 ET]
Table 'Muscida III' 6-max Seat #4 is the button
Seat 3: LuckyShikari ($100 in chips) is sitting out
Seat 6: Paramede1338 ($0 in chips) is sitting out
Seat 1: Zvst ($43.98 in chips) 
Seat 2: app1e_j@ck ($100 in chips) 
Seat 4: andutu34 ($100.88 in chips) 
Seat 5: Greidoide ($43.45 in chips) 
Greidoide: posts small blind $0.50
Zvst: posts big blind $1
LuckyShikari: sits out 
*** HOLE CARDS ***
app1e_j@ck: folds 
andutu34: folds 
Greidoide: calls $0.50
Zvst: checks 
*** FLOP *** [8d Qd 8h]
Greidoide: checks 
Zvst: checks 
*** TURN *** [8d Qd 8h] [9h]
Greidoide: checks 
Zvst: checks 
*** RIVER *** [8d Qd 8h 9h] [Qc]
Greidoide: bets $10
Zvst: folds 
Uncalled bet ($10) returned to Greidoide
Greidoide collected $1.90 from pot
*** SUMMARY ***
Total pot $2 | Rake $0.10 
Board [8d Qd 8h 9h Qc]
Seat 3: LuckyShikari
Seat 6: Paramede1338
Seat 1: Zvst (big blind) folded on the River
Seat 2: app1e_j@ck folded before Flop (didn't bet)
Seat 4: andutu34 (button) folded before Flop (didn't bet)
Seat 5: Greidoide (small blind) collected ($1.90)



PokerStars Hand #254305323388:  Hold'em No Limit ($0.50/$1.00 USD) - 2025/01/10 0:36:33 WET [2025/01/10 19:36:33 ET]
Table 'Muscida III' 6-max Seat #5 is the button
Seat 3: LuckyShikari ($100 in chips) is sitting out
Seat 6: Paramede1338 ($0 in chips) is sitting out
Seat 1: Zvst ($42.98 in chips) 
Seat 2: app1e_j@ck ($100 in chips) 
Seat 4: andutu34 ($100.88 in chips) 
Seat 5: Greidoide ($44.35 in chips) 
Zvst: posts small blind $0.50
app1e_j@ck: posts big blind $1
LuckyShikari: sits out 
*** HOLE CARDS ***
andutu34: folds 
Greidoide: folds 
Zvst: raises $2 to $3
app1e_j@ck: raises $6 to $9
Zvst: folds 
Uncalled bet ($6) returned to app1e_j@ck
app1e_j@ck collected $6 from pot
app1e_j@ck: doesn't show hand 
*** SUMMARY ***
Total pot $6 | Rake $0 
Seat 3: LuckyShikari
Seat 6: Paramede1338
Seat 1: Zvst (small blind) folded before Flop
Seat 2: app1e_j@ck (big blind) collected ($6)
Seat 4: andutu34 folded before Flop (didn't bet)
Seat 5: Greidoide (button) folded before Flop (didn't bet)



PokerStars Hand #254305329226:  Hold'em No Limit ($0.50/$1.00 USD) - 2025/01/10 0:36:58 WET [2025/01/10 19:36:58 ET]
Table 'Muscida III' 6-max Seat #1 is the button
Seat 6: Paramede1338 ($0 in chips) is sitting out
Seat 1: Zvst ($39.98 in chips) 
Seat 2: app1e_j@ck ($103 in chips) 
Seat 3: LuckyShikari ($100 in chips) 
Seat 4: andutu34 ($100.88 in chips) 
Seat 5: Greidoide ($44.35 in chips) 
app1e_j@ck: posts small blind $0.50
LuckyShikari: posts big blind $1
*** HOLE CARDS ***
andutu34: folds 
Greidoide: folds 
Zvst: folds 
app1e_j@ck: raises $2 to $3
LuckyShikari: raises $6 to $9
andutu34 leaves the table
app1e_j@ck: folds 
Uncalled bet ($6) returned to LuckyShikari
LuckyShikari collected $6 from pot
LuckyShikari: doesn't show hand 
*** SUMMARY ***
Total pot $6 | Rake $0 
Seat 6: Paramede1338
Seat 1: Zvst (button) folded before Flop (didn't bet)
Seat 2: app1e_j@ck (small blind) folded before Flop
Seat 3: LuckyShikari (big blind) collected ($6)
Seat 4: andutu34 folded before Flop (didn't bet)
Seat 5: Greidoide folded before Flop (didn't bet)



PokerStars Hand #254305336358:  Hold'em No Limit ($0.50/$1.00 USD) - 2025/01/10 0:37:27 WET [2025/01/10 19:37:27 ET]
Table 'Muscida III' 6-max Seat #2 is the button
Seat 6: Paramede1338 ($0 in chips) is sitting out
Seat 1: Zvst ($39.98 in chips) 
Seat 2: app1e_j@ck ($100 in chips) 
Seat 3: LuckyShikari ($103 in chips) 
Seat 5: Greidoide ($44.35 in chips) 
LuckyShikari: posts small blind $0.50
Greidoide: posts big blind $1
*** HOLE CARDS ***
Zvst: folds 
app1e_j@ck: raises $1.50 to $2.50
LuckyShikari: folds 
Greidoide: raises $1.50 to $4
Nazareno1999 joins the table at seat #4 
app1e_j@ck: calls $1.50
*** FLOP *** [Qd 7s 4d]
Greidoide: checks 
app1e_j@ck: checks 
*** TURN *** [Qd 7s 4d] [Kh]
Greidoide: checks 
app1e_j@ck: checks 
*** RIVER *** [Qd 7s 4d Kh] [Tc]
Greidoide: bets $4.04
app1e_j@ck: calls $4.04
*** SHOW DOWN ***
Greidoide: shows [Kc As] (a pair of Kings)
app1e_j@ck: mucks hand 
Greidoide collected $15.75 from pot
*** SUMMARY ***
Total pot $16.58 | Rake $0.83 
Board [Qd 7s 4d Kh Tc]
Seat 6: Paramede1338
Seat 1: Zvst folded before Flop (didn't bet)
Seat 2: app1e_j@ck (button) mucked
Seat 3: LuckyShikari (small blind) folded before Flop
Seat 5: Greidoide (big blind) showed [Kc As] and won ($15.75) with a pair of Kings



PokerStars Hand #254305346612:  Hold'em No Limit ($0.50/$1.00 USD) - 2025/01/10 0:38:10 WET [2025/01/10 19:38:10 ET]
Table 'Muscida III' 6-max Seat #3 is the button
Seat 4: Nazareno1999 ($100 in chips) is sitting out
Seat 6: Paramede1338 ($0 in chips) is sitting out
Seat 1: Zvst ($39.98 in chips) 
Seat 2: app1e_j@ck ($100 in chips) 
Seat 3: LuckyShikari ($102.50 in chips) 
Seat 5: Greidoide ($52.06 in chips) 
Greidoide: posts small blind $0.50
Zvst: posts big blind $1
*** HOLE CARDS ***
app1e_j@ck: raises $1.50 to $2.50
LuckyShikari: folds 
Greidoide: folds 
Zvst: calls $1.50
*** FLOP *** [3s As Jh]
Zvst: checks 
app1e_j@ck: checks 
*** TURN *** [3s As Jh] [Qh]
Zvst: checks 
app1e_j@ck: checks 
*** RIVER *** [3s As Jh Qh] [6d]
Zvst: checks 
app1e_j@ck: checks 
*** SHOW DOWN ***
Zvst: shows [Td Qd] (a pair of Queens)
app1e_j@ck: mucks hand 
Zvst collected $5.22 from pot
*** SUMMARY ***
Total pot $5.50 | Rake $0.28 
Board [3s As Jh Qh 6d]
Seat 4: Nazareno1999
Seat 6: Paramede1338
Seat 1: Zvst (big blind) showed [Td Qd] and won ($5.22) with a pair of Queens
Seat 2: app1e_j@ck mucked
Seat 3: LuckyShikari (button) folded before Flop (didn't bet)
Seat 5: Greidoide (small blind) folded before Flop



PokerStars Hand #254305356027:  Hold'em No Limit ($0.50/$1.00 USD) - 2025/01/10 0:38:50 WET [2025/01/10 19:38:50 ET]
Table 'Muscida III' 6-max Seat #5 is the button
Seat 4: Nazareno1999 ($100 in chips) is sitting out
Seat 6: Paramede1338 ($0 in chips) is sitting out
Seat 1: Zvst ($42.70 in chips) 
Seat 2: app1e_j@ck ($100 in chips) 
Seat 3: LuckyShikari ($102.50 in chips) 
Seat 5: Greidoide ($51.56 in chips) 
Zvst: posts small blind $0.50
app1e_j@ck: posts big blind $1
Nazareno1999: sits out 
*** HOLE CARDS ***
LuckyShikari: folds 
Greidoide: calls $1
Zvst: folds 
app1e_j@ck: checks 
*** FLOP *** [Ks 4d 3d]
app1e_j@ck: checks 
Greidoide: checks 
*** TURN *** [Ks 4d 3d] [Td]
app1e_j@ck: checks 
Greidoide: checks 
*** RIVER *** [Ks 4d 3d Td] [7d]
app1e_j@ck: checks 
Greidoide: bets $1
app1e_j@ck: calls $1
*** SHOW DOWN ***
Greidoide: shows [9h Ad] (a flush, Ace high)
app1e_j@ck: mucks hand 
Greidoide collected $4.28 from pot
*** SUMMARY ***
Total pot $4.50 | Rake $0.22 
Board [Ks 4d 3d Td 7d]
Seat 4: Nazareno1999
Seat 6: Paramede1338
Seat 1: Zvst (small blind) folded before Flop
Seat 2: app1e_j@ck (big blind) mucked
Seat 3: LuckyShikari folded before Flop (didn't bet)
Seat 5: Greidoide (button) showed [9h Ad] and won ($4.28) with a flush, Ace high



PokerStars Hand #254305366077:  Hold'em No Limit ($0.50/$1.00 USD) - 2025/01/10 0:39:32 WET [2025/01/10 19:39:32 ET]
Table 'Muscida III' 6-max Seat #1 is the button
Seat 4: Nazareno1999 ($100 in chips) is sitting out
Seat 6: Paramede1338 ($0 in chips) is sitting out
Seat 1: Zvst ($42.20 in chips) 
Seat 2: app1e_j@ck ($100 in chips) 
Seat 3: LuckyShikari ($102.50 in chips) 
Seat 5: Greidoide ($53.84 in chips) 
app1e_j@ck: posts small blind $0.50
LuckyShikari: posts big blind $1
Nazareno1999: sits out 
*** HOLE CARDS ***
Greidoide: calls $1
Zvst: raises $2.50 to $3.50
app1e_j@ck: calls $3
LuckyShikari: folds 
Greidoide: folds 
*** FLOP *** [6d Jh 8c]
app1e_j@ck: bets $2.82
Zvst: folds 
Uncalled bet ($2.82) returned to app1e_j@ck
app1e_j@ck collected $8.55 from pot
app1e_j@ck: doesn't show hand 
*** SUMMARY ***
Total pot $9 | Rake $0.45 
Board [6d Jh 8c]
Seat 4: Nazareno1999
Seat 6: Paramede1338
Seat 1: Zvst (button) folded on the Flop
Seat 2: app1e_j@ck (small blind) collected ($8.55)
Seat 3: LuckyShikari (big blind) folded before Flop
Seat 5: Greidoide folded before Flop



PokerStars Hand #254305375846:  Hold'em No Limit ($0.50/$1.00 USD) - 2025/01/10 0:40:14 WET [2025/01/10 19:40:14 ET]
Table 'Muscida III' 6-max Seat #2 is the button
Seat 6: Paramede1338 ($0 in chips) is sitting out
Seat 1: Zvst ($38.70 in chips) 
Seat 2: app1e_j@ck ($105.05 in chips) 
Seat 3: LuckyShikari ($101.50 in chips) 
Seat 4: Nazareno1999 ($100 in chips) 
Seat 5: Greidoide ($52.84 in chips) 
LuckyShikari: posts small blind $0.50
Nazareno1999: posts big blind $1
*** HOLE CARDS ***
Greidoide: calls $1
Zvst: folds 
app1e_j@ck: folds 
LuckyShikari: folds 
Nazareno1999: checks 
*** FLOP *** [8s 7c 3d]
Nazareno1999: checks 
Greidoide: bets $2.38
Nazareno1999: raises $4.12 to $6.50
Greidoide: calls $4.12
*** TURN *** [8s 7c 3d] [3s]
Nazareno1999: bets $4.86
Greidoide: raises $4.86 to $9.72
Nazareno1999: calls $4.86
*** RIVER *** [8s 7c 3d 3s] [6c]
Nazareno1999: checks 
Greidoide: bets $1
Nazareno1999: folds 
Uncalled bet ($1) returned to Greidoide
Greidoide collected $33.19 from pot
*** SUMMARY ***
Total pot $34.94 | Rake $1.75 
Board [8s 7c 3d 3s 6c]
Seat 6: Paramede1338
Seat 1: Zvst folded before Flop (didn't bet)
Seat 2: app1e_j@ck (button) folded before Flop (didn't bet)
Seat 3: LuckyShikari (small blind) folded before Flop
Seat 4: Nazareno1999 (big blind) folded on the River
Seat 5: Greidoide collected ($33.19)



PokerStars Hand #254305393933:  Hold'em No Limit ($0.50/$1.00 USD) - 2025/01/10 0:41:31 WET [2025/01/10 19:41:31 ET]
Table 'Muscida III' 6-max Seat #3 is the button
Seat 6: Paramede1338 ($0 in chips) is sitting out
Seat 1: Zvst ($38.70 in chips) 
Seat 2: app1e_j@ck ($105.05 in chips) 
Seat 3: LuckyShikari ($101 in chips) 
Seat 4: Nazareno1999 ($100 in chips) 
Seat 5: Greidoide ($68.81 in chips) 
Nazareno1999: posts small blind $0.50
Greidoide: posts big blind $1
*** HOLE CARDS ***
Zvst: folds 
app1e_j@ck: raises $1.50 to $2.50
LuckyShikari: raises $6.50 to $9
Nazareno1999: folds 
Greidoide: folds 
app1e_j@ck: folds 
Uncalled bet ($6.50) returned to LuckyShikari
LuckyShikari collected $6.50 from pot
LuckyShikari: doesn't show hand 
*** SUMMARY ***
Total pot $6.50 | Rake $0 
Seat 6: Paramede1338
Seat 1: Zvst folded before Flop (didn't bet)
Seat 2: app1e_j@ck folded before Flop
Seat 3: LuckyShikari (button) collected ($6.50)
Seat 4: Nazareno1999 (small blind) folded before Flop
Seat 5: Greidoide (big blind) folded before Flop



PokerStars Hand #254305399929:  Hold'em No Limit ($0.50/$1.00 USD) - 2025/01/10 0:41:57 WET [2025/01/10 19:41:57 ET]
Table 'Muscida III' 6-max Seat #4 is the button
Seat 6: Paramede1338 ($0 in chips) is sitting out
Seat 1: Zvst ($38.70 in chips) 
Seat 2: app1e_j@ck ($102.55 in chips) 
Seat 3: LuckyShikari ($105 in chips) 
Seat 4: Nazareno1999 ($100 in chips) 
Seat 5: Greidoide ($67.81 in chips) 
Greidoide: posts small blind $0.50
Zvst: posts big blind $1
*** HOLE CARDS ***
app1e_j@ck: folds 
LuckyShikari: raises $1.50 to $2.50
Nazareno1999: folds 
Greidoide: folds 
Zvst: folds 
Uncalled bet ($1.50) returned to LuckyShikari
LuckyShikari collected $2.50 from pot
Paramede1338 leaves the table
LuckyShikari: doesn't show hand 
*** SUMMARY ***
Total pot $2.50 | Rake $0 
Seat 6: Paramede1338
Seat 1: Zvst (big blind) folded before Flop
Seat 2: app1e_j@ck folded before Flop (didn't bet)
Seat 3: LuckyShikari collected ($2.50)
Seat 4: Nazareno1999 (button) folded before Flop (didn't bet)
Seat 5: Greidoide (small blind) folded before Flop



PokerStars Hand #254305404519:  Hold'em No Limit ($0.50/$1.00 USD) - 2025/01/10 0:42:17 WET [2025/01/10 19:42:17 ET]
Table 'Muscida III' 6-max Seat #5 is the button
Seat 1: Zvst ($37.70 in chips) 
Seat 2: app1e_j@ck ($102.55 in chips) 
Seat 3: LuckyShikari ($106.50 in chips) 
Seat 4: Nazareno1999 ($100 in chips) 
Seat 5: Greidoide ($67.31 in chips) 
Zvst: posts small blind $0.50
app1e_j@ck: posts big blind $1
*** HOLE CARDS ***
LuckyShikari: raises $1.50 to $2.50
Nazareno1999: folds 
Greidoide: calls $2.50
Zvst: folds 
app1e_j@ck: folds 
*** FLOP *** [4h 3c 8d]
Joker007r joins the table at seat #6 
LuckyShikari: bets $2.50
Greidoide: raises $2.50 to $5
LuckyShikari: calls $2.50
*** TURN *** [4h 3c 8d] [2h]
LuckyShikari: checks 
Greidoide: bets $1
LuckyShikari: raises $17.68 to $18.68
Greidoide: calls $17.68
*** RIVER *** [4h 3c 8d 2h] [Ah]
LuckyShikari: bets $51.36
Greidoide: folds 
Uncalled bet ($51.36) returned to LuckyShikari
LuckyShikari collected $51.36 from pot
LuckyShikari: doesn't show hand 
*** SUMMARY ***
Total pot $53.86 | Rake $2.50 
Board [4h 3c 8d 2h Ah]
Seat 1: Zvst (small blind) folded before Flop
Seat 2: app1e_j@ck (big blind) folded before Flop
Seat 3: LuckyShikari collected ($51.36)
Seat 4: Nazareno1999 folded before Flop (didn't bet)
Seat 5: Greidoide (button) folded on the River



PokerStars Hand #254305415089:  Hold'em No Limit ($0.50/$1.00 USD) - 2025/01/10 0:43:02 WET [2025/01/10 19:43:02 ET]
Table 'Muscida III' 6-max Seat #1 is the button
Seat 6: Joker007r ($100 in chips) is sitting out
Seat 1: Zvst ($37.20 in chips) 
Seat 2: app1e_j@ck ($101.55 in chips) 
Seat 3: LuckyShikari ($131.68 in chips) 
Seat 4: Nazareno1999 ($100 in chips) 
Seat 5: Greidoide ($41.13 in chips) 
app1e_j@ck: posts small blind $0.50
LuckyShikari: posts big blind $1
Joker007r: sits out 
*** HOLE CARDS ***
Nazareno1999: folds 
Greidoide: calls $1
Zvst: folds 
app1e_j@ck: folds 
LuckyShikari: checks 
*** FLOP *** [Ks 9h 7c]
LuckyShikari: bets $1
Greidoide: raises $1 to $2
LuckyShikari: calls $1
*** TURN *** [Ks 9h 7c] [Qs]
LuckyShikari: bets $2.50
Greidoide: raises $2.50 to $5
LuckyShikari: raises $38.50 to $43.50
Greidoide: calls $33.13 and is all-in
Uncalled bet ($5.37) returned to LuckyShikari
*** RIVER *** [Ks 9h 7c Qs] [2h]
*** SHOW DOWN ***
LuckyShikari: shows [Qd 9c] (two pair, Queens and Nines)
Greidoide: shows [Kc 8h] (a pair of Kings)
LuckyShikari collected $80.26 from pot
*** SUMMARY ***
Total pot $82.76 | Rake $2.50 
Board [Ks 9h 7c Qs 2h]
Seat 6: Joker007r
Seat 1: Zvst (button) folded before Flop (didn't bet)
Seat 2: app1e_j@ck (small blind) folded before Flop
Seat 3: LuckyShikari (big blind) showed [Qd 9c] and won ($80.26) with two pair, Queens and Nines
Seat 4: Nazareno1999 folded before Flop (didn't bet)
Seat 5: Greidoide showed [Kc 8h] and lost with a pair of Kings



PokerStars Hand #254305427960:  Hold'em No Limit ($0.50/$1.00 USD) - 2025/01/10 0:43:57 WET [2025/01/10 19:43:57 ET]
Table 'Muscida III' 6-max Seat #2 is the button
Seat 5: Greidoide ($0 in chips) is sitting out
Seat 6: Joker007r ($100 in chips) is sitting out
Seat 1: Zvst ($37.20 in chips) 
Seat 2: app1e_j@ck ($101.05 in chips) 
Seat 3: LuckyShikari ($170.81 in chips) 
Seat 4: Nazareno1999 ($100 in chips) 
LuckyShikari: posts small blind $0.50
Nazareno1999: posts big blind $1
Joker007r: sits out 
*** HOLE CARDS ***
Zvst: folds 
app1e_j@ck: folds 
Greidoide is disconnected 
LuckyShikari: raises $1.50 to $2.50
Nazareno1999: folds 
Uncalled bet ($1.50) returned to LuckyShikari
LuckyShikari collected $2 from pot
LuckyShikari: doesn't show hand 
*** SUMMARY ***
Total pot $2 | Rake $0 
Seat 5: Greidoide
Seat 6: Joker007r
Seat 1: Zvst folded before Flop (didn't bet)
Seat 2: app1e_j@ck (button) folded before Flop (didn't bet)
Seat 3: LuckyShikari (small blind) collected ($2)
Seat 4: Nazareno1999 (big blind) folded before Flop



PokerStars Hand #254305431804:  Hold'em No Limit ($0.50/$1.00 USD) - 2025/01/10 0:44:13 WET [2025/01/10 19:44:13 ET]
Table 'Muscida III' 6-max Seat #3 is the button
Seat 5: Greidoide ($0 in chips) is sitting out
Seat 1: Zvst ($37.20 in chips) 
Seat 2: app1e_j@ck ($101.05 in chips) 
Seat 3: LuckyShikari ($171.81 in chips) 
Seat 4: Nazareno1999 ($100 in chips) 
Seat 6: Joker007r ($100 in chips) 
Nazareno1999: posts small blind $0.50
Joker007r: posts big blind $1
*** HOLE CARDS ***
Zvst: folds 
app1e_j@ck: raises $1.50 to $2.50
LuckyShikari: folds 
Nazareno1999: folds 
Joker007r: folds 
Uncalled bet ($1.50) returned to app1e_j@ck
app1e_j@ck collected $2.50 from pot
app1e_j@ck: doesn't show hand 
*** SUMMARY ***
Total pot $2.50 | Rake $0 
Seat 5: Greidoide
Seat 1: Zvst folded before Flop (didn't bet)
Seat 2: app1e_j@ck collected ($2.50)
Seat 3: LuckyShikari (button) folded before Flop (didn't bet)
Seat 4: Nazareno1999 (small blind) folded before Flop
Seat 6: Joker007r (big blind) folded before Flop



PokerStars Hand #254305438471:  Hold'em No Limit ($0.50/$1.00 USD) - 2025/01/10 0:44:42 WET [2025/01/10 19:44:42 ET]
Table 'Muscida III' 6-max Seat #4 is the button
Seat 5: Greidoide ($0 in chips) is sitting out
Seat 1: Zvst ($37.20 in chips) 
Seat 2: app1e_j@ck ($102.55 in chips) 
Seat 3: LuckyShikari ($171.81 in chips) 
Seat 4: Nazareno1999 ($100 in chips) 
Seat 6: Joker007r ($100 in chips) 
Joker007r: posts small blind $0.50
Zvst: posts big blind $1
*** HOLE CARDS ***
app1e_j@ck: folds 
LuckyShikari: raises $1.50 to $2.50
Nazareno1999: folds 
Joker007r: raises $8.50 to $11
Zvst: folds 
LuckyShikari: calls $8.50
*** FLOP *** [2s 3h Qc]
Joker007r: checks 
LuckyShikari: bets $15
Joker007r: folds 
Uncalled bet ($15) returned to LuckyShikari
LuckyShikari collected $21.85 from pot
LuckyShikari: doesn't show hand 
*** SUMMARY ***
Total pot $23 | Rake $1.15 
Board [2s 3h Qc]
Seat 5: Greidoide
Seat 1: Zvst (big blind) folded before Flop
Seat 2: app1e_j@ck folded before Flop (didn't bet)
Seat 3: LuckyShikari collected ($21.85)
Seat 4: Nazareno1999 (button) folded before Flop (didn't bet)
Seat 6: Joker007r (small blind) folded on the Flop



PokerStars Hand #254305446943:  Hold'em No Limit ($0.50/$1.00 USD) - 2025/01/10 0:45:18 WET [2025/01/10 19:45:18 ET]
Table 'Muscida III' 6-max Seat #1 is the button
Seat 2: app1e_j@ck ($102.55 in chips) is sitting out
Seat 3: LuckyShikari ($182.66 in chips) is sitting out
Seat 4: Nazareno1999 ($100 in chips) is sitting out
Seat 5: Greidoide ($0 in chips) is sitting out
Seat 1: Zvst ($36.20 in chips) 
Seat 6: Joker007r ($100 in chips) 
Zvst: posts small blind $0.50
app1e_j@ck: is sitting out 
LuckyShikari: is sitting out 
Nazareno1999: is sitting out 
Joker007r: posts big blind $1
*** HOLE CARDS ***
Nazareno1999 leaves the table
Zvst: raises $1.50 to $2.50
LuckyShikari leaves the table
Joker007r: calls $1.50
*** FLOP *** [As Jh 2d]
app1e_j@ck leaves the table
Joker007r: checks 
Zvst: bets $3.17
Joker007r: calls $3.17
*** TURN *** [As Jh 2d] [7d]
Joker007r: checks 
Zvst: bets $7.18
Joker007r: calls $7.18
*** RIVER *** [As Jh 2d 7d] [5h]
Joker007r: checks 
Zvst: bets $23.35 and is all-in
Joker007r: calls $23.35
*** SHOW DOWN ***
Zvst: shows [Qd Ad] (a pair of Aces)
Joker007r: shows [Ah Th] (a pair of Aces - lower kicker)
Zvst collected $71.40 from pot
*** SUMMARY ***
Total pot $72.40 | Rake $1 
Board [As Jh 2d 7d 5h]
Seat 2: app1e_j@ck
Seat 3: LuckyShikari
Seat 4: Nazareno1999
Seat 5: Greidoide
Seat 1: Zvst (button) (small blind) showed [Qd Ad] and won ($71.40) with a pair of Aces
Seat 6: Joker007r (big blind) showed [Ah Th] and lost with a pair of Aces



PokerStars Hand #254305463363:  Hold'em No Limit ($0.50/$1.00 USD) - 2025/01/10 0:46:31 WET [2025/01/10 19:46:31 ET]
Table 'Muscida III' 6-max Seat #6 is the button
Seat 5: Greidoide ($0 in chips) is sitting out
Seat 1: Zvst ($71.40 in chips) 
Seat 6: Joker007r ($100 in chips) 
Joker007r: posts small blind $0.50
Zvst: posts big blind $1
*** HOLE CARDS ***
Joker007r: folds 
Uncalled bet ($0.50) returned to Zvst
Zvst collected $1 from pot
Zvst: doesn't show hand 
*** SUMMARY ***
Total pot $1 | Rake $0 
Seat 5: Greidoide
Seat 1: Zvst (big blind) collected ($1)
Seat 6: Joker007r (button) (small blind) folded before Flop



