PokerStars Hand #254296706860:  Hold'em No Limit ($0.50/$1.00 USD) - 2025/01/10 16:34:13 WET [2025/01/10 11:34:13 ET]
Table 'Xosa II' 6-max Seat #3 is the button
Seat 1: nastja336 ($100 in chips) is sitting out
Seat 2: Baruyo340 ($99.50 in chips) is sitting out
Seat 3: Evelexy1 ($100 in chips) 
Seat 4: mr.Jckpot ($100 in chips) 
Seat 5: Nicedaymybro ($100 in chips) 
Seat 6: Rysiff ($104.27 in chips) 
mr.Jckpot: posts small blind $0.50
Nicedaymybro: posts big blind $1
nastja336: sits out 
*** HOLE CARDS ***
Rysiff: raises $1.50 to $2.50
Evelexy1: folds 
mr.Jckpot: folds 
Nicedaymybro: folds 
Uncalled bet ($1.50) returned to Rysiff
Rysiff collected $2.50 from pot
Rysiff: doesn't show hand 
*** SUMMARY ***
Total pot $2.50 | Rake $0 
Seat 1: nastja336
Seat 2: Baruyo340
Seat 3: Evelexy1 (button) folded before Flop (didn't bet)
Seat 4: mr.Jckpot (small blind) folded before Flop
Seat 5: Nicedaymybro (big blind) folded before Flop
Seat 6: Rysiff collected ($2.50)



PokerStars Hand #254296709926:  Hold'em No Limit ($0.50/$1.00 USD) - 2025/01/10 16:34:25 WET [2025/01/10 11:34:25 ET]
Table 'Xosa II' 6-max Seat #4 is the button
Seat 2: Baruyo340 ($99.50 in chips) is sitting out
Seat 6: Rysiff ($105.77 in chips) is sitting out
Seat 1: nastja336 ($100 in chips) 
Seat 3: Evelexy1 ($100 in chips) 
Seat 4: mr.Jckpot ($100 in chips) 
Seat 5: Nicedaymybro ($100 in chips) 
Nicedaymybro: posts small blind $0.50
Rysiff: is sitting out 
nastja336: posts big blind $1
*** HOLE CARDS ***
Evelexy1: folds 
mr.Jckpot: folds 
Rysiff leaves the table
Nicedaymybro: raises $2 to $3
Baruyo340 leaves the table
Evelexy1 leaves the table
nastja336: calls $2
*** FLOP *** [5s 3c Tc]
Nicedaymybro: checks 
nastja336: checks 
*** TURN *** [5s 3c Tc] [7d]
Nicedaymybro: bets $2.85
nastja336: calls $2.85
*** RIVER *** [5s 3c Tc 7d] [5h]
Nicedaymybro: bets $7.33
nastja336: calls $7.33
*** SHOW DOWN ***
Nicedaymybro: shows [8h Th] (two pair, Tens and Fives)
nastja336: mucks hand 
Nicedaymybro collected $25.36 from pot
*** SUMMARY ***
Total pot $26.36 | Rake $1 
Board [5s 3c Tc 7d 5h]
Seat 2: Baruyo340
Seat 6: Rysiff
Seat 1: nastja336 (big blind) mucked
Seat 3: Evelexy1 folded before Flop (didn't bet)
Seat 4: mr.Jckpot (button) folded before Flop (didn't bet)
Seat 5: Nicedaymybro (small blind) showed [8h Th] and won ($25.36) with two pair, Tens and Fives



PokerStars Hand #254296722701:  Hold'em No Limit ($0.50/$1.00 USD) - 2025/01/10 16:35:14 WET [2025/01/10 11:35:14 ET]
Table 'Xosa II' 6-max Seat #5 is the button
Seat 1: nastja336 ($100 in chips) 
Seat 4: mr.Jckpot ($100 in chips) 
Seat 5: Nicedaymybro ($112.18 in chips) 
nastja336: posts small blind $0.50
mr.Jckpot: posts big blind $1
*** HOLE CARDS ***
Nicedaymybro: folds 
nastja336: folds 
Uncalled bet ($0.50) returned to mr.Jckpot
mr.Jckpot collected $1 from pot
mr.Jckpot: doesn't show hand 
*** SUMMARY ***
Total pot $1 | Rake $0 
Seat 1: nastja336 (small blind) folded before Flop
Seat 4: mr.Jckpot (big blind) collected ($1)
Seat 5: Nicedaymybro (button) folded before Flop (didn't bet)



PokerStars Hand #254296724535:  Hold'em No Limit ($0.50/$1.00 USD) - 2025/01/10 16:35:21 WET [2025/01/10 11:35:21 ET]
Table 'Xosa II' 6-max Seat #1 is the button
Seat 1: nastja336 ($100 in chips) 
Seat 4: mr.Jckpot ($100.50 in chips) 
Seat 5: Nicedaymybro ($112.18 in chips) 
mr.Jckpot: posts small blind $0.50
Nicedaymybro: posts big blind $1
*** HOLE CARDS ***
nastja336: folds 
nastja336 leaves the table
mr.Jckpot: raises $2 to $3
Nicedaymybro: raises $6 to $9
mr.Jckpot: calls $6
*** FLOP *** [Ad 8s 4s]
mr.Jckpot: checks 
Nicedaymybro: bets $5.64
mr.Jckpot: folds 
Uncalled bet ($5.64) returned to Nicedaymybro
Nicedaymybro collected $17.10 from pot
Nicedaymybro: doesn't show hand 
*** SUMMARY ***
Total pot $18 | Rake $0.90 
Board [Ad 8s 4s]
Seat 1: nastja336 (button) folded before Flop (didn't bet)
Seat 4: mr.Jckpot (small blind) folded on the Flop
Seat 5: Nicedaymybro (big blind) collected ($17.10)



PokerStars Hand #254297314838:  Hold'em No Limit ($0.50/$1.00 USD) - 2025/01/10 17:14:27 WET [2025/01/10 12:14:27 ET]
Table 'Xosa II' 6-max Seat #2 is the button
Seat 1: AIien Hand ($100 in chips) 
Seat 2: CichiChanMarian ($100 in chips) 
Seat 3: Zvst ($100 in chips) 
Seat 4: poker_soul11 ($100 in chips) 
Seat 5: gig.gyty ($100 in chips) 
Seat 6: ThanatosGRE ($73.72 in chips) 
Zvst: posts small blind $0.50
poker_soul11: posts big blind $1
*** HOLE CARDS ***
gig.gyty: folds 
ThanatosGRE: raises $1.50 to $2.50
AIien Hand: folds 
CichiChanMarian: folds 
Zvst: raises $10 to $12.50
poker_soul11: folds 
ThanatosGRE: raises $61.22 to $73.72 and is all-in
Zvst: calls $61.22
*** FLOP *** [4h 2c Ts]
*** TURN *** [4h 2c Ts] [9h]
*** RIVER *** [4h 2c Ts 9h] [9d]
*** SHOW DOWN ***
Zvst: shows [Jh Js] (two pair, Jacks and Nines)
ThanatosGRE: shows [5s 8s] (a pair of Nines)
Zvst collected $145.94 from pot
*** SUMMARY ***
Total pot $148.44 | Rake $2.50 
Board [4h 2c Ts 9h 9d]
Seat 1: AIien Hand folded before Flop (didn't bet)
Seat 2: CichiChanMarian (button) folded before Flop (didn't bet)
Seat 3: Zvst (small blind) showed [Jh Js] and won ($145.94) with two pair, Jacks and Nines
Seat 4: poker_soul11 (big blind) folded before Flop
Seat 5: gig.gyty folded before Flop (didn't bet)
Seat 6: ThanatosGRE showed [5s 8s] and lost with a pair of Nines



PokerStars Hand #254297324103:  Hold'em No Limit ($0.50/$1.00 USD) - 2025/01/10 17:15:01 WET [2025/01/10 12:15:01 ET]
Table 'Xosa II' 6-max Seat #3 is the button
Seat 6: ThanatosGRE ($0 in chips) is sitting out
Seat 1: AIien Hand ($100 in chips) 
Seat 2: CichiChanMarian ($100 in chips) 
Seat 3: Zvst ($172.22 in chips) 
Seat 4: poker_soul11 ($100 in chips) 
Seat 5: gig.gyty ($100 in chips) 
poker_soul11: posts small blind $0.50
gig.gyty: posts big blind $1
*** HOLE CARDS ***
AIien Hand: folds 
ThanatosGRE leaves the table
CichiChanMarian: folds 
Zvst: raises $1.50 to $2.50
poker_soul11: folds 
gig.gyty: folds 
Uncalled bet ($1.50) returned to Zvst
Zvst collected $2.50 from pot
Zvst: doesn't show hand 
*** SUMMARY ***
Total pot $2.50 | Rake $0 
Seat 6: ThanatosGRE
Seat 1: AIien Hand folded before Flop (didn't bet)
Seat 2: CichiChanMarian folded before Flop (didn't bet)
Seat 3: Zvst (button) collected ($2.50)
Seat 4: poker_soul11 (small blind) folded before Flop
Seat 5: gig.gyty (big blind) folded before Flop



PokerStars Hand #254297328616:  Hold'em No Limit ($0.50/$1.00 USD) - 2025/01/10 17:15:17 WET [2025/01/10 12:15:17 ET]
Table 'Xosa II' 6-max Seat #4 is the button
Seat 1: AIien Hand ($100 in chips) 
Seat 2: CichiChanMarian ($100 in chips) 
Seat 3: Zvst ($173.72 in chips) 
Seat 4: poker_soul11 ($100 in chips) 
Seat 5: gig.gyty ($100 in chips) 
gig.gyty: posts small blind $0.50
AIien Hand: posts big blind $1
*** HOLE CARDS ***
CichiChanMarian: folds 
Zvst: folds 
poker_soul11: folds 
gig.gyty: raises $2 to $3
AIien Hand: calls $2
*** FLOP *** [Kc Ts Th]
gig.gyty: bets $1.43
AIien Hand: calls $1.43
*** TURN *** [Kc Ts Th] [Jd]
gig.gyty: bets $6.48
AIien Hand: calls $6.48
*** RIVER *** [Kc Ts Th Jd] [Jc]
gig.gyty: bets $10.37
deproe230 joins the table at seat #6 
deproe230 is disconnected 
AIien Hand: folds 
Uncalled bet ($10.37) returned to gig.gyty
gig.gyty collected $20.73 from pot
gig.gyty: doesn't show hand 
*** SUMMARY ***
Total pot $21.82 | Rake $1.09 
Board [Kc Ts Th Jd Jc]
Seat 1: AIien Hand (big blind) folded on the River
Seat 2: CichiChanMarian folded before Flop (didn't bet)
Seat 3: Zvst folded before Flop (didn't bet)
Seat 4: poker_soul11 (button) folded before Flop (didn't bet)
Seat 5: gig.gyty (small blind) collected ($20.73)



PokerStars Hand #254297352461:  Hold'em No Limit ($0.50/$1.00 USD) - 2025/01/10 17:16:45 WET [2025/01/10 12:16:45 ET]
Table 'Xosa II' 6-max Seat #5 is the button
Seat 2: CichiChanMarian ($100 in chips) is sitting out
Seat 3: Zvst ($173.72 in chips) is sitting out
Seat 6: deproe230 ($48.60 in chips) is sitting out
Seat 1: AIien Hand ($100 in chips) 
Seat 4: poker_soul11 ($100 in chips) 
Seat 5: gig.gyty ($109.82 in chips) 
AIien Hand: posts small blind $0.50
CichiChanMarian: is sitting out 
Zvst: is sitting out 
poker_soul11: posts big blind $1
*** HOLE CARDS ***
gig.gyty: folds 
AIien Hand: raises $2 to $3
poker_soul11: calls $2
*** FLOP *** [3d Kd 4c]
AIien Hand: bets $1.25
poker_soul11: calls $1.25
*** TURN *** [3d Kd 4c] [6c]
AIien Hand: checks 
poker_soul11: checks 
*** RIVER *** [3d Kd 4c 6c] [2d]
AIien Hand: bets $2.42
poker_soul11: folds 
Uncalled bet ($2.42) returned to AIien Hand
AIien Hand collected $8.08 from pot
AIien Hand: doesn't show hand 
*** SUMMARY ***
Total pot $8.50 | Rake $0.42 
Board [3d Kd 4c 6c 2d]
Seat 2: CichiChanMarian
Seat 3: Zvst
Seat 6: deproe230
Seat 1: AIien Hand (small blind) collected ($8.08)
Seat 4: poker_soul11 (big blind) folded on the River
Seat 5: gig.gyty (button) folded before Flop (didn't bet)



PokerStars Hand #254297371883:  Hold'em No Limit ($0.50/$1.00 USD) - 2025/01/10 17:17:55 WET [2025/01/10 12:17:55 ET]
Table 'Xosa II' 6-max Seat #1 is the button
Seat 2: CichiChanMarian ($100 in chips) is sitting out
Seat 3: Zvst ($173.72 in chips) is sitting out
Seat 1: AIien Hand ($103.83 in chips) 
Seat 4: poker_soul11 ($100 in chips) 
Seat 5: gig.gyty ($109.82 in chips) 
Seat 6: deproe230 ($48.60 in chips) 
poker_soul11: posts small blind $0.50
gig.gyty: posts big blind $1
deproe230: posts big blind $1
*** HOLE CARDS ***
deproe230: raises $2 to $3
AIien Hand: folds 
poker_soul11: folds 
gig.gyty: calls $2
*** FLOP *** [7d Jd Kc]
gig.gyty: checks 
deproe230: bets $3.09
gig.gyty: folds 
Uncalled bet ($3.09) returned to deproe230
deproe230 collected $6.18 from pot
*** SUMMARY ***
Total pot $6.50 | Rake $0.32 
Board [7d Jd Kc]
Seat 2: CichiChanMarian
Seat 3: Zvst
Seat 1: AIien Hand (button) folded before Flop (didn't bet)
Seat 4: poker_soul11 (small blind) folded before Flop
Seat 5: gig.gyty (big blind) folded on the Flop
Seat 6: deproe230 collected ($6.18)



PokerStars Hand #254297379406:  Hold'em No Limit ($0.50/$1.00 USD) - 2025/01/10 17:18:22 WET [2025/01/10 12:18:22 ET]
Table 'Xosa II' 6-max Seat #4 is the button
Seat 2: CichiChanMarian ($100 in chips) is sitting out
Seat 3: Zvst ($173.72 in chips) is sitting out
Seat 1: AIien Hand ($103.83 in chips) 
Seat 4: poker_soul11 ($100 in chips) 
Seat 5: gig.gyty ($106.82 in chips) 
Seat 6: deproe230 ($51.78 in chips) 
gig.gyty: posts small blind $0.50
deproe230: posts big blind $1
CichiChanMarian: sits out 
Zvst: sits out 
*** HOLE CARDS ***
AIien Hand: raises $1.20 to $2.20
poker_soul11: folds 
gig.gyty: folds 
deproe230: calls $1.20
*** FLOP *** [Ad Ts 9d]
deproe230: checks 
AIien Hand: checks 
*** TURN *** [Ad Ts 9d] [5d]
deproe230: checks 
AIien Hand: bets $1.86
deproe230: raises $4.19 to $6.05
AIien Hand: folds 
Uncalled bet ($4.19) returned to deproe230
deproe230 collected $8.19 from pot
*** SUMMARY ***
Total pot $8.62 | Rake $0.43 
Board [Ad Ts 9d 5d]
Seat 2: CichiChanMarian
Seat 3: Zvst
Seat 1: AIien Hand folded on the Turn
Seat 4: poker_soul11 (button) folded before Flop (didn't bet)
Seat 5: gig.gyty (small blind) folded before Flop
Seat 6: deproe230 (big blind) collected ($8.19)



PokerStars Hand #254297396808:  Hold'em No Limit ($0.50/$1.00 USD) - 2025/01/10 17:19:24 WET [2025/01/10 12:19:24 ET]
Table 'Xosa II' 6-max Seat #5 is the button
Seat 2: CichiChanMarian ($100 in chips) is sitting out
Seat 3: Zvst ($173.72 in chips) is sitting out
Seat 1: AIien Hand ($100 in chips) 
Seat 4: poker_soul11 ($100 in chips) 
Seat 5: gig.gyty ($106.32 in chips) 
Seat 6: deproe230 ($55.91 in chips) 
deproe230: posts small blind $0.50
AIien Hand: posts big blind $1
CichiChanMarian: sits out 
Zvst: sits out 
*** HOLE CARDS ***
poker_soul11: folds 
gig.gyty: folds 
deproe230: raises $2 to $3
AIien Hand: folds 
Uncalled bet ($2) returned to deproe230
deproe230 collected $2 from pot
*** SUMMARY ***
Total pot $2 | Rake $0 
Seat 2: CichiChanMarian
Seat 3: Zvst
Seat 1: AIien Hand (big blind) folded before Flop
Seat 4: poker_soul11 folded before Flop (didn't bet)
Seat 5: gig.gyty (button) folded before Flop (didn't bet)
Seat 6: deproe230 (small blind) collected ($2)



PokerStars Hand #254297403815:  Hold'em No Limit ($0.50/$1.00 USD) - 2025/01/10 17:19:49 WET [2025/01/10 12:19:49 ET]
Table 'Xosa II' 6-max Seat #6 is the button
Seat 3: Zvst ($173.72 in chips) is sitting out
Seat 1: AIien Hand ($100 in chips) 
Seat 2: CichiChanMarian ($100 in chips) 
Seat 4: poker_soul11 ($100 in chips) 
Seat 5: gig.gyty ($106.32 in chips) 
Seat 6: deproe230 ($56.91 in chips) 
AIien Hand: posts small blind $0.50
CichiChanMarian: posts big blind $1
Zvst: sits out 
*** HOLE CARDS ***
poker_soul11: folds 
gig.gyty: folds 
deproe230: raises $2.50 to $3.50
AIien Hand: folds 
CichiChanMarian: folds 
Uncalled bet ($2.50) returned to deproe230
deproe230 collected $2.50 from pot
deproe230: shows [Kc]
*** SUMMARY ***
Total pot $2.50 | Rake $0 
Seat 3: Zvst
Seat 1: AIien Hand (small blind) folded before Flop
Seat 2: CichiChanMarian (big blind) folded before Flop
Seat 4: poker_soul11 folded before Flop (didn't bet)
Seat 5: gig.gyty folded before Flop (didn't bet)
Seat 6: deproe230 (button) collected ($2.50)



PokerStars Hand #254297408368:  Hold'em No Limit ($0.50/$1.00 USD) - 2025/01/10 17:20:06 WET [2025/01/10 12:20:06 ET]
Table 'Xosa II' 6-max Seat #1 is the button
Seat 1: AIien Hand ($100 in chips) 
Seat 2: CichiChanMarian ($100 in chips) 
Seat 3: Zvst ($173.72 in chips) 
Seat 4: poker_soul11 ($100 in chips) 
Seat 5: gig.gyty ($106.32 in chips) 
Seat 6: deproe230 ($58.41 in chips) 
CichiChanMarian: posts small blind $0.50
Zvst: posts big blind $1
*** HOLE CARDS ***
poker_soul11: folds 
gig.gyty: folds 
deproe230: raises $2.50 to $3.50
AIien Hand: folds 
CichiChanMarian: raises $10.50 to $14
Zvst: folds 
deproe230: calls $10.50
*** FLOP *** [3s Ts 5d]
CichiChanMarian: bets $9.09
deproe230: folds 
Uncalled bet ($9.09) returned to CichiChanMarian
CichiChanMarian collected $27.55 from pot
CichiChanMarian: doesn't show hand 
*** SUMMARY ***
Total pot $29 | Rake $1.45 
Board [3s Ts 5d]
Seat 1: AIien Hand (button) folded before Flop (didn't bet)
Seat 2: CichiChanMarian (small blind) collected ($27.55)
Seat 3: Zvst (big blind) folded before Flop
Seat 4: poker_soul11 folded before Flop (didn't bet)
Seat 5: gig.gyty folded before Flop (didn't bet)
Seat 6: deproe230 folded on the Flop



PokerStars Hand #254297416926:  Hold'em No Limit ($0.50/$1.00 USD) - 2025/01/10 17:20:36 WET [2025/01/10 12:20:36 ET]
Table 'Xosa II' 6-max Seat #2 is the button
Seat 1: AIien Hand ($100 in chips) 
Seat 2: CichiChanMarian ($113.55 in chips) 
Seat 3: Zvst ($172.72 in chips) 
Seat 4: poker_soul11 ($100 in chips) 
Seat 5: gig.gyty ($106.32 in chips) 
Seat 6: deproe230 ($44.41 in chips) 
Zvst: posts small blind $0.50
poker_soul11: posts big blind $1
*** HOLE CARDS ***
gig.gyty: raises $1.25 to $2.25
deproe230: calls $2.25
AIien Hand: folds 
CichiChanMarian: folds 
Zvst: raises $11.75 to $14
poker_soul11: folds 
gig.gyty: folds 
deproe230: calls $11.75
*** FLOP *** [7d 7s 7c]
Zvst: bets $55
deproe230: folds 
Uncalled bet ($55) returned to Zvst
Zvst collected $29.69 from pot
Zvst: doesn't show hand 
*** SUMMARY ***
Total pot $31.25 | Rake $1.56 
Board [7d 7s 7c]
Seat 1: AIien Hand folded before Flop (didn't bet)
Seat 2: CichiChanMarian (button) folded before Flop (didn't bet)
Seat 3: Zvst (small blind) collected ($29.69)
Seat 4: poker_soul11 (big blind) folded before Flop
Seat 5: gig.gyty folded before Flop
Seat 6: deproe230 folded on the Flop



PokerStars Hand #254297426663:  Hold'em No Limit ($0.50/$1.00 USD) - 2025/01/10 17:21:11 WET [2025/01/10 12:21:11 ET]
Table 'Xosa II' 6-max Seat #3 is the button
Seat 1: AIien Hand ($100 in chips) 
Seat 2: CichiChanMarian ($113.55 in chips) 
Seat 3: Zvst ($188.41 in chips) 
Seat 4: poker_soul11 ($100 in chips) 
Seat 5: gig.gyty ($104.07 in chips) 
Seat 6: deproe230 ($30.41 in chips) 
poker_soul11: posts small blind $0.50
gig.gyty: posts big blind $1
*** HOLE CARDS ***
deproe230: folds 
AIien Hand: folds 
CichiChanMarian: raises $1.50 to $2.50
Zvst: folds 
poker_soul11: folds 
gig.gyty: calls $1.50
*** FLOP *** [Th 5h Jh]
gig.gyty: checks 
CichiChanMarian: bets $1.30
gig.gyty: folds 
Uncalled bet ($1.30) returned to CichiChanMarian
CichiChanMarian collected $5.22 from pot
CichiChanMarian: doesn't show hand 
*** SUMMARY ***
Total pot $5.50 | Rake $0.28 
Board [Th 5h Jh]
Seat 1: AIien Hand folded before Flop (didn't bet)
Seat 2: CichiChanMarian collected ($5.22)
Seat 3: Zvst (button) folded before Flop (didn't bet)
Seat 4: poker_soul11 (small blind) folded before Flop
Seat 5: gig.gyty (big blind) folded on the Flop
Seat 6: deproe230 folded before Flop (didn't bet)



PokerStars Hand #254297437544:  Hold'em No Limit ($0.50/$1.00 USD) - 2025/01/10 17:21:50 WET [2025/01/10 12:21:50 ET]
Table 'Xosa II' 6-max Seat #4 is the button
Seat 1: AIien Hand ($100 in chips) 
Seat 2: CichiChanMarian ($116.27 in chips) 
Seat 3: Zvst ($188.41 in chips) 
Seat 4: poker_soul11 ($100 in chips) 
Seat 5: gig.gyty ($101.57 in chips) 
Seat 6: deproe230 ($30.41 in chips) 
gig.gyty: posts small blind $0.50
deproe230: posts big blind $1
*** HOLE CARDS ***
AIien Hand: folds 
CichiChanMarian: folds 
Zvst: folds 
poker_soul11: folds 
gig.gyty: folds 
Uncalled bet ($0.50) returned to deproe230
deproe230 collected $1 from pot
*** SUMMARY ***
Total pot $1 | Rake $0 
Seat 1: AIien Hand folded before Flop (didn't bet)
Seat 2: CichiChanMarian folded before Flop (didn't bet)
Seat 3: Zvst folded before Flop (didn't bet)
Seat 4: poker_soul11 (button) folded before Flop (didn't bet)
Seat 5: gig.gyty (small blind) folded before Flop
Seat 6: deproe230 (big blind) collected ($1)



PokerStars Hand #254297444154:  Hold'em No Limit ($0.50/$1.00 USD) - 2025/01/10 17:22:13 WET [2025/01/10 12:22:13 ET]
Table 'Xosa II' 6-max Seat #5 is the button
Seat 1: AIien Hand ($100 in chips) 
Seat 2: CichiChanMarian ($116.27 in chips) 
Seat 3: Zvst ($188.41 in chips) 
Seat 4: poker_soul11 ($100 in chips) 
Seat 5: gig.gyty ($101.07 in chips) 
Seat 6: deproe230 ($30.91 in chips) 
deproe230: posts small blind $0.50
AIien Hand: posts big blind $1
*** HOLE CARDS ***
CichiChanMarian: folds 
Zvst: folds 
poker_soul11: folds 
gig.gyty: folds 
deproe230: raises $2 to $3
AIien Hand: folds 
Uncalled bet ($2) returned to deproe230
deproe230 collected $2 from pot
*** SUMMARY ***
Total pot $2 | Rake $0 
Seat 1: AIien Hand (big blind) folded before Flop
Seat 2: CichiChanMarian folded before Flop (didn't bet)
Seat 3: Zvst folded before Flop (didn't bet)
Seat 4: poker_soul11 folded before Flop (didn't bet)
Seat 5: gig.gyty (button) folded before Flop (didn't bet)
Seat 6: deproe230 (small blind) collected ($2)



PokerStars Hand #254297447920:  Hold'em No Limit ($0.50/$1.00 USD) - 2025/01/10 17:22:27 WET [2025/01/10 12:22:27 ET]
Table 'Xosa II' 6-max Seat #6 is the button
Seat 1: AIien Hand ($100 in chips) 
Seat 2: CichiChanMarian ($116.27 in chips) 
Seat 3: Zvst ($188.41 in chips) 
Seat 4: poker_soul11 ($100 in chips) 
Seat 5: gig.gyty ($101.07 in chips) 
Seat 6: deproe230 ($31.91 in chips) 
AIien Hand: posts small blind $0.50
CichiChanMarian: posts big blind $1
*** HOLE CARDS ***
Zvst: folds 
poker_soul11: folds 
gig.gyty: folds 
deproe230: raises $2.50 to $3.50
AIien Hand: folds 
CichiChanMarian: calls $2.50
*** FLOP *** [7s 6d 7d]
CichiChanMarian: checks 
deproe230: bets $3.56
CichiChanMarian: folds 
Uncalled bet ($3.56) returned to deproe230
deproe230 collected $7.12 from pot
*** SUMMARY ***
Total pot $7.50 | Rake $0.38 
Board [7s 6d 7d]
Seat 1: AIien Hand (small blind) folded before Flop
Seat 2: CichiChanMarian (big blind) folded on the Flop
Seat 3: Zvst folded before Flop (didn't bet)
Seat 4: poker_soul11 folded before Flop (didn't bet)
Seat 5: gig.gyty folded before Flop (didn't bet)
Seat 6: deproe230 (button) collected ($7.12)



PokerStars Hand #254297457780:  Hold'em No Limit ($0.50/$1.00 USD) - 2025/01/10 17:23:03 WET [2025/01/10 12:23:03 ET]
Table 'Xosa II' 6-max Seat #1 is the button
Seat 1: AIien Hand ($100 in chips) 
Seat 2: CichiChanMarian ($112.77 in chips) 
Seat 3: Zvst ($188.41 in chips) 
Seat 4: poker_soul11 ($100 in chips) 
Seat 5: gig.gyty ($101.07 in chips) 
Seat 6: deproe230 ($35.53 in chips) 
CichiChanMarian: posts small blind $0.50
Zvst: posts big blind $1
*** HOLE CARDS ***
poker_soul11: folds 
gig.gyty: folds 
deproe230: raises $2.50 to $3.50
AIien Hand: folds 
CichiChanMarian: folds 
Zvst: folds 
Uncalled bet ($2.50) returned to deproe230
deproe230 collected $2.50 from pot
*** SUMMARY ***
Total pot $2.50 | Rake $0 
Seat 1: AIien Hand (button) folded before Flop (didn't bet)
Seat 2: CichiChanMarian (small blind) folded before Flop
Seat 3: Zvst (big blind) folded before Flop
Seat 4: poker_soul11 folded before Flop (didn't bet)
Seat 5: gig.gyty folded before Flop (didn't bet)
Seat 6: deproe230 collected ($2.50)



PokerStars Hand #254297467417:  Hold'em No Limit ($0.50/$1.00 USD) - 2025/01/10 17:23:37 WET [2025/01/10 12:23:37 ET]
Table 'Xosa II' 6-max Seat #2 is the button
Seat 1: AIien Hand ($100 in chips) 
Seat 2: CichiChanMarian ($112.27 in chips) 
Seat 3: Zvst ($187.41 in chips) 
Seat 4: poker_soul11 ($100 in chips) 
Seat 5: gig.gyty ($101.07 in chips) 
Seat 6: deproe230 ($37.03 in chips) 
Zvst: posts small blind $0.50
poker_soul11: posts big blind $1
*** HOLE CARDS ***
gig.gyty: raises $1.25 to $2.25
deproe230: folds 
AIien Hand: folds 
CichiChanMarian: folds 
Zvst: folds 
poker_soul11: calls $1.25
*** FLOP *** [8c Kd Kc]
poker_soul11: checks 
gig.gyty: bets $3.66
poker_soul11: folds 
Uncalled bet ($3.66) returned to gig.gyty
gig.gyty collected $4.75 from pot
gig.gyty: doesn't show hand 
*** SUMMARY ***
Total pot $5 | Rake $0.25 
Board [8c Kd Kc]
Seat 1: AIien Hand folded before Flop (didn't bet)
Seat 2: CichiChanMarian (button) folded before Flop (didn't bet)
Seat 3: Zvst (small blind) folded before Flop
Seat 4: poker_soul11 (big blind) folded on the Flop
Seat 5: gig.gyty collected ($4.75)
Seat 6: deproe230 folded before Flop (didn't bet)



PokerStars Hand #254297484459:  Hold'em No Limit ($0.50/$1.00 USD) - 2025/01/10 17:24:39 WET [2025/01/10 12:24:39 ET]
Table 'Xosa II' 6-max Seat #3 is the button
Seat 1: AIien Hand ($100 in chips) 
Seat 2: CichiChanMarian ($112.27 in chips) 
Seat 3: Zvst ($186.91 in chips) 
Seat 4: poker_soul11 ($100 in chips) 
Seat 5: gig.gyty ($103.57 in chips) 
Seat 6: deproe230 ($37.03 in chips) 
poker_soul11: posts small blind $0.50
gig.gyty: posts big blind $1
*** HOLE CARDS ***
deproe230: folds 
AIien Hand: folds 
CichiChanMarian: raises $1.50 to $2.50
Zvst: folds 
poker_soul11: folds 
gig.gyty: folds 
Uncalled bet ($1.50) returned to CichiChanMarian
CichiChanMarian collected $2.50 from pot
CichiChanMarian: doesn't show hand 
*** SUMMARY ***
Total pot $2.50 | Rake $0 
Seat 1: AIien Hand folded before Flop (didn't bet)
Seat 2: CichiChanMarian collected ($2.50)
Seat 3: Zvst (button) folded before Flop (didn't bet)
Seat 4: poker_soul11 (small blind) folded before Flop
Seat 5: gig.gyty (big blind) folded before Flop
Seat 6: deproe230 folded before Flop (didn't bet)



PokerStars Hand #254297489557:  Hold'em No Limit ($0.50/$1.00 USD) - 2025/01/10 17:24:58 WET [2025/01/10 12:24:58 ET]
Table 'Xosa II' 6-max Seat #4 is the button
Seat 1: AIien Hand ($100 in chips) 
Seat 2: CichiChanMarian ($113.77 in chips) 
Seat 3: Zvst ($186.91 in chips) 
Seat 4: poker_soul11 ($100 in chips) 
Seat 5: gig.gyty ($102.57 in chips) 
Seat 6: deproe230 ($37.03 in chips) 
gig.gyty: posts small blind $0.50
deproe230: posts big blind $1
*** HOLE CARDS ***
AIien Hand: raises $1.20 to $2.20
CichiChanMarian: folds 
Zvst: folds 
poker_soul11: folds 
gig.gyty: folds 
deproe230: folds 
Uncalled bet ($1.20) returned to AIien Hand
AIien Hand collected $2.50 from pot
AIien Hand: doesn't show hand 
*** SUMMARY ***
Total pot $2.50 | Rake $0 
Seat 1: AIien Hand collected ($2.50)
Seat 2: CichiChanMarian folded before Flop (didn't bet)
Seat 3: Zvst folded before Flop (didn't bet)
Seat 4: poker_soul11 (button) folded before Flop (didn't bet)
Seat 5: gig.gyty (small blind) folded before Flop
Seat 6: deproe230 (big blind) folded before Flop



PokerStars Hand #254297495116:  Hold'em No Limit ($0.50/$1.00 USD) - 2025/01/10 17:25:18 WET [2025/01/10 12:25:18 ET]
Table 'Xosa II' 6-max Seat #5 is the button
Seat 1: AIien Hand ($101.50 in chips) 
Seat 2: CichiChanMarian ($113.77 in chips) 
Seat 3: Zvst ($186.91 in chips) 
Seat 4: poker_soul11 ($100 in chips) 
Seat 5: gig.gyty ($102.07 in chips) 
Seat 6: deproe230 ($36.03 in chips) 
deproe230: posts small blind $0.50
AIien Hand: posts big blind $1
*** HOLE CARDS ***
CichiChanMarian: folds 
Zvst: folds 
poker_soul11: folds 
gig.gyty: raises $1.50 to $2.50
deproe230: calls $2
AIien Hand: folds 
*** FLOP *** [4d 3s Qh]
deproe230: checks 
gig.gyty: bets $1.43
deproe230: raises $4.28 to $5.71
gig.gyty: raises $4.29 to $10
deproe230: calls $4.29
*** TURN *** [4d 3s Qh] [Jd]
deproe230: checks 
gig.gyty: checks 
*** RIVER *** [4d 3s Qh Jd] [Kh]
deproe230: bets $4
gig.gyty: folds 
Uncalled bet ($4) returned to deproe230
deproe230 collected $24.70 from pot
*** SUMMARY ***
Total pot $26 | Rake $1.30 
Board [4d 3s Qh Jd Kh]
Seat 1: AIien Hand (big blind) folded before Flop
Seat 2: CichiChanMarian folded before Flop (didn't bet)
Seat 3: Zvst folded before Flop (didn't bet)
Seat 4: poker_soul11 folded before Flop (didn't bet)
Seat 5: gig.gyty (button) folded on the River
Seat 6: deproe230 (small blind) collected ($24.70)



PokerStars Hand #254297517233:  Hold'em No Limit ($0.50/$1.00 USD) - 2025/01/10 17:26:39 WET [2025/01/10 12:26:39 ET]
Table 'Xosa II' 6-max Seat #6 is the button
Seat 1: AIien Hand ($100.50 in chips) 
Seat 2: CichiChanMarian ($113.77 in chips) 
Seat 3: Zvst ($186.91 in chips) 
Seat 4: poker_soul11 ($100 in chips) 
Seat 5: gig.gyty ($100 in chips) 
Seat 6: deproe230 ($48.23 in chips) 
AIien Hand: posts small blind $0.50
CichiChanMarian: posts big blind $1
*** HOLE CARDS ***
Zvst: folds 
poker_soul11: raises $1.20 to $2.20
gig.gyty: folds 
deproe230: raises $5.90 to $8.10
AIien Hand: folds 
CichiChanMarian: folds 
poker_soul11: folds 
Uncalled bet ($5.90) returned to deproe230
deproe230 collected $5.90 from pot
*** SUMMARY ***
Total pot $5.90 | Rake $0 
Seat 1: AIien Hand (small blind) folded before Flop
Seat 2: CichiChanMarian (big blind) folded before Flop
Seat 3: Zvst folded before Flop (didn't bet)
Seat 4: poker_soul11 folded before Flop
Seat 5: gig.gyty folded before Flop (didn't bet)
Seat 6: deproe230 (button) collected ($5.90)



PokerStars Hand #254297525797:  Hold'em No Limit ($0.50/$1.00 USD) - 2025/01/10 17:27:11 WET [2025/01/10 12:27:11 ET]
Table 'Xosa II' 6-max Seat #1 is the button
Seat 1: AIien Hand ($100 in chips) 
Seat 2: CichiChanMarian ($112.77 in chips) 
Seat 3: Zvst ($186.91 in chips) 
Seat 4: poker_soul11 ($100 in chips) 
Seat 5: gig.gyty ($100 in chips) 
Seat 6: deproe230 ($51.93 in chips) 
CichiChanMarian: posts small blind $0.50
Zvst: posts big blind $1
*** HOLE CARDS ***
poker_soul11: folds 
gig.gyty: folds 
deproe230: raises $2.50 to $3.50
AIien Hand: folds 
CichiChanMarian: calls $3
Zvst: folds 
*** FLOP *** [3h Jd 5d]
CichiChanMarian: checks 
deproe230: bets $3.80
CichiChanMarian: folds 
Uncalled bet ($3.80) returned to deproe230
deproe230 collected $7.60 from pot
*** SUMMARY ***
Total pot $8 | Rake $0.40 
Board [3h Jd 5d]
Seat 1: AIien Hand (button) folded before Flop (didn't bet)
Seat 2: CichiChanMarian (small blind) folded on the Flop
Seat 3: Zvst (big blind) folded before Flop
Seat 4: poker_soul11 folded before Flop (didn't bet)
Seat 5: gig.gyty folded before Flop (didn't bet)
Seat 6: deproe230 collected ($7.60)



PokerStars Hand #254297533821:  Hold'em No Limit ($0.50/$1.00 USD) - 2025/01/10 17:27:40 WET [2025/01/10 12:27:40 ET]
Table 'Xosa II' 6-max Seat #2 is the button
Seat 1: AIien Hand ($100 in chips) 
Seat 2: CichiChanMarian ($109.27 in chips) 
Seat 3: Zvst ($185.91 in chips) 
Seat 4: poker_soul11 ($100 in chips) 
Seat 5: gig.gyty ($100 in chips) 
Seat 6: deproe230 ($56.03 in chips) 
Zvst: posts small blind $0.50
poker_soul11: posts big blind $1
*** HOLE CARDS ***
gig.gyty: folds 
deproe230: raises $1 to $2
AIien Hand: folds 
CichiChanMarian: folds 
Zvst: raises $8 to $10
poker_soul11: folds 
deproe230: calls $8
*** FLOP *** [Jc 2h Qs]
Zvst: bets $9.98
deproe230: calls $9.98
*** TURN *** [Jc 2h Qs] [8d]
Zvst: bets $39.94
deproe230: calls $36.05 and is all-in
Uncalled bet ($3.89) returned to Zvst
*** RIVER *** [Jc 2h Qs 8d] [7c]
*** SHOW DOWN ***
Zvst: shows [Kh Kc] (a pair of Kings)
deproe230: shows [Jh 6c] (a pair of Jacks)
Zvst collected $110.56 from pot
deproe230 cashed out the hand for $12.31 | Cash Out Fee $0.25
*** SUMMARY ***
Total pot $113.06 | Rake $2.50 
Board [Jc 2h Qs 8d 7c]
Seat 1: AIien Hand folded before Flop (didn't bet)
Seat 2: CichiChanMarian (button) folded before Flop (didn't bet)
Seat 3: Zvst (small blind) showed [Kh Kc] and won ($110.56) with a pair of Kings
Seat 4: poker_soul11 (big blind) folded before Flop
Seat 5: gig.gyty folded before Flop (didn't bet)
Seat 6: deproe230 showed [Jh 6c] and lost with a pair of Jacks (cashed out).



PokerStars Hand #254297548280:  Hold'em No Limit ($0.50/$1.00 USD) - 2025/01/10 17:28:33 WET [2025/01/10 12:28:33 ET]
Table 'Xosa II' 6-max Seat #3 is the button
Seat 1: AIien Hand ($100 in chips) 
Seat 2: CichiChanMarian ($109.27 in chips) 
Seat 3: Zvst ($240.44 in chips) 
Seat 4: poker_soul11 ($100 in chips) 
Seat 5: gig.gyty ($100 in chips) 
Seat 6: deproe230 ($12.31 in chips) 
poker_soul11: posts small blind $0.50
gig.gyty: posts big blind $1
*** HOLE CARDS ***
deproe230: raises $11.31 to $12.31 and is all-in
AIien Hand: calls $12.31
CichiChanMarian: folds 
Zvst: folds 
poker_soul11: folds 
gig.gyty: folds 
poker_soul11 leaves the table
*** FLOP *** [3d Ks 6s]
*** TURN *** [3d Ks 6s] [Jd]
*** RIVER *** [3d Ks 6s Jd] [7d]
*** SHOW DOWN ***
deproe230: shows [As 9h] (high card Ace)
AIien Hand: shows [8h Ac] (high card Ace - lower kicker)
deproe230 collected $24.81 from pot
*** SUMMARY ***
Total pot $26.12 | Rake $1.31 
Board [3d Ks 6s Jd 7d]
Seat 1: AIien Hand showed [8h Ac] and lost with high card Ace
Seat 2: CichiChanMarian folded before Flop (didn't bet)
Seat 3: Zvst (button) folded before Flop (didn't bet)
Seat 4: poker_soul11 (small blind) folded before Flop
Seat 5: gig.gyty (big blind) folded before Flop
Seat 6: deproe230 showed [As 9h] and won ($24.81) with high card Ace



PokerStars Hand #254297558240:  Hold'em No Limit ($0.50/$1.00 USD) - 2025/01/10 17:29:09 WET [2025/01/10 12:29:09 ET]
Table 'Xosa II' 6-max Seat #5 is the button
Seat 1: AIien Hand ($100 in chips) 
Seat 2: CichiChanMarian ($109.27 in chips) 
Seat 3: Zvst ($240.44 in chips) 
Seat 5: gig.gyty ($100 in chips) 
Seat 6: deproe230 ($24.81 in chips) 
deproe230: posts small blind $0.50
AIien Hand: posts big blind $1
*** HOLE CARDS ***
CichiChanMarian: folds 
fish my nuts joins the table at seat #4 
Zvst: folds 
gig.gyty: folds 
deproe230: raises $23.81 to $24.81 and is all-in
AIien Hand: calls $23.81
*** FLOP *** [8s 7d Ah]
*** TURN *** [8s 7d Ah] [3s]
*** RIVER *** [8s 7d Ah 3s] [6h]
*** SHOW DOWN ***
deproe230: shows [6c 6s] (three of a kind, Sixes)
AIien Hand: shows [Kd Jh] (high card Ace)
deproe230 collected $47.14 from pot
*** SUMMARY ***
Total pot $49.62 | Rake $2.48 
Board [8s 7d Ah 3s 6h]
Seat 1: AIien Hand (big blind) showed [Kd Jh] and lost with high card Ace
Seat 2: CichiChanMarian folded before Flop (didn't bet)
Seat 3: Zvst folded before Flop (didn't bet)
Seat 5: gig.gyty (button) folded before Flop (didn't bet)
Seat 6: deproe230 (small blind) showed [6c 6s] and won ($47.14) with three of a kind, Sixes



PokerStars Hand #254297565993:  Hold'em No Limit ($0.50/$1.00 USD) - 2025/01/10 17:29:37 WET [2025/01/10 12:29:37 ET]
Table 'Xosa II' 6-max Seat #6 is the button
Seat 4: fish my nuts ($100 in chips) is sitting out
Seat 1: AIien Hand ($100 in chips) 
Seat 2: CichiChanMarian ($109.27 in chips) 
Seat 3: Zvst ($240.44 in chips) 
Seat 5: gig.gyty ($100 in chips) 
Seat 6: deproe230 ($47.14 in chips) 
AIien Hand: posts small blind $0.50
CichiChanMarian: posts big blind $1
fish my nuts: sits out 
*** HOLE CARDS ***
Zvst: folds 
gig.gyty: folds 
deproe230: raises $2.50 to $3.50
AIien Hand: folds 
CichiChanMarian: raises $11.40 to $14.90
deproe230: calls $11.40
*** FLOP *** [8s 3h 5c]
CichiChanMarian: bets $9.50
deproe230: calls $9.50
*** TURN *** [8s 3h 5c] [Tc]
CichiChanMarian: checks 
deproe230: checks 
*** RIVER *** [8s 3h 5c Tc] [As]
CichiChanMarian: bets $35.13
deproe230: calls $22.74 and is all-in
Uncalled bet ($12.39) returned to CichiChanMarian
*** SHOW DOWN ***
CichiChanMarian: shows [Ts Th] (three of a kind, Tens)
deproe230: shows [2h 4h] (a straight, Ace to Five)
deproe230 collected $92.28 from pot
*** SUMMARY ***
Total pot $94.78 | Rake $2.50 
Board [8s 3h 5c Tc As]
Seat 4: fish my nuts
Seat 1: AIien Hand (small blind) folded before Flop
Seat 2: CichiChanMarian (big blind) showed [Ts Th] and lost with three of a kind, Tens
Seat 3: Zvst folded before Flop (didn't bet)
Seat 5: gig.gyty folded before Flop (didn't bet)
Seat 6: deproe230 (button) showed [2h 4h] and won ($92.28) with a straight, Ace to Five



PokerStars Hand #254297575686:  Hold'em No Limit ($0.50/$1.00 USD) - 2025/01/10 17:30:10 WET [2025/01/10 12:30:10 ET]
Table 'Xosa II' 6-max Seat #1 is the button
Seat 4: fish my nuts ($100 in chips) is sitting out
Seat 1: AIien Hand ($100 in chips) 
Seat 2: CichiChanMarian ($100 in chips) 
Seat 3: Zvst ($240.44 in chips) 
Seat 5: gig.gyty ($100 in chips) 
Seat 6: deproe230 ($92.28 in chips) 
CichiChanMarian: posts small blind $0.50
Zvst: posts big blind $1
fish my nuts: sits out 
*** HOLE CARDS ***
gig.gyty: folds 
deproe230: raises $2.50 to $3.50
AIien Hand: folds 
CichiChanMarian: folds 
Zvst: raises $9.50 to $13
deproe230: calls $9.50
*** FLOP *** [Jh 5c 7s]
Zvst: bets $8.31
deproe230: calls $8.31
*** TURN *** [Jh 5c 7s] [4h]
Zvst: checks 
deproe230: bets $19
Zvst: folds 
Uncalled bet ($19) returned to deproe230
deproe230 collected $40.96 from pot
*** SUMMARY ***
Total pot $43.12 | Rake $2.16 
Board [Jh 5c 7s 4h]
Seat 4: fish my nuts
Seat 1: AIien Hand (button) folded before Flop (didn't bet)
Seat 2: CichiChanMarian (small blind) folded before Flop
Seat 3: Zvst (big blind) folded on the Turn
Seat 5: gig.gyty folded before Flop (didn't bet)
Seat 6: deproe230 collected ($40.96)



PokerStars Hand #254297587805:  Hold'em No Limit ($0.50/$1.00 USD) - 2025/01/10 17:30:53 WET [2025/01/10 12:30:53 ET]
Table 'Xosa II' 6-max Seat #2 is the button
Seat 1: AIien Hand ($100 in chips) 
Seat 2: CichiChanMarian ($100 in chips) 
Seat 3: Zvst ($219.13 in chips) 
Seat 4: fish my nuts ($100 in chips) 
Seat 5: gig.gyty ($100 in chips) 
Seat 6: deproe230 ($111.93 in chips) 
Zvst: posts small blind $0.50
fish my nuts: posts big blind $1
*** HOLE CARDS ***
gig.gyty: folds 
deproe230: raises $2.50 to $3.50
AIien Hand: folds 
CichiChanMarian: folds 
Zvst: folds 
fish my nuts: folds 
Uncalled bet ($2.50) returned to deproe230
deproe230 collected $2.50 from pot
*** SUMMARY ***
Total pot $2.50 | Rake $0 
Seat 1: AIien Hand folded before Flop (didn't bet)
Seat 2: CichiChanMarian (button) folded before Flop (didn't bet)
Seat 3: Zvst (small blind) folded before Flop
Seat 4: fish my nuts (big blind) folded before Flop
Seat 5: gig.gyty folded before Flop (didn't bet)
Seat 6: deproe230 collected ($2.50)



PokerStars Hand #254297594369:  Hold'em No Limit ($0.50/$1.00 USD) - 2025/01/10 17:31:16 WET [2025/01/10 12:31:16 ET]
Table 'Xosa II' 6-max Seat #3 is the button
Seat 1: AIien Hand ($100 in chips) 
Seat 2: CichiChanMarian ($100 in chips) 
Seat 3: Zvst ($218.63 in chips) 
Seat 4: fish my nuts ($100 in chips) 
Seat 5: gig.gyty ($100 in chips) 
Seat 6: deproe230 ($113.43 in chips) 
fish my nuts: posts small blind $0.50
gig.gyty: posts big blind $1
*** HOLE CARDS ***
deproe230: raises $2.50 to $3.50
AIien Hand: folds 
CichiChanMarian: folds 
Zvst: folds 
fish my nuts: calls $3
gig.gyty: folds 
*** FLOP *** [8h 6c Tc]
fish my nuts: checks 
deproe230: bets $3.80
fish my nuts: calls $3.80
*** TURN *** [8h 6c Tc] [3s]
fish my nuts: checks 
deproe230: bets $9
fish my nuts: calls $9
*** RIVER *** [8h 6c Tc 3s] [Qs]
fish my nuts: checks 
deproe230: bets $22
fish my nuts: calls $22
*** SHOW DOWN ***
deproe230: shows [Qd 3d] (two pair, Queens and Threes)
fish my nuts: mucks hand 
deproe230 collected $75.10 from pot
*** SUMMARY ***
Total pot $77.60 | Rake $2.50 
Board [8h 6c Tc 3s Qs]
Seat 1: AIien Hand folded before Flop (didn't bet)
Seat 2: CichiChanMarian folded before Flop (didn't bet)
Seat 3: Zvst (button) folded before Flop (didn't bet)
Seat 4: fish my nuts (small blind) mucked
Seat 5: gig.gyty (big blind) folded before Flop
Seat 6: deproe230 showed [Qd 3d] and won ($75.10) with two pair, Queens and Threes



PokerStars Hand #254297607895:  Hold'em No Limit ($0.50/$1.00 USD) - 2025/01/10 17:32:04 WET [2025/01/10 12:32:04 ET]
Table 'Xosa II' 6-max Seat #4 is the button
Seat 1: AIien Hand ($100 in chips) 
Seat 2: CichiChanMarian ($100 in chips) 
Seat 3: Zvst ($218.63 in chips) 
Seat 4: fish my nuts ($100 in chips) 
Seat 5: gig.gyty ($100 in chips) 
Seat 6: deproe230 ($150.23 in chips) 
gig.gyty: posts small blind $0.50
deproe230: posts big blind $1
*** HOLE CARDS ***
AIien Hand: raises $1.20 to $2.20
CichiChanMarian: folds 
Zvst: folds 
fish my nuts: folds 
gig.gyty: calls $1.70
deproe230: calls $1.20
*** FLOP *** [8h 2s Qd]
gig.gyty: checks 
deproe230: bets $6.27
AIien Hand: folds 
gig.gyty: folds 
Uncalled bet ($6.27) returned to deproe230
deproe230 collected $6.27 from pot
*** SUMMARY ***
Total pot $6.60 | Rake $0.33 
Board [8h 2s Qd]
Seat 1: AIien Hand folded on the Flop
Seat 2: CichiChanMarian folded before Flop (didn't bet)
Seat 3: Zvst folded before Flop (didn't bet)
Seat 4: fish my nuts (button) folded before Flop (didn't bet)
Seat 5: gig.gyty (small blind) folded on the Flop
Seat 6: deproe230 (big blind) collected ($6.27)



PokerStars Hand #254297621361:  Hold'em No Limit ($0.50/$1.00 USD) - 2025/01/10 17:32:51 WET [2025/01/10 12:32:51 ET]
Table 'Xosa II' 6-max Seat #5 is the button
Seat 1: AIien Hand ($100 in chips) 
Seat 2: CichiChanMarian ($100 in chips) 
Seat 3: Zvst ($218.63 in chips) 
Seat 4: fish my nuts ($100 in chips) 
Seat 5: gig.gyty ($100 in chips) 
Seat 6: deproe230 ($154.30 in chips) 
deproe230: posts small blind $0.50
AIien Hand: posts big blind $1
*** HOLE CARDS ***
CichiChanMarian: folds 
Zvst: raises $1.50 to $2.50
fish my nuts: folds 
gig.gyty: folds 
deproe230: calls $2
AIien Hand: folds 
*** FLOP *** [As 7c 3d]
deproe230: checks 
Zvst: bets $3
deproe230: folds 
Uncalled bet ($3) returned to Zvst
Zvst collected $5.70 from pot
Zvst: doesn't show hand 
*** SUMMARY ***
Total pot $6 | Rake $0.30 
Board [As 7c 3d]
Seat 1: AIien Hand (big blind) folded before Flop
Seat 2: CichiChanMarian folded before Flop (didn't bet)
Seat 3: Zvst collected ($5.70)
Seat 4: fish my nuts folded before Flop (didn't bet)
Seat 5: gig.gyty (button) folded before Flop (didn't bet)
Seat 6: deproe230 (small blind) folded on the Flop



PokerStars Hand #254297629557:  Hold'em No Limit ($0.50/$1.00 USD) - 2025/01/10 17:33:20 WET [2025/01/10 12:33:20 ET]
Table 'Xosa II' 6-max Seat #6 is the button
Seat 1: AIien Hand ($100 in chips) 
Seat 2: CichiChanMarian ($100 in chips) 
Seat 3: Zvst ($221.83 in chips) 
Seat 4: fish my nuts ($100 in chips) 
Seat 5: gig.gyty ($100 in chips) 
Seat 6: deproe230 ($151.80 in chips) 
AIien Hand: posts small blind $0.50
CichiChanMarian: posts big blind $1
*** HOLE CARDS ***
Zvst: folds 
fish my nuts: folds 
gig.gyty: folds 
deproe230: raises $2.50 to $3.50
AIien Hand: folds 
CichiChanMarian: folds 
Uncalled bet ($2.50) returned to deproe230
deproe230 collected $2.50 from pot
*** SUMMARY ***
Total pot $2.50 | Rake $0 
Seat 1: AIien Hand (small blind) folded before Flop
Seat 2: CichiChanMarian (big blind) folded before Flop
Seat 3: Zvst folded before Flop (didn't bet)
Seat 4: fish my nuts folded before Flop (didn't bet)
Seat 5: gig.gyty folded before Flop (didn't bet)
Seat 6: deproe230 (button) collected ($2.50)



PokerStars Hand #254297634783:  Hold'em No Limit ($0.50/$1.00 USD) - 2025/01/10 17:33:38 WET [2025/01/10 12:33:38 ET]
Table 'Xosa II' 6-max Seat #1 is the button
Seat 1: AIien Hand ($100 in chips) 
Seat 2: CichiChanMarian ($100 in chips) 
Seat 3: Zvst ($221.83 in chips) 
Seat 4: fish my nuts ($100 in chips) 
Seat 5: gig.gyty ($100 in chips) 
Seat 6: deproe230 ($153.30 in chips) 
CichiChanMarian: posts small blind $0.50
Zvst: posts big blind $1
*** HOLE CARDS ***
fish my nuts: folds 
gig.gyty: folds 
deproe230: raises $2.50 to $3.50
AIien Hand: raises $4.50 to $8
CichiChanMarian: raises $13 to $21
Zvst: folds 
deproe230: calls $17.50
AIien Hand: calls $13
*** FLOP *** [Kc 5h 3s]
CichiChanMarian: bets $15.38
deproe230: folds 
AIien Hand: folds 
Uncalled bet ($15.38) returned to CichiChanMarian
CichiChanMarian collected $61.50 from pot
CichiChanMarian: doesn't show hand 
*** SUMMARY ***
Total pot $64 | Rake $2.50 
Board [Kc 5h 3s]
Seat 1: AIien Hand (button) folded on the Flop
Seat 2: CichiChanMarian (small blind) collected ($61.50)
Seat 3: Zvst (big blind) folded before Flop
Seat 4: fish my nuts folded before Flop (didn't bet)
Seat 5: gig.gyty folded before Flop (didn't bet)
Seat 6: deproe230 folded on the Flop



PokerStars Hand #254297646879:  Hold'em No Limit ($0.50/$1.00 USD) - 2025/01/10 17:34:21 WET [2025/01/10 12:34:21 ET]
Table 'Xosa II' 6-max Seat #2 is the button
Seat 1: AIien Hand ($100 in chips) 
Seat 2: CichiChanMarian ($140.50 in chips) 
Seat 3: Zvst ($220.83 in chips) 
Seat 4: fish my nuts ($100 in chips) 
Seat 5: gig.gyty ($100 in chips) 
Seat 6: deproe230 ($132.30 in chips) 
Zvst: posts small blind $0.50
fish my nuts: posts big blind $1
*** HOLE CARDS ***
gig.gyty: folds 
deproe230: raises $2.50 to $3.50
AIien Hand: folds 
CichiChanMarian: calls $3.50
Zvst: folds 
fish my nuts: raises $10.50 to $14
deproe230: calls $10.50
CichiChanMarian: folds 
*** FLOP *** [2c 9h 9c]
fish my nuts: bets $7.60
deproe230: calls $7.60
*** TURN *** [2c 9h 9c] [8s]
fish my nuts: checks 
deproe230: checks 
*** RIVER *** [2c 9h 9c 8s] [8h]
fish my nuts: bets $1
deproe230: raises $46.84 to $47.84
fish my nuts: folds 
Uncalled bet ($46.84) returned to deproe230
deproe230 collected $46.74 from pot
*** SUMMARY ***
Total pot $49.20 | Rake $2.46 
Board [2c 9h 9c 8s 8h]
Seat 1: AIien Hand folded before Flop (didn't bet)
Seat 2: CichiChanMarian (button) folded before Flop
Seat 3: Zvst (small blind) folded before Flop
Seat 4: fish my nuts (big blind) folded on the River
Seat 5: gig.gyty folded before Flop (didn't bet)
Seat 6: deproe230 collected ($46.74)



PokerStars Hand #254297662990:  Hold'em No Limit ($0.50/$1.00 USD) - 2025/01/10 17:35:18 WET [2025/01/10 12:35:18 ET]
Table 'Xosa II' 6-max Seat #3 is the button
Seat 5: gig.gyty ($100 in chips) is sitting out
Seat 1: AIien Hand ($100 in chips) 
Seat 2: CichiChanMarian ($137 in chips) 
Seat 3: Zvst ($220.33 in chips) 
Seat 4: fish my nuts ($100 in chips) 
Seat 6: deproe230 ($156.44 in chips) 
fish my nuts: posts small blind $0.50
gig.gyty: is sitting out 
deproe230: posts big blind $1
*** HOLE CARDS ***
gig.gyty leaves the table
AIien Hand: folds 
CichiChanMarian: folds 
Xenicide joins the table at seat #5 
Zvst: folds 
fish my nuts: folds 
Uncalled bet ($0.50) returned to deproe230
deproe230 collected $1 from pot
deproe230: shows [Qh Kd] (high card King)
*** SUMMARY ***
Total pot $1 | Rake $0 
Seat 5: gig.gyty
Seat 1: AIien Hand folded before Flop (didn't bet)
Seat 2: CichiChanMarian folded before Flop (didn't bet)
Seat 3: Zvst (button) folded before Flop (didn't bet)
Seat 4: fish my nuts (small blind) folded before Flop
Seat 6: deproe230 (big blind) collected ($1)



PokerStars Hand #254297668343:  Hold'em No Limit ($0.50/$1.00 USD) - 2025/01/10 17:35:36 WET [2025/01/10 12:35:36 ET]
Table 'Xosa II' 6-max Seat #4 is the button
Seat 5: Xenicide ($100 in chips) is sitting out
Seat 1: AIien Hand ($100 in chips) 
Seat 2: CichiChanMarian ($137 in chips) 
Seat 3: Zvst ($220.33 in chips) 
Seat 4: fish my nuts ($100 in chips) 
Seat 6: deproe230 ($156.94 in chips) 
deproe230: posts small blind $0.50
AIien Hand: posts big blind $1
*** HOLE CARDS ***
CichiChanMarian: raises $1.50 to $2.50
Zvst: folds 
fish my nuts: calls $2.50
deproe230: calls $2
AIien Hand: folds 
*** FLOP *** [8h 6d Jh]
deproe230: bets $8.08
CichiChanMarian: folds 
fish my nuts: calls $8.08
*** TURN *** [8h 6d Jh] [8d]
deproe230: bets $33
fish my nuts: folds 
Uncalled bet ($33) returned to deproe230
deproe230 collected $23.43 from pot
*** SUMMARY ***
Total pot $24.66 | Rake $1.23 
Board [8h 6d Jh 8d]
Seat 5: Xenicide
Seat 1: AIien Hand (big blind) folded before Flop
Seat 2: CichiChanMarian folded on the Flop
Seat 3: Zvst folded before Flop (didn't bet)
Seat 4: fish my nuts (button) folded on the Turn
Seat 6: deproe230 (small blind) collected ($23.43)



PokerStars Hand #254297684171:  Hold'em No Limit ($0.50/$1.00 USD) - 2025/01/10 17:36:32 WET [2025/01/10 12:36:32 ET]
Table 'Xosa II' 6-max Seat #6 is the button
Seat 5: Xenicide ($100 in chips) is sitting out
Seat 1: AIien Hand ($100 in chips) 
Seat 2: CichiChanMarian ($134.50 in chips) 
Seat 3: Zvst ($220.33 in chips) 
Seat 4: fish my nuts ($100 in chips) 
Seat 6: deproe230 ($169.79 in chips) 
AIien Hand: posts small blind $0.50
CichiChanMarian: posts big blind $1
Xenicide: sits out 
*** HOLE CARDS ***
Zvst: folds 
fish my nuts: folds 
deproe230: raises $2.50 to $3.50
AIien Hand: folds 
CichiChanMarian: folds 
Uncalled bet ($2.50) returned to deproe230
deproe230 collected $2.50 from pot
deproe230: shows [Qc Qd] (a pair of Queens)
*** SUMMARY ***
Total pot $2.50 | Rake $0 
Seat 5: Xenicide
Seat 1: AIien Hand (small blind) folded before Flop
Seat 2: CichiChanMarian (big blind) folded before Flop
Seat 3: Zvst folded before Flop (didn't bet)
Seat 4: fish my nuts folded before Flop (didn't bet)
Seat 6: deproe230 (button) collected ($2.50)



PokerStars Hand #254297690186:  Hold'em No Limit ($0.50/$1.00 USD) - 2025/01/10 17:36:53 WET [2025/01/10 12:36:53 ET]
Table 'Xosa II' 6-max Seat #1 is the button
Seat 5: Xenicide ($100 in chips) is sitting out
Seat 1: AIien Hand ($100 in chips) 
Seat 2: CichiChanMarian ($133.50 in chips) 
Seat 3: Zvst ($220.33 in chips) 
Seat 4: fish my nuts ($100 in chips) 
Seat 6: deproe230 ($171.29 in chips) 
CichiChanMarian: posts small blind $0.50
Zvst: posts big blind $1
Xenicide: sits out 
*** HOLE CARDS ***
fish my nuts: folds 
deproe230: folds 
AIien Hand: folds 
CichiChanMarian: folds 
Uncalled bet ($0.50) returned to Zvst
Zvst collected $1 from pot
Zvst: doesn't show hand 
*** SUMMARY ***
Total pot $1 | Rake $0 
Seat 5: Xenicide
Seat 1: AIien Hand (button) folded before Flop (didn't bet)
Seat 2: CichiChanMarian (small blind) folded before Flop
Seat 3: Zvst (big blind) collected ($1)
Seat 4: fish my nuts folded before Flop (didn't bet)
Seat 6: deproe230 folded before Flop (didn't bet)



PokerStars Hand #254297693697:  Hold'em No Limit ($0.50/$1.00 USD) - 2025/01/10 17:37:05 WET [2025/01/10 12:37:05 ET]
Table 'Xosa II' 6-max Seat #2 is the button
Seat 5: Xenicide ($100 in chips) is sitting out
Seat 1: AIien Hand ($100 in chips) 
Seat 2: CichiChanMarian ($133 in chips) 
Seat 3: Zvst ($220.83 in chips) 
Seat 4: fish my nuts ($100 in chips) 
Seat 6: deproe230 ($171.29 in chips) 
Zvst: posts small blind $0.50
fish my nuts: posts big blind $1
Xenicide: sits out 
*** HOLE CARDS ***
deproe230: raises $2.50 to $3.50
AIien Hand: folds 
CichiChanMarian: folds 
Zvst: folds 
fish my nuts: calls $2.50
*** FLOP *** [Ah 7d Ts]
fish my nuts: checks 
deproe230: bets $7.12
fish my nuts: calls $7.12
*** TURN *** [Ah 7d Ts] [2s]
fish my nuts: checks 
deproe230: checks 
*** RIVER *** [Ah 7d Ts 2s] [5h]
fish my nuts: bets $17.76
deproe230: calls $17.76
*** SHOW DOWN ***
fish my nuts: shows [7s 7h] (three of a kind, Sevens)
deproe230: mucks hand 
fish my nuts collected $54.76 from pot
*** SUMMARY ***
Total pot $57.26 | Rake $2.50 
Board [Ah 7d Ts 2s 5h]
Seat 5: Xenicide
Seat 1: AIien Hand folded before Flop (didn't bet)
Seat 2: CichiChanMarian (button) folded before Flop (didn't bet)
Seat 3: Zvst (small blind) folded before Flop
Seat 4: fish my nuts (big blind) showed [7s 7h] and won ($54.76) with three of a kind, Sevens
Seat 6: deproe230 mucked



PokerStars Hand #254297706598:  Hold'em No Limit ($0.50/$1.00 USD) - 2025/01/10 17:37:50 WET [2025/01/10 12:37:50 ET]
Table 'Xosa II' 6-max Seat #3 is the button
Seat 1: AIien Hand ($100 in chips) 
Seat 2: CichiChanMarian ($133 in chips) 
Seat 3: Zvst ($220.33 in chips) 
Seat 4: fish my nuts ($126.38 in chips) 
Seat 5: Xenicide ($100 in chips) 
Seat 6: deproe230 ($142.91 in chips) 
fish my nuts: posts small blind $0.50
Xenicide: posts big blind $1
*** HOLE CARDS ***
deproe230: raises $2.50 to $3.50
AIien Hand: folds 
CichiChanMarian: raises $7.70 to $11.20
Zvst: folds 
fish my nuts: folds 
Xenicide: folds 
deproe230: calls $7.70
*** FLOP *** [2s 3h 6s]
deproe230: checks 
CichiChanMarian: bets $7.49
deproe230: raises $16.51 to $24
CichiChanMarian: calls $16.51
*** TURN *** [2s 3h 6s] [5s]
deproe230: checks 
CichiChanMarian: bets $33.11
deproe230: folds 
Uncalled bet ($33.11) returned to CichiChanMarian
CichiChanMarian collected $69.40 from pot
CichiChanMarian: doesn't show hand 
*** SUMMARY ***
Total pot $71.90 | Rake $2.50 
Board [2s 3h 6s 5s]
Seat 1: AIien Hand folded before Flop (didn't bet)
Seat 2: CichiChanMarian collected ($69.40)
Seat 3: Zvst (button) folded before Flop (didn't bet)
Seat 4: fish my nuts (small blind) folded before Flop
Seat 5: Xenicide (big blind) folded before Flop
Seat 6: deproe230 folded on the Turn



PokerStars Hand #254297725073:  Hold'em No Limit ($0.50/$1.00 USD) - 2025/01/10 17:38:55 WET [2025/01/10 12:38:55 ET]
Table 'Xosa II' 6-max Seat #4 is the button
Seat 1: AIien Hand ($100 in chips) 
Seat 2: CichiChanMarian ($167.20 in chips) 
Seat 3: Zvst ($220.33 in chips) 
Seat 4: fish my nuts ($125.88 in chips) 
Seat 5: Xenicide ($100 in chips) 
Seat 6: deproe230 ($107.71 in chips) 
Xenicide: posts small blind $0.50
deproe230: posts big blind $1
*** HOLE CARDS ***
AIien Hand: raises $1.20 to $2.20
CichiChanMarian: raises $4.84 to $7.04
Zvst: folds 
fish my nuts: folds 
Xenicide: folds 
deproe230: calls $6.04
AIien Hand: calls $4.84
*** FLOP *** [Jh Ks 5d]
deproe230: bets $4
AIien Hand: folds 
CichiChanMarian: folds 
Uncalled bet ($4) returned to deproe230
deproe230 collected $20.54 from pot
*** SUMMARY ***
Total pot $21.62 | Rake $1.08 
Board [Jh Ks 5d]
Seat 1: AIien Hand folded on the Flop
Seat 2: CichiChanMarian folded on the Flop
Seat 3: Zvst folded before Flop (didn't bet)
Seat 4: fish my nuts (button) folded before Flop (didn't bet)
Seat 5: Xenicide (small blind) folded before Flop
Seat 6: deproe230 (big blind) collected ($20.54)



PokerStars Hand #254297736860:  Hold'em No Limit ($0.50/$1.00 USD) - 2025/01/10 17:39:36 WET [2025/01/10 12:39:36 ET]
Table 'Xosa II' 6-max Seat #5 is the button
Seat 1: AIien Hand ($100 in chips) 
Seat 2: CichiChanMarian ($160.16 in chips) 
Seat 3: Zvst ($220.33 in chips) 
Seat 4: fish my nuts ($125.88 in chips) 
Seat 5: Xenicide ($100 in chips) 
Seat 6: deproe230 ($121.21 in chips) 
deproe230: posts small blind $0.50
AIien Hand: posts big blind $1
*** HOLE CARDS ***
CichiChanMarian: folds 
Zvst: folds 
fish my nuts: raises $1.30 to $2.30
Xenicide: raises $4.20 to $6.50
deproe230: folds 
AIien Hand: folds 
fish my nuts: raises $13 to $19.50
Xenicide: raises $80.50 to $100 and is all-in
fish my nuts: folds 
Uncalled bet ($80.50) returned to Xenicide
Xenicide collected $40.50 from pot
*** SUMMARY ***
Total pot $40.50 | Rake $0 
Seat 1: AIien Hand (big blind) folded before Flop
Seat 2: CichiChanMarian folded before Flop (didn't bet)
Seat 3: Zvst folded before Flop (didn't bet)
Seat 4: fish my nuts folded before Flop
Seat 5: Xenicide (button) collected ($40.50)
Seat 6: deproe230 (small blind) folded before Flop



PokerStars Hand #254297757015:  Hold'em No Limit ($0.50/$1.00 USD) - 2025/01/10 17:40:46 WET [2025/01/10 12:40:46 ET]
Table 'Xosa II' 6-max Seat #6 is the button
Seat 1: AIien Hand ($100 in chips) 
Seat 2: CichiChanMarian ($160.16 in chips) 
Seat 3: Zvst ($220.33 in chips) 
Seat 4: fish my nuts ($106.38 in chips) 
Seat 5: Xenicide ($121 in chips) 
Seat 6: deproe230 ($120.71 in chips) 
AIien Hand: posts small blind $0.50
CichiChanMarian: posts big blind $1
*** HOLE CARDS ***
Zvst: folds 
fish my nuts: folds 
Xenicide: folds 
deproe230: raises $2.50 to $3.50
AIien Hand: raises $42.50 to $46
CichiChanMarian: folds 
deproe230: calls $42.50
*** FLOP *** [Jc Qs 6d]
AIien Hand: bets $1
deproe230: raises $73.71 to $74.71 and is all-in
AIien Hand: calls $53 and is all-in
Uncalled bet ($20.71) returned to deproe230
*** TURN *** [Jc Qs 6d] [3d]
*** RIVER *** [Jc Qs 6d 3d] [3c]
*** SHOW DOWN ***
AIien Hand: shows [As 7s] (a pair of Threes)
deproe230: shows [2d 2s] (two pair, Threes and Deuces)
deproe230 collected $198.50 from pot
*** SUMMARY ***
Total pot $201 | Rake $2.50 
Board [Jc Qs 6d 3d 3c]
Seat 1: AIien Hand (small blind) showed [As 7s] and lost with a pair of Threes
Seat 2: CichiChanMarian (big blind) folded before Flop
Seat 3: Zvst folded before Flop (didn't bet)
Seat 4: fish my nuts folded before Flop (didn't bet)
Seat 5: Xenicide folded before Flop (didn't bet)
Seat 6: deproe230 (button) showed [2d 2s] and won ($198.50) with two pair, Threes and Deuces



PokerStars Hand #254297773263:  Hold'em No Limit ($0.50/$1.00 USD) - 2025/01/10 17:41:43 WET [2025/01/10 12:41:43 ET]
Table 'Xosa II' 6-max Seat #1 is the button
Seat 1: AIien Hand ($100 in chips) 
Seat 2: CichiChanMarian ($159.16 in chips) 
Seat 3: Zvst ($220.33 in chips) 
Seat 4: fish my nuts ($106.38 in chips) 
Seat 5: Xenicide ($121 in chips) 
Seat 6: deproe230 ($219.21 in chips) 
CichiChanMarian: posts small blind $0.50
Zvst: posts big blind $1
*** HOLE CARDS ***
fish my nuts: folds 
Xenicide: folds 
deproe230: raises $2.50 to $3.50
AIien Hand: folds 
CichiChanMarian: folds 
Zvst: folds 
Uncalled bet ($2.50) returned to deproe230
deproe230 collected $2.50 from pot
*** SUMMARY ***
Total pot $2.50 | Rake $0 
Seat 1: AIien Hand (button) folded before Flop (didn't bet)
Seat 2: CichiChanMarian (small blind) folded before Flop
Seat 3: Zvst (big blind) folded before Flop
Seat 4: fish my nuts folded before Flop (didn't bet)
Seat 5: Xenicide folded before Flop (didn't bet)
Seat 6: deproe230 collected ($2.50)



PokerStars Hand #254297779419:  Hold'em No Limit ($0.50/$1.00 USD) - 2025/01/10 17:42:05 WET [2025/01/10 12:42:05 ET]
Table 'Xosa II' 6-max Seat #2 is the button
Seat 1: AIien Hand ($100 in chips) 
Seat 2: CichiChanMarian ($158.66 in chips) 
Seat 3: Zvst ($219.33 in chips) 
Seat 4: fish my nuts ($106.38 in chips) 
Seat 5: Xenicide ($121 in chips) 
Seat 6: deproe230 ($220.71 in chips) 
Zvst: posts small blind $0.50
fish my nuts: posts big blind $1
*** HOLE CARDS ***
Xenicide: folds 
deproe230: raises $2.50 to $3.50
AIien Hand: folds 
CichiChanMarian: folds 
Zvst: folds 
fish my nuts: calls $2.50
*** FLOP *** [3s 5c Jc]
fish my nuts: checks 
deproe230: checks 
*** TURN *** [3s 5c Jc] [6c]
fish my nuts: bets $5.06
deproe230: calls $5.06
*** RIVER *** [3s 5c Jc 6c] [8s]
fish my nuts: bets $14.40
deproe230: folds 
Uncalled bet ($14.40) returned to fish my nuts
fish my nuts collected $16.74 from pot
fish my nuts: doesn't show hand 
*** SUMMARY ***
Total pot $17.62 | Rake $0.88 
Board [3s 5c Jc 6c 8s]
Seat 1: AIien Hand folded before Flop (didn't bet)
Seat 2: CichiChanMarian (button) folded before Flop (didn't bet)
Seat 3: Zvst (small blind) folded before Flop
Seat 4: fish my nuts (big blind) collected ($16.74)
Seat 5: Xenicide folded before Flop (didn't bet)
Seat 6: deproe230 folded on the River



PokerStars Hand #254297789811:  Hold'em No Limit ($0.50/$1.00 USD) - 2025/01/10 17:42:41 WET [2025/01/10 12:42:41 ET]
Table 'Xosa II' 6-max Seat #3 is the button
Seat 1: AIien Hand ($100 in chips) 
Seat 2: CichiChanMarian ($158.66 in chips) 
Seat 3: Zvst ($218.83 in chips) 
Seat 4: fish my nuts ($114.56 in chips) 
Seat 5: Xenicide ($121 in chips) 
Seat 6: deproe230 ($212.15 in chips) 
fish my nuts: posts small blind $0.50
Xenicide: posts big blind $1
*** HOLE CARDS ***
deproe230: folds 
AIien Hand: raises $1.20 to $2.20
CichiChanMarian: folds 
deproe230 leaves the table
Zvst: folds 
fish my nuts: folds 
Xenicide: folds 
Uncalled bet ($1.20) returned to AIien Hand
AIien Hand collected $2.50 from pot
AIien Hand: doesn't show hand 
BoyLoc0 joins the table at seat #6 
*** SUMMARY ***
Total pot $2.50 | Rake $0 
Seat 1: AIien Hand collected ($2.50)
Seat 2: CichiChanMarian folded before Flop (didn't bet)
Seat 3: Zvst (button) folded before Flop (didn't bet)
Seat 4: fish my nuts (small blind) folded before Flop
Seat 5: Xenicide (big blind) folded before Flop
Seat 6: deproe230 folded before Flop (didn't bet)



PokerStars Hand #254297800182:  Hold'em No Limit ($0.50/$1.00 USD) - 2025/01/10 17:43:18 WET [2025/01/10 12:43:18 ET]
Table 'Xosa II' 6-max Seat #4 is the button
Seat 1: AIien Hand ($101.50 in chips) 
Seat 2: CichiChanMarian ($158.66 in chips) 
Seat 3: Zvst ($218.83 in chips) 
Seat 4: fish my nuts ($114.06 in chips) 
Seat 5: Xenicide ($120 in chips) 
Seat 6: BoyLoc0 ($100 in chips) 
Xenicide: posts small blind $0.50
BoyLoc0: posts big blind $1
*** HOLE CARDS ***
AIien Hand: folds 
CichiChanMarian: folds 
Zvst: raises $1.50 to $2.50
fish my nuts: folds 
Xenicide: folds 
BoyLoc0: folds 
Uncalled bet ($1.50) returned to Zvst
Zvst collected $2.50 from pot
Zvst: doesn't show hand 
*** SUMMARY ***
Total pot $2.50 | Rake $0 
Seat 1: AIien Hand folded before Flop (didn't bet)
Seat 2: CichiChanMarian folded before Flop (didn't bet)
Seat 3: Zvst collected ($2.50)
Seat 4: fish my nuts (button) folded before Flop (didn't bet)
Seat 5: Xenicide (small blind) folded before Flop
Seat 6: BoyLoc0 (big blind) folded before Flop



PokerStars Hand #254297804895:  Hold'em No Limit ($0.50/$1.00 USD) - 2025/01/10 17:43:34 WET [2025/01/10 12:43:34 ET]
Table 'Xosa II' 6-max Seat #5 is the button
Seat 1: AIien Hand ($101.50 in chips) is sitting out
Seat 2: CichiChanMarian ($158.66 in chips) 
Seat 3: Zvst ($220.33 in chips) 
Seat 4: fish my nuts ($114.06 in chips) 
Seat 5: Xenicide ($119.50 in chips) 
Seat 6: BoyLoc0 ($100 in chips) 
BoyLoc0: posts small blind $0.50
AIien Hand: is sitting out 
CichiChanMarian: posts big blind $1
*** HOLE CARDS ***
Zvst: folds 
Zvst leaves the table
fish my nuts: folds 
Xenicide: folds 
BoyLoc0: raises $2 to $3
CichiChanMarian: calls $2
*** FLOP *** [7s 8h 5s]
BoyLoc0: checks 
CichiChanMarian: checks 
*** TURN *** [7s 8h 5s] [Ts]
Evelexy1 joins the table at seat #3 
BoyLoc0: checks 
AIien Hand leaves the table
CichiChanMarian: checks 
*** RIVER *** [7s 8h 5s Ts] [5c]
BoyLoc0: bets $1.88
CichiChanMarian: folds 
Uncalled bet ($1.88) returned to BoyLoc0
BoyLoc0 collected $5.70 from pot
BoyLoc0: doesn't show hand 
*** SUMMARY ***
Total pot $6 | Rake $0.30 
Board [7s 8h 5s Ts 5c]
Seat 1: AIien Hand
Seat 2: CichiChanMarian (big blind) folded on the River
Seat 3: Zvst folded before Flop (didn't bet)
Seat 4: fish my nuts folded before Flop (didn't bet)
Seat 5: Xenicide (button) folded before Flop (didn't bet)
Seat 6: BoyLoc0 (small blind) collected ($5.70)



PokerStars Hand #254297816965:  Hold'em No Limit ($0.50/$1.00 USD) - 2025/01/10 17:44:17 WET [2025/01/10 12:44:17 ET]
Table 'Xosa II' 6-max Seat #6 is the button
Seat 2: CichiChanMarian ($155.66 in chips) 
Seat 3: Evelexy1 ($100 in chips) 
Seat 4: fish my nuts ($114.06 in chips) 
Seat 5: Xenicide ($119.50 in chips) 
Seat 6: BoyLoc0 ($102.70 in chips) 
CichiChanMarian: posts small blind $0.50
Evelexy1: posts big blind $1
*** HOLE CARDS ***
fish my nuts: folds 
Xenicide: folds 
BoyLoc0: folds 
CichiChanMarian: raises $2 to $3
Evelexy1: folds 
Uncalled bet ($2) returned to CichiChanMarian
CichiChanMarian collected $2 from pot
CichiChanMarian: doesn't show hand 
*** SUMMARY ***
Total pot $2 | Rake $0 
Seat 2: CichiChanMarian (small blind) collected ($2)
Seat 3: Evelexy1 (big blind) folded before Flop
Seat 4: fish my nuts folded before Flop (didn't bet)
Seat 5: Xenicide folded before Flop (didn't bet)
Seat 6: BoyLoc0 (button) folded before Flop (didn't bet)



PokerStars Hand #254297820147:  Hold'em No Limit ($0.50/$1.00 USD) - 2025/01/10 17:44:28 WET [2025/01/10 12:44:28 ET]
Table 'Xosa II' 6-max Seat #2 is the button
Seat 2: CichiChanMarian ($156.66 in chips) 
Seat 3: Evelexy1 ($100 in chips) 
Seat 4: fish my nuts ($114.06 in chips) 
Seat 5: Xenicide ($119.50 in chips) 
Seat 6: BoyLoc0 ($102.70 in chips) 
Evelexy1: posts small blind $0.50
fish my nuts: posts big blind $1
*** HOLE CARDS ***
Xenicide: folds 
BoyLoc0: folds 
CichiChanMarian: folds 
Evelexy1: raises $1.50 to $2.50
fish my nuts: folds 
Uncalled bet ($1.50) returned to Evelexy1
Evelexy1 collected $2 from pot
Evelexy1: doesn't show hand 
*** SUMMARY ***
Total pot $2 | Rake $0 
Seat 2: CichiChanMarian (button) folded before Flop (didn't bet)
Seat 3: Evelexy1 (small blind) collected ($2)
Seat 4: fish my nuts (big blind) folded before Flop
Seat 5: Xenicide folded before Flop (didn't bet)
Seat 6: BoyLoc0 folded before Flop (didn't bet)



PokerStars Hand #254297823475:  Hold'em No Limit ($0.50/$1.00 USD) - 2025/01/10 17:44:39 WET [2025/01/10 12:44:39 ET]
Table 'Xosa II' 6-max Seat #4 is the button
Seat 2: CichiChanMarian ($156.66 in chips) is sitting out
Seat 5: Xenicide ($119.50 in chips) is sitting out
Seat 6: BoyLoc0 ($102.70 in chips) is sitting out
Seat 3: Evelexy1 ($101 in chips) 
Seat 4: fish my nuts ($113.06 in chips) 
fish my nuts: posts small blind $0.50
Xenicide: is sitting out 
BoyLoc0: is sitting out 
CichiChanMarian: is sitting out 
Evelexy1: posts big blind $1
*** HOLE CARDS ***
Xenicide leaves the table
BoyLoc0 leaves the table
fish my nuts: raises $1.30 to $2.30
Evelexy1: folds 
Uncalled bet ($1.30) returned to fish my nuts
CichiChanMarian leaves the table
fish my nuts collected $2 from pot
fish my nuts: doesn't show hand 
Evelexy1 leaves the table
*** SUMMARY ***
Total pot $2 | Rake $0 
Seat 2: CichiChanMarian
Seat 5: Xenicide
Seat 6: BoyLoc0
Seat 3: Evelexy1 (big blind) folded before Flop
Seat 4: fish my nuts (button) (small blind) collected ($2)



