PokerStars Hand #254303006964:  Hold'em No Limit ($0.50/$1.00 USD) - 2025/01/10 22:21:44 WET [2025/01/10 17:21:44 ET]
Table 'Phyleus III' 6-max Seat #2 is the button
Seat 2: Baris1017 ($35.52 in chips) 
Seat 3: An1an1 ($100 in chips) 
Seat 4: EasyGamerrr ($100 in chips) 
An1an1: posts small blind $0.50
EasyGamerrr: posts big blind $1
*** HOLE CARDS ***
Gfoer joins the table at seat #6 
Baris1017: raises $1 to $2
oneduo joins the table at seat #5 
An1an1: folds 
EasyGamerrr: calls $1
*** FLOP *** [3c 3d Th]
EasyGamerrr: checks 
kenk101 joins the table at seat #1 
kenk101 is disconnected 
Baris1017: bets $1
EasyGamerrr: calls $1
*** TURN *** [3c 3d Th] [5s]
EasyGamerrr: checks 
Baris1017: bets $2
EasyGamerrr: folds 
Uncalled bet ($2) returned to Baris1017
Baris1017 collected $6.18 from pot
*** SUMMARY ***
Total pot $6.50 | Rake $0.32 
Board [3c 3d Th 5s]
Seat 2: Baris1017 (button) collected ($6.18)
Seat 3: An1an1 (small blind) folded before Flop
Seat 4: EasyGamerrr (big blind) folded on the Turn



PokerStars Hand #254303027459:  Hold'em No Limit ($0.50/$1.00 USD) - 2025/01/10 22:22:46 WET [2025/01/10 17:22:46 ET]
Table 'Phyleus III' 6-max Seat #3 is the button
Seat 1: kenk101 ($100 in chips) is sitting out
Seat 6: Gfoer ($100 in chips) is sitting out
Seat 2: Baris1017 ($38.70 in chips) 
Seat 3: An1an1 ($100 in chips) 
Seat 4: EasyGamerrr ($100 in chips) 
Seat 5: oneduo ($100 in chips) 
EasyGamerrr: posts small blind $0.50
oneduo: posts big blind $1
Gfoer: sits out 
kenk101: sits out 
*** HOLE CARDS ***
Baris1017: folds 
An1an1: folds 
EasyGamerrr: folds 
Uncalled bet ($0.50) returned to oneduo
oneduo collected $1 from pot
oneduo: doesn't show hand 
*** SUMMARY ***
Total pot $1 | Rake $0 
Seat 1: kenk101
Seat 6: Gfoer
Seat 2: Baris1017 folded before Flop (didn't bet)
Seat 3: An1an1 (button) folded before Flop (didn't bet)
Seat 4: EasyGamerrr (small blind) folded before Flop
Seat 5: oneduo (big blind) collected ($1)



PokerStars Hand #254303033729:  Hold'em No Limit ($0.50/$1.00 USD) - 2025/01/10 22:23:05 WET [2025/01/10 17:23:05 ET]
Table 'Phyleus III' 6-max Seat #4 is the button
Seat 1: kenk101 ($100 in chips) is sitting out
Seat 2: Baris1017 ($38.70 in chips) 
Seat 3: An1an1 ($100 in chips) 
Seat 4: EasyGamerrr ($100 in chips) 
Seat 5: oneduo ($100.50 in chips) 
Seat 6: Gfoer ($100 in chips) 
oneduo: posts small blind $0.50
Gfoer: posts big blind $1
kenk101: sits out 
*** HOLE CARDS ***
Baris1017: calls $1
An1an1: folds 
EasyGamerrr: folds 
oneduo: raises $3 to $4
Gfoer: folds 
Baris1017: folds 
Uncalled bet ($3) returned to oneduo
oneduo collected $3 from pot
oneduo: doesn't show hand 
*** SUMMARY ***
Total pot $3 | Rake $0 
Seat 1: kenk101
Seat 2: Baris1017 folded before Flop
Seat 3: An1an1 folded before Flop (didn't bet)
Seat 4: EasyGamerrr (button) folded before Flop (didn't bet)
Seat 5: oneduo (small blind) collected ($3)
Seat 6: Gfoer (big blind) folded before Flop



PokerStars Hand #254303042354:  Hold'em No Limit ($0.50/$1.00 USD) - 2025/01/10 22:23:32 WET [2025/01/10 17:23:32 ET]
Table 'Phyleus III' 6-max Seat #5 is the button
Seat 1: kenk101 ($100 in chips) 
Seat 2: Baris1017 ($37.70 in chips) 
Seat 3: An1an1 ($100 in chips) 
Seat 4: EasyGamerrr ($100 in chips) 
Seat 5: oneduo ($102.50 in chips) 
Seat 6: Gfoer ($100 in chips) 
Gfoer: posts small blind $0.50
kenk101: posts big blind $1
*** HOLE CARDS ***
Baris1017: folds 
An1an1: folds 
EasyGamerrr: folds 
oneduo: raises $1.80 to $2.80
Gfoer: folds 
kenk101: folds 
Uncalled bet ($1.80) returned to oneduo
oneduo collected $2.50 from pot
oneduo: doesn't show hand 
*** SUMMARY ***
Total pot $2.50 | Rake $0 
Seat 1: kenk101 (big blind) folded before Flop
Seat 2: Baris1017 folded before Flop (didn't bet)
Seat 3: An1an1 folded before Flop (didn't bet)
Seat 4: EasyGamerrr folded before Flop (didn't bet)
Seat 5: oneduo (button) collected ($2.50)
Seat 6: Gfoer (small blind) folded before Flop



PokerStars Hand #254303046893:  Hold'em No Limit ($0.50/$1.00 USD) - 2025/01/10 22:23:45 WET [2025/01/10 17:23:45 ET]
Table 'Phyleus III' 6-max Seat #6 is the button
Seat 1: kenk101 ($99 in chips) 
Seat 2: Baris1017 ($37.70 in chips) 
Seat 3: An1an1 ($100 in chips) 
Seat 4: EasyGamerrr ($100 in chips) 
Seat 5: oneduo ($104 in chips) 
Seat 6: Gfoer ($100 in chips) 
kenk101: posts small blind $0.50
Baris1017: posts big blind $1
*** HOLE CARDS ***
An1an1: folds 
EasyGamerrr: folds 
oneduo: folds 
Gfoer: folds 
kenk101: folds 
Uncalled bet ($0.50) returned to Baris1017
Baris1017 collected $1 from pot
*** SUMMARY ***
Total pot $1 | Rake $0 
Seat 1: kenk101 (small blind) folded before Flop
Seat 2: Baris1017 (big blind) collected ($1)
Seat 3: An1an1 folded before Flop (didn't bet)
Seat 4: EasyGamerrr folded before Flop (didn't bet)
Seat 5: oneduo folded before Flop (didn't bet)
Seat 6: Gfoer (button) folded before Flop (didn't bet)



PokerStars Hand #254303049968:  Hold'em No Limit ($0.50/$1.00 USD) - 2025/01/10 22:23:55 WET [2025/01/10 17:23:55 ET]
Table 'Phyleus III' 6-max Seat #1 is the button
Seat 1: kenk101 ($98.50 in chips) 
Seat 2: Baris1017 ($38.20 in chips) 
Seat 3: An1an1 ($100 in chips) 
Seat 4: EasyGamerrr ($100 in chips) 
Seat 5: oneduo ($104 in chips) 
Seat 6: Gfoer ($100 in chips) 
Baris1017: posts small blind $0.50
An1an1: posts big blind $1
*** HOLE CARDS ***
EasyGamerrr: folds 
oneduo: folds 
Gfoer: folds 
kenk101: raises $2 to $3
Baris1017: folds 
An1an1: folds 
Uncalled bet ($2) returned to kenk101
kenk101 collected $2.50 from pot
*** SUMMARY ***
Total pot $2.50 | Rake $0 
Seat 1: kenk101 (button) collected ($2.50)
Seat 2: Baris1017 (small blind) folded before Flop
Seat 3: An1an1 (big blind) folded before Flop
Seat 4: EasyGamerrr folded before Flop (didn't bet)
Seat 5: oneduo folded before Flop (didn't bet)
Seat 6: Gfoer folded before Flop (didn't bet)



PokerStars Hand #254303054670:  Hold'em No Limit ($0.50/$1.00 USD) - 2025/01/10 22:24:09 WET [2025/01/10 17:24:09 ET]
Table 'Phyleus III' 6-max Seat #2 is the button
Seat 1: kenk101 ($100 in chips) 
Seat 2: Baris1017 ($37.70 in chips) 
Seat 3: An1an1 ($100 in chips) 
Seat 4: EasyGamerrr ($100 in chips) 
Seat 5: oneduo ($104 in chips) 
Seat 6: Gfoer ($100 in chips) 
An1an1: posts small blind $0.50
EasyGamerrr: posts big blind $1
*** HOLE CARDS ***
oneduo: raises $1.20 to $2.20
Gfoer: folds 
kenk101: folds 
Baris1017: calls $2.20
An1an1: folds 
EasyGamerrr: folds 
*** FLOP *** [Ts 2s 2h]
oneduo: bets $3.08
Baris1017: folds 
Uncalled bet ($3.08) returned to oneduo
oneduo collected $5.60 from pot
oneduo: doesn't show hand 
*** SUMMARY ***
Total pot $5.90 | Rake $0.30 
Board [Ts 2s 2h]
Seat 1: kenk101 folded before Flop (didn't bet)
Seat 2: Baris1017 (button) folded on the Flop
Seat 3: An1an1 (small blind) folded before Flop
Seat 4: EasyGamerrr (big blind) folded before Flop
Seat 5: oneduo collected ($5.60)
Seat 6: Gfoer folded before Flop (didn't bet)



PokerStars Hand #254303061938:  Hold'em No Limit ($0.50/$1.00 USD) - 2025/01/10 22:24:31 WET [2025/01/10 17:24:31 ET]
Table 'Phyleus III' 6-max Seat #3 is the button
Seat 1: kenk101 ($100 in chips) 
Seat 2: Baris1017 ($35.50 in chips) 
Seat 3: An1an1 ($100 in chips) 
Seat 4: EasyGamerrr ($100 in chips) 
Seat 5: oneduo ($107.40 in chips) 
Seat 6: Gfoer ($100 in chips) 
EasyGamerrr: posts small blind $0.50
oneduo: posts big blind $1
*** HOLE CARDS ***
Gfoer: folds 
kenk101: folds 
Baris1017: folds 
An1an1: raises $1.50 to $2.50
EasyGamerrr: folds 
oneduo: calls $1.50
*** FLOP *** [Td 5c 4d]
oneduo: checks 
An1an1: checks 
*** TURN *** [Td 5c 4d] [2c]
oneduo: bets $4.07
An1an1: folds 
Uncalled bet ($4.07) returned to oneduo
oneduo collected $5.22 from pot
oneduo: doesn't show hand 
*** SUMMARY ***
Total pot $5.50 | Rake $0.28 
Board [Td 5c 4d 2c]
Seat 1: kenk101 folded before Flop (didn't bet)
Seat 2: Baris1017 folded before Flop (didn't bet)
Seat 3: An1an1 (button) folded on the Turn
Seat 4: EasyGamerrr (small blind) folded before Flop
Seat 5: oneduo (big blind) collected ($5.22)
Seat 6: Gfoer folded before Flop (didn't bet)



PokerStars Hand #254303076393:  Hold'em No Limit ($0.50/$1.00 USD) - 2025/01/10 22:25:15 WET [2025/01/10 17:25:15 ET]
Table 'Phyleus III' 6-max Seat #4 is the button
Seat 6: Gfoer ($100 in chips) is sitting out
Seat 1: kenk101 ($100 in chips) 
Seat 2: Baris1017 ($35.50 in chips) 
Seat 3: An1an1 ($100 in chips) 
Seat 4: EasyGamerrr ($100 in chips) 
Seat 5: oneduo ($110.12 in chips) 
oneduo: posts small blind $0.50
Gfoer: is sitting out 
kenk101: posts big blind $1
*** HOLE CARDS ***
Baris1017: folds 
An1an1: folds 
EasyGamerrr: raises $1.50 to $2.50
oneduo: folds 
Gfoer leaves the table
kenk101: raises $5.50 to $8
EasyGamerrr: folds 
Uncalled bet ($5.50) returned to kenk101
kenk101 collected $5.50 from pot
*** SUMMARY ***
Total pot $5.50 | Rake $0 
Seat 6: Gfoer
Seat 1: kenk101 (big blind) collected ($5.50)
Seat 2: Baris1017 folded before Flop (didn't bet)
Seat 3: An1an1 folded before Flop (didn't bet)
Seat 4: EasyGamerrr (button) folded before Flop
Seat 5: oneduo (small blind) folded before Flop



PokerStars Hand #254303085310:  Hold'em No Limit ($0.50/$1.00 USD) - 2025/01/10 22:25:42 WET [2025/01/10 17:25:42 ET]
Table 'Phyleus III' 6-max Seat #5 is the button
Seat 1: kenk101 ($103 in chips) 
Seat 2: Baris1017 ($35.50 in chips) 
Seat 3: An1an1 ($100 in chips) 
Seat 4: EasyGamerrr ($100 in chips) 
Seat 5: oneduo ($109.62 in chips) 
kenk101: posts small blind $0.50
Baris1017: posts big blind $1
*** HOLE CARDS ***
raketkasix joins the table at seat #6 
An1an1: folds 
EasyGamerrr: raises $1.50 to $2.50
oneduo: folds 
kenk101: folds 
Baris1017: calls $1.50
*** FLOP *** [6d 6s 2d]
Baris1017: checks 
EasyGamerrr: bets $1.72
Baris1017: calls $1.72
*** TURN *** [6d 6s 2d] [5d]
Baris1017: checks 
EasyGamerrr: checks 
*** RIVER *** [6d 6s 2d 5d] [7d]
Baris1017: bets $31.28 and is all-in
EasyGamerrr: folds 
Uncalled bet ($31.28) returned to Baris1017
Baris1017 collected $8.49 from pot
*** SUMMARY ***
Total pot $8.94 | Rake $0.45 
Board [6d 6s 2d 5d 7d]
Seat 1: kenk101 (small blind) folded before Flop
Seat 2: Baris1017 (big blind) collected ($8.49)
Seat 3: An1an1 folded before Flop (didn't bet)
Seat 4: EasyGamerrr folded on the River
Seat 5: oneduo (button) folded before Flop (didn't bet)



PokerStars Hand #254303105644:  Hold'em No Limit ($0.50/$1.00 USD) - 2025/01/10 22:26:44 WET [2025/01/10 17:26:44 ET]
Table 'Phyleus III' 6-max Seat #1 is the button
Seat 3: An1an1 ($100 in chips) is sitting out
Seat 6: raketkasix ($100 in chips) is sitting out
Seat 1: kenk101 ($102.50 in chips) 
Seat 2: Baris1017 ($39.77 in chips) 
Seat 4: EasyGamerrr ($100 in chips) 
Seat 5: oneduo ($109.62 in chips) 
Baris1017: posts small blind $0.50
An1an1: is sitting out 
EasyGamerrr: posts big blind $1
raketkasix: sits out 
*** HOLE CARDS ***
oneduo: folds 
An1an1 leaves the table
kenk101: raises $1 to $2
ImaPeppaPig joins the table at seat #3 
Baris1017: calls $1.50
EasyGamerrr: folds 
*** FLOP *** [Kd 2s 4h]
Baris1017: bets $5
kenk101: folds 
Uncalled bet ($5) returned to Baris1017
Baris1017 collected $4.75 from pot
*** SUMMARY ***
Total pot $5 | Rake $0.25 
Board [Kd 2s 4h]
Seat 3: An1an1
Seat 6: raketkasix
Seat 1: kenk101 (button) folded on the Flop
Seat 2: Baris1017 (small blind) collected ($4.75)
Seat 4: EasyGamerrr (big blind) folded before Flop
Seat 5: oneduo folded before Flop (didn't bet)



PokerStars Hand #254303117611:  Hold'em No Limit ($0.50/$1.00 USD) - 2025/01/10 22:27:21 WET [2025/01/10 17:27:21 ET]
Table 'Phyleus III' 6-max Seat #2 is the button
Seat 3: ImaPeppaPig ($100 in chips) is sitting out
Seat 6: raketkasix ($100 in chips) is sitting out
Seat 1: kenk101 ($100.50 in chips) 
Seat 2: Baris1017 ($42.52 in chips) 
Seat 4: EasyGamerrr ($100 in chips) 
Seat 5: oneduo ($109.62 in chips) 
EasyGamerrr: posts small blind $0.50
oneduo: posts big blind $1
raketkasix: sits out 
*** HOLE CARDS ***
kenk101: folds 
Baris1017: folds 
EasyGamerrr: folds 
Uncalled bet ($0.50) returned to oneduo
oneduo collected $1 from pot
oneduo: doesn't show hand 
*** SUMMARY ***
Total pot $1 | Rake $0 
Seat 3: ImaPeppaPig
Seat 6: raketkasix
Seat 1: kenk101 folded before Flop (didn't bet)
Seat 2: Baris1017 (button) folded before Flop (didn't bet)
Seat 4: EasyGamerrr (small blind) folded before Flop
Seat 5: oneduo (big blind) collected ($1)



PokerStars Hand #254303121811:  Hold'em No Limit ($0.50/$1.00 USD) - 2025/01/10 22:27:34 WET [2025/01/10 17:27:34 ET]
Table 'Phyleus III' 6-max Seat #4 is the button
Seat 3: ImaPeppaPig ($100 in chips) is sitting out
Seat 1: kenk101 ($100.50 in chips) 
Seat 2: Baris1017 ($42.52 in chips) 
Seat 4: EasyGamerrr ($100 in chips) 
Seat 5: oneduo ($110.12 in chips) 
Seat 6: raketkasix ($100 in chips) 
oneduo: posts small blind $0.50
raketkasix: posts big blind $1
ImaPeppaPig: sits out 
*** HOLE CARDS ***
kenk101: folds 
ImaPeppaPig leaves the table
Baris1017: calls $1
Y_19 joins the table at seat #3 
EasyGamerrr: raises $2.50 to $3.50
oneduo: folds 
raketkasix: folds 
Baris1017: folds 
Uncalled bet ($2.50) returned to EasyGamerrr
EasyGamerrr collected $3.50 from pot
EasyGamerrr: doesn't show hand 
*** SUMMARY ***
Total pot $3.50 | Rake $0 
Seat 3: ImaPeppaPig
Seat 1: kenk101 folded before Flop (didn't bet)
Seat 2: Baris1017 folded before Flop
Seat 4: EasyGamerrr (button) collected ($3.50)
Seat 5: oneduo (small blind) folded before Flop
Seat 6: raketkasix (big blind) folded before Flop



PokerStars Hand #254303130891:  Hold'em No Limit ($0.50/$1.00 USD) - 2025/01/10 22:28:01 WET [2025/01/10 17:28:01 ET]
Table 'Phyleus III' 6-max Seat #5 is the button
Seat 3: Y_19 ($100 in chips) is sitting out
Seat 1: kenk101 ($100.50 in chips) 
Seat 2: Baris1017 ($41.52 in chips) 
Seat 4: EasyGamerrr ($102.50 in chips) 
Seat 5: oneduo ($109.62 in chips) 
Seat 6: raketkasix ($100 in chips) 
raketkasix: posts small blind $0.50
kenk101: posts big blind $1
Y_19: sits out 
*** HOLE CARDS ***
Baris1017: folds 
EasyGamerrr: folds 
oneduo: raises $1.80 to $2.80
raketkasix: folds 
kenk101: raises $4.80 to $7.60
oneduo: raises $12.40 to $20
kenk101: folds 
Uncalled bet ($12.40) returned to oneduo
oneduo collected $15.70 from pot
oneduo: doesn't show hand 
*** SUMMARY ***
Total pot $15.70 | Rake $0 
Seat 3: Y_19
Seat 1: kenk101 (big blind) folded before Flop
Seat 2: Baris1017 folded before Flop (didn't bet)
Seat 4: EasyGamerrr folded before Flop (didn't bet)
Seat 5: oneduo (button) collected ($15.70)
Seat 6: raketkasix (small blind) folded before Flop



PokerStars Hand #254303285667:  Hold'em No Limit ($0.50/$1.00 USD) - 2025/01/10 22:35:54 WET [2025/01/10 17:35:54 ET]
Table 'Phyleus III' 6-max Seat #3 is the button
Seat 6: raketkasix ($100 in chips) is sitting out
Seat 1: kenk101 ($110.36 in chips) 
Seat 2: Baris1017 ($80.68 in chips) 
Seat 3: Y_19 ($100 in chips) 
Seat 4: EasyGamerrr ($101.50 in chips) 
Seat 5: oneduo ($216.82 in chips) 
EasyGamerrr: posts small blind $0.50
oneduo: posts big blind $1
raketkasix: sits out 
*** HOLE CARDS ***
kenk101: folds 
Baris1017: calls $1
Y_19: raises $3 to $4
EasyGamerrr: raises $9 to $13
oneduo: folds 
Baris1017: folds 
Y_19: raises $15.50 to $28.50
EasyGamerrr: folds 
Uncalled bet ($15.50) returned to Y_19
Y_19 collected $28 from pot
Y_19: doesn't show hand 
*** SUMMARY ***
Total pot $28 | Rake $0 
Seat 6: raketkasix
Seat 1: kenk101 folded before Flop (didn't bet)
Seat 2: Baris1017 folded before Flop
Seat 3: Y_19 (button) collected ($28)
Seat 4: EasyGamerrr (small blind) folded before Flop
Seat 5: oneduo (big blind) folded before Flop



PokerStars Hand #254303300619:  Hold'em No Limit ($0.50/$1.00 USD) - 2025/01/10 22:36:39 WET [2025/01/10 17:36:39 ET]
Table 'Phyleus III' 6-max Seat #4 is the button
Seat 1: kenk101 ($110.36 in chips) 
Seat 2: Baris1017 ($79.68 in chips) 
Seat 3: Y_19 ($115 in chips) 
Seat 4: EasyGamerrr ($100 in chips) 
Seat 5: oneduo ($215.82 in chips) 
Seat 6: raketkasix ($100 in chips) 
oneduo: posts small blind $0.50
raketkasix: posts big blind $1
*** HOLE CARDS ***
kenk101: folds 
Baris1017: folds 
Y_19: folds 
EasyGamerrr: folds 
oneduo: folds 
Uncalled bet ($0.50) returned to raketkasix
raketkasix collected $1 from pot
raketkasix: doesn't show hand 
*** SUMMARY ***
Total pot $1 | Rake $0 
Seat 1: kenk101 folded before Flop (didn't bet)
Seat 2: Baris1017 folded before Flop (didn't bet)
Seat 3: Y_19 folded before Flop (didn't bet)
Seat 4: EasyGamerrr (button) folded before Flop (didn't bet)
Seat 5: oneduo (small blind) folded before Flop
Seat 6: raketkasix (big blind) collected ($1)



PokerStars Hand #254303305153:  Hold'em No Limit ($0.50/$1.00 USD) - 2025/01/10 22:36:53 WET [2025/01/10 17:36:53 ET]
Table 'Phyleus III' 6-max Seat #5 is the button
Seat 1: kenk101 ($110.36 in chips) 
Seat 2: Baris1017 ($79.68 in chips) 
Seat 3: Y_19 ($115 in chips) 
Seat 4: EasyGamerrr ($100 in chips) 
Seat 5: oneduo ($215.32 in chips) 
Seat 6: raketkasix ($100.50 in chips) 
raketkasix: posts small blind $0.50
kenk101: posts big blind $1
*** HOLE CARDS ***
Baris1017: folds 
Y_19: folds 
EasyGamerrr: raises $1.50 to $2.50
oneduo: folds 
raketkasix: folds 
kenk101: folds 
Uncalled bet ($1.50) returned to EasyGamerrr
EasyGamerrr collected $2.50 from pot
EasyGamerrr: doesn't show hand 
*** SUMMARY ***
Total pot $2.50 | Rake $0 
Seat 1: kenk101 (big blind) folded before Flop
Seat 2: Baris1017 folded before Flop (didn't bet)
Seat 3: Y_19 folded before Flop (didn't bet)
Seat 4: EasyGamerrr collected ($2.50)
Seat 5: oneduo (button) folded before Flop (didn't bet)
Seat 6: raketkasix (small blind) folded before Flop



PokerStars Hand #254303312656:  Hold'em No Limit ($0.50/$1.00 USD) - 2025/01/10 22:37:16 WET [2025/01/10 17:37:16 ET]
Table 'Phyleus III' 6-max Seat #6 is the button
Seat 1: kenk101 ($109.36 in chips) 
Seat 2: Baris1017 ($79.68 in chips) 
Seat 3: Y_19 ($115 in chips) 
Seat 4: EasyGamerrr ($101.50 in chips) 
Seat 5: oneduo ($215.32 in chips) 
Seat 6: raketkasix ($100 in chips) 
kenk101: posts small blind $0.50
Baris1017: posts big blind $1
*** HOLE CARDS ***
Y_19: raises $1.23 to $2.23
EasyGamerrr: folds 
oneduo: folds 
raketkasix: folds 
kenk101: folds 
Baris1017: calls $1.23
*** FLOP *** [7c 5h Ac]
Baris1017: checks 
Y_19: bets $1.55
Baris1017: folds 
Uncalled bet ($1.55) returned to Y_19
Y_19 collected $4.71 from pot
Y_19: doesn't show hand 
*** SUMMARY ***
Total pot $4.96 | Rake $0.25 
Board [7c 5h Ac]
Seat 1: kenk101 (small blind) folded before Flop
Seat 2: Baris1017 (big blind) folded on the Flop
Seat 3: Y_19 collected ($4.71)
Seat 4: EasyGamerrr folded before Flop (didn't bet)
Seat 5: oneduo folded before Flop (didn't bet)
Seat 6: raketkasix (button) folded before Flop (didn't bet)



PokerStars Hand #254303327259:  Hold'em No Limit ($0.50/$1.00 USD) - 2025/01/10 22:38:01 WET [2025/01/10 17:38:01 ET]
Table 'Phyleus III' 6-max Seat #1 is the button
Seat 1: kenk101 ($108.86 in chips) 
Seat 2: Baris1017 ($77.45 in chips) 
Seat 3: Y_19 ($117.48 in chips) 
Seat 4: EasyGamerrr ($101.50 in chips) 
Seat 5: oneduo ($215.32 in chips) 
Seat 6: raketkasix ($100 in chips) 
Baris1017: posts small blind $0.50
Y_19: posts big blind $1
*** HOLE CARDS ***
EasyGamerrr: folds 
oneduo: folds 
raketkasix: folds 
kenk101: folds 
Baris1017: calls $0.50
Y_19: checks 
*** FLOP *** [Jc 2d Js]
Baris1017: checks 
Y_19: checks 
*** TURN *** [Jc 2d Js] [2s]
Baris1017: checks 
Y_19: checks 
*** RIVER *** [Jc 2d Js 2s] [Qs]
Baris1017: bets $15
Y_19: folds 
Uncalled bet ($15) returned to Baris1017
Baris1017 collected $1.90 from pot
*** SUMMARY ***
Total pot $2 | Rake $0.10 
Board [Jc 2d Js 2s Qs]
Seat 1: kenk101 (button) folded before Flop (didn't bet)
Seat 2: Baris1017 (small blind) collected ($1.90)
Seat 3: Y_19 (big blind) folded on the River
Seat 4: EasyGamerrr folded before Flop (didn't bet)
Seat 5: oneduo folded before Flop (didn't bet)
Seat 6: raketkasix folded before Flop (didn't bet)



PokerStars Hand #254303345102:  Hold'em No Limit ($0.50/$1.00 USD) - 2025/01/10 22:38:55 WET [2025/01/10 17:38:55 ET]
Table 'Phyleus III' 6-max Seat #2 is the button
Seat 1: kenk101 ($108.86 in chips) 
Seat 2: Baris1017 ($78.35 in chips) 
Seat 3: Y_19 ($116.48 in chips) 
Seat 4: EasyGamerrr ($101.50 in chips) 
Seat 5: oneduo ($215.32 in chips) 
Seat 6: raketkasix ($100 in chips) 
Y_19: posts small blind $0.50
EasyGamerrr: posts big blind $1
*** HOLE CARDS ***
oneduo: folds 
raketkasix: raises $1.50 to $2.50
kenk101: calls $2.50
Baris1017: folds 
Y_19: folds 
EasyGamerrr: folds 
*** FLOP *** [Ac 7c Ad]
raketkasix: checks 
kenk101: bets $1
raketkasix: calls $1
*** TURN *** [Ac 7c Ad] [8s]
raketkasix: checks 
kenk101: checks 
*** RIVER *** [Ac 7c Ad 8s] [Th]
raketkasix: bets $9.23
kenk101: folds 
Uncalled bet ($9.23) returned to raketkasix
raketkasix collected $8.08 from pot
raketkasix: doesn't show hand 
*** SUMMARY ***
Total pot $8.50 | Rake $0.42 
Board [Ac 7c Ad 8s Th]
Seat 1: kenk101 folded on the River
Seat 2: Baris1017 (button) folded before Flop (didn't bet)
Seat 3: Y_19 (small blind) folded before Flop
Seat 4: EasyGamerrr (big blind) folded before Flop
Seat 5: oneduo folded before Flop (didn't bet)
Seat 6: raketkasix collected ($8.08)



PokerStars Hand #254303366873:  Hold'em No Limit ($0.50/$1.00 USD) - 2025/01/10 22:40:02 WET [2025/01/10 17:40:02 ET]
Table 'Phyleus III' 6-max Seat #3 is the button
Seat 1: kenk101 ($105.36 in chips) 
Seat 2: Baris1017 ($78.35 in chips) 
Seat 3: Y_19 ($115.98 in chips) 
Seat 4: EasyGamerrr ($100.50 in chips) 
Seat 5: oneduo ($215.32 in chips) 
Seat 6: raketkasix ($104.58 in chips) 
EasyGamerrr: posts small blind $0.50
oneduo: posts big blind $1
*** HOLE CARDS ***
raketkasix: folds 
kenk101: folds 
Baris1017: calls $1
Y_19: raises $3 to $4
EasyGamerrr: folds 
oneduo: calls $3
Baris1017: calls $3
*** FLOP *** [9s As 4c]
oneduo: checks 
Baris1017: checks 
Y_19: bets $5.94
oneduo: calls $5.94
Baris1017: folds 
*** TURN *** [9s As 4c] [6s]
oneduo: checks 
Y_19: checks 
*** RIVER *** [9s As 4c 6s] [Tc]
oneduo: bets $31.27
Y_19: folds 
Uncalled bet ($31.27) returned to oneduo
oneduo collected $23.16 from pot
oneduo: doesn't show hand 
*** SUMMARY ***
Total pot $24.38 | Rake $1.22 
Board [9s As 4c 6s Tc]
Seat 1: kenk101 folded before Flop (didn't bet)
Seat 2: Baris1017 folded on the Flop
Seat 3: Y_19 (button) folded on the River
Seat 4: EasyGamerrr (small blind) folded before Flop
Seat 5: oneduo (big blind) collected ($23.16)
Seat 6: raketkasix folded before Flop (didn't bet)



PokerStars Hand #254303392525:  Hold'em No Limit ($0.50/$1.00 USD) - 2025/01/10 22:41:21 WET [2025/01/10 17:41:21 ET]
Table 'Phyleus III' 6-max Seat #4 is the button
Seat 1: kenk101 ($105.36 in chips) 
Seat 2: Baris1017 ($74.35 in chips) 
Seat 3: Y_19 ($106.04 in chips) 
Seat 4: EasyGamerrr ($100 in chips) 
Seat 5: oneduo ($228.54 in chips) 
Seat 6: raketkasix ($104.58 in chips) 
oneduo: posts small blind $0.50
raketkasix: posts big blind $1
*** HOLE CARDS ***
kenk101: folds 
Baris1017: calls $1
Y_19: folds 
EasyGamerrr: folds 
oneduo: folds 
raketkasix: checks 
*** FLOP *** [6s 6c Ts]
raketkasix: checks 
Baris1017: bets $3
raketkasix: calls $3
*** TURN *** [6s 6c Ts] [3d]
raketkasix: checks 
Baris1017: checks 
*** RIVER *** [6s 6c Ts 3d] [Ah]
raketkasix: checks 
Baris1017: checks 
*** SHOW DOWN ***
raketkasix: shows [3h Td] (two pair, Tens and Sixes)
Baris1017: mucks hand 
raketkasix collected $8.08 from pot
*** SUMMARY ***
Total pot $8.50 | Rake $0.42 
Board [6s 6c Ts 3d Ah]
Seat 1: kenk101 folded before Flop (didn't bet)
Seat 2: Baris1017 mucked
Seat 3: Y_19 folded before Flop (didn't bet)
Seat 4: EasyGamerrr (button) folded before Flop (didn't bet)
Seat 5: oneduo (small blind) folded before Flop
Seat 6: raketkasix (big blind) showed [3h Td] and won ($8.08) with two pair, Tens and Sixes



PokerStars Hand #254303413897:  Hold'em No Limit ($0.50/$1.00 USD) - 2025/01/10 22:42:27 WET [2025/01/10 17:42:27 ET]
Table 'Phyleus III' 6-max Seat #5 is the button
Seat 1: kenk101 ($105.36 in chips) 
Seat 2: Baris1017 ($70.35 in chips) 
Seat 3: Y_19 ($106.04 in chips) 
Seat 4: EasyGamerrr ($100 in chips) 
Seat 5: oneduo ($228.04 in chips) 
Seat 6: raketkasix ($108.66 in chips) 
raketkasix: posts small blind $0.50
kenk101: posts big blind $1
*** HOLE CARDS ***
Baris1017: calls $1
Y_19: raises $2.63 to $3.63
EasyGamerrr: folds 
oneduo: folds 
raketkasix: folds 
kenk101: folds 
Baris1017: calls $2.63
*** FLOP *** [Ad Ks 2h]
Baris1017: bets $10
Y_19: folds 
Uncalled bet ($10) returned to Baris1017
Baris1017 collected $8.32 from pot
*** SUMMARY ***
Total pot $8.76 | Rake $0.44 
Board [Ad Ks 2h]
Seat 1: kenk101 (big blind) folded before Flop
Seat 2: Baris1017 collected ($8.32)
Seat 3: Y_19 folded on the Flop
Seat 4: EasyGamerrr folded before Flop (didn't bet)
Seat 5: oneduo (button) folded before Flop (didn't bet)
Seat 6: raketkasix (small blind) folded before Flop



PokerStars Hand #254303430450:  Hold'em No Limit ($0.50/$1.00 USD) - 2025/01/10 22:43:18 WET [2025/01/10 17:43:18 ET]
Table 'Phyleus III' 6-max Seat #6 is the button
Seat 1: kenk101 ($104.36 in chips) 
Seat 2: Baris1017 ($75.04 in chips) 
Seat 3: Y_19 ($102.41 in chips) 
Seat 4: EasyGamerrr ($100 in chips) 
Seat 5: oneduo ($228.04 in chips) 
Seat 6: raketkasix ($108.16 in chips) 
kenk101: posts small blind $0.50
Baris1017: posts big blind $1
*** HOLE CARDS ***
Y_19: folds 
EasyGamerrr: raises $1.50 to $2.50
oneduo: folds 
raketkasix: folds 
kenk101: folds 
Baris1017: calls $1.50
*** FLOP *** [3c Jc Qh]
Baris1017: checks 
EasyGamerrr: bets $1.72
Baris1017: calls $1.72
*** TURN *** [3c Jc Qh] [Kd]
Baris1017: checks 
EasyGamerrr: checks 
*** RIVER *** [3c Jc Qh Kd] [8d]
Baris1017: bets $10
EasyGamerrr: calls $10
*** SHOW DOWN ***
Baris1017: shows [Kh 3s] (two pair, Kings and Threes)
EasyGamerrr: shows [Kc 8c] (two pair, Kings and Eights)
EasyGamerrr collected $27.49 from pot
*** SUMMARY ***
Total pot $28.94 | Rake $1.45 
Board [3c Jc Qh Kd 8d]
Seat 1: kenk101 (small blind) folded before Flop
Seat 2: Baris1017 (big blind) showed [Kh 3s] and lost with two pair, Kings and Threes
Seat 3: Y_19 folded before Flop (didn't bet)
Seat 4: EasyGamerrr showed [Kc 8c] and won ($27.49) with two pair, Kings and Eights
Seat 5: oneduo folded before Flop (didn't bet)
Seat 6: raketkasix (button) folded before Flop (didn't bet)



PokerStars Hand #254303460377:  Hold'em No Limit ($0.50/$1.00 USD) - 2025/01/10 22:44:51 WET [2025/01/10 17:44:51 ET]
Table 'Phyleus III' 6-max Seat #1 is the button
Seat 1: kenk101 ($103.86 in chips) 
Seat 2: Baris1017 ($60.82 in chips) 
Seat 3: Y_19 ($102.41 in chips) 
Seat 4: EasyGamerrr ($113.27 in chips) 
Seat 5: oneduo ($228.04 in chips) 
Seat 6: raketkasix ($108.16 in chips) 
Baris1017: posts small blind $0.50
Y_19: posts big blind $1
*** HOLE CARDS ***
EasyGamerrr: folds 
oneduo: raises $1.20 to $2.20
raketkasix: folds 
kenk101: folds 
Baris1017: raises $1.20 to $3.40
Y_19: folds 
oneduo: calls $1.20
*** FLOP *** [2c Ac 7d]
Baris1017: bets $3.71
oneduo: calls $3.71
*** TURN *** [2c Ac 7d] [Kh]
Baris1017: checks 
oneduo: checks 
*** RIVER *** [2c Ac 7d Kh] [Tc]
Baris1017: checks 
oneduo: checks 
*** SHOW DOWN ***
Baris1017: shows [Js Jd] (a pair of Jacks)
oneduo: shows [Ah 3h] (a pair of Aces)
oneduo collected $14.46 from pot
*** SUMMARY ***
Total pot $15.22 | Rake $0.76 
Board [2c Ac 7d Kh Tc]
Seat 1: kenk101 (button) folded before Flop (didn't bet)
Seat 2: Baris1017 (small blind) showed [Js Jd] and lost with a pair of Jacks
Seat 3: Y_19 (big blind) folded before Flop
Seat 4: EasyGamerrr folded before Flop (didn't bet)
Seat 5: oneduo showed [Ah 3h] and won ($14.46) with a pair of Aces
Seat 6: raketkasix folded before Flop (didn't bet)



PokerStars Hand #254303479140:  Hold'em No Limit ($0.50/$1.00 USD) - 2025/01/10 22:45:49 WET [2025/01/10 17:45:49 ET]
Table 'Phyleus III' 6-max Seat #2 is the button
Seat 1: kenk101 ($103.86 in chips) 
Seat 2: Baris1017 ($53.71 in chips) 
Seat 3: Y_19 ($101.41 in chips) 
Seat 4: EasyGamerrr ($113.27 in chips) 
Seat 5: oneduo ($235.39 in chips) 
Seat 6: raketkasix ($108.16 in chips) 
Y_19: posts small blind $0.50
EasyGamerrr: posts big blind $1
*** HOLE CARDS ***
oneduo: folds 
raketkasix has timed out
raketkasix: folds 
kenk101: folds 
Baris1017: calls $1
Y_19: folds 
EasyGamerrr: raises $3 to $4
Baris1017: calls $3
*** FLOP *** [9h 6s 5d]
EasyGamerrr: checks 
Baris1017: checks 
*** TURN *** [9h 6s 5d] [Kc]
EasyGamerrr: checks 
Baris1017: checks 
*** RIVER *** [9h 6s 5d Kc] [6c]
EasyGamerrr: bets $2.91
Baris1017: folds 
Uncalled bet ($2.91) returned to EasyGamerrr
EasyGamerrr collected $8.08 from pot
EasyGamerrr: doesn't show hand 
*** SUMMARY ***
Total pot $8.50 | Rake $0.42 
Board [9h 6s 5d Kc 6c]
Seat 1: kenk101 folded before Flop (didn't bet)
Seat 2: Baris1017 (button) folded on the River
Seat 3: Y_19 (small blind) folded before Flop
Seat 4: EasyGamerrr (big blind) collected ($8.08)
Seat 5: oneduo folded before Flop (didn't bet)
Seat 6: raketkasix folded before Flop (didn't bet)



PokerStars Hand #254303500324:  Hold'em No Limit ($0.50/$1.00 USD) - 2025/01/10 22:46:55 WET [2025/01/10 17:46:55 ET]
Table 'Phyleus III' 6-max Seat #3 is the button
Seat 1: kenk101 ($103.86 in chips) 
Seat 2: Baris1017 ($49.71 in chips) 
Seat 3: Y_19 ($100.91 in chips) 
Seat 4: EasyGamerrr ($117.35 in chips) 
Seat 5: oneduo ($235.39 in chips) 
Seat 6: raketkasix ($108.16 in chips) 
EasyGamerrr: posts small blind $0.50
oneduo: posts big blind $1
*** HOLE CARDS ***
raketkasix: folds 
kenk101: raises $2 to $3
Baris1017: folds 
Y_19: folds 
EasyGamerrr: folds 
oneduo: folds 
Uncalled bet ($2) returned to kenk101
kenk101 collected $2.50 from pot
*** SUMMARY ***
Total pot $2.50 | Rake $0 
Seat 1: kenk101 collected ($2.50)
Seat 2: Baris1017 folded before Flop (didn't bet)
Seat 3: Y_19 (button) folded before Flop (didn't bet)
Seat 4: EasyGamerrr (small blind) folded before Flop
Seat 5: oneduo (big blind) folded before Flop
Seat 6: raketkasix folded before Flop (didn't bet)



PokerStars Hand #254303505701:  Hold'em No Limit ($0.50/$1.00 USD) - 2025/01/10 22:47:11 WET [2025/01/10 17:47:11 ET]
Table 'Phyleus III' 6-max Seat #4 is the button
Seat 1: kenk101 ($105.36 in chips) 
Seat 2: Baris1017 ($49.71 in chips) 
Seat 3: Y_19 ($100.91 in chips) 
Seat 4: EasyGamerrr ($116.85 in chips) 
Seat 5: oneduo ($234.39 in chips) 
Seat 6: raketkasix ($108.16 in chips) 
oneduo: posts small blind $0.50
raketkasix: posts big blind $1
*** HOLE CARDS ***
kenk101: folds 
Baris1017: folds 
Y_19: folds 
EasyGamerrr: folds 
oneduo: folds 
Uncalled bet ($0.50) returned to raketkasix
raketkasix collected $1 from pot
raketkasix: doesn't show hand 
*** SUMMARY ***
Total pot $1 | Rake $0 
Seat 1: kenk101 folded before Flop (didn't bet)
Seat 2: Baris1017 folded before Flop (didn't bet)
Seat 3: Y_19 folded before Flop (didn't bet)
Seat 4: EasyGamerrr (button) folded before Flop (didn't bet)
Seat 5: oneduo (small blind) folded before Flop
Seat 6: raketkasix (big blind) collected ($1)



PokerStars Hand #254303512097:  Hold'em No Limit ($0.50/$1.00 USD) - 2025/01/10 22:47:31 WET [2025/01/10 17:47:31 ET]
Table 'Phyleus III' 6-max Seat #5 is the button
Seat 1: kenk101 ($105.36 in chips) 
Seat 2: Baris1017 ($49.71 in chips) 
Seat 3: Y_19 ($100.91 in chips) 
Seat 4: EasyGamerrr ($116.85 in chips) 
Seat 5: oneduo ($233.89 in chips) 
Seat 6: raketkasix ($108.66 in chips) 
raketkasix: posts small blind $0.50
kenk101: posts big blind $1
*** HOLE CARDS ***
Baris1017: folds 
Y_19: folds 
EasyGamerrr: folds 
oneduo: folds 
raketkasix: calls $0.50
kenk101: checks 
*** FLOP *** [6h 8c 5c]
raketkasix: bets $1
kenk101: folds 
Uncalled bet ($1) returned to raketkasix
raketkasix collected $1.90 from pot
raketkasix: doesn't show hand 
*** SUMMARY ***
Total pot $2 | Rake $0.10 
Board [6h 8c 5c]
Seat 1: kenk101 (big blind) folded on the Flop
Seat 2: Baris1017 folded before Flop (didn't bet)
Seat 3: Y_19 folded before Flop (didn't bet)
Seat 4: EasyGamerrr folded before Flop (didn't bet)
Seat 5: oneduo (button) folded before Flop (didn't bet)
Seat 6: raketkasix (small blind) collected ($1.90)



PokerStars Hand #254303524866:  Hold'em No Limit ($0.50/$1.00 USD) - 2025/01/10 22:48:11 WET [2025/01/10 17:48:11 ET]
Table 'Phyleus III' 6-max Seat #6 is the button
Seat 1: kenk101 ($104.36 in chips) 
Seat 2: Baris1017 ($49.71 in chips) 
Seat 3: Y_19 ($100.91 in chips) 
Seat 4: EasyGamerrr ($116.85 in chips) 
Seat 5: oneduo ($233.89 in chips) 
Seat 6: raketkasix ($109.56 in chips) 
kenk101: posts small blind $0.50
Baris1017: posts big blind $1
*** HOLE CARDS ***
Y_19: folds 
EasyGamerrr: raises $1 to $2
oneduo: folds 
raketkasix: folds 
kenk101: folds 
Baris1017: calls $1
*** FLOP *** [2s Js 5c]
Baris1017: checks 
EasyGamerrr: bets $1.41
Baris1017: calls $1.41
*** TURN *** [2s Js 5c] [Kh]
Baris1017: checks 
EasyGamerrr: bets $6.95
Baris1017: folds 
Uncalled bet ($6.95) returned to EasyGamerrr
EasyGamerrr collected $6.95 from pot
EasyGamerrr: doesn't show hand 
*** SUMMARY ***
Total pot $7.32 | Rake $0.37 
Board [2s Js 5c Kh]
Seat 1: kenk101 (small blind) folded before Flop
Seat 2: Baris1017 (big blind) folded on the Turn
Seat 3: Y_19 folded before Flop (didn't bet)
Seat 4: EasyGamerrr collected ($6.95)
Seat 5: oneduo folded before Flop (didn't bet)
Seat 6: raketkasix (button) folded before Flop (didn't bet)



PokerStars Hand #254303544025:  Hold'em No Limit ($0.50/$1.00 USD) - 2025/01/10 22:49:10 WET [2025/01/10 17:49:10 ET]
Table 'Phyleus III' 6-max Seat #1 is the button
Seat 1: kenk101 ($103.86 in chips) 
Seat 2: Baris1017 ($46.30 in chips) 
Seat 3: Y_19 ($100.91 in chips) 
Seat 4: EasyGamerrr ($120.39 in chips) 
Seat 5: oneduo ($233.89 in chips) 
Seat 6: raketkasix ($109.56 in chips) 
Baris1017: posts small blind $0.50
Y_19: posts big blind $1
*** HOLE CARDS ***
EasyGamerrr: folds 
oneduo: folds 
raketkasix: raises $1.50 to $2.50
kenk101: folds 
Baris1017: folds 
Y_19: raises $9.50 to $12
raketkasix: raises $14 to $26
Y_19: raises $74.91 to $100.91 and is all-in
raketkasix: calls $74.91
*** FLOP *** [8s Js 5h]
*** TURN *** [8s Js 5h] [9h]
*** RIVER *** [8s Js 5h 9h] [6s]
*** SHOW DOWN ***
Y_19: shows [Qc Qh] (a pair of Queens)
raketkasix: shows [Ah Ks] (high card Ace)
Y_19 collected $199.82 from pot
*** SUMMARY ***
Total pot $202.32 | Rake $2.50 
Board [8s Js 5h 9h 6s]
Seat 1: kenk101 (button) folded before Flop (didn't bet)
Seat 2: Baris1017 (small blind) folded before Flop
Seat 3: Y_19 (big blind) showed [Qc Qh] and won ($199.82) with a pair of Queens
Seat 4: EasyGamerrr folded before Flop (didn't bet)
Seat 5: oneduo folded before Flop (didn't bet)
Seat 6: raketkasix showed [Ah Ks] and lost with high card Ace



PokerStars Hand #254303562612:  Hold'em No Limit ($0.50/$1.00 USD) - 2025/01/10 22:50:08 WET [2025/01/10 17:50:08 ET]
Table 'Phyleus III' 6-max Seat #2 is the button
Seat 1: kenk101 ($103.86 in chips) 
Seat 2: Baris1017 ($45.80 in chips) 
Seat 3: Y_19 ($199.82 in chips) 
Seat 4: EasyGamerrr ($120.39 in chips) 
Seat 5: oneduo ($233.89 in chips) 
Seat 6: raketkasix ($100 in chips) 
Y_19: posts small blind $0.50
EasyGamerrr: posts big blind $1
*** HOLE CARDS ***
oneduo: folds 
raketkasix: folds 
kenk101: folds 
Baris1017: folds 
Y_19: folds 
Uncalled bet ($0.50) returned to EasyGamerrr
EasyGamerrr collected $1 from pot
EasyGamerrr: doesn't show hand 
*** SUMMARY ***
Total pot $1 | Rake $0 
Seat 1: kenk101 folded before Flop (didn't bet)
Seat 2: Baris1017 (button) folded before Flop (didn't bet)
Seat 3: Y_19 (small blind) folded before Flop
Seat 4: EasyGamerrr (big blind) collected ($1)
Seat 5: oneduo folded before Flop (didn't bet)
Seat 6: raketkasix folded before Flop (didn't bet)



PokerStars Hand #254303568546:  Hold'em No Limit ($0.50/$1.00 USD) - 2025/01/10 22:50:26 WET [2025/01/10 17:50:26 ET]
Table 'Phyleus III' 6-max Seat #3 is the button
Seat 1: kenk101 ($103.86 in chips) 
Seat 2: Baris1017 ($45.80 in chips) 
Seat 3: Y_19 ($199.32 in chips) 
Seat 4: EasyGamerrr ($120.89 in chips) 
Seat 5: oneduo ($233.89 in chips) 
Seat 6: raketkasix ($100 in chips) 
EasyGamerrr: posts small blind $0.50
oneduo: posts big blind $1
*** HOLE CARDS ***
raketkasix: folds 
kenk101: folds 
Baris1017: folds 
Y_19: folds 
EasyGamerrr: folds 
Uncalled bet ($0.50) returned to oneduo
oneduo collected $1 from pot
oneduo: doesn't show hand 
*** SUMMARY ***
Total pot $1 | Rake $0 
Seat 1: kenk101 folded before Flop (didn't bet)
Seat 2: Baris1017 folded before Flop (didn't bet)
Seat 3: Y_19 (button) folded before Flop (didn't bet)
Seat 4: EasyGamerrr (small blind) folded before Flop
Seat 5: oneduo (big blind) collected ($1)
Seat 6: raketkasix folded before Flop (didn't bet)



PokerStars Hand #254303572013:  Hold'em No Limit ($0.50/$1.00 USD) - 2025/01/10 22:50:37 WET [2025/01/10 17:50:37 ET]
Table 'Phyleus III' 6-max Seat #4 is the button
Seat 1: kenk101 ($103.86 in chips) 
Seat 2: Baris1017 ($45.80 in chips) 
Seat 3: Y_19 ($199.32 in chips) 
Seat 4: EasyGamerrr ($120.39 in chips) 
Seat 5: oneduo ($234.39 in chips) 
Seat 6: raketkasix ($100 in chips) 
oneduo: posts small blind $0.50
raketkasix: posts big blind $1
*** HOLE CARDS ***
kenk101: folds 
Baris1017: calls $1
Y_19: folds 
EasyGamerrr: raises $2.50 to $3.50
oneduo: folds 
raketkasix: folds 
Baris1017: calls $2.50
*** FLOP *** [8h 8d Jd]
Baris1017: checks 
EasyGamerrr: bets $2.67
Baris1017: folds 
Uncalled bet ($2.67) returned to EasyGamerrr
EasyGamerrr collected $8.08 from pot
EasyGamerrr: doesn't show hand 
*** SUMMARY ***
Total pot $8.50 | Rake $0.42 
Board [8h 8d Jd]
Seat 1: kenk101 folded before Flop (didn't bet)
Seat 2: Baris1017 folded on the Flop
Seat 3: Y_19 folded before Flop (didn't bet)
Seat 4: EasyGamerrr (button) collected ($8.08)
Seat 5: oneduo (small blind) folded before Flop
Seat 6: raketkasix (big blind) folded before Flop



PokerStars Hand #254303586963:  Hold'em No Limit ($0.50/$1.00 USD) - 2025/01/10 22:51:23 WET [2025/01/10 17:51:23 ET]
Table 'Phyleus III' 6-max Seat #5 is the button
Seat 1: kenk101 ($103.86 in chips) 
Seat 2: Baris1017 ($42.30 in chips) 
Seat 3: Y_19 ($199.32 in chips) 
Seat 4: EasyGamerrr ($124.97 in chips) 
Seat 5: oneduo ($233.89 in chips) 
Seat 6: raketkasix ($100 in chips) 
raketkasix: posts small blind $0.50
kenk101: posts big blind $1
*** HOLE CARDS ***
Baris1017: calls $1
Y_19: folds 
EasyGamerrr: folds 
oneduo: calls $1
raketkasix: folds 
kenk101: raises $3 to $4
Baris1017: folds 
oneduo: calls $3
*** FLOP *** [4d 3c Kd]
kenk101: checks 
oneduo: bets $2.71
kenk101: calls $2.71
*** TURN *** [4d 3c Kd] [9h]
kenk101: checks 
oneduo: checks 
*** RIVER *** [4d 3c Kd 9h] [Ks]
kenk101: bets $6
oneduo: folds 
Uncalled bet ($6) returned to kenk101
kenk101 collected $14.17 from pot
*** SUMMARY ***
Total pot $14.92 | Rake $0.75 
Board [4d 3c Kd 9h Ks]
Seat 1: kenk101 (big blind) collected ($14.17)
Seat 2: Baris1017 folded before Flop
Seat 3: Y_19 folded before Flop (didn't bet)
Seat 4: EasyGamerrr folded before Flop (didn't bet)
Seat 5: oneduo (button) folded on the River
Seat 6: raketkasix (small blind) folded before Flop



PokerStars Hand #254303609377:  Hold'em No Limit ($0.50/$1.00 USD) - 2025/01/10 22:52:34 WET [2025/01/10 17:52:34 ET]
Table 'Phyleus III' 6-max Seat #6 is the button
Seat 1: kenk101 ($111.32 in chips) 
Seat 2: Baris1017 ($41.30 in chips) 
Seat 3: Y_19 ($199.32 in chips) 
Seat 4: EasyGamerrr ($124.97 in chips) 
Seat 5: oneduo ($227.18 in chips) 
Seat 6: raketkasix ($100 in chips) 
kenk101: posts small blind $0.50
Baris1017: posts big blind $1
*** HOLE CARDS ***
Y_19: folds 
EasyGamerrr: folds 
oneduo: folds 
raketkasix: raises $1.50 to $2.50
kenk101: folds 
Baris1017: calls $1.50
*** FLOP *** [As 7d 8h]
Baris1017: checks 
raketkasix: bets $1.72
Baris1017: calls $1.72
*** TURN *** [As 7d 8h] [2d]
Baris1017: bets $4.25
raketkasix: calls $4.25
*** RIVER *** [As 7d 8h 2d] [Qc]
Baris1017: checks 
raketkasix: checks 
*** SHOW DOWN ***
Baris1017: shows [8c 6s] (a pair of Eights)
raketkasix: mucks hand 
Baris1017 collected $16.57 from pot
*** SUMMARY ***
Total pot $17.44 | Rake $0.87 
Board [As 7d 8h 2d Qc]
Seat 1: kenk101 (small blind) folded before Flop
Seat 2: Baris1017 (big blind) showed [8c 6s] and won ($16.57) with a pair of Eights
Seat 3: Y_19 folded before Flop (didn't bet)
Seat 4: EasyGamerrr folded before Flop (didn't bet)
Seat 5: oneduo folded before Flop (didn't bet)
Seat 6: raketkasix (button) mucked



PokerStars Hand #254303642406:  Hold'em No Limit ($0.50/$1.00 USD) - 2025/01/10 22:54:19 WET [2025/01/10 17:54:19 ET]
Table 'Phyleus III' 6-max Seat #1 is the button
Seat 1: kenk101 ($110.82 in chips) 
Seat 2: Baris1017 ($49.40 in chips) 
Seat 3: Y_19 ($199.32 in chips) 
Seat 4: EasyGamerrr ($124.97 in chips) 
Seat 5: oneduo ($227.18 in chips) 
Seat 6: raketkasix ($100 in chips) 
Baris1017: posts small blind $0.50
Y_19: posts big blind $1
*** HOLE CARDS ***
EasyGamerrr: folds 
oneduo: folds 
raketkasix: folds 
kenk101: folds 
Baris1017: calls $0.50
Y_19: raises $3 to $4
Baris1017: folds 
Uncalled bet ($3) returned to Y_19
Y_19 collected $2 from pot
Y_19: doesn't show hand 
*** SUMMARY ***
Total pot $2 | Rake $0 
Seat 1: kenk101 (button) folded before Flop (didn't bet)
Seat 2: Baris1017 (small blind) folded before Flop
Seat 3: Y_19 (big blind) collected ($2)
Seat 4: EasyGamerrr folded before Flop (didn't bet)
Seat 5: oneduo folded before Flop (didn't bet)
Seat 6: raketkasix folded before Flop (didn't bet)



PokerStars Hand #254303652777:  Hold'em No Limit ($0.50/$1.00 USD) - 2025/01/10 22:54:51 WET [2025/01/10 17:54:51 ET]
Table 'Phyleus III' 6-max Seat #2 is the button
Seat 1: kenk101 ($110.82 in chips) 
Seat 2: Baris1017 ($48.40 in chips) 
Seat 3: Y_19 ($200.32 in chips) 
Seat 4: EasyGamerrr ($124.97 in chips) 
Seat 5: oneduo ($227.18 in chips) 
Seat 6: raketkasix ($100 in chips) 
Y_19: posts small blind $0.50
EasyGamerrr: posts big blind $1
*** HOLE CARDS ***
oneduo: raises $1.20 to $2.20
raketkasix: folds 
kenk101: folds 
Baris1017: calls $2.20
Y_19: folds 
EasyGamerrr: folds 
*** FLOP *** [4s 7c Kh]
oneduo: bets $1.68
Baris1017: calls $1.68
*** TURN *** [4s 7c Kh] [Qc]
oneduo: bets $4.84
Baris1017: folds 
Uncalled bet ($4.84) returned to oneduo
oneduo collected $8.80 from pot
oneduo: doesn't show hand 
*** SUMMARY ***
Total pot $9.26 | Rake $0.46 
Board [4s 7c Kh Qc]
Seat 1: kenk101 folded before Flop (didn't bet)
Seat 2: Baris1017 (button) folded on the Turn
Seat 3: Y_19 (small blind) folded before Flop
Seat 4: EasyGamerrr (big blind) folded before Flop
Seat 5: oneduo collected ($8.80)
Seat 6: raketkasix folded before Flop (didn't bet)



PokerStars Hand #254303662779:  Hold'em No Limit ($0.50/$1.00 USD) - 2025/01/10 22:55:30 WET [2025/01/10 17:55:30 ET]
Table 'Phyleus III' 6-max Seat #3 is the button
Seat 1: kenk101 ($110.82 in chips) 
Seat 2: Baris1017 ($44.52 in chips) 
Seat 3: Y_19 ($199.82 in chips) 
Seat 4: EasyGamerrr ($123.97 in chips) 
Seat 5: oneduo ($232.10 in chips) 
Seat 6: raketkasix ($100 in chips) 
EasyGamerrr: posts small blind $0.50
oneduo: posts big blind $1
*** HOLE CARDS ***
raketkasix: folds 
kenk101: folds 
Baris1017: folds 
Y_19: raises $1.23 to $2.23
EasyGamerrr: raises $8.77 to $11
oneduo: folds 
Y_19: folds 
Uncalled bet ($8.77) returned to EasyGamerrr
EasyGamerrr collected $5.46 from pot
EasyGamerrr: doesn't show hand 
*** SUMMARY ***
Total pot $5.46 | Rake $0 
Seat 1: kenk101 folded before Flop (didn't bet)
Seat 2: Baris1017 folded before Flop (didn't bet)
Seat 3: Y_19 (button) folded before Flop
Seat 4: EasyGamerrr (small blind) collected ($5.46)
Seat 5: oneduo (big blind) folded before Flop
Seat 6: raketkasix folded before Flop (didn't bet)



PokerStars Hand #254303667770:  Hold'em No Limit ($0.50/$1.00 USD) - 2025/01/10 22:55:52 WET [2025/01/10 17:55:52 ET]
Table 'Phyleus III' 6-max Seat #4 is the button
Seat 1: kenk101 ($110.82 in chips) 
Seat 2: Baris1017 ($44.52 in chips) 
Seat 3: Y_19 ($197.59 in chips) 
Seat 4: EasyGamerrr ($127.20 in chips) 
Seat 5: oneduo ($231.10 in chips) 
Seat 6: raketkasix ($100 in chips) 
oneduo: posts small blind $0.50
raketkasix: posts big blind $1
*** HOLE CARDS ***
kenk101: folds 
Baris1017: folds 
Y_19: folds 
EasyGamerrr: folds 
oneduo: raises $1.80 to $2.80
raketkasix: calls $1.80
*** FLOP *** [2c 4d 7h]
oneduo: checks 
kenk101 leaves the table
raketkasix: checks 
*** TURN *** [2c 4d 7h] [Kd]
oneduo: bets $2.93
raketkasix: folds 
Uncalled bet ($2.93) returned to oneduo
oneduo collected $5.32 from pot
oneduo: doesn't show hand 
*** SUMMARY ***
Total pot $5.60 | Rake $0.28 
Board [2c 4d 7h Kd]
Seat 1: kenk101 folded before Flop (didn't bet)
Seat 2: Baris1017 folded before Flop (didn't bet)
Seat 3: Y_19 folded before Flop (didn't bet)
Seat 4: EasyGamerrr (button) folded before Flop (didn't bet)
Seat 5: oneduo (small blind) collected ($5.32)
Seat 6: raketkasix (big blind) folded on the Turn



PokerStars Hand #254303681554:  Hold'em No Limit ($0.50/$1.00 USD) - 2025/01/10 22:56:52 WET [2025/01/10 17:56:52 ET]
Table 'Phyleus III' 6-max Seat #5 is the button
Seat 2: Baris1017 ($44.52 in chips) 
Seat 3: Y_19 ($197.59 in chips) 
Seat 4: EasyGamerrr ($127.20 in chips) 
Seat 5: oneduo ($233.62 in chips) 
Seat 6: raketkasix ($100 in chips) 
raketkasix: posts small blind $0.50
Baris1017: posts big blind $1
*** HOLE CARDS ***
Y_19: folds 
EasyGamerrr: raises $1.50 to $2.50
oneduo: folds 
raketkasix: folds 
Baris1017: calls $1.50
*** FLOP *** [2d 6d Ad]
Baris1017: bets $2.61
EasyGamerrr: folds 
Uncalled bet ($2.61) returned to Baris1017
Baris1017 collected $5.22 from pot
*** SUMMARY ***
Total pot $5.50 | Rake $0.28 
Board [2d 6d Ad]
Seat 2: Baris1017 (big blind) collected ($5.22)
Seat 3: Y_19 folded before Flop (didn't bet)
Seat 4: EasyGamerrr folded on the Flop
Seat 5: oneduo (button) folded before Flop (didn't bet)
Seat 6: raketkasix (small blind) folded before Flop



PokerStars Hand #254303690752:  Hold'em No Limit ($0.50/$1.00 USD) - 2025/01/10 22:57:32 WET [2025/01/10 17:57:32 ET]
Table 'Phyleus III' 6-max Seat #6 is the button
Seat 3: Y_19 ($197.59 in chips) is sitting out
Seat 2: Baris1017 ($47.24 in chips) 
Seat 4: EasyGamerrr ($124.70 in chips) 
Seat 5: oneduo ($233.62 in chips) 
Seat 6: raketkasix ($100 in chips) 
Baris1017: posts small blind $0.50
Y_19: is sitting out 
EasyGamerrr: posts big blind $1
*** HOLE CARDS ***
oneduo: folds 
Y_19 leaves the table
raketkasix: folds 
Baris1017: raises $1 to $2
EasyGamerrr: calls $1
*** FLOP *** [6h Tc Kh]
Baris1017: bets $1.90
EasyGamerrr: calls $1.90
*** TURN *** [6h Tc Kh] [Ad]
PhoenixAssassin joins the table at seat #3 
Baris1017: bets $3.71
EasyGamerrr: folds 
Uncalled bet ($3.71) returned to Baris1017
Baris1017 collected $7.41 from pot
*** SUMMARY ***
Total pot $7.80 | Rake $0.39 
Board [6h Tc Kh Ad]
Seat 3: Y_19
Seat 2: Baris1017 (small blind) collected ($7.41)
Seat 4: EasyGamerrr (big blind) folded on the Turn
Seat 5: oneduo folded before Flop (didn't bet)
Seat 6: raketkasix (button) folded before Flop (didn't bet)



PokerStars Hand #254303702591:  Hold'em No Limit ($0.50/$1.00 USD) - 2025/01/10 22:58:22 WET [2025/01/10 17:58:22 ET]
Table 'Phyleus III' 6-max Seat #2 is the button
Seat 3: PhoenixAssassin ($100 in chips) is sitting out
Seat 2: Baris1017 ($50.75 in chips) 
Seat 4: EasyGamerrr ($120.80 in chips) 
Seat 5: oneduo ($233.62 in chips) 
Seat 6: raketkasix ($100 in chips) 
EasyGamerrr: posts small blind $0.50
oneduo: posts big blind $1
*** HOLE CARDS ***
raketkasix: folds 
Baris1017: folds 
EasyGamerrr: folds 
Uncalled bet ($0.50) returned to oneduo
oneduo collected $1 from pot
oneduo: doesn't show hand 
*** SUMMARY ***
Total pot $1 | Rake $0 
Seat 3: PhoenixAssassin
Seat 2: Baris1017 (button) folded before Flop (didn't bet)
Seat 4: EasyGamerrr (small blind) folded before Flop
Seat 5: oneduo (big blind) collected ($1)
Seat 6: raketkasix folded before Flop (didn't bet)



PokerStars Hand #254303705989:  Hold'em No Limit ($0.50/$1.00 USD) - 2025/01/10 22:58:37 WET [2025/01/10 17:58:37 ET]
Table 'Phyleus III' 6-max Seat #4 is the button
Seat 3: PhoenixAssassin ($100 in chips) is sitting out
Seat 2: Baris1017 ($50.75 in chips) 
Seat 4: EasyGamerrr ($120.30 in chips) 
Seat 5: oneduo ($234.12 in chips) 
Seat 6: raketkasix ($100 in chips) 
oneduo: posts small blind $0.50
raketkasix: posts big blind $1
PhoenixAssassin: sits out 
*** HOLE CARDS ***
Baris1017: raises $1 to $2
EasyGamerrr: folds 
oneduo: folds 
raketkasix: folds 
Uncalled bet ($1) returned to Baris1017
Baris1017 collected $2.50 from pot
*** SUMMARY ***
Total pot $2.50 | Rake $0 
Seat 3: PhoenixAssassin
Seat 2: Baris1017 collected ($2.50)
Seat 4: EasyGamerrr (button) folded before Flop (didn't bet)
Seat 5: oneduo (small blind) folded before Flop
Seat 6: raketkasix (big blind) folded before Flop



PokerStars Hand #254303710404:  Hold'em No Limit ($0.50/$1.00 USD) - 2025/01/10 22:58:56 WET [2025/01/10 17:58:56 ET]
Table 'Phyleus III' 6-max Seat #5 is the button
Seat 3: PhoenixAssassin ($100 in chips) is sitting out
Seat 2: Baris1017 ($52.25 in chips) 
Seat 4: EasyGamerrr ($120.30 in chips) 
Seat 5: oneduo ($233.62 in chips) 
Seat 6: raketkasix ($100 in chips) 
raketkasix: posts small blind $0.50
Baris1017: posts big blind $1
PhoenixAssassin: sits out 
*** HOLE CARDS ***
EasyGamerrr: folds 
oneduo: folds 
raketkasix: raises $2 to $3
andutu34 joins the table at seat #1 
Baris1017: calls $2
*** FLOP *** [8d 6h 8s]
raketkasix: checks 
Baris1017: checks 
*** TURN *** [8d 6h 8s] [5d]
raketkasix: checks 
Baris1017: bets $2.85
raketkasix: folds 
Uncalled bet ($2.85) returned to Baris1017
Baris1017 collected $5.70 from pot
*** SUMMARY ***
Total pot $6 | Rake $0.30 
Board [8d 6h 8s 5d]
Seat 3: PhoenixAssassin
Seat 2: Baris1017 (big blind) collected ($5.70)
Seat 4: EasyGamerrr folded before Flop (didn't bet)
Seat 5: oneduo (button) folded before Flop (didn't bet)
Seat 6: raketkasix (small blind) folded on the Turn



PokerStars Hand #254303730942:  Hold'em No Limit ($0.50/$1.00 USD) - 2025/01/10 23:00:24 WET [2025/01/10 18:00:24 ET]
Table 'Phyleus III' 6-max Seat #6 is the button
Seat 1: andutu34 ($100 in chips) is sitting out
Seat 2: Baris1017 ($54.95 in chips) 
Seat 3: PhoenixAssassin ($100 in chips) 
Seat 4: EasyGamerrr ($120.30 in chips) 
Seat 5: oneduo ($233.62 in chips) 
Seat 6: raketkasix ($100 in chips) 
Baris1017: posts small blind $0.50
PhoenixAssassin: posts big blind $1
*** HOLE CARDS ***
EasyGamerrr: folds 
oneduo: folds 
raketkasix: folds 
Baris1017: raises $1 to $2
PhoenixAssassin: calls $1
*** FLOP *** [Td 6s 5d]
Baris1017: bets $1.90
PhoenixAssassin: folds 
Uncalled bet ($1.90) returned to Baris1017
Baris1017 collected $3.80 from pot
*** SUMMARY ***
Total pot $4 | Rake $0.20 
Board [Td 6s 5d]
Seat 1: andutu34
Seat 2: Baris1017 (small blind) collected ($3.80)
Seat 3: PhoenixAssassin (big blind) folded on the Flop
Seat 4: EasyGamerrr folded before Flop (didn't bet)
Seat 5: oneduo folded before Flop (didn't bet)
Seat 6: raketkasix (button) folded before Flop (didn't bet)



PokerStars Hand #254303739646:  Hold'em No Limit ($0.50/$1.00 USD) - 2025/01/10 23:00:58 WET [2025/01/10 18:00:58 ET]
Table 'Phyleus III' 6-max Seat #2 is the button
Seat 1: andutu34 ($100 in chips) is sitting out
Seat 2: Baris1017 ($56.75 in chips) 
Seat 3: PhoenixAssassin ($100 in chips) 
Seat 4: EasyGamerrr ($120.30 in chips) 
Seat 5: oneduo ($233.62 in chips) 
Seat 6: raketkasix ($100 in chips) 
PhoenixAssassin: posts small blind $0.50
EasyGamerrr: posts big blind $1
andutu34: sits out 
*** HOLE CARDS ***
oneduo: folds 
raketkasix: raises $1.50 to $2.50
Baris1017: calls $2.50
PhoenixAssassin: folds 
EasyGamerrr: folds 
*** FLOP *** [9d 5c 5d]
raketkasix: checks 
Baris1017: checks 
*** TURN *** [9d 5c 5d] [9c]
raketkasix: checks 
Baris1017: checks 
*** RIVER *** [9d 5c 5d 9c] [Qd]
raketkasix: bets $10
Baris1017: folds 
Uncalled bet ($10) returned to raketkasix
raketkasix collected $6.18 from pot
raketkasix: doesn't show hand 
*** SUMMARY ***
Total pot $6.50 | Rake $0.32 
Board [9d 5c 5d 9c Qd]
Seat 1: andutu34
Seat 2: Baris1017 (button) folded on the River
Seat 3: PhoenixAssassin (small blind) folded before Flop
Seat 4: EasyGamerrr (big blind) folded before Flop
Seat 5: oneduo folded before Flop (didn't bet)
Seat 6: raketkasix collected ($6.18)



PokerStars Hand #254303766232:  Hold'em No Limit ($0.50/$1.00 USD) - 2025/01/10 23:02:30 WET [2025/01/10 18:02:30 ET]
Table 'Phyleus III' 6-max Seat #3 is the button
Seat 1: andutu34 ($100 in chips) is sitting out
Seat 2: Baris1017 ($54.25 in chips) 
Seat 3: PhoenixAssassin ($100 in chips) 
Seat 4: EasyGamerrr ($119.30 in chips) 
Seat 5: oneduo ($233.62 in chips) 
Seat 6: raketkasix ($103.68 in chips) 
EasyGamerrr: posts small blind $0.50
oneduo: posts big blind $1
andutu34: sits out 
*** HOLE CARDS ***
raketkasix: folds 
Baris1017: calls $1
PhoenixAssassin: raises $2.50 to $3.50
EasyGamerrr: folds 
oneduo: folds 
Baris1017: calls $2.50
*** FLOP *** [3d Ah Qd]
Baris1017: bets $8.08
PhoenixAssassin: calls $8.08
*** TURN *** [3d Ah Qd] [8h]
Baris1017: bets $11.72
PhoenixAssassin: raises $46.87 to $58.59
Baris1017: calls $30.95 and is all-in
Uncalled bet ($15.92) returned to PhoenixAssassin
*** RIVER *** [3d Ah Qd 8h] [As]
*** SHOW DOWN ***
Baris1017: shows [Ad Tc] (three of a kind, Aces)
PhoenixAssassin: shows [Ac Ks] (three of a kind, Aces - King kicker)
PhoenixAssassin collected $107.50 from pot
*** SUMMARY ***
Total pot $110 | Rake $2.50 
Board [3d Ah Qd 8h As]
Seat 1: andutu34
Seat 2: Baris1017 showed [Ad Tc] and lost with three of a kind, Aces
Seat 3: PhoenixAssassin (button) showed [Ac Ks] and won ($107.50) with three of a kind, Aces
Seat 4: EasyGamerrr (small blind) folded before Flop
Seat 5: oneduo (big blind) folded before Flop
Seat 6: raketkasix folded before Flop (didn't bet)



PokerStars Hand #254303797016:  Hold'em No Limit ($0.50/$1.00 USD) - 2025/01/10 23:04:09 WET [2025/01/10 18:04:09 ET]
Table 'Phyleus III' 6-max Seat #4 is the button
Seat 1: andutu34 ($100 in chips) is sitting out
Seat 2: Baris1017 ($0 in chips) is sitting out
Seat 3: PhoenixAssassin ($153.25 in chips) 
Seat 4: EasyGamerrr ($118.80 in chips) 
Seat 5: oneduo ($232.62 in chips) 
Seat 6: raketkasix ($103.68 in chips) 
oneduo: posts small blind $0.50
raketkasix: posts big blind $1
andutu34: sits out 
*** HOLE CARDS ***
PhoenixAssassin: folds 
Baris1017 is disconnected 
EasyGamerrr: folds 
oneduo: raises $1.80 to $2.80
raketkasix: raises $6.20 to $9
oneduo: folds 
Uncalled bet ($6.20) returned to raketkasix
raketkasix collected $5.60 from pot
raketkasix: doesn't show hand 
*** SUMMARY ***
Total pot $5.60 | Rake $0 
Seat 1: andutu34
Seat 2: Baris1017
Seat 3: PhoenixAssassin folded before Flop (didn't bet)
Seat 4: EasyGamerrr (button) folded before Flop (didn't bet)
Seat 5: oneduo (small blind) folded before Flop
Seat 6: raketkasix (big blind) collected ($5.60)



PokerStars Hand #254303807873:  Hold'em No Limit ($0.50/$1.00 USD) - 2025/01/10 23:04:44 WET [2025/01/10 18:04:44 ET]
Table 'Phyleus III' 6-max Seat #5 is the button
Seat 2: Baris1017 ($0 in chips) is sitting out
Seat 1: andutu34 ($100 in chips) 
Seat 3: PhoenixAssassin ($153.25 in chips) 
Seat 4: EasyGamerrr ($118.80 in chips) 
Seat 5: oneduo ($229.82 in chips) 
Seat 6: raketkasix ($106.48 in chips) 
raketkasix: posts small blind $0.50
andutu34: posts big blind $1
*** HOLE CARDS ***
PhoenixAssassin: folds 
EasyGamerrr: folds 
oneduo: raises $1.80 to $2.80
raketkasix: folds 
andutu34: calls $1.80
*** FLOP *** [9s 6s Td]
andutu34: checks 
oneduo: checks 
*** TURN *** [9s 6s Td] [Qh]
andutu34: checks 
oneduo: checks 
*** RIVER *** [9s 6s Td Qh] [5d]
andutu34: bets $1.91
oneduo: folds 
Uncalled bet ($1.91) returned to andutu34
andutu34 collected $5.80 from pot
andutu34: doesn't show hand 
*** SUMMARY ***
Total pot $6.10 | Rake $0.30 
Board [9s 6s Td Qh 5d]
Seat 2: Baris1017
Seat 1: andutu34 (big blind) collected ($5.80)
Seat 3: PhoenixAssassin folded before Flop (didn't bet)
Seat 4: EasyGamerrr folded before Flop (didn't bet)
Seat 5: oneduo (button) folded on the River
Seat 6: raketkasix (small blind) folded before Flop



PokerStars Hand #254303823385:  Hold'em No Limit ($0.50/$1.00 USD) - 2025/01/10 23:05:34 WET [2025/01/10 18:05:34 ET]
Table 'Phyleus III' 6-max Seat #6 is the button
Seat 2: Baris1017 ($0 in chips) is sitting out
Seat 3: PhoenixAssassin ($153.25 in chips) is sitting out
Seat 4: EasyGamerrr ($118.80 in chips) is sitting out
Seat 1: andutu34 ($103 in chips) 
Seat 5: oneduo ($227.02 in chips) 
Seat 6: raketkasix ($105.98 in chips) 
andutu34: posts small blind $0.50
PhoenixAssassin: is sitting out 
EasyGamerrr: is sitting out 
oneduo: posts big blind $1
*** HOLE CARDS ***
EasyGamerrr leaves the table
raketkasix: raises $1.50 to $2.50
andutu34: folds 
oneduo: folds 
Uncalled bet ($1.50) returned to raketkasix
PhoenixAssassin leaves the table
raketkasix collected $2.50 from pot
raketkasix: doesn't show hand 
*** SUMMARY ***
Total pot $2.50 | Rake $0 
Seat 2: Baris1017
Seat 3: PhoenixAssassin
Seat 4: EasyGamerrr
Seat 1: andutu34 (small blind) folded before Flop
Seat 5: oneduo (big blind) folded before Flop
Seat 6: raketkasix (button) collected ($2.50)



PokerStars Hand #254303826367:  Hold'em No Limit ($0.50/$1.00 USD) - 2025/01/10 23:05:43 WET [2025/01/10 18:05:43 ET]
Table 'Phyleus III' 6-max Seat #1 is the button
Seat 2: Baris1017 ($0 in chips) is sitting out
Seat 1: andutu34 ($102.50 in chips) 
Seat 5: oneduo ($226.02 in chips) 
Seat 6: raketkasix ($107.48 in chips) 
oneduo: posts small blind $0.50
raketkasix: posts big blind $1
*** HOLE CARDS ***
andutu34: folds 
oneduo: folds 
Uncalled bet ($0.50) returned to raketkasix
andutu34 leaves the table
raketkasix collected $1 from pot
raketkasix: doesn't show hand 
*** SUMMARY ***
Total pot $1 | Rake $0 
Seat 2: Baris1017
Seat 1: andutu34 (button) folded before Flop (didn't bet)
Seat 5: oneduo (small blind) folded before Flop
Seat 6: raketkasix (big blind) collected ($1)



PokerStars Hand #254303829648:  Hold'em No Limit ($0.50/$1.00 USD) - 2025/01/10 23:05:54 WET [2025/01/10 18:05:54 ET]
Table 'Phyleus III' 6-max Seat #6 is the button
Seat 2: Baris1017 ($0 in chips) is sitting out
Seat 5: oneduo ($225.52 in chips) 
Seat 6: raketkasix ($107.98 in chips) 
raketkasix: posts small blind $0.50
oneduo: posts big blind $1
*** HOLE CARDS ***
raketkasix: raises $1.50 to $2.50
oneduo: folds 
Uncalled bet ($1.50) returned to raketkasix
raketkasix collected $2 from pot
raketkasix: doesn't show hand 
*** SUMMARY ***
Total pot $2 | Rake $0 
Seat 2: Baris1017
Seat 5: oneduo (big blind) folded before Flop
Seat 6: raketkasix (button) (small blind) collected ($2)



