PokerStars Hand #254295586391:  Hold'em No Limit ($0.50/$1.00 USD) - 2025/01/10 15:14:42 WET [2025/01/10 10:14:42 ET]
Table 'Theemin II' 6-max Seat #2 is the button
Seat 2: ptolejmus ($11.50 in chips) 
Seat 5: YeeesMan ($100 in chips) 
Seat 6: socito ($101 in chips) 
YeeesMan: posts small blind $0.50
socito: posts big blind $1
*** HOLE CARDS ***
ptolejmus: folds 
YeeesMan: folds 
Uncalled bet ($0.50) returned to socito
socito collected $1 from pot
socito: doesn't show hand 
*** SUMMARY ***
Total pot $1 | Rake $0 
Seat 2: ptolejmus (button) folded before Flop (didn't bet)
Seat 5: YeeesMan (small blind) folded before Flop
Seat 6: socito (big blind) collected ($1)



PokerStars Hand #254295590944:  Hold'em No Limit ($0.50/$1.00 USD) - 2025/01/10 15:15:05 WET [2025/01/10 10:15:05 ET]
Table 'Theemin II' 6-max Seat #6 is the button
Seat 2: ptolejmus ($11.50 in chips) is sitting out
Seat 5: YeeesMan ($100 in chips) 
Seat 6: socito ($101.50 in chips) 
socito: posts small blind $0.50
ptolejmus: is sitting out 
YeeesMan: posts big blind $1
*** HOLE CARDS ***
socito: folds 
Uncalled bet ($0.50) returned to YeeesMan
YeeesMan collected $1 from pot
YeeesMan: doesn't show hand 
ptolejmus leaves the table
*** SUMMARY ***
Total pot $1 | Rake $0 
Seat 2: ptolejmus
Seat 5: YeeesMan (big blind) collected ($1)
Seat 6: socito (button) (small blind) folded before Flop



PokerStars Hand #254295592279:  Hold'em No Limit ($0.50/$1.00 USD) - 2025/01/10 15:15:11 WET [2025/01/10 10:15:11 ET]
Table 'Theemin II' 6-max Seat #5 is the button
Seat 5: YeeesMan ($100.50 in chips) 
Seat 6: socito ($101 in chips) 
YeeesMan: posts small blind $0.50
socito: posts big blind $1
*** HOLE CARDS ***
YeeesMan: raises $1.50 to $2.50
socito: raises $7.50 to $10
YeeesMan: folds 
Uncalled bet ($7.50) returned to socito
socito collected $5 from pot
socito: doesn't show hand 
*** SUMMARY ***
Total pot $5 | Rake $0 
Seat 5: YeeesMan (button) (small blind) folded before Flop
Seat 6: socito (big blind) collected ($5)



PokerStars Hand #254295599618:  Hold'em No Limit ($0.50/$1.00 USD) - 2025/01/10 15:15:47 WET [2025/01/10 10:15:47 ET]
Table 'Theemin II' 6-max Seat #6 is the button
Seat 5: YeeesMan ($100 in chips) 
Seat 6: socito ($103.50 in chips) 
socito: posts small blind $0.50
YeeesMan: posts big blind $1
*** HOLE CARDS ***
socito: raises $1.50 to $2.50
YeeesMan: folds 
Uncalled bet ($1.50) returned to socito
socito collected $2 from pot
socito: doesn't show hand 
*** SUMMARY ***
Total pot $2 | Rake $0 
Seat 5: YeeesMan (big blind) folded before Flop
Seat 6: socito (button) (small blind) collected ($2)



PokerStars Hand #254295664622:  Hold'em No Limit ($0.50/$1.00 USD) - 2025/01/10 15:21:03 WET [2025/01/10 10:21:03 ET]
Table 'Theemin II' 6-max Seat #1 is the button
Seat 1: 1fudihara ($100 in chips) 
Seat 2: Espada Fish ($100 in chips) 
Seat 3: mr.Jckpot ($100 in chips) 
Seat 4: gudrozd ($100 in chips) 
Seat 5: YeeesMan ($100 in chips) 
Seat 6: socito ($104.50 in chips) 
Espada Fish: posts small blind $0.50
mr.Jckpot: posts big blind $1
*** HOLE CARDS ***
gudrozd: folds 
YeeesMan: folds 
socito: folds 
1fudihara: folds 
Espada Fish: folds 
Uncalled bet ($0.50) returned to mr.Jckpot
mr.Jckpot collected $1 from pot
mr.Jckpot: doesn't show hand 
*** SUMMARY ***
Total pot $1 | Rake $0 
Seat 1: 1fudihara (button) folded before Flop (didn't bet)
Seat 2: Espada Fish (small blind) folded before Flop
Seat 3: mr.Jckpot (big blind) collected ($1)
Seat 4: gudrozd folded before Flop (didn't bet)
Seat 5: YeeesMan folded before Flop (didn't bet)
Seat 6: socito folded before Flop (didn't bet)



PokerStars Hand #254295668039:  Hold'em No Limit ($0.50/$1.00 USD) - 2025/01/10 15:21:20 WET [2025/01/10 10:21:20 ET]
Table 'Theemin II' 6-max Seat #2 is the button
Seat 1: 1fudihara ($100 in chips) 
Seat 2: Espada Fish ($100 in chips) 
Seat 3: mr.Jckpot ($100.50 in chips) 
Seat 4: gudrozd ($100 in chips) 
Seat 5: YeeesMan ($100 in chips) 
Seat 6: socito ($104.50 in chips) 
mr.Jckpot: posts small blind $0.50
gudrozd: posts big blind $1
*** HOLE CARDS ***
YeeesMan: folds 
socito: folds 
1fudihara: raises $1.50 to $2.50
Espada Fish: folds 
mr.Jckpot: folds 
gudrozd: calls $1.50
*** FLOP *** [Qd Ah Jd]
gudrozd: checks 
1fudihara: bets $1.35
gudrozd: calls $1.35
*** TURN *** [Qd Ah Jd] [2h]
gudrozd: checks 
1fudihara: checks 
*** RIVER *** [Qd Ah Jd 2h] [Qc]
gudrozd: bets $2.57
1fudihara: raises $6.43 to $9
gudrozd: folds 
Uncalled bet ($6.43) returned to 1fudihara
1fudihara collected $12.67 from pot
1fudihara: doesn't show hand 
*** SUMMARY ***
Total pot $13.34 | Rake $0.67 
Board [Qd Ah Jd 2h Qc]
Seat 1: 1fudihara collected ($12.67)
Seat 2: Espada Fish (button) folded before Flop (didn't bet)
Seat 3: mr.Jckpot (small blind) folded before Flop
Seat 4: gudrozd (big blind) folded on the River
Seat 5: YeeesMan folded before Flop (didn't bet)
Seat 6: socito folded before Flop (didn't bet)



PokerStars Hand #254295687299:  Hold'em No Limit ($0.50/$1.00 USD) - 2025/01/10 15:22:53 WET [2025/01/10 10:22:53 ET]
Table 'Theemin II' 6-max Seat #3 is the button
Seat 1: 1fudihara ($106.25 in chips) 
Seat 2: Espada Fish ($100 in chips) 
Seat 3: mr.Jckpot ($100 in chips) 
Seat 4: gudrozd ($100 in chips) 
Seat 5: YeeesMan ($100 in chips) 
Seat 6: socito ($104.50 in chips) 
gudrozd: posts small blind $0.50
YeeesMan: posts big blind $1
*** HOLE CARDS ***
socito: folds 
1fudihara: folds 
Espada Fish: folds 
mr.Jckpot: raises $1.50 to $2.50
gudrozd: folds 
YeeesMan: folds 
Uncalled bet ($1.50) returned to mr.Jckpot
mr.Jckpot collected $2.50 from pot
mr.Jckpot: doesn't show hand 
*** SUMMARY ***
Total pot $2.50 | Rake $0 
Seat 1: 1fudihara folded before Flop (didn't bet)
Seat 2: Espada Fish folded before Flop (didn't bet)
Seat 3: mr.Jckpot (button) collected ($2.50)
Seat 4: gudrozd (small blind) folded before Flop
Seat 5: YeeesMan (big blind) folded before Flop
Seat 6: socito folded before Flop (didn't bet)



PokerStars Hand #254295691738:  Hold'em No Limit ($0.50/$1.00 USD) - 2025/01/10 15:23:14 WET [2025/01/10 10:23:14 ET]
Table 'Theemin II' 6-max Seat #4 is the button
Seat 1: 1fudihara ($106.25 in chips) 
Seat 2: Espada Fish ($100 in chips) 
Seat 3: mr.Jckpot ($101.50 in chips) 
Seat 4: gudrozd ($100 in chips) 
Seat 5: YeeesMan ($100 in chips) 
Seat 6: socito ($104.50 in chips) 
YeeesMan: posts small blind $0.50
socito: posts big blind $1
*** HOLE CARDS ***
1fudihara: raises $1.50 to $2.50
Espada Fish: folds 
mr.Jckpot: folds 
gudrozd: folds 
YeeesMan: folds 
socito: raises $10 to $12.50
1fudihara: folds 
Uncalled bet ($10) returned to socito
socito collected $5.50 from pot
socito: doesn't show hand 
*** SUMMARY ***
Total pot $5.50 | Rake $0 
Seat 1: 1fudihara folded before Flop
Seat 2: Espada Fish folded before Flop (didn't bet)
Seat 3: mr.Jckpot folded before Flop (didn't bet)
Seat 4: gudrozd (button) folded before Flop (didn't bet)
Seat 5: YeeesMan (small blind) folded before Flop
Seat 6: socito (big blind) collected ($5.50)



PokerStars Hand #254295696907:  Hold'em No Limit ($0.50/$1.00 USD) - 2025/01/10 15:23:39 WET [2025/01/10 10:23:39 ET]
Table 'Theemin II' 6-max Seat #5 is the button
Seat 1: 1fudihara ($103.75 in chips) 
Seat 2: Espada Fish ($100 in chips) 
Seat 3: mr.Jckpot ($101.50 in chips) 
Seat 4: gudrozd ($100 in chips) 
Seat 5: YeeesMan ($100 in chips) 
Seat 6: socito ($107.50 in chips) 
socito: posts small blind $0.50
1fudihara: posts big blind $1
*** HOLE CARDS ***
Espada Fish: folds 
mr.Jckpot: raises $1.50 to $2.50
gudrozd: folds 
YeeesMan: folds 
socito: folds 
1fudihara: calls $1.50
*** FLOP *** [6h Js 4h]
1fudihara: checks 
mr.Jckpot: bets $1.72
1fudihara: calls $1.72
*** TURN *** [6h Js 4h] [6d]
1fudihara: bets $4
mr.Jckpot: folds 
Uncalled bet ($4) returned to 1fudihara
1fudihara collected $8.49 from pot
1fudihara: doesn't show hand 
*** SUMMARY ***
Total pot $8.94 | Rake $0.45 
Board [6h Js 4h 6d]
Seat 1: 1fudihara (big blind) collected ($8.49)
Seat 2: Espada Fish folded before Flop (didn't bet)
Seat 3: mr.Jckpot folded on the Turn
Seat 4: gudrozd folded before Flop (didn't bet)
Seat 5: YeeesMan (button) folded before Flop (didn't bet)
Seat 6: socito (small blind) folded before Flop



PokerStars Hand #254295705004:  Hold'em No Limit ($0.50/$1.00 USD) - 2025/01/10 15:24:19 WET [2025/01/10 10:24:19 ET]
Table 'Theemin II' 6-max Seat #6 is the button
Seat 1: 1fudihara ($108.02 in chips) 
Seat 2: Espada Fish ($100 in chips) 
Seat 3: mr.Jckpot ($100 in chips) 
Seat 4: gudrozd ($100 in chips) 
Seat 5: YeeesMan ($100 in chips) 
Seat 6: socito ($107 in chips) 
1fudihara: posts small blind $0.50
Espada Fish: posts big blind $1
*** HOLE CARDS ***
mr.Jckpot: raises $1.50 to $2.50
gudrozd: folds 
YeeesMan: folds 
socito: folds 
1fudihara: folds 
Espada Fish: folds 
Uncalled bet ($1.50) returned to mr.Jckpot
mr.Jckpot collected $2.50 from pot
mr.Jckpot: doesn't show hand 
*** SUMMARY ***
Total pot $2.50 | Rake $0 
Seat 1: 1fudihara (small blind) folded before Flop
Seat 2: Espada Fish (big blind) folded before Flop
Seat 3: mr.Jckpot collected ($2.50)
Seat 4: gudrozd folded before Flop (didn't bet)
Seat 5: YeeesMan folded before Flop (didn't bet)
Seat 6: socito (button) folded before Flop (didn't bet)



PokerStars Hand #254295709401:  Hold'em No Limit ($0.50/$1.00 USD) - 2025/01/10 15:24:40 WET [2025/01/10 10:24:40 ET]
Table 'Theemin II' 6-max Seat #1 is the button
Seat 1: 1fudihara ($107.52 in chips) 
Seat 2: Espada Fish ($100 in chips) 
Seat 3: mr.Jckpot ($101.50 in chips) 
Seat 4: gudrozd ($100 in chips) 
Seat 5: YeeesMan ($100 in chips) 
Seat 6: socito ($107 in chips) 
Espada Fish: posts small blind $0.50
mr.Jckpot: posts big blind $1
*** HOLE CARDS ***
gudrozd: raises $1.50 to $2.50
YeeesMan: folds 
socito: folds 
1fudihara: folds 
Espada Fish: folds 
mr.Jckpot: folds 
Uncalled bet ($1.50) returned to gudrozd
gudrozd collected $2.50 from pot
gudrozd: doesn't show hand 
*** SUMMARY ***
Total pot $2.50 | Rake $0 
Seat 1: 1fudihara (button) folded before Flop (didn't bet)
Seat 2: Espada Fish (small blind) folded before Flop
Seat 3: mr.Jckpot (big blind) folded before Flop
Seat 4: gudrozd collected ($2.50)
Seat 5: YeeesMan folded before Flop (didn't bet)
Seat 6: socito folded before Flop (didn't bet)



PokerStars Hand #254295712637:  Hold'em No Limit ($0.50/$1.00 USD) - 2025/01/10 15:24:55 WET [2025/01/10 10:24:55 ET]
Table 'Theemin II' 6-max Seat #2 is the button
Seat 1: 1fudihara ($107.52 in chips) 
Seat 2: Espada Fish ($100 in chips) 
Seat 3: mr.Jckpot ($100.50 in chips) 
Seat 4: gudrozd ($101.50 in chips) 
Seat 5: YeeesMan ($100 in chips) 
Seat 6: socito ($107 in chips) 
mr.Jckpot: posts small blind $0.50
gudrozd: posts big blind $1
*** HOLE CARDS ***
YeeesMan: folds 
socito: raises $1.50 to $2.50
1fudihara: raises $9.50 to $12
Espada Fish: folds 
mr.Jckpot: folds 
gudrozd: folds 
socito: raises $13 to $25
1fudihara: calls $13
*** FLOP *** [Ac 7c 7h]
socito: bets $16.17
1fudihara: calls $16.17
*** TURN *** [Ac 7c 7h] [2s]
socito: checks 
1fudihara: bets $31
socito: folds 
Uncalled bet ($31) returned to 1fudihara
1fudihara collected $81.34 from pot
1fudihara: doesn't show hand 
*** SUMMARY ***
Total pot $83.84 | Rake $2.50 
Board [Ac 7c 7h 2s]
Seat 1: 1fudihara collected ($81.34)
Seat 2: Espada Fish (button) folded before Flop (didn't bet)
Seat 3: mr.Jckpot (small blind) folded before Flop
Seat 4: gudrozd (big blind) folded before Flop
Seat 5: YeeesMan folded before Flop (didn't bet)
Seat 6: socito folded on the Turn



PokerStars Hand #254295731276:  Hold'em No Limit ($0.50/$1.00 USD) - 2025/01/10 15:26:24 WET [2025/01/10 10:26:24 ET]
Table 'Theemin II' 6-max Seat #3 is the button
Seat 1: 1fudihara ($147.69 in chips) 
Seat 2: Espada Fish ($100 in chips) 
Seat 3: mr.Jckpot ($100 in chips) 
Seat 4: gudrozd ($100.50 in chips) 
Seat 5: YeeesMan ($100 in chips) 
Seat 6: socito ($100 in chips) 
gudrozd: posts small blind $0.50
YeeesMan: posts big blind $1
*** HOLE CARDS ***
socito: folds 
1fudihara: raises $1.50 to $2.50
Espada Fish: raises $5.50 to $8
mr.Jckpot: folds 
gudrozd: raises $13 to $21
YeeesMan: folds 
1fudihara: folds 
Espada Fish: calls $13
*** FLOP *** [8s 9d 3h]
gudrozd: checks 
Espada Fish: bets $22.04
gudrozd: folds 
Uncalled bet ($22.04) returned to Espada Fish
Espada Fish collected $43.22 from pot
Espada Fish: doesn't show hand 
*** SUMMARY ***
Total pot $45.50 | Rake $2.28 
Board [8s 9d 3h]
Seat 1: 1fudihara folded before Flop
Seat 2: Espada Fish collected ($43.22)
Seat 3: mr.Jckpot (button) folded before Flop (didn't bet)
Seat 4: gudrozd (small blind) folded on the Flop
Seat 5: YeeesMan (big blind) folded before Flop
Seat 6: socito folded before Flop (didn't bet)



PokerStars Hand #254295748097:  Hold'em No Limit ($0.50/$1.00 USD) - 2025/01/10 15:27:44 WET [2025/01/10 10:27:44 ET]
Table 'Theemin II' 6-max Seat #4 is the button
Seat 1: 1fudihara ($145.19 in chips) 
Seat 2: Espada Fish ($122.22 in chips) 
Seat 3: mr.Jckpot ($100 in chips) 
Seat 4: gudrozd ($100 in chips) 
Seat 5: YeeesMan ($100 in chips) 
Seat 6: socito ($100 in chips) 
YeeesMan: posts small blind $0.50
socito: posts big blind $1
*** HOLE CARDS ***
1fudihara: folds 
Espada Fish: raises $1.20 to $2.20
mr.Jckpot: folds 
gudrozd: folds 
YeeesMan: folds 
socito: folds 
Uncalled bet ($1.20) returned to Espada Fish
Espada Fish collected $2.50 from pot
Espada Fish: doesn't show hand 
*** SUMMARY ***
Total pot $2.50 | Rake $0 
Seat 1: 1fudihara folded before Flop (didn't bet)
Seat 2: Espada Fish collected ($2.50)
Seat 3: mr.Jckpot folded before Flop (didn't bet)
Seat 4: gudrozd (button) folded before Flop (didn't bet)
Seat 5: YeeesMan (small blind) folded before Flop
Seat 6: socito (big blind) folded before Flop



PokerStars Hand #254295752461:  Hold'em No Limit ($0.50/$1.00 USD) - 2025/01/10 15:28:05 WET [2025/01/10 10:28:05 ET]
Table 'Theemin II' 6-max Seat #5 is the button
Seat 1: 1fudihara ($145.19 in chips) 
Seat 2: Espada Fish ($123.72 in chips) 
Seat 3: mr.Jckpot ($100 in chips) 
Seat 4: gudrozd ($100 in chips) 
Seat 5: YeeesMan ($100 in chips) 
Seat 6: socito ($100 in chips) 
socito: posts small blind $0.50
1fudihara: posts big blind $1
*** HOLE CARDS ***
Espada Fish: folds 
mr.Jckpot: raises $1.50 to $2.50
gudrozd: folds 
YeeesMan: folds 
socito: folds 
1fudihara: calls $1.50
*** FLOP *** [Kd 4d Jd]
1fudihara: checks 
mr.Jckpot: bets $2.87
1fudihara: folds 
Uncalled bet ($2.87) returned to mr.Jckpot
mr.Jckpot collected $5.22 from pot
mr.Jckpot: doesn't show hand 
*** SUMMARY ***
Total pot $5.50 | Rake $0.28 
Board [Kd 4d Jd]
Seat 1: 1fudihara (big blind) folded on the Flop
Seat 2: Espada Fish folded before Flop (didn't bet)
Seat 3: mr.Jckpot collected ($5.22)
Seat 4: gudrozd folded before Flop (didn't bet)
Seat 5: YeeesMan (button) folded before Flop (didn't bet)
Seat 6: socito (small blind) folded before Flop



PokerStars Hand #254295781190:  Hold'em No Limit ($0.50/$1.00 USD) - 2025/01/10 15:30:19 WET [2025/01/10 10:30:19 ET]
Table 'Theemin II' 6-max Seat #2 is the button
Seat 1: 1fudihara ($155 in chips) 
Seat 2: Espada Fish ($110.76 in chips) 
Seat 3: mr.Jckpot ($101.72 in chips) 
Seat 4: gudrozd ($100 in chips) 
Seat 5: YeeesMan ($100 in chips) 
Seat 6: socito ($100 in chips) 
mr.Jckpot: posts small blind $0.50
gudrozd: posts big blind $1
*** HOLE CARDS ***
YeeesMan: folds 
socito: folds 
1fudihara: raises $1.50 to $2.50
Espada Fish: folds 
mr.Jckpot: folds 
gudrozd: calls $1.50
*** FLOP *** [Ah 2c 9c]
gudrozd: checks 
1fudihara: bets $1.35
gudrozd: calls $1.35
*** TURN *** [Ah 2c 9c] [9s]
gudrozd: checks 
1fudihara: checks 
*** RIVER *** [Ah 2c 9c 9s] [6c]
gudrozd: checks 
1fudihara: checks 
*** SHOW DOWN ***
gudrozd: shows [4d 4h] (two pair, Nines and Fours)
1fudihara: shows [Qs Ac] (two pair, Aces and Nines)
1fudihara collected $7.79 from pot
*** SUMMARY ***
Total pot $8.20 | Rake $0.41 
Board [Ah 2c 9c 9s 6c]
Seat 1: 1fudihara showed [Qs Ac] and won ($7.79) with two pair, Aces and Nines
Seat 2: Espada Fish (button) folded before Flop (didn't bet)
Seat 3: mr.Jckpot (small blind) folded before Flop
Seat 4: gudrozd (big blind) showed [4d 4h] and lost with two pair, Nines and Fours
Seat 5: YeeesMan folded before Flop (didn't bet)
Seat 6: socito folded before Flop (didn't bet)



PokerStars Hand #254295791719:  Hold'em No Limit ($0.50/$1.00 USD) - 2025/01/10 15:31:04 WET [2025/01/10 10:31:04 ET]
Table 'Theemin II' 6-max Seat #3 is the button
Seat 1: 1fudihara ($158.94 in chips) 
Seat 2: Espada Fish ($110.76 in chips) 
Seat 3: mr.Jckpot ($101.22 in chips) 
Seat 4: gudrozd ($100 in chips) 
Seat 5: YeeesMan ($100 in chips) 
Seat 6: socito ($100 in chips) 
gudrozd: posts small blind $0.50
YeeesMan: posts big blind $1
*** HOLE CARDS ***
socito: folds 
1fudihara: folds 
Espada Fish: folds 
mr.Jckpot: folds 
gudrozd: raises $2 to $3
YeeesMan: folds 
Uncalled bet ($2) returned to gudrozd
gudrozd collected $2 from pot
gudrozd: doesn't show hand 
*** SUMMARY ***
Total pot $2 | Rake $0 
Seat 1: 1fudihara folded before Flop (didn't bet)
Seat 2: Espada Fish folded before Flop (didn't bet)
Seat 3: mr.Jckpot (button) folded before Flop (didn't bet)
Seat 4: gudrozd (small blind) collected ($2)
Seat 5: YeeesMan (big blind) folded before Flop
Seat 6: socito folded before Flop (didn't bet)



PokerStars Hand #254295798000:  Hold'em No Limit ($0.50/$1.00 USD) - 2025/01/10 15:31:30 WET [2025/01/10 10:31:30 ET]
Table 'Theemin II' 6-max Seat #4 is the button
Seat 1: 1fudihara ($158.94 in chips) 
Seat 2: Espada Fish ($110.76 in chips) 
Seat 3: mr.Jckpot ($101.22 in chips) 
Seat 4: gudrozd ($101 in chips) 
Seat 5: YeeesMan ($100 in chips) 
Seat 6: socito ($100 in chips) 
YeeesMan: posts small blind $0.50
socito: posts big blind $1
*** HOLE CARDS ***
1fudihara: folds 
Espada Fish: folds 
mr.Jckpot: raises $1.50 to $2.50
gudrozd: folds 
YeeesMan: folds 
socito: raises $9 to $11.50
mr.Jckpot: calls $9
*** FLOP *** [2d As 5c]
socito: bets $7.37
mr.Jckpot: calls $7.37
*** TURN *** [2d As 5c] [9s]
socito: bets $23.98
mr.Jckpot: calls $23.98
*** RIVER *** [2d As 5c 9s] [Qd]
socito: bets $57.15 and is all-in
mr.Jckpot: calls $57.15
*** SHOW DOWN ***
socito: shows [Ac Jc] (a pair of Aces)
mr.Jckpot: shows [5h 5s] (three of a kind, Fives)
mr.Jckpot collected $198 from pot
*** SUMMARY ***
Total pot $200.50 | Rake $2.50 
Board [2d As 5c 9s Qd]
Seat 1: 1fudihara folded before Flop (didn't bet)
Seat 2: Espada Fish folded before Flop (didn't bet)
Seat 3: mr.Jckpot showed [5h 5s] and won ($198) with three of a kind, Fives
Seat 4: gudrozd (button) folded before Flop (didn't bet)
Seat 5: YeeesMan (small blind) folded before Flop
Seat 6: socito (big blind) showed [Ac Jc] and lost with a pair of Aces



PokerStars Hand #254295820047:  Hold'em No Limit ($0.50/$1.00 USD) - 2025/01/10 15:33:04 WET [2025/01/10 10:33:04 ET]
Table 'Theemin II' 6-max Seat #5 is the button
Seat 1: 1fudihara ($158.94 in chips) 
Seat 2: Espada Fish ($110.76 in chips) 
Seat 3: mr.Jckpot ($199.22 in chips) 
Seat 4: gudrozd ($101 in chips) 
Seat 5: YeeesMan ($100 in chips) 
Seat 6: socito ($100 in chips) 
socito: posts small blind $0.50
1fudihara: posts big blind $1
*** HOLE CARDS ***
Espada Fish: folds 
mr.Jckpot: folds 
gudrozd: folds 
YeeesMan: folds 
socito: folds 
Uncalled bet ($0.50) returned to 1fudihara
1fudihara collected $1 from pot
1fudihara: doesn't show hand 
*** SUMMARY ***
Total pot $1 | Rake $0 
Seat 1: 1fudihara (big blind) collected ($1)
Seat 2: Espada Fish folded before Flop (didn't bet)
Seat 3: mr.Jckpot folded before Flop (didn't bet)
Seat 4: gudrozd folded before Flop (didn't bet)
Seat 5: YeeesMan (button) folded before Flop (didn't bet)
Seat 6: socito (small blind) folded before Flop



PokerStars Hand #254295823989:  Hold'em No Limit ($0.50/$1.00 USD) - 2025/01/10 15:33:21 WET [2025/01/10 10:33:21 ET]
Table 'Theemin II' 6-max Seat #6 is the button
Seat 1: 1fudihara ($159.44 in chips) 
Seat 2: Espada Fish ($110.76 in chips) 
Seat 3: mr.Jckpot ($199.22 in chips) 
Seat 4: gudrozd ($101 in chips) 
Seat 5: YeeesMan ($100 in chips) 
Seat 6: socito ($100 in chips) 
1fudihara: posts small blind $0.50
Espada Fish: posts big blind $1
*** HOLE CARDS ***
mr.Jckpot: raises $1.50 to $2.50
gudrozd: folds 
YeeesMan: folds 
socito: folds 
1fudihara: calls $2
Espada Fish: folds 
*** FLOP *** [2d Jh 6h]
1fudihara: checks 
mr.Jckpot: checks 
*** TURN *** [2d Jh 6h] [5s]
1fudihara: bets $4
mr.Jckpot: folds 
Uncalled bet ($4) returned to 1fudihara
1fudihara collected $5.70 from pot
1fudihara: doesn't show hand 
*** SUMMARY ***
Total pot $6 | Rake $0.30 
Board [2d Jh 6h 5s]
Seat 1: 1fudihara (small blind) collected ($5.70)
Seat 2: Espada Fish (big blind) folded before Flop
Seat 3: mr.Jckpot folded on the Turn
Seat 4: gudrozd folded before Flop (didn't bet)
Seat 5: YeeesMan folded before Flop (didn't bet)
Seat 6: socito (button) folded before Flop (didn't bet)



PokerStars Hand #254295833798:  Hold'em No Limit ($0.50/$1.00 USD) - 2025/01/10 15:34:02 WET [2025/01/10 10:34:02 ET]
Table 'Theemin II' 6-max Seat #1 is the button
Seat 1: 1fudihara ($162.64 in chips) 
Seat 2: Espada Fish ($109.76 in chips) 
Seat 3: mr.Jckpot ($196.72 in chips) 
Seat 4: gudrozd ($101 in chips) 
Seat 5: YeeesMan ($100 in chips) 
Seat 6: socito ($100 in chips) 
Espada Fish: posts small blind $0.50
mr.Jckpot: posts big blind $1
*** HOLE CARDS ***
gudrozd: raises $1.50 to $2.50
YeeesMan: folds 
socito: folds 
1fudihara: folds 
Espada Fish: raises $8.50 to $11
mr.Jckpot: folds 
gudrozd: calls $8.50
*** FLOP *** [8d 5d 9s]
Espada Fish: checks 
gudrozd: bets $7.21
Espada Fish: folds 
Uncalled bet ($7.21) returned to gudrozd
gudrozd collected $21.85 from pot
gudrozd: doesn't show hand 
*** SUMMARY ***
Total pot $23 | Rake $1.15 
Board [8d 5d 9s]
Seat 1: 1fudihara (button) folded before Flop (didn't bet)
Seat 2: Espada Fish (small blind) folded on the Flop
Seat 3: mr.Jckpot (big blind) folded before Flop
Seat 4: gudrozd collected ($21.85)
Seat 5: YeeesMan folded before Flop (didn't bet)
Seat 6: socito folded before Flop (didn't bet)



PokerStars Hand #254295851216:  Hold'em No Limit ($0.50/$1.00 USD) - 2025/01/10 15:35:16 WET [2025/01/10 10:35:16 ET]
Table 'Theemin II' 6-max Seat #2 is the button
Seat 1: 1fudihara ($162.64 in chips) 
Seat 2: Espada Fish ($100 in chips) 
Seat 3: mr.Jckpot ($195.72 in chips) 
Seat 4: gudrozd ($111.85 in chips) 
Seat 5: YeeesMan ($100 in chips) 
Seat 6: socito ($100 in chips) 
mr.Jckpot: posts small blind $0.50
gudrozd: posts big blind $1
*** HOLE CARDS ***
YeeesMan: folds 
socito: raises $1.50 to $2.50
1fudihara: raises $8.50 to $11
Espada Fish: folds 
mr.Jckpot: folds 
gudrozd: folds 
socito: raises $89 to $100 and is all-in
1fudihara: calls $89
*** FLOP *** [Ks 3d Ac]
*** TURN *** [Ks 3d Ac] [As]
*** RIVER *** [Ks 3d Ac As] [Qd]
*** SHOW DOWN ***
socito: shows [4h 4c] (two pair, Aces and Fours)
1fudihara: shows [Kc Ad] (a full house, Aces full of Kings)
1fudihara collected $199 from pot
*** SUMMARY ***
Total pot $201.50 | Rake $2.50 
Board [Ks 3d Ac As Qd]
Seat 1: 1fudihara showed [Kc Ad] and won ($199) with a full house, Aces full of Kings
Seat 2: Espada Fish (button) folded before Flop (didn't bet)
Seat 3: mr.Jckpot (small blind) folded before Flop
Seat 4: gudrozd (big blind) folded before Flop
Seat 5: YeeesMan folded before Flop (didn't bet)
Seat 6: socito showed [4h 4c] and lost with two pair, Aces and Fours



PokerStars Hand #254295863153:  Hold'em No Limit ($0.50/$1.00 USD) - 2025/01/10 15:36:08 WET [2025/01/10 10:36:08 ET]
Table 'Theemin II' 6-max Seat #3 is the button
Seat 1: 1fudihara ($261.64 in chips) 
Seat 2: Espada Fish ($100 in chips) 
Seat 3: mr.Jckpot ($195.22 in chips) 
Seat 4: gudrozd ($110.85 in chips) 
Seat 5: YeeesMan ($100 in chips) 
Seat 6: socito ($100 in chips) 
gudrozd: posts small blind $0.50
YeeesMan: posts big blind $1
*** HOLE CARDS ***
socito: folds 
1fudihara: folds 
Espada Fish: folds 
mr.Jckpot: folds 
gudrozd: folds 
Uncalled bet ($0.50) returned to YeeesMan
YeeesMan collected $1 from pot
YeeesMan: doesn't show hand 
*** SUMMARY ***
Total pot $1 | Rake $0 
Seat 1: 1fudihara folded before Flop (didn't bet)
Seat 2: Espada Fish folded before Flop (didn't bet)
Seat 3: mr.Jckpot (button) folded before Flop (didn't bet)
Seat 4: gudrozd (small blind) folded before Flop
Seat 5: YeeesMan (big blind) collected ($1)
Seat 6: socito folded before Flop (didn't bet)



PokerStars Hand #254295865462:  Hold'em No Limit ($0.50/$1.00 USD) - 2025/01/10 15:36:17 WET [2025/01/10 10:36:17 ET]
Table 'Theemin II' 6-max Seat #4 is the button
Seat 1: 1fudihara ($261.64 in chips) 
Seat 2: Espada Fish ($100 in chips) 
Seat 3: mr.Jckpot ($195.22 in chips) 
Seat 4: gudrozd ($110.35 in chips) 
Seat 5: YeeesMan ($100.50 in chips) 
Seat 6: socito ($100 in chips) 
YeeesMan: posts small blind $0.50
socito: posts big blind $1
*** HOLE CARDS ***
1fudihara: raises $1.50 to $2.50
Espada Fish: folds 
mr.Jckpot: folds 
gudrozd: folds 
YeeesMan: folds 
socito: calls $1.50
*** FLOP *** [Jd 7c Qh]
socito: checks 
1fudihara: bets $2.35
socito: folds 
Uncalled bet ($2.35) returned to 1fudihara
1fudihara collected $5.22 from pot
1fudihara: doesn't show hand 
*** SUMMARY ***
Total pot $5.50 | Rake $0.28 
Board [Jd 7c Qh]
Seat 1: 1fudihara collected ($5.22)
Seat 2: Espada Fish folded before Flop (didn't bet)
Seat 3: mr.Jckpot folded before Flop (didn't bet)
Seat 4: gudrozd (button) folded before Flop (didn't bet)
Seat 5: YeeesMan (small blind) folded before Flop
Seat 6: socito (big blind) folded on the Flop



PokerStars Hand #254295874028:  Hold'em No Limit ($0.50/$1.00 USD) - 2025/01/10 15:36:53 WET [2025/01/10 10:36:53 ET]
Table 'Theemin II' 6-max Seat #5 is the button
Seat 1: 1fudihara ($264.36 in chips) 
Seat 2: Espada Fish ($100 in chips) 
Seat 3: mr.Jckpot ($195.22 in chips) 
Seat 4: gudrozd ($110.35 in chips) 
Seat 5: YeeesMan ($100 in chips) 
Seat 6: socito ($100 in chips) 
socito: posts small blind $0.50
1fudihara: posts big blind $1
*** HOLE CARDS ***
Espada Fish: folds 
mr.Jckpot: raises $1.50 to $2.50
gudrozd: folds 
YeeesMan: folds 
socito: calls $2
1fudihara: folds 
*** FLOP *** [Qd Kd Js]
socito: checks 
mr.Jckpot: bets $1.88
socito: folds 
Uncalled bet ($1.88) returned to mr.Jckpot
mr.Jckpot collected $5.70 from pot
mr.Jckpot: doesn't show hand 
*** SUMMARY ***
Total pot $6 | Rake $0.30 
Board [Qd Kd Js]
Seat 1: 1fudihara (big blind) folded before Flop
Seat 2: Espada Fish folded before Flop (didn't bet)
Seat 3: mr.Jckpot collected ($5.70)
Seat 4: gudrozd folded before Flop (didn't bet)
Seat 5: YeeesMan (button) folded before Flop (didn't bet)
Seat 6: socito (small blind) folded on the Flop



PokerStars Hand #254295888341:  Hold'em No Limit ($0.50/$1.00 USD) - 2025/01/10 15:37:54 WET [2025/01/10 10:37:54 ET]
Table 'Theemin II' 6-max Seat #6 is the button
Seat 1: 1fudihara ($263.36 in chips) 
Seat 2: Espada Fish ($100 in chips) 
Seat 3: mr.Jckpot ($198.42 in chips) 
Seat 4: gudrozd ($110.35 in chips) 
Seat 5: YeeesMan ($100 in chips) 
Seat 6: socito ($100 in chips) 
1fudihara: posts small blind $0.50
Espada Fish: posts big blind $1
*** HOLE CARDS ***
mr.Jckpot: folds 
gudrozd: raises $1.50 to $2.50
YeeesMan: folds 
socito: folds 
1fudihara: calls $2
Espada Fish: folds 
*** FLOP *** [8s 9s Ks]
1fudihara: checks 
gudrozd: checks 
*** TURN *** [8s 9s Ks] [2d]
1fudihara: checks 
gudrozd: checks 
*** RIVER *** [8s 9s Ks 2d] [Ad]
1fudihara: checks 
gudrozd: bets $2.85
1fudihara: calls $2.85
*** SHOW DOWN ***
gudrozd: shows [Ah 6h] (a pair of Aces)
1fudihara: shows [Qc Ac] (a pair of Aces - King+Queen kicker)
1fudihara collected $11.12 from pot
*** SUMMARY ***
Total pot $11.70 | Rake $0.58 
Board [8s 9s Ks 2d Ad]
Seat 1: 1fudihara (small blind) showed [Qc Ac] and won ($11.12) with a pair of Aces
Seat 2: Espada Fish (big blind) folded before Flop
Seat 3: mr.Jckpot folded before Flop (didn't bet)
Seat 4: gudrozd showed [Ah 6h] and lost with a pair of Aces
Seat 5: YeeesMan folded before Flop (didn't bet)
Seat 6: socito (button) folded before Flop (didn't bet)



PokerStars Hand #254295899684:  Hold'em No Limit ($0.50/$1.00 USD) - 2025/01/10 15:38:42 WET [2025/01/10 10:38:42 ET]
Table 'Theemin II' 6-max Seat #1 is the button
Seat 1: 1fudihara ($269.13 in chips) 
Seat 2: Espada Fish ($100 in chips) 
Seat 3: mr.Jckpot ($198.42 in chips) 
Seat 4: gudrozd ($105 in chips) 
Seat 5: YeeesMan ($100 in chips) 
Seat 6: socito ($100 in chips) 
Espada Fish: posts small blind $0.50
mr.Jckpot: posts big blind $1
*** HOLE CARDS ***
gudrozd: raises $1.50 to $2.50
YeeesMan: folds 
socito: folds 
1fudihara: calls $2.50
Espada Fish: folds 
mr.Jckpot: folds 
*** FLOP *** [Jd 8h 3h]
gudrozd: checks 
1fudihara: bets $3
gudrozd: folds 
Uncalled bet ($3) returned to 1fudihara
1fudihara collected $6.18 from pot
1fudihara: doesn't show hand 
*** SUMMARY ***
Total pot $6.50 | Rake $0.32 
Board [Jd 8h 3h]
Seat 1: 1fudihara (button) collected ($6.18)
Seat 2: Espada Fish (small blind) folded before Flop
Seat 3: mr.Jckpot (big blind) folded before Flop
Seat 4: gudrozd folded on the Flop
Seat 5: YeeesMan folded before Flop (didn't bet)
Seat 6: socito folded before Flop (didn't bet)



PokerStars Hand #254295907256:  Hold'em No Limit ($0.50/$1.00 USD) - 2025/01/10 15:39:13 WET [2025/01/10 10:39:13 ET]
Table 'Theemin II' 6-max Seat #2 is the button
Seat 1: 1fudihara ($272.81 in chips) 
Seat 2: Espada Fish ($100 in chips) 
Seat 3: mr.Jckpot ($197.42 in chips) 
Seat 4: gudrozd ($102.50 in chips) 
Seat 5: YeeesMan ($100 in chips) 
Seat 6: socito ($100 in chips) 
mr.Jckpot: posts small blind $0.50
gudrozd: posts big blind $1
*** HOLE CARDS ***
YeeesMan: folds 
socito: folds 
1fudihara: folds 
Espada Fish: raises $1.50 to $2.50
mr.Jckpot: folds 
gudrozd: raises $9.50 to $12
Espada Fish: folds 
Uncalled bet ($9.50) returned to gudrozd
gudrozd collected $5.50 from pot
gudrozd: doesn't show hand 
*** SUMMARY ***
Total pot $5.50 | Rake $0 
Seat 1: 1fudihara folded before Flop (didn't bet)
Seat 2: Espada Fish (button) folded before Flop
Seat 3: mr.Jckpot (small blind) folded before Flop
Seat 4: gudrozd (big blind) collected ($5.50)
Seat 5: YeeesMan folded before Flop (didn't bet)
Seat 6: socito folded before Flop (didn't bet)



PokerStars Hand #254295913584:  Hold'em No Limit ($0.50/$1.00 USD) - 2025/01/10 15:39:39 WET [2025/01/10 10:39:39 ET]
Table 'Theemin II' 6-max Seat #3 is the button
Seat 1: 1fudihara ($272.81 in chips) 
Seat 2: Espada Fish ($100 in chips) 
Seat 3: mr.Jckpot ($196.92 in chips) 
Seat 4: gudrozd ($105.50 in chips) 
Seat 5: YeeesMan ($100 in chips) 
Seat 6: socito ($100 in chips) 
gudrozd: posts small blind $0.50
YeeesMan: posts big blind $1
*** HOLE CARDS ***
socito: folds 
1fudihara: folds 
Espada Fish: raises $1.20 to $2.20
mr.Jckpot: folds 
gudrozd: folds 
YeeesMan: folds 
Uncalled bet ($1.20) returned to Espada Fish
Espada Fish collected $2.50 from pot
Espada Fish: doesn't show hand 
*** SUMMARY ***
Total pot $2.50 | Rake $0 
Seat 1: 1fudihara folded before Flop (didn't bet)
Seat 2: Espada Fish collected ($2.50)
Seat 3: mr.Jckpot (button) folded before Flop (didn't bet)
Seat 4: gudrozd (small blind) folded before Flop
Seat 5: YeeesMan (big blind) folded before Flop
Seat 6: socito folded before Flop (didn't bet)



PokerStars Hand #254295918389:  Hold'em No Limit ($0.50/$1.00 USD) - 2025/01/10 15:39:59 WET [2025/01/10 10:39:59 ET]
Table 'Theemin II' 6-max Seat #4 is the button
Seat 1: 1fudihara ($272.81 in chips) 
Seat 2: Espada Fish ($101.50 in chips) 
Seat 3: mr.Jckpot ($196.92 in chips) 
Seat 4: gudrozd ($105 in chips) 
Seat 5: YeeesMan ($100 in chips) 
Seat 6: socito ($100 in chips) 
YeeesMan: posts small blind $0.50
socito: posts big blind $1
*** HOLE CARDS ***
1fudihara: raises $1.76 to $2.76
Espada Fish: folds 
mr.Jckpot: calls $2.76
gudrozd: folds 
YeeesMan: folds 
socito: folds 
*** FLOP *** [Ks 2d 4h]
1fudihara: checks 
mr.Jckpot: bets $3.67
1fudihara: raises $5.33 to $9
mr.Jckpot: calls $5.33
*** TURN *** [Ks 2d 4h] [Th]
1fudihara: bets $12
mr.Jckpot: calls $12
*** RIVER *** [Ks 2d 4h Th] [Ac]
1fudihara: checks 
mr.Jckpot: checks 
*** SHOW DOWN ***
1fudihara: shows [Kh Qd] (a pair of Kings)
mr.Jckpot: mucks hand 
1fudihara collected $46.57 from pot
*** SUMMARY ***
Total pot $49.02 | Rake $2.45 
Board [Ks 2d 4h Th Ac]
Seat 1: 1fudihara showed [Kh Qd] and won ($46.57) with a pair of Kings
Seat 2: Espada Fish folded before Flop (didn't bet)
Seat 3: mr.Jckpot mucked
Seat 4: gudrozd (button) folded before Flop (didn't bet)
Seat 5: YeeesMan (small blind) folded before Flop
Seat 6: socito (big blind) folded before Flop



PokerStars Hand #254295937037:  Hold'em No Limit ($0.50/$1.00 USD) - 2025/01/10 15:41:17 WET [2025/01/10 10:41:17 ET]
Table 'Theemin II' 6-max Seat #5 is the button
Seat 1: 1fudihara ($295.62 in chips) 
Seat 2: Espada Fish ($101.50 in chips) 
Seat 3: mr.Jckpot ($173.16 in chips) 
Seat 4: gudrozd ($105 in chips) 
Seat 5: YeeesMan ($100 in chips) 
Seat 6: socito ($100 in chips) 
socito: posts small blind $0.50
1fudihara: posts big blind $1
*** HOLE CARDS ***
Espada Fish: raises $1.20 to $2.20
mr.Jckpot: folds 
gudrozd: folds 
YeeesMan: calls $2.20
socito: folds 
1fudihara: folds 
*** FLOP *** [9c 4d 3d]
Espada Fish: checks 
YeeesMan: bets $1.85
Espada Fish: raises $5.65 to $7.50
YeeesMan: folds 
Uncalled bet ($5.65) returned to Espada Fish
Espada Fish collected $9.12 from pot
Espada Fish: doesn't show hand 
*** SUMMARY ***
Total pot $9.60 | Rake $0.48 
Board [9c 4d 3d]
Seat 1: 1fudihara (big blind) folded before Flop
Seat 2: Espada Fish collected ($9.12)
Seat 3: mr.Jckpot folded before Flop (didn't bet)
Seat 4: gudrozd folded before Flop (didn't bet)
Seat 5: YeeesMan (button) folded on the Flop
Seat 6: socito (small blind) folded before Flop



PokerStars Hand #254295955489:  Hold'em No Limit ($0.50/$1.00 USD) - 2025/01/10 15:42:33 WET [2025/01/10 10:42:33 ET]
Table 'Theemin II' 6-max Seat #6 is the button
Seat 1: 1fudihara ($294.62 in chips) 
Seat 2: Espada Fish ($106.57 in chips) 
Seat 3: mr.Jckpot ($173.16 in chips) 
Seat 4: gudrozd ($105 in chips) 
Seat 5: YeeesMan ($100 in chips) 
Seat 6: socito ($100 in chips) 
1fudihara: posts small blind $0.50
Espada Fish: posts big blind $1
*** HOLE CARDS ***
mr.Jckpot: folds 
gudrozd: folds 
YeeesMan: folds 
socito: raises $1.50 to $2.50
1fudihara: calls $2
Espada Fish: folds 
*** FLOP *** [2s Th Td]
1fudihara: checks 
socito: checks 
*** TURN *** [2s Th Td] [3s]
1fudihara: bets $2.57
socito: folds 
Uncalled bet ($2.57) returned to 1fudihara
1fudihara collected $5.70 from pot
1fudihara: doesn't show hand 
*** SUMMARY ***
Total pot $6 | Rake $0.30 
Board [2s Th Td 3s]
Seat 1: 1fudihara (small blind) collected ($5.70)
Seat 2: Espada Fish (big blind) folded before Flop
Seat 3: mr.Jckpot folded before Flop (didn't bet)
Seat 4: gudrozd folded before Flop (didn't bet)
Seat 5: YeeesMan folded before Flop (didn't bet)
Seat 6: socito (button) folded on the Turn



PokerStars Hand #254295962111:  Hold'em No Limit ($0.50/$1.00 USD) - 2025/01/10 15:43:01 WET [2025/01/10 10:43:01 ET]
Table 'Theemin II' 6-max Seat #1 is the button
Seat 1: 1fudihara ($297.82 in chips) 
Seat 2: Espada Fish ($105.57 in chips) 
Seat 3: mr.Jckpot ($173.16 in chips) 
Seat 4: gudrozd ($105 in chips) 
Seat 5: YeeesMan ($100 in chips) 
Seat 6: socito ($100 in chips) 
Espada Fish: posts small blind $0.50
mr.Jckpot: posts big blind $1
*** HOLE CARDS ***
gudrozd: folds 
YeeesMan: folds 
socito: raises $1.50 to $2.50
1fudihara: folds 
Espada Fish: folds 
mr.Jckpot: folds 
Uncalled bet ($1.50) returned to socito
socito collected $2.50 from pot
socito: doesn't show hand 
*** SUMMARY ***
Total pot $2.50 | Rake $0 
Seat 1: 1fudihara (button) folded before Flop (didn't bet)
Seat 2: Espada Fish (small blind) folded before Flop
Seat 3: mr.Jckpot (big blind) folded before Flop
Seat 4: gudrozd folded before Flop (didn't bet)
Seat 5: YeeesMan folded before Flop (didn't bet)
Seat 6: socito collected ($2.50)



PokerStars Hand #254295965841:  Hold'em No Limit ($0.50/$1.00 USD) - 2025/01/10 15:43:16 WET [2025/01/10 10:43:16 ET]
Table 'Theemin II' 6-max Seat #2 is the button
Seat 1: 1fudihara ($297.82 in chips) 
Seat 2: Espada Fish ($105.07 in chips) 
Seat 3: mr.Jckpot ($172.16 in chips) 
Seat 4: gudrozd ($105 in chips) 
Seat 5: YeeesMan ($100 in chips) 
Seat 6: socito ($101.50 in chips) 
mr.Jckpot: posts small blind $0.50
gudrozd: posts big blind $1
*** HOLE CARDS ***
YeeesMan: folds 
socito: folds 
1fudihara: raises $2 to $3
Espada Fish: folds 
mr.Jckpot: folds 
gudrozd: calls $2
*** FLOP *** [Kd 5s 8c]
gudrozd: checks 
1fudihara: bets $4
gudrozd: folds 
Uncalled bet ($4) returned to 1fudihara
1fudihara collected $6.18 from pot
1fudihara: doesn't show hand 
*** SUMMARY ***
Total pot $6.50 | Rake $0.32 
Board [Kd 5s 8c]
Seat 1: 1fudihara collected ($6.18)
Seat 2: Espada Fish (button) folded before Flop (didn't bet)
Seat 3: mr.Jckpot (small blind) folded before Flop
Seat 4: gudrozd (big blind) folded on the Flop
Seat 5: YeeesMan folded before Flop (didn't bet)
Seat 6: socito folded before Flop (didn't bet)



PokerStars Hand #254295972878:  Hold'em No Limit ($0.50/$1.00 USD) - 2025/01/10 15:43:44 WET [2025/01/10 10:43:44 ET]
Table 'Theemin II' 6-max Seat #3 is the button
Seat 1: 1fudihara ($301 in chips) 
Seat 2: Espada Fish ($105.07 in chips) 
Seat 3: mr.Jckpot ($171.66 in chips) 
Seat 4: gudrozd ($102 in chips) 
Seat 5: YeeesMan ($100 in chips) 
Seat 6: socito ($101.50 in chips) 
gudrozd: posts small blind $0.50
YeeesMan: posts big blind $1
*** HOLE CARDS ***
socito: raises $1.50 to $2.50
1fudihara: folds 
Espada Fish: folds 
mr.Jckpot: folds 
gudrozd: folds 
YeeesMan: folds 
Uncalled bet ($1.50) returned to socito
socito collected $2.50 from pot
socito: doesn't show hand 
*** SUMMARY ***
Total pot $2.50 | Rake $0 
Seat 1: 1fudihara folded before Flop (didn't bet)
Seat 2: Espada Fish folded before Flop (didn't bet)
Seat 3: mr.Jckpot (button) folded before Flop (didn't bet)
Seat 4: gudrozd (small blind) folded before Flop
Seat 5: YeeesMan (big blind) folded before Flop
Seat 6: socito collected ($2.50)



PokerStars Hand #254295975332:  Hold'em No Limit ($0.50/$1.00 USD) - 2025/01/10 15:43:54 WET [2025/01/10 10:43:54 ET]
Table 'Theemin II' 6-max Seat #4 is the button
Seat 1: 1fudihara ($301 in chips) 
Seat 2: Espada Fish ($105.07 in chips) 
Seat 3: mr.Jckpot ($171.66 in chips) 
Seat 4: gudrozd ($101.50 in chips) 
Seat 5: YeeesMan ($100 in chips) 
Seat 6: socito ($103 in chips) 
YeeesMan: posts small blind $0.50
socito: posts big blind $1
*** HOLE CARDS ***
1fudihara: raises $1.50 to $2.50
Espada Fish: folds 
mr.Jckpot: folds 
gudrozd: folds 
YeeesMan: folds 
socito: folds 
Uncalled bet ($1.50) returned to 1fudihara
1fudihara collected $2.50 from pot
1fudihara: doesn't show hand 
*** SUMMARY ***
Total pot $2.50 | Rake $0 
Seat 1: 1fudihara collected ($2.50)
Seat 2: Espada Fish folded before Flop (didn't bet)
Seat 3: mr.Jckpot folded before Flop (didn't bet)
Seat 4: gudrozd (button) folded before Flop (didn't bet)
Seat 5: YeeesMan (small blind) folded before Flop
Seat 6: socito (big blind) folded before Flop



PokerStars Hand #254295980743:  Hold'em No Limit ($0.50/$1.00 USD) - 2025/01/10 15:44:16 WET [2025/01/10 10:44:16 ET]
Table 'Theemin II' 6-max Seat #5 is the button
Seat 1: 1fudihara ($302.50 in chips) 
Seat 2: Espada Fish ($105.07 in chips) 
Seat 3: mr.Jckpot ($171.66 in chips) 
Seat 4: gudrozd ($101.50 in chips) 
Seat 5: YeeesMan ($100 in chips) 
Seat 6: socito ($102 in chips) 
socito: posts small blind $0.50
1fudihara: posts big blind $1
*** HOLE CARDS ***
Espada Fish: folds 
mr.Jckpot: folds 
gudrozd: folds 
YeeesMan: folds 
socito: raises $2 to $3
1fudihara: folds 
Uncalled bet ($2) returned to socito
socito collected $2 from pot
socito: doesn't show hand 
*** SUMMARY ***
Total pot $2 | Rake $0 
Seat 1: 1fudihara (big blind) folded before Flop
Seat 2: Espada Fish folded before Flop (didn't bet)
Seat 3: mr.Jckpot folded before Flop (didn't bet)
Seat 4: gudrozd folded before Flop (didn't bet)
Seat 5: YeeesMan (button) folded before Flop (didn't bet)
Seat 6: socito (small blind) collected ($2)



PokerStars Hand #254295987548:  Hold'em No Limit ($0.50/$1.00 USD) - 2025/01/10 15:44:45 WET [2025/01/10 10:44:45 ET]
Table 'Theemin II' 6-max Seat #6 is the button
Seat 1: 1fudihara ($301.50 in chips) 
Seat 2: Espada Fish ($105.07 in chips) 
Seat 3: mr.Jckpot ($171.66 in chips) 
Seat 4: gudrozd ($101.50 in chips) 
Seat 5: YeeesMan ($100 in chips) 
Seat 6: socito ($103 in chips) 
1fudihara: posts small blind $0.50
Espada Fish: posts big blind $1
*** HOLE CARDS ***
mr.Jckpot: folds 
gudrozd: raises $1.50 to $2.50
YeeesMan: folds 
socito: folds 
1fudihara: folds 
Espada Fish: folds 
Uncalled bet ($1.50) returned to gudrozd
gudrozd collected $2.50 from pot
gudrozd: doesn't show hand 
*** SUMMARY ***
Total pot $2.50 | Rake $0 
Seat 1: 1fudihara (small blind) folded before Flop
Seat 2: Espada Fish (big blind) folded before Flop
Seat 3: mr.Jckpot folded before Flop (didn't bet)
Seat 4: gudrozd collected ($2.50)
Seat 5: YeeesMan folded before Flop (didn't bet)
Seat 6: socito (button) folded before Flop (didn't bet)



PokerStars Hand #254295992171:  Hold'em No Limit ($0.50/$1.00 USD) - 2025/01/10 15:45:03 WET [2025/01/10 10:45:03 ET]
Table 'Theemin II' 6-max Seat #1 is the button
Seat 1: 1fudihara ($301 in chips) 
Seat 2: Espada Fish ($104.07 in chips) 
Seat 3: mr.Jckpot ($171.66 in chips) 
Seat 4: gudrozd ($103 in chips) 
Seat 5: YeeesMan ($100 in chips) 
Seat 6: socito ($103 in chips) 
Espada Fish: posts small blind $0.50
mr.Jckpot: posts big blind $1
*** HOLE CARDS ***
gudrozd: folds 
YeeesMan: folds 
socito: folds 
1fudihara: raises $3 to $4
Espada Fish: folds 
mr.Jckpot: folds 
Uncalled bet ($3) returned to 1fudihara
1fudihara collected $2.50 from pot
1fudihara: doesn't show hand 
*** SUMMARY ***
Total pot $2.50 | Rake $0 
Seat 1: 1fudihara (button) collected ($2.50)
Seat 2: Espada Fish (small blind) folded before Flop
Seat 3: mr.Jckpot (big blind) folded before Flop
Seat 4: gudrozd folded before Flop (didn't bet)
Seat 5: YeeesMan folded before Flop (didn't bet)
Seat 6: socito folded before Flop (didn't bet)



PokerStars Hand #254295997243:  Hold'em No Limit ($0.50/$1.00 USD) - 2025/01/10 15:45:24 WET [2025/01/10 10:45:24 ET]
Table 'Theemin II' 6-max Seat #2 is the button
Seat 1: 1fudihara ($302.50 in chips) 
Seat 2: Espada Fish ($103.57 in chips) 
Seat 3: mr.Jckpot ($170.66 in chips) 
Seat 4: gudrozd ($103 in chips) 
Seat 5: YeeesMan ($100 in chips) 
Seat 6: socito ($103 in chips) 
mr.Jckpot: posts small blind $0.50
gudrozd: posts big blind $1
*** HOLE CARDS ***
YeeesMan: folds 
socito: folds 
1fudihara: folds 
Espada Fish: folds 
mr.Jckpot: raises $2 to $3
gudrozd: folds 
Uncalled bet ($2) returned to mr.Jckpot
mr.Jckpot collected $2 from pot
mr.Jckpot: doesn't show hand 
*** SUMMARY ***
Total pot $2 | Rake $0 
Seat 1: 1fudihara folded before Flop (didn't bet)
Seat 2: Espada Fish (button) folded before Flop (didn't bet)
Seat 3: mr.Jckpot (small blind) collected ($2)
Seat 4: gudrozd (big blind) folded before Flop
Seat 5: YeeesMan folded before Flop (didn't bet)
Seat 6: socito folded before Flop (didn't bet)



PokerStars Hand #254296000797:  Hold'em No Limit ($0.50/$1.00 USD) - 2025/01/10 15:45:38 WET [2025/01/10 10:45:38 ET]
Table 'Theemin II' 6-max Seat #3 is the button
Seat 1: 1fudihara ($302.50 in chips) 
Seat 2: Espada Fish ($103.57 in chips) 
Seat 3: mr.Jckpot ($171.66 in chips) 
Seat 4: gudrozd ($102 in chips) 
Seat 5: YeeesMan ($100 in chips) 
Seat 6: socito ($103 in chips) 
gudrozd: posts small blind $0.50
YeeesMan: posts big blind $1
*** HOLE CARDS ***
socito: folds 
1fudihara: raises $1.50 to $2.50
Espada Fish: folds 
mr.Jckpot: folds 
gudrozd: folds 
YeeesMan: folds 
Uncalled bet ($1.50) returned to 1fudihara
1fudihara collected $2.50 from pot
1fudihara: doesn't show hand 
*** SUMMARY ***
Total pot $2.50 | Rake $0 
Seat 1: 1fudihara collected ($2.50)
Seat 2: Espada Fish folded before Flop (didn't bet)
Seat 3: mr.Jckpot (button) folded before Flop (didn't bet)
Seat 4: gudrozd (small blind) folded before Flop
Seat 5: YeeesMan (big blind) folded before Flop
Seat 6: socito folded before Flop (didn't bet)



PokerStars Hand #254296004275:  Hold'em No Limit ($0.50/$1.00 USD) - 2025/01/10 15:45:53 WET [2025/01/10 10:45:53 ET]
Table 'Theemin II' 6-max Seat #4 is the button
Seat 1: 1fudihara ($304 in chips) 
Seat 2: Espada Fish ($103.57 in chips) 
Seat 3: mr.Jckpot ($171.66 in chips) 
Seat 4: gudrozd ($101.50 in chips) 
Seat 5: YeeesMan ($100 in chips) 
Seat 6: socito ($103 in chips) 
YeeesMan: posts small blind $0.50
socito: posts big blind $1
*** HOLE CARDS ***
1fudihara: folds 
Espada Fish: raises $1.20 to $2.20
mr.Jckpot: folds 
gudrozd: folds 
YeeesMan: raises $8.80 to $11
socito: folds 
Espada Fish: folds 
Uncalled bet ($8.80) returned to YeeesMan
YeeesMan collected $5.40 from pot
YeeesMan: doesn't show hand 
*** SUMMARY ***
Total pot $5.40 | Rake $0 
Seat 1: 1fudihara folded before Flop (didn't bet)
Seat 2: Espada Fish folded before Flop
Seat 3: mr.Jckpot folded before Flop (didn't bet)
Seat 4: gudrozd (button) folded before Flop (didn't bet)
Seat 5: YeeesMan (small blind) collected ($5.40)
Seat 6: socito (big blind) folded before Flop



PokerStars Hand #254296010489:  Hold'em No Limit ($0.50/$1.00 USD) - 2025/01/10 15:46:18 WET [2025/01/10 10:46:18 ET]
Table 'Theemin II' 6-max Seat #5 is the button
Seat 1: 1fudihara ($304 in chips) 
Seat 2: Espada Fish ($101.37 in chips) 
Seat 3: mr.Jckpot ($171.66 in chips) 
Seat 4: gudrozd ($101.50 in chips) 
Seat 5: YeeesMan ($103.20 in chips) 
Seat 6: socito ($102 in chips) 
socito: posts small blind $0.50
1fudihara: posts big blind $1
*** HOLE CARDS ***
Espada Fish: folds 
mr.Jckpot: folds 
gudrozd: folds 
YeeesMan: raises $1.50 to $2.50
socito: calls $2
1fudihara: calls $1.50
*** FLOP *** [2c 4c 3c]
socito: checks 
1fudihara: checks 
YeeesMan: checks 
*** TURN *** [2c 4c 3c] [Ac]
socito: checks 
1fudihara: checks 
YeeesMan: checks 
*** RIVER *** [2c 4c 3c Ac] [3d]
socito: bets $2.35
1fudihara: calls $2.35
YeeesMan: raises $8.17 to $10.52
socito: calls $8.17
1fudihara: calls $8.17
*** SHOW DOWN ***
YeeesMan: shows [Ah 3h] (a full house, Threes full of Aces)
socito: mucks hand 
1fudihara: mucks hand 
YeeesMan collected $37.11 from pot
*** SUMMARY ***
Total pot $39.06 | Rake $1.95 
Board [2c 4c 3c Ac 3d]
Seat 1: 1fudihara (big blind) mucked
Seat 2: Espada Fish folded before Flop (didn't bet)
Seat 3: mr.Jckpot folded before Flop (didn't bet)
Seat 4: gudrozd folded before Flop (didn't bet)
Seat 5: YeeesMan (button) showed [Ah 3h] and won ($37.11) with a full house, Threes full of Aces
Seat 6: socito (small blind) mucked



PokerStars Hand #254296031879:  Hold'em No Limit ($0.50/$1.00 USD) - 2025/01/10 15:47:45 WET [2025/01/10 10:47:45 ET]
Table 'Theemin II' 6-max Seat #6 is the button
Seat 1: 1fudihara ($290.98 in chips) 
Seat 2: Espada Fish ($101.37 in chips) 
Seat 3: mr.Jckpot ($171.66 in chips) 
Seat 4: gudrozd ($101.50 in chips) 
Seat 5: YeeesMan ($127.29 in chips) 
Seat 6: socito ($100 in chips) 
1fudihara: posts small blind $0.50
Espada Fish: posts big blind $1
*** HOLE CARDS ***
mr.Jckpot: folds 
gudrozd: folds 
YeeesMan: folds 
socito: folds 
1fudihara: calls $0.50
Espada Fish: raises $2.50 to $3.50
1fudihara: calls $2.50
*** FLOP *** [7c 5c 3h]
1fudihara: checks 
Espada Fish: bets $3.39
1fudihara: calls $3.39
*** TURN *** [7c 5c 3h] [3c]
1fudihara: checks 
Espada Fish: checks 
*** RIVER *** [7c 5c 3h 3c] [6c]
1fudihara: checks 
Espada Fish: checks 
*** SHOW DOWN ***
1fudihara: shows [4s Qd] (a straight, Three to Seven)
Espada Fish: shows [2c 2d] (a flush, Seven high)
Espada Fish collected $13.09 from pot
*** SUMMARY ***
Total pot $13.78 | Rake $0.69 
Board [7c 5c 3h 3c 6c]
Seat 1: 1fudihara (small blind) showed [4s Qd] and lost with a straight, Three to Seven
Seat 2: Espada Fish (big blind) showed [2c 2d] and won ($13.09) with a flush, Seven high
Seat 3: mr.Jckpot folded before Flop (didn't bet)
Seat 4: gudrozd folded before Flop (didn't bet)
Seat 5: YeeesMan folded before Flop (didn't bet)
Seat 6: socito (button) folded before Flop (didn't bet)



PokerStars Hand #254296046200:  Hold'em No Limit ($0.50/$1.00 USD) - 2025/01/10 15:48:43 WET [2025/01/10 10:48:43 ET]
Table 'Theemin II' 6-max Seat #1 is the button
Seat 1: 1fudihara ($284.09 in chips) 
Seat 2: Espada Fish ($107.57 in chips) 
Seat 3: mr.Jckpot ($171.66 in chips) 
Seat 4: gudrozd ($101.50 in chips) 
Seat 5: YeeesMan ($127.29 in chips) 
Seat 6: socito ($100 in chips) 
Espada Fish: posts small blind $0.50
mr.Jckpot: posts big blind $1
*** HOLE CARDS ***
gudrozd: raises $1.50 to $2.50
YeeesMan: folds 
socito: folds 
1fudihara: calls $2.50
Espada Fish: folds 
mr.Jckpot: folds 
*** FLOP *** [9c 6h 3s]
gudrozd: bets $1.54
1fudihara: calls $1.54
*** TURN *** [9c 6h 3s] [5h]
gudrozd: bets $1
1fudihara: calls $1
*** RIVER *** [9c 6h 3s 5h] [8h]
gudrozd: bets $1
1fudihara: folds 
Uncalled bet ($1) returned to gudrozd
gudrozd collected $11 from pot
gudrozd: doesn't show hand 
*** SUMMARY ***
Total pot $11.58 | Rake $0.58 
Board [9c 6h 3s 5h 8h]
Seat 1: 1fudihara (button) folded on the River
Seat 2: Espada Fish (small blind) folded before Flop
Seat 3: mr.Jckpot (big blind) folded before Flop
Seat 4: gudrozd collected ($11)
Seat 5: YeeesMan folded before Flop (didn't bet)
Seat 6: socito folded before Flop (didn't bet)



PokerStars Hand #254296055122:  Hold'em No Limit ($0.50/$1.00 USD) - 2025/01/10 15:49:19 WET [2025/01/10 10:49:19 ET]
Table 'Theemin II' 6-max Seat #2 is the button
Seat 1: 1fudihara ($279.05 in chips) 
Seat 2: Espada Fish ($107.07 in chips) 
Seat 3: mr.Jckpot ($170.66 in chips) 
Seat 4: gudrozd ($107.46 in chips) 
Seat 5: YeeesMan ($127.29 in chips) 
Seat 6: socito ($100 in chips) 
mr.Jckpot: posts small blind $0.50
gudrozd: posts big blind $1
*** HOLE CARDS ***
YeeesMan: folds 
socito: folds 
1fudihara: raises $1.50 to $2.50
Espada Fish: raises $5.50 to $8
mr.Jckpot: folds 
gudrozd: folds 
1fudihara: folds 
Uncalled bet ($5.50) returned to Espada Fish
Espada Fish collected $6.50 from pot
Espada Fish: doesn't show hand 
*** SUMMARY ***
Total pot $6.50 | Rake $0 
Seat 1: 1fudihara folded before Flop
Seat 2: Espada Fish (button) collected ($6.50)
Seat 3: mr.Jckpot (small blind) folded before Flop
Seat 4: gudrozd (big blind) folded before Flop
Seat 5: YeeesMan folded before Flop (didn't bet)
Seat 6: socito folded before Flop (didn't bet)



PokerStars Hand #254296060564:  Hold'em No Limit ($0.50/$1.00 USD) - 2025/01/10 15:49:41 WET [2025/01/10 10:49:41 ET]
Table 'Theemin II' 6-max Seat #3 is the button
Seat 1: 1fudihara ($276.55 in chips) 
Seat 2: Espada Fish ($111.07 in chips) 
Seat 3: mr.Jckpot ($170.16 in chips) 
Seat 4: gudrozd ($106.46 in chips) 
Seat 5: YeeesMan ($127.29 in chips) 
Seat 6: socito ($100 in chips) 
gudrozd: posts small blind $0.50
YeeesMan: posts big blind $1
*** HOLE CARDS ***
socito: folds 
1fudihara: raises $1.50 to $2.50
Espada Fish: folds 
mr.Jckpot: folds 
gudrozd: raises $9.50 to $12
YeeesMan: folds 
1fudihara: calls $9.50
*** FLOP *** [Kc Ac 3c]
gudrozd: bets $7.84
1fudihara: calls $7.84
*** TURN *** [Kc Ac 3c] [Js]
gudrozd: bets $9.66
1fudihara: calls $9.66
*** RIVER *** [Kc Ac 3c Js] [Qc]
gudrozd: bets $5.70
1fudihara: raises $33.30 to $39
gudrozd: folds 
Uncalled bet ($33.30) returned to 1fudihara
1fudihara collected $68.90 from pot
1fudihara: doesn't show hand 
*** SUMMARY ***
Total pot $71.40 | Rake $2.50 
Board [Kc Ac 3c Js Qc]
Seat 1: 1fudihara collected ($68.90)
Seat 2: Espada Fish folded before Flop (didn't bet)
Seat 3: mr.Jckpot (button) folded before Flop (didn't bet)
Seat 4: gudrozd (small blind) folded on the River
Seat 5: YeeesMan (big blind) folded before Flop
Seat 6: socito folded before Flop (didn't bet)



PokerStars Hand #254296072850:  Hold'em No Limit ($0.50/$1.00 USD) - 2025/01/10 15:50:31 WET [2025/01/10 10:50:31 ET]
Table 'Theemin II' 6-max Seat #4 is the button
Seat 1: 1fudihara ($310.25 in chips) 
Seat 2: Espada Fish ($111.07 in chips) 
Seat 3: mr.Jckpot ($170.16 in chips) 
Seat 4: gudrozd ($100 in chips) 
Seat 5: YeeesMan ($126.29 in chips) 
Seat 6: socito ($100 in chips) 
YeeesMan: posts small blind $0.50
socito: posts big blind $1
*** HOLE CARDS ***
1fudihara: folds 
Espada Fish: folds 
mr.Jckpot: folds 
gudrozd: raises $1.50 to $2.50
YeeesMan: raises $8.50 to $11
socito: folds 
gudrozd: folds 
Uncalled bet ($8.50) returned to YeeesMan
YeeesMan collected $6 from pot
YeeesMan: doesn't show hand 
*** SUMMARY ***
Total pot $6 | Rake $0 
Seat 1: 1fudihara folded before Flop (didn't bet)
Seat 2: Espada Fish folded before Flop (didn't bet)
Seat 3: mr.Jckpot folded before Flop (didn't bet)
Seat 4: gudrozd (button) folded before Flop
Seat 5: YeeesMan (small blind) collected ($6)
Seat 6: socito (big blind) folded before Flop



PokerStars Hand #254296083285:  Hold'em No Limit ($0.50/$1.00 USD) - 2025/01/10 15:51:13 WET [2025/01/10 10:51:13 ET]
Table 'Theemin II' 6-max Seat #5 is the button
Seat 1: 1fudihara ($310.25 in chips) 
Seat 2: Espada Fish ($111.07 in chips) 
Seat 3: mr.Jckpot ($170.16 in chips) 
Seat 4: gudrozd ($100 in chips) 
Seat 5: YeeesMan ($129.79 in chips) 
Seat 6: socito ($100 in chips) 
socito: posts small blind $0.50
1fudihara: posts big blind $1
*** HOLE CARDS ***
Espada Fish: folds 
mr.Jckpot: folds 
gudrozd: raises $1.50 to $2.50
YeeesMan: calls $2.50
socito: folds 
1fudihara: calls $1.50
*** FLOP *** [6s Qh 5s]
1fudihara: checks 
gudrozd: bets $2.51
YeeesMan: folds 
1fudihara: folds 
Uncalled bet ($2.51) returned to gudrozd
gudrozd collected $7.60 from pot
gudrozd: doesn't show hand 
*** SUMMARY ***
Total pot $8 | Rake $0.40 
Board [6s Qh 5s]
Seat 1: 1fudihara (big blind) folded on the Flop
Seat 2: Espada Fish folded before Flop (didn't bet)
Seat 3: mr.Jckpot folded before Flop (didn't bet)
Seat 4: gudrozd collected ($7.60)
Seat 5: YeeesMan (button) folded on the Flop
Seat 6: socito (small blind) folded before Flop



PokerStars Hand #254296093891:  Hold'em No Limit ($0.50/$1.00 USD) - 2025/01/10 15:51:56 WET [2025/01/10 10:51:56 ET]
Table 'Theemin II' 6-max Seat #6 is the button
Seat 1: 1fudihara ($307.75 in chips) 
Seat 2: Espada Fish ($111.07 in chips) 
Seat 3: mr.Jckpot ($170.16 in chips) 
Seat 4: gudrozd ($105.10 in chips) 
Seat 5: YeeesMan ($127.29 in chips) 
Seat 6: socito ($100 in chips) 
1fudihara: posts small blind $0.50
Espada Fish: posts big blind $1
*** HOLE CARDS ***
mr.Jckpot: folds 
gudrozd: raises $1.50 to $2.50
YeeesMan: calls $2.50
socito: folds 
1fudihara: calls $2
Espada Fish: folds 
*** FLOP *** [9h Ah 5h]
1fudihara: checks 
gudrozd: checks 
YeeesMan: checks 
*** TURN *** [9h Ah 5h] [3s]
1fudihara: checks 
gudrozd: checks 
YeeesMan: checks 
*** RIVER *** [9h Ah 5h 3s] [9d]
1fudihara: checks 
gudrozd: checks 
YeeesMan: checks 
*** SHOW DOWN ***
1fudihara: shows [2c 2d] (two pair, Nines and Deuces)
gudrozd: mucks hand 
YeeesMan: shows [8c 8h] (two pair, Nines and Eights)
YeeesMan collected $8.08 from pot
*** SUMMARY ***
Total pot $8.50 | Rake $0.42 
Board [9h Ah 5h 3s 9d]
Seat 1: 1fudihara (small blind) showed [2c 2d] and lost with two pair, Nines and Deuces
Seat 2: Espada Fish (big blind) folded before Flop
Seat 3: mr.Jckpot folded before Flop (didn't bet)
Seat 4: gudrozd mucked
Seat 5: YeeesMan showed [8c 8h] and won ($8.08) with two pair, Nines and Eights
Seat 6: socito (button) folded before Flop (didn't bet)



PokerStars Hand #254296401459:  Hold'em No Limit ($0.50/$1.00 USD) - 2025/01/10 16:14:09 WET [2025/01/10 11:14:09 ET]
Table 'Theemin II' 6-max Seat #1 is the button
Seat 1: 1fudihara ($315.40 in chips) 
Seat 2: Espada Fish ($111.96 in chips) 
Seat 3: mr.Jckpot ($153.33 in chips) 
Seat 4: gudrozd ($100 in chips) 
Seat 5: YeeesMan ($153.39 in chips) 
Seat 6: socito ($132.19 in chips) 
Espada Fish: posts small blind $0.50
mr.Jckpot: posts big blind $1
*** HOLE CARDS ***
gudrozd: folds 
YeeesMan: raises $1.50 to $2.50
socito: folds 
1fudihara: raises $7.50 to $10
Espada Fish: folds 
mr.Jckpot: folds 
YeeesMan: folds 
Uncalled bet ($7.50) returned to 1fudihara
1fudihara collected $6.50 from pot
1fudihara: doesn't show hand 
*** SUMMARY ***
Total pot $6.50 | Rake $0 
Seat 1: 1fudihara (button) collected ($6.50)
Seat 2: Espada Fish (small blind) folded before Flop
Seat 3: mr.Jckpot (big blind) folded before Flop
Seat 4: gudrozd folded before Flop (didn't bet)
Seat 5: YeeesMan folded before Flop
Seat 6: socito folded before Flop (didn't bet)



PokerStars Hand #254296407860:  Hold'em No Limit ($0.50/$1.00 USD) - 2025/01/10 16:14:34 WET [2025/01/10 11:14:34 ET]
Table 'Theemin II' 6-max Seat #2 is the button
Seat 1: 1fudihara ($319.40 in chips) 
Seat 2: Espada Fish ($111.46 in chips) 
Seat 3: mr.Jckpot ($152.33 in chips) 
Seat 4: gudrozd ($100 in chips) 
Seat 5: YeeesMan ($150.89 in chips) 
Seat 6: socito ($132.19 in chips) 
mr.Jckpot: posts small blind $0.50
gudrozd: posts big blind $1
*** HOLE CARDS ***
YeeesMan: folds 
socito: raises $1.50 to $2.50
1fudihara: folds 
Espada Fish: folds 
mr.Jckpot: folds 
gudrozd: calls $1.50
*** FLOP *** [8h Ah Th]
gudrozd: checks 
socito: bets $1.31
gudrozd: folds 
Uncalled bet ($1.31) returned to socito
socito collected $5.22 from pot
socito: doesn't show hand 
*** SUMMARY ***
Total pot $5.50 | Rake $0.28 
Board [8h Ah Th]
Seat 1: 1fudihara folded before Flop (didn't bet)
Seat 2: Espada Fish (button) folded before Flop (didn't bet)
Seat 3: mr.Jckpot (small blind) folded before Flop
Seat 4: gudrozd (big blind) folded on the Flop
Seat 5: YeeesMan folded before Flop (didn't bet)
Seat 6: socito collected ($5.22)



PokerStars Hand #254296417851:  Hold'em No Limit ($0.50/$1.00 USD) - 2025/01/10 16:15:13 WET [2025/01/10 11:15:13 ET]
Table 'Theemin II' 6-max Seat #3 is the button
Seat 1: 1fudihara ($319.40 in chips) 
Seat 2: Espada Fish ($111.46 in chips) 
Seat 3: mr.Jckpot ($151.83 in chips) 
Seat 4: gudrozd ($100 in chips) 
Seat 5: YeeesMan ($150.89 in chips) 
Seat 6: socito ($134.91 in chips) 
gudrozd: posts small blind $0.50
YeeesMan: posts big blind $1
*** HOLE CARDS ***
socito: folds 
1fudihara: folds 
Espada Fish: folds 
mr.Jckpot: folds 
gudrozd: raises $2 to $3
YeeesMan: calls $2
*** FLOP *** [2h 4s 7d]
gudrozd: checks 
YeeesMan: checks 
*** TURN *** [2h 4s 7d] [8s]
gudrozd: checks 
YeeesMan: checks 
*** RIVER *** [2h 4s 7d 8s] [6s]
gudrozd: bets $1.88
YeeesMan: folds 
Uncalled bet ($1.88) returned to gudrozd
gudrozd collected $5.70 from pot
gudrozd: doesn't show hand 
*** SUMMARY ***
Total pot $6 | Rake $0.30 
Board [2h 4s 7d 8s 6s]
Seat 1: 1fudihara folded before Flop (didn't bet)
Seat 2: Espada Fish folded before Flop (didn't bet)
Seat 3: mr.Jckpot (button) folded before Flop (didn't bet)
Seat 4: gudrozd (small blind) collected ($5.70)
Seat 5: YeeesMan (big blind) folded on the River
Seat 6: socito folded before Flop (didn't bet)



PokerStars Hand #254296434307:  Hold'em No Limit ($0.50/$1.00 USD) - 2025/01/10 16:16:19 WET [2025/01/10 11:16:19 ET]
Table 'Theemin II' 6-max Seat #4 is the button
Seat 1: 1fudihara ($319.40 in chips) 
Seat 2: Espada Fish ($111.46 in chips) 
Seat 3: mr.Jckpot ($151.83 in chips) 
Seat 4: gudrozd ($102.70 in chips) 
Seat 5: YeeesMan ($147.89 in chips) 
Seat 6: socito ($134.91 in chips) 
YeeesMan: posts small blind $0.50
socito: posts big blind $1
*** HOLE CARDS ***
1fudihara: folds 
Espada Fish: folds 
mr.Jckpot: folds 
gudrozd: raises $1.50 to $2.50
YeeesMan: folds 
socito: raises $9 to $11.50
gudrozd: folds 
Uncalled bet ($9) returned to socito
socito collected $5.50 from pot
socito: doesn't show hand 
*** SUMMARY ***
Total pot $5.50 | Rake $0 
Seat 1: 1fudihara folded before Flop (didn't bet)
Seat 2: Espada Fish folded before Flop (didn't bet)
Seat 3: mr.Jckpot folded before Flop (didn't bet)
Seat 4: gudrozd (button) folded before Flop
Seat 5: YeeesMan (small blind) folded before Flop
Seat 6: socito (big blind) collected ($5.50)



PokerStars Hand #254296441785:  Hold'em No Limit ($0.50/$1.00 USD) - 2025/01/10 16:16:49 WET [2025/01/10 11:16:49 ET]
Table 'Theemin II' 6-max Seat #5 is the button
Seat 1: 1fudihara ($319.40 in chips) 
Seat 2: Espada Fish ($111.46 in chips) 
Seat 3: mr.Jckpot ($151.83 in chips) 
Seat 4: gudrozd ($100.20 in chips) 
Seat 5: YeeesMan ($147.39 in chips) 
Seat 6: socito ($137.91 in chips) 
socito: posts small blind $0.50
1fudihara: posts big blind $1
*** HOLE CARDS ***
Espada Fish: folds 
mr.Jckpot: raises $1.50 to $2.50
gudrozd: folds 
YeeesMan: folds 
socito: folds 
1fudihara: folds 
Uncalled bet ($1.50) returned to mr.Jckpot
mr.Jckpot collected $2.50 from pot
mr.Jckpot: doesn't show hand 
*** SUMMARY ***
Total pot $2.50 | Rake $0 
Seat 1: 1fudihara (big blind) folded before Flop
Seat 2: Espada Fish folded before Flop (didn't bet)
Seat 3: mr.Jckpot collected ($2.50)
Seat 4: gudrozd folded before Flop (didn't bet)
Seat 5: YeeesMan (button) folded before Flop (didn't bet)
Seat 6: socito (small blind) folded before Flop



PokerStars Hand #254296448572:  Hold'em No Limit ($0.50/$1.00 USD) - 2025/01/10 16:17:16 WET [2025/01/10 11:17:16 ET]
Table 'Theemin II' 6-max Seat #6 is the button
Seat 2: Espada Fish ($111.46 in chips) is sitting out
Seat 1: 1fudihara ($318.40 in chips) 
Seat 3: mr.Jckpot ($153.33 in chips) 
Seat 4: gudrozd ($100.20 in chips) 
Seat 5: YeeesMan ($147.39 in chips) 
Seat 6: socito ($137.41 in chips) 
1fudihara: posts small blind $0.50
mr.Jckpot: posts big blind $1
*** HOLE CARDS ***
gudrozd: folds 
YeeesMan: raises $1.50 to $2.50
socito: folds 
1fudihara: raises $6.50 to $9
mr.Jckpot: folds 
YeeesMan: calls $6.50
*** FLOP *** [2c Kh 9d]
1fudihara: bets $6.12
YeeesMan: calls $6.12
*** TURN *** [2c Kh 9d] [5h]
1fudihara: checks 
YeeesMan: bets $9.79
1fudihara: raises $16.21 to $26
YeeesMan: calls $16.21
*** RIVER *** [2c Kh 9d 5h] [8h]
1fudihara: checks 
YeeesMan: checks 
*** SHOW DOWN ***
1fudihara: shows [Qd Qc] (a pair of Queens)
YeeesMan: mucks hand 
1fudihara collected $80.74 from pot
*** SUMMARY ***
Total pot $83.24 | Rake $2.50 
Board [2c Kh 9d 5h 8h]
Seat 2: Espada Fish
Seat 1: 1fudihara (small blind) showed [Qd Qc] and won ($80.74) with a pair of Queens
Seat 3: mr.Jckpot (big blind) folded before Flop
Seat 4: gudrozd folded before Flop (didn't bet)
Seat 5: YeeesMan mucked
Seat 6: socito (button) folded before Flop (didn't bet)



PokerStars Hand #254296473339:  Hold'em No Limit ($0.50/$1.00 USD) - 2025/01/10 16:18:55 WET [2025/01/10 11:18:55 ET]
Table 'Theemin II' 6-max Seat #1 is the button
Seat 2: Espada Fish ($111.46 in chips) is sitting out
Seat 1: 1fudihara ($358.02 in chips) 
Seat 3: mr.Jckpot ($152.33 in chips) 
Seat 4: gudrozd ($100.20 in chips) 
Seat 5: YeeesMan ($106.27 in chips) 
Seat 6: socito ($137.41 in chips) 
mr.Jckpot: posts small blind $0.50
gudrozd: posts big blind $1
*** HOLE CARDS ***
YeeesMan: raises $1.50 to $2.50
socito: folds 
1fudihara: calls $2.50
mr.Jckpot: folds 
gudrozd: folds 
*** FLOP *** [Ac Js 4d]
YeeesMan: checks 
1fudihara: bets $2
YeeesMan: calls $2
*** TURN *** [Ac Js 4d] [Kd]
YeeesMan: checks 
1fudihara: bets $4
YeeesMan: calls $4
*** RIVER *** [Ac Js 4d Kd] [Tc]
YeeesMan: checks 
1fudihara: checks 
*** SHOW DOWN ***
YeeesMan: shows [Td Jd] (two pair, Jacks and Tens)
1fudihara: shows [4h Kh] (two pair, Kings and Fours)
1fudihara collected $17.58 from pot
*** SUMMARY ***
Total pot $18.50 | Rake $0.92 
Board [Ac Js 4d Kd Tc]
Seat 2: Espada Fish
Seat 1: 1fudihara (button) showed [4h Kh] and won ($17.58) with two pair, Kings and Fours
Seat 3: mr.Jckpot (small blind) folded before Flop
Seat 4: gudrozd (big blind) folded before Flop
Seat 5: YeeesMan showed [Td Jd] and lost with two pair, Jacks and Tens
Seat 6: socito folded before Flop (didn't bet)



PokerStars Hand #254296488398:  Hold'em No Limit ($0.50/$1.00 USD) - 2025/01/10 16:19:54 WET [2025/01/10 11:19:54 ET]
Table 'Theemin II' 6-max Seat #3 is the button
Seat 2: Espada Fish ($111.46 in chips) is sitting out
Seat 1: 1fudihara ($367.10 in chips) 
Seat 3: mr.Jckpot ($151.83 in chips) 
Seat 4: gudrozd ($100 in chips) 
Seat 5: YeeesMan ($100 in chips) 
Seat 6: socito ($137.41 in chips) 
gudrozd: posts small blind $0.50
YeeesMan: posts big blind $1
*** HOLE CARDS ***
socito: folds 
1fudihara: folds 
mr.Jckpot: folds 
gudrozd: raises $2 to $3
YeeesMan: folds 
Uncalled bet ($2) returned to gudrozd
gudrozd collected $2 from pot
gudrozd: doesn't show hand 
*** SUMMARY ***
Total pot $2 | Rake $0 
Seat 2: Espada Fish
Seat 1: 1fudihara folded before Flop (didn't bet)
Seat 3: mr.Jckpot (button) folded before Flop (didn't bet)
Seat 4: gudrozd (small blind) collected ($2)
Seat 5: YeeesMan (big blind) folded before Flop
Seat 6: socito folded before Flop (didn't bet)



PokerStars Hand #254296492094:  Hold'em No Limit ($0.50/$1.00 USD) - 2025/01/10 16:20:09 WET [2025/01/10 11:20:09 ET]
Table 'Theemin II' 6-max Seat #4 is the button
Seat 2: Espada Fish ($111.46 in chips) is sitting out
Seat 1: 1fudihara ($367.10 in chips) 
Seat 3: mr.Jckpot ($151.83 in chips) 
Seat 4: gudrozd ($101 in chips) 
Seat 5: YeeesMan ($100 in chips) 
Seat 6: socito ($137.41 in chips) 
YeeesMan: posts small blind $0.50
socito: posts big blind $1
*** HOLE CARDS ***
1fudihara: folds 
mr.Jckpot: folds 
gudrozd: folds 
YeeesMan: folds 
Uncalled bet ($0.50) returned to socito
socito collected $1 from pot
socito: doesn't show hand 
*** SUMMARY ***
Total pot $1 | Rake $0 
Seat 2: Espada Fish
Seat 1: 1fudihara folded before Flop (didn't bet)
Seat 3: mr.Jckpot folded before Flop (didn't bet)
Seat 4: gudrozd (button) folded before Flop (didn't bet)
Seat 5: YeeesMan (small blind) folded before Flop
Seat 6: socito (big blind) collected ($1)



PokerStars Hand #254296495053:  Hold'em No Limit ($0.50/$1.00 USD) - 2025/01/10 16:20:20 WET [2025/01/10 11:20:20 ET]
Table 'Theemin II' 6-max Seat #5 is the button
Seat 2: Espada Fish ($111.46 in chips) is sitting out
Seat 1: 1fudihara ($367.10 in chips) 
Seat 3: mr.Jckpot ($151.83 in chips) 
Seat 4: gudrozd ($101 in chips) 
Seat 5: YeeesMan ($100 in chips) 
Seat 6: socito ($137.91 in chips) 
socito: posts small blind $0.50
1fudihara: posts big blind $1
*** HOLE CARDS ***
mr.Jckpot: folds 
gudrozd: raises $1.50 to $2.50
YeeesMan: folds 
socito: folds 
1fudihara: calls $1.50
*** FLOP *** [2s Ts 5h]
1fudihara: checks 
gudrozd: checks 
*** TURN *** [2s Ts 5h] [3s]
1fudihara: bets $2.35
gudrozd: folds 
Uncalled bet ($2.35) returned to 1fudihara
1fudihara collected $5.22 from pot
1fudihara: doesn't show hand 
*** SUMMARY ***
Total pot $5.50 | Rake $0.28 
Board [2s Ts 5h 3s]
Seat 2: Espada Fish
Seat 1: 1fudihara (big blind) collected ($5.22)
Seat 3: mr.Jckpot folded before Flop (didn't bet)
Seat 4: gudrozd folded on the Turn
Seat 5: YeeesMan (button) folded before Flop (didn't bet)
Seat 6: socito (small blind) folded before Flop



PokerStars Hand #254296506845:  Hold'em No Limit ($0.50/$1.00 USD) - 2025/01/10 16:21:07 WET [2025/01/10 11:21:07 ET]
Table 'Theemin II' 6-max Seat #6 is the button
Seat 2: Espada Fish ($111.46 in chips) is sitting out
Seat 1: 1fudihara ($369.82 in chips) 
Seat 3: mr.Jckpot ($151.83 in chips) 
Seat 4: gudrozd ($100 in chips) 
Seat 5: YeeesMan ($100 in chips) 
Seat 6: socito ($137.41 in chips) 
1fudihara: posts small blind $0.50
mr.Jckpot: posts big blind $1
*** HOLE CARDS ***
gudrozd: folds 
YeeesMan: folds 
socito: folds 
1fudihara: raises $1.50 to $2.50
mr.Jckpot: folds 
Uncalled bet ($1.50) returned to 1fudihara
1fudihara collected $2 from pot
1fudihara: doesn't show hand 
*** SUMMARY ***
Total pot $2 | Rake $0 
Seat 2: Espada Fish
Seat 1: 1fudihara (small blind) collected ($2)
Seat 3: mr.Jckpot (big blind) folded before Flop
Seat 4: gudrozd folded before Flop (didn't bet)
Seat 5: YeeesMan folded before Flop (didn't bet)
Seat 6: socito (button) folded before Flop (didn't bet)



PokerStars Hand #254296512549:  Hold'em No Limit ($0.50/$1.00 USD) - 2025/01/10 16:21:29 WET [2025/01/10 11:21:29 ET]
Table 'Theemin II' 6-max Seat #1 is the button
Seat 2: Espada Fish ($111.46 in chips) is sitting out
Seat 1: 1fudihara ($370.82 in chips) 
Seat 3: mr.Jckpot ($150.83 in chips) 
Seat 4: gudrozd ($100 in chips) 
Seat 5: YeeesMan ($100 in chips) 
Seat 6: socito ($137.41 in chips) 
mr.Jckpot: posts small blind $0.50
gudrozd: posts big blind $1
*** HOLE CARDS ***
YeeesMan: folds 
socito: folds 
1fudihara: folds 
mr.Jckpot: raises $2 to $3
gudrozd: folds 
Uncalled bet ($2) returned to mr.Jckpot
mr.Jckpot collected $2 from pot
mr.Jckpot: doesn't show hand 
*** SUMMARY ***
Total pot $2 | Rake $0 
Seat 2: Espada Fish
Seat 1: 1fudihara (button) folded before Flop (didn't bet)
Seat 3: mr.Jckpot (small blind) collected ($2)
Seat 4: gudrozd (big blind) folded before Flop
Seat 5: YeeesMan folded before Flop (didn't bet)
Seat 6: socito folded before Flop (didn't bet)



PokerStars Hand #254296516007:  Hold'em No Limit ($0.50/$1.00 USD) - 2025/01/10 16:21:42 WET [2025/01/10 11:21:42 ET]
Table 'Theemin II' 6-max Seat #4 is the button
Seat 2: Espada Fish ($111.46 in chips) is sitting out
Seat 3: mr.Jckpot ($151.83 in chips) is sitting out
Seat 1: 1fudihara ($370.82 in chips) 
Seat 4: gudrozd ($100 in chips) 
Seat 5: YeeesMan ($100 in chips) 
Seat 6: socito ($137.41 in chips) 
YeeesMan: posts small blind $0.50
socito: posts big blind $1
*** HOLE CARDS ***
1fudihara: raises $1.50 to $2.50
gudrozd: raises $5.50 to $8
YeeesMan: folds 
socito: folds 
1fudihara: folds 
Uncalled bet ($5.50) returned to gudrozd
gudrozd collected $6.50 from pot
gudrozd: doesn't show hand 
*** SUMMARY ***
Total pot $6.50 | Rake $0 
Seat 2: Espada Fish
Seat 3: mr.Jckpot
Seat 1: 1fudihara folded before Flop
Seat 4: gudrozd (button) collected ($6.50)
Seat 5: YeeesMan (small blind) folded before Flop
Seat 6: socito (big blind) folded before Flop



PokerStars Hand #254296523091:  Hold'em No Limit ($0.50/$1.00 USD) - 2025/01/10 16:22:10 WET [2025/01/10 11:22:10 ET]
Table 'Theemin II' 6-max Seat #5 is the button
Seat 2: Espada Fish ($111.46 in chips) is sitting out
Seat 3: mr.Jckpot ($151.83 in chips) is sitting out
Seat 1: 1fudihara ($368.32 in chips) 
Seat 4: gudrozd ($104 in chips) 
Seat 5: YeeesMan ($100 in chips) 
Seat 6: socito ($136.41 in chips) 
socito: posts small blind $0.50
1fudihara: posts big blind $1
*** HOLE CARDS ***
gudrozd: folds 
YeeesMan: raises $1.50 to $2.50
socito: folds 
1fudihara: raises $9.50 to $12
YeeesMan: folds 
Uncalled bet ($9.50) returned to 1fudihara
1fudihara collected $5.50 from pot
1fudihara: doesn't show hand 
*** SUMMARY ***
Total pot $5.50 | Rake $0 
Seat 2: Espada Fish
Seat 3: mr.Jckpot
Seat 1: 1fudihara (big blind) collected ($5.50)
Seat 4: gudrozd folded before Flop (didn't bet)
Seat 5: YeeesMan (button) folded before Flop
Seat 6: socito (small blind) folded before Flop



PokerStars Hand #254296531222:  Hold'em No Limit ($0.50/$1.00 USD) - 2025/01/10 16:22:42 WET [2025/01/10 11:22:42 ET]
Table 'Theemin II' 6-max Seat #6 is the button
Seat 2: Espada Fish ($111.46 in chips) is sitting out
Seat 3: mr.Jckpot ($151.83 in chips) is sitting out
Seat 1: 1fudihara ($371.32 in chips) 
Seat 4: gudrozd ($104 in chips) 
Seat 5: YeeesMan ($100 in chips) 
Seat 6: socito ($135.91 in chips) 
1fudihara: posts small blind $0.50
gudrozd: posts big blind $1
*** HOLE CARDS ***
YeeesMan: folds 
socito: folds 
1fudihara: raises $1.50 to $2.50
gudrozd: raises $9.50 to $12
1fudihara: calls $9.50
*** FLOP *** [Kd 5c Ac]
1fudihara: checks 
gudrozd: bets $17.25
1fudihara: folds 
Uncalled bet ($17.25) returned to gudrozd
gudrozd collected $23 from pot
gudrozd: doesn't show hand 
*** SUMMARY ***
Total pot $24 | Rake $1 
Board [Kd 5c Ac]
Seat 2: Espada Fish
Seat 3: mr.Jckpot
Seat 1: 1fudihara (small blind) folded on the Flop
Seat 4: gudrozd (big blind) collected ($23)
Seat 5: YeeesMan folded before Flop (didn't bet)
Seat 6: socito (button) folded before Flop (didn't bet)



PokerStars Hand #254296542174:  Hold'em No Limit ($0.50/$1.00 USD) - 2025/01/10 16:23:25 WET [2025/01/10 11:23:25 ET]
Table 'Theemin II' 6-max Seat #1 is the button
Seat 2: Espada Fish ($111.46 in chips) is sitting out
Seat 3: mr.Jckpot ($151.83 in chips) is sitting out
Seat 1: 1fudihara ($359.32 in chips) 
Seat 4: gudrozd ($115 in chips) 
Seat 5: YeeesMan ($100 in chips) 
Seat 6: socito ($135.91 in chips) 
gudrozd: posts small blind $0.50
YeeesMan: posts big blind $1
*** HOLE CARDS ***
socito: raises $1.50 to $2.50
1fudihara: folds 
gudrozd: raises $9.50 to $12
YeeesMan: folds 
socito: raises $12 to $24
gudrozd: folds 
Uncalled bet ($12) returned to socito
socito collected $25 from pot
socito: doesn't show hand 
*** SUMMARY ***
Total pot $25 | Rake $0 
Seat 2: Espada Fish
Seat 3: mr.Jckpot
Seat 1: 1fudihara (button) folded before Flop (didn't bet)
Seat 4: gudrozd (small blind) folded before Flop
Seat 5: YeeesMan (big blind) folded before Flop
Seat 6: socito collected ($25)



PokerStars Hand #254296553054:  Hold'em No Limit ($0.50/$1.00 USD) - 2025/01/10 16:24:08 WET [2025/01/10 11:24:08 ET]
Table 'Theemin II' 6-max Seat #4 is the button
Seat 2: Espada Fish ($111.46 in chips) is sitting out
Seat 3: mr.Jckpot ($151.83 in chips) is sitting out
Seat 1: 1fudihara ($359.32 in chips) 
Seat 4: gudrozd ($103 in chips) 
Seat 5: YeeesMan ($100 in chips) 
Seat 6: socito ($148.91 in chips) 
YeeesMan: posts small blind $0.50
socito: posts big blind $1
Espada Fish: sits out 
mr.Jckpot: sits out 
*** HOLE CARDS ***
1fudihara: folds 
gudrozd: raises $1.50 to $2.50
YeeesMan: raises $8.50 to $11
socito: folds 
gudrozd: calls $8.50
*** FLOP *** [3h 2d 7h]
YeeesMan: checks 
gudrozd: checks 
*** TURN *** [3h 2d 7h] [Tc]
YeeesMan: checks 
gudrozd: bets $16.50
YeeesMan: raises $16.50 to $33
gudrozd: calls $16.50
*** RIVER *** [3h 2d 7h Tc] [Js]
YeeesMan: checks 
gudrozd: checks 
*** SHOW DOWN ***
YeeesMan: shows [Ah Kd] (high card Ace)
gudrozd: shows [Kh Th] (a pair of Tens)
gudrozd collected $88 from pot
*** SUMMARY ***
Total pot $89 | Rake $1 
Board [3h 2d 7h Tc Js]
Seat 2: Espada Fish
Seat 3: mr.Jckpot
Seat 1: 1fudihara folded before Flop (didn't bet)
Seat 4: gudrozd (button) showed [Kh Th] and won ($88) with a pair of Tens
Seat 5: YeeesMan (small blind) showed [Ah Kd] and lost with high card Ace
Seat 6: socito (big blind) folded before Flop



PokerStars Hand #254296580676:  Hold'em No Limit ($0.50/$1.00 USD) - 2025/01/10 16:25:58 WET [2025/01/10 11:25:58 ET]
Table 'Theemin II' 6-max Seat #5 is the button
Seat 2: Espada Fish ($111.46 in chips) is sitting out
Seat 3: mr.Jckpot ($151.83 in chips) is sitting out
Seat 1: 1fudihara ($359.32 in chips) 
Seat 4: gudrozd ($147 in chips) 
Seat 5: YeeesMan ($100 in chips) 
Seat 6: socito ($147.91 in chips) 
socito: posts small blind $0.50
1fudihara: posts big blind $1
Espada Fish: sits out 
mr.Jckpot: sits out 
*** HOLE CARDS ***
gudrozd: folds 
YeeesMan: raises $1.50 to $2.50
socito: folds 
1fudihara: calls $1.50
*** FLOP *** [4d 7h Qd]
1fudihara: checks 
YeeesMan: checks 
*** TURN *** [4d 7h Qd] [Jh]
1fudihara: checks 
YeeesMan: checks 
*** RIVER *** [4d 7h Qd Jh] [Qs]
1fudihara: checks 
YeeesMan: bets $7.83
1fudihara: folds 
Uncalled bet ($7.83) returned to YeeesMan
YeeesMan collected $5.22 from pot
YeeesMan: doesn't show hand 
*** SUMMARY ***
Total pot $5.50 | Rake $0.28 
Board [4d 7h Qd Jh Qs]
Seat 2: Espada Fish
Seat 3: mr.Jckpot
Seat 1: 1fudihara (big blind) folded on the River
Seat 4: gudrozd folded before Flop (didn't bet)
Seat 5: YeeesMan (button) collected ($5.22)
Seat 6: socito (small blind) folded before Flop



PokerStars Hand #254296592385:  Hold'em No Limit ($0.50/$1.00 USD) - 2025/01/10 16:26:44 WET [2025/01/10 11:26:44 ET]
Table 'Theemin II' 6-max Seat #6 is the button
Seat 3: mr.Jckpot ($151.83 in chips) is sitting out
Seat 1: 1fudihara ($356.82 in chips) 
Seat 2: Espada Fish ($111.46 in chips) 
Seat 4: gudrozd ($147 in chips) 
Seat 5: YeeesMan ($102.72 in chips) 
Seat 6: socito ($147.41 in chips) 
1fudihara: posts small blind $0.50
Espada Fish: posts big blind $1
mr.Jckpot: sits out 
*** HOLE CARDS ***
gudrozd: folds 
YeeesMan: raises $1.50 to $2.50
socito: folds 
1fudihara: folds 
Espada Fish: calls $1.50
*** FLOP *** [4h Js Kh]
Espada Fish: checks 
YeeesMan: checks 
*** TURN *** [4h Js Kh] [Qc]
Espada Fish: checks 
YeeesMan: bets $3.92
Espada Fish: raises $11.58 to $15.50
YeeesMan: calls $11.58
*** RIVER *** [4h Js Kh Qc] [5s]
Espada Fish: checks 
YeeesMan: checks 
*** SHOW DOWN ***
Espada Fish: shows [Ah 9h] (high card Ace)
YeeesMan: shows [Ks 3s] (a pair of Kings)
YeeesMan collected $34.68 from pot
*** SUMMARY ***
Total pot $36.50 | Rake $1.82 
Board [4h Js Kh Qc 5s]
Seat 3: mr.Jckpot
Seat 1: 1fudihara (small blind) folded before Flop
Seat 2: Espada Fish (big blind) showed [Ah 9h] and lost with high card Ace
Seat 4: gudrozd folded before Flop (didn't bet)
Seat 5: YeeesMan showed [Ks 3s] and won ($34.68) with a pair of Kings
Seat 6: socito (button) folded before Flop (didn't bet)



PokerStars Hand #254296621422:  Hold'em No Limit ($0.50/$1.00 USD) - 2025/01/10 16:28:39 WET [2025/01/10 11:28:39 ET]
Table 'Theemin II' 6-max Seat #1 is the button
Seat 1: 1fudihara ($356.32 in chips) 
Seat 2: Espada Fish ($100 in chips) 
Seat 3: mr.Jckpot ($151.83 in chips) 
Seat 4: gudrozd ($147 in chips) 
Seat 5: YeeesMan ($119.40 in chips) 
Seat 6: socito ($147.41 in chips) 
Espada Fish: posts small blind $0.50
mr.Jckpot: posts big blind $1
*** HOLE CARDS ***
gudrozd: folds 
YeeesMan: folds 
socito: folds 
1fudihara: raises $1.50 to $2.50
Espada Fish: folds 
mr.Jckpot: folds 
Uncalled bet ($1.50) returned to 1fudihara
1fudihara collected $2.50 from pot
1fudihara: doesn't show hand 
*** SUMMARY ***
Total pot $2.50 | Rake $0 
Seat 1: 1fudihara (button) collected ($2.50)
Seat 2: Espada Fish (small blind) folded before Flop
Seat 3: mr.Jckpot (big blind) folded before Flop
Seat 4: gudrozd folded before Flop (didn't bet)
Seat 5: YeeesMan folded before Flop (didn't bet)
Seat 6: socito folded before Flop (didn't bet)



PokerStars Hand #254296628213:  Hold'em No Limit ($0.50/$1.00 USD) - 2025/01/10 16:29:07 WET [2025/01/10 11:29:07 ET]
Table 'Theemin II' 6-max Seat #2 is the button
Seat 1: 1fudihara ($357.82 in chips) 
Seat 2: Espada Fish ($100 in chips) 
Seat 3: mr.Jckpot ($150.83 in chips) 
Seat 4: gudrozd ($147 in chips) 
Seat 5: YeeesMan ($119.40 in chips) 
Seat 6: socito ($147.41 in chips) 
mr.Jckpot: posts small blind $0.50
gudrozd: posts big blind $1
*** HOLE CARDS ***
YeeesMan: folds 
socito: raises $1.50 to $2.50
1fudihara: folds 
Espada Fish: folds 
mr.Jckpot: folds 
gudrozd: folds 
Uncalled bet ($1.50) returned to socito
socito collected $2.50 from pot
socito: doesn't show hand 
*** SUMMARY ***
Total pot $2.50 | Rake $0 
Seat 1: 1fudihara folded before Flop (didn't bet)
Seat 2: Espada Fish (button) folded before Flop (didn't bet)
Seat 3: mr.Jckpot (small blind) folded before Flop
Seat 4: gudrozd (big blind) folded before Flop
Seat 5: YeeesMan folded before Flop (didn't bet)
Seat 6: socito collected ($2.50)



PokerStars Hand #254296632074:  Hold'em No Limit ($0.50/$1.00 USD) - 2025/01/10 16:29:22 WET [2025/01/10 11:29:22 ET]
Table 'Theemin II' 6-max Seat #3 is the button
Seat 1: 1fudihara ($357.82 in chips) 
Seat 2: Espada Fish ($100 in chips) 
Seat 3: mr.Jckpot ($150.33 in chips) 
Seat 4: gudrozd ($146 in chips) 
Seat 5: YeeesMan ($119.40 in chips) 
Seat 6: socito ($148.91 in chips) 
gudrozd: posts small blind $0.50
YeeesMan: posts big blind $1
*** HOLE CARDS ***
socito: folds 
1fudihara: folds 
Espada Fish: folds 
mr.Jckpot: folds 
gudrozd: raises $2 to $3
YeeesMan: folds 
Uncalled bet ($2) returned to gudrozd
gudrozd collected $2 from pot
gudrozd: doesn't show hand 
*** SUMMARY ***
Total pot $2 | Rake $0 
Seat 1: 1fudihara folded before Flop (didn't bet)
Seat 2: Espada Fish folded before Flop (didn't bet)
Seat 3: mr.Jckpot (button) folded before Flop (didn't bet)
Seat 4: gudrozd (small blind) collected ($2)
Seat 5: YeeesMan (big blind) folded before Flop
Seat 6: socito folded before Flop (didn't bet)



PokerStars Hand #254296636786:  Hold'em No Limit ($0.50/$1.00 USD) - 2025/01/10 16:29:41 WET [2025/01/10 11:29:41 ET]
Table 'Theemin II' 6-max Seat #4 is the button
Seat 1: 1fudihara ($357.82 in chips) 
Seat 2: Espada Fish ($100 in chips) 
Seat 3: mr.Jckpot ($150.33 in chips) 
Seat 4: gudrozd ($147 in chips) 
Seat 5: YeeesMan ($118.40 in chips) 
Seat 6: socito ($148.91 in chips) 
YeeesMan: posts small blind $0.50
socito: posts big blind $1
*** HOLE CARDS ***
1fudihara: raises $1.50 to $2.50
Espada Fish: folds 
mr.Jckpot: raises $5 to $7.50
gudrozd: folds 
YeeesMan: folds 
socito: folds 
1fudihara: calls $5
*** FLOP *** [6c 6d Tc]
1fudihara: checks 
mr.Jckpot: bets $5.17
1fudihara: calls $5.17
*** TURN *** [6c 6d Tc] [2s]
1fudihara: checks 
mr.Jckpot: checks 
*** RIVER *** [6c 6d Tc 2s] [Kd]
1fudihara: checks 
mr.Jckpot: bets $16.57
1fudihara: folds 
Uncalled bet ($16.57) returned to mr.Jckpot
mr.Jckpot collected $25.50 from pot
mr.Jckpot: doesn't show hand 
*** SUMMARY ***
Total pot $26.84 | Rake $1.34 
Board [6c 6d Tc 2s Kd]
Seat 1: 1fudihara folded on the River
Seat 2: Espada Fish folded before Flop (didn't bet)
Seat 3: mr.Jckpot collected ($25.50)
Seat 4: gudrozd (button) folded before Flop (didn't bet)
Seat 5: YeeesMan (small blind) folded before Flop
Seat 6: socito (big blind) folded before Flop



PokerStars Hand #254296658054:  Hold'em No Limit ($0.50/$1.00 USD) - 2025/01/10 16:31:03 WET [2025/01/10 11:31:03 ET]
Table 'Theemin II' 6-max Seat #5 is the button
Seat 1: 1fudihara ($345.15 in chips) 
Seat 2: Espada Fish ($100 in chips) 
Seat 3: mr.Jckpot ($163.16 in chips) 
Seat 4: gudrozd ($147 in chips) 
Seat 5: YeeesMan ($117.90 in chips) 
Seat 6: socito ($147.91 in chips) 
socito: posts small blind $0.50
1fudihara: posts big blind $1
*** HOLE CARDS ***
Espada Fish: folds 
mr.Jckpot: folds 
gudrozd: folds 
YeeesMan: folds 
socito: folds 
Uncalled bet ($0.50) returned to 1fudihara
1fudihara collected $1 from pot
1fudihara: doesn't show hand 
*** SUMMARY ***
Total pot $1 | Rake $0 
Seat 1: 1fudihara (big blind) collected ($1)
Seat 2: Espada Fish folded before Flop (didn't bet)
Seat 3: mr.Jckpot folded before Flop (didn't bet)
Seat 4: gudrozd folded before Flop (didn't bet)
Seat 5: YeeesMan (button) folded before Flop (didn't bet)
Seat 6: socito (small blind) folded before Flop



PokerStars Hand #254296660747:  Hold'em No Limit ($0.50/$1.00 USD) - 2025/01/10 16:31:14 WET [2025/01/10 11:31:14 ET]
Table 'Theemin II' 6-max Seat #6 is the button
Seat 1: 1fudihara ($345.65 in chips) 
Seat 2: Espada Fish ($100 in chips) 
Seat 3: mr.Jckpot ($163.16 in chips) 
Seat 4: gudrozd ($147 in chips) 
Seat 5: YeeesMan ($117.90 in chips) 
Seat 6: socito ($147.41 in chips) 
1fudihara: posts small blind $0.50
Espada Fish: posts big blind $1
*** HOLE CARDS ***
mr.Jckpot: raises $1.50 to $2.50
gudrozd: folds 
YeeesMan: folds 
socito: folds 
1fudihara: folds 
Espada Fish: folds 
Uncalled bet ($1.50) returned to mr.Jckpot
mr.Jckpot collected $2.50 from pot
mr.Jckpot: doesn't show hand 
*** SUMMARY ***
Total pot $2.50 | Rake $0 
Seat 1: 1fudihara (small blind) folded before Flop
Seat 2: Espada Fish (big blind) folded before Flop
Seat 3: mr.Jckpot collected ($2.50)
Seat 4: gudrozd folded before Flop (didn't bet)
Seat 5: YeeesMan folded before Flop (didn't bet)
Seat 6: socito (button) folded before Flop (didn't bet)



PokerStars Hand #254296665653:  Hold'em No Limit ($0.50/$1.00 USD) - 2025/01/10 16:31:33 WET [2025/01/10 11:31:33 ET]
Table 'Theemin II' 6-max Seat #1 is the button
Seat 1: 1fudihara ($345.15 in chips) 
Seat 2: Espada Fish ($100 in chips) 
Seat 3: mr.Jckpot ($164.66 in chips) 
Seat 4: gudrozd ($147 in chips) 
Seat 5: YeeesMan ($117.90 in chips) 
Seat 6: socito ($147.41 in chips) 
Espada Fish: posts small blind $0.50
mr.Jckpot: posts big blind $1
*** HOLE CARDS ***
gudrozd: folds 
YeeesMan: folds 
socito: folds 
1fudihara: folds 
Espada Fish: raises $2 to $3
mr.Jckpot: folds 
Uncalled bet ($2) returned to Espada Fish
Espada Fish collected $2 from pot
Espada Fish: doesn't show hand 
*** SUMMARY ***
Total pot $2 | Rake $0 
Seat 1: 1fudihara (button) folded before Flop (didn't bet)
Seat 2: Espada Fish (small blind) collected ($2)
Seat 3: mr.Jckpot (big blind) folded before Flop
Seat 4: gudrozd folded before Flop (didn't bet)
Seat 5: YeeesMan folded before Flop (didn't bet)
Seat 6: socito folded before Flop (didn't bet)



PokerStars Hand #254296670376:  Hold'em No Limit ($0.50/$1.00 USD) - 2025/01/10 16:31:51 WET [2025/01/10 11:31:51 ET]
Table 'Theemin II' 6-max Seat #2 is the button
Seat 1: 1fudihara ($345.15 in chips) 
Seat 2: Espada Fish ($101 in chips) 
Seat 3: mr.Jckpot ($163.66 in chips) 
Seat 4: gudrozd ($147 in chips) 
Seat 5: YeeesMan ($117.90 in chips) 
Seat 6: socito ($147.41 in chips) 
mr.Jckpot: posts small blind $0.50
gudrozd: posts big blind $1
*** HOLE CARDS ***
YeeesMan: raises $1.50 to $2.50
socito: folds 
1fudihara: folds 
Espada Fish: folds 
mr.Jckpot: folds 
gudrozd: folds 
Uncalled bet ($1.50) returned to YeeesMan
YeeesMan collected $2.50 from pot
YeeesMan: doesn't show hand 
*** SUMMARY ***
Total pot $2.50 | Rake $0 
Seat 1: 1fudihara folded before Flop (didn't bet)
Seat 2: Espada Fish (button) folded before Flop (didn't bet)
Seat 3: mr.Jckpot (small blind) folded before Flop
Seat 4: gudrozd (big blind) folded before Flop
Seat 5: YeeesMan collected ($2.50)
Seat 6: socito folded before Flop (didn't bet)



PokerStars Hand #254296675951:  Hold'em No Limit ($0.50/$1.00 USD) - 2025/01/10 16:32:12 WET [2025/01/10 11:32:12 ET]
Table 'Theemin II' 6-max Seat #3 is the button
Seat 1: 1fudihara ($345.15 in chips) 
Seat 2: Espada Fish ($101 in chips) 
Seat 3: mr.Jckpot ($163.16 in chips) 
Seat 4: gudrozd ($146 in chips) 
Seat 5: YeeesMan ($119.40 in chips) 
Seat 6: socito ($147.41 in chips) 
gudrozd: posts small blind $0.50
YeeesMan: posts big blind $1
*** HOLE CARDS ***
socito: folds 
1fudihara: folds 
Espada Fish: folds 
mr.Jckpot: folds 
gudrozd: folds 
Uncalled bet ($0.50) returned to YeeesMan
YeeesMan collected $1 from pot
YeeesMan: doesn't show hand 
*** SUMMARY ***
Total pot $1 | Rake $0 
Seat 1: 1fudihara folded before Flop (didn't bet)
Seat 2: Espada Fish folded before Flop (didn't bet)
Seat 3: mr.Jckpot (button) folded before Flop (didn't bet)
Seat 4: gudrozd (small blind) folded before Flop
Seat 5: YeeesMan (big blind) collected ($1)
Seat 6: socito folded before Flop (didn't bet)



PokerStars Hand #254296679928:  Hold'em No Limit ($0.50/$1.00 USD) - 2025/01/10 16:32:28 WET [2025/01/10 11:32:28 ET]
Table 'Theemin II' 6-max Seat #4 is the button
Seat 6: socito ($147.41 in chips) is sitting out
Seat 1: 1fudihara ($345.15 in chips) 
Seat 2: Espada Fish ($101 in chips) 
Seat 3: mr.Jckpot ($163.16 in chips) 
Seat 4: gudrozd ($145.50 in chips) 
Seat 5: YeeesMan ($119.90 in chips) 
YeeesMan: posts small blind $0.50
socito: is sitting out 
1fudihara: posts big blind $1
*** HOLE CARDS ***
socito leaves the table
Espada Fish: folds 
mr.Jckpot: folds 
gudrozd: raises $1.50 to $2.50
YeeesMan: folds 
1fudihara: calls $1.50
*** FLOP *** [Ks 2h 7s]
1fudihara: checks 
xcinaz joins the table at seat #6 
gudrozd: checks 
*** TURN *** [Ks 2h 7s] [Js]
1fudihara: checks 
gudrozd: bets $1.72
1fudihara: raises $4.28 to $6
gudrozd: calls $4.28
*** RIVER *** [Ks 2h 7s Js] [Kc]
Espada Fish is disconnected 
1fudihara: bets $10
gudrozd: folds 
Uncalled bet ($10) returned to 1fudihara
1fudihara collected $16.62 from pot
1fudihara: doesn't show hand 
*** SUMMARY ***
Total pot $17.50 | Rake $0.88 
Board [Ks 2h 7s Js Kc]
Seat 6: socito
Seat 1: 1fudihara (big blind) collected ($16.62)
Seat 2: Espada Fish folded before Flop (didn't bet)
Seat 3: mr.Jckpot folded before Flop (didn't bet)
Seat 4: gudrozd (button) folded on the River
Seat 5: YeeesMan (small blind) folded before Flop



PokerStars Hand #254296695877:  Hold'em No Limit ($0.50/$1.00 USD) - 2025/01/10 16:33:30 WET [2025/01/10 11:33:30 ET]
Table 'Theemin II' 6-max Seat #5 is the button
Seat 6: xcinaz ($100 in chips) is sitting out
Seat 1: 1fudihara ($353.27 in chips) 
Seat 2: Espada Fish ($101 in chips) 
Seat 3: mr.Jckpot ($163.16 in chips) 
Seat 4: gudrozd ($137 in chips) 
Seat 5: YeeesMan ($119.40 in chips) 
1fudihara: posts small blind $0.50
Espada Fish: posts big blind $1
*** HOLE CARDS ***
mr.Jckpot: folds 
gudrozd: folds 
YeeesMan: folds 
1fudihara: calls $0.50
Espada Fish: checks 
*** FLOP *** [As Qs 8s]
1fudihara: bets $2
Espada Fish: calls $2
*** TURN *** [As Qs 8s] [8c]
1fudihara: bets $2
Espada Fish: raises $5.50 to $7.50
1fudihara: calls $5.50
*** RIVER *** [As Qs 8s 8c] [3d]
1fudihara: checks 
Espada Fish: bets $14.76
1fudihara: raises $328.01 to $342.77 and is all-in
Espada Fish: folds 
Uncalled bet ($328.01) returned to 1fudihara
1fudihara collected $48.02 from pot
1fudihara: doesn't show hand 
*** SUMMARY ***
Total pot $50.52 | Rake $2.50 
Board [As Qs 8s 8c 3d]
Seat 6: xcinaz
Seat 1: 1fudihara (small blind) collected ($48.02)
Seat 2: Espada Fish (big blind) folded on the River
Seat 3: mr.Jckpot folded before Flop (didn't bet)
Seat 4: gudrozd folded before Flop (didn't bet)
Seat 5: YeeesMan (button) folded before Flop (didn't bet)



PokerStars Hand #254296714469:  Hold'em No Limit ($0.50/$1.00 USD) - 2025/01/10 16:34:42 WET [2025/01/10 11:34:42 ET]
Table 'Theemin II' 6-max Seat #1 is the button
Seat 6: xcinaz ($100 in chips) is sitting out
Seat 1: 1fudihara ($376.03 in chips) 
Seat 2: Espada Fish ($100 in chips) 
Seat 3: mr.Jckpot ($163.16 in chips) 
Seat 4: gudrozd ($137 in chips) 
Seat 5: YeeesMan ($119.40 in chips) 
Espada Fish: posts small blind $0.50
mr.Jckpot: posts big blind $1
xcinaz: sits out 
*** HOLE CARDS ***
gudrozd: folds 
YeeesMan: folds 
1fudihara: raises $1.50 to $2.50
Espada Fish: folds 
mr.Jckpot: folds 
Uncalled bet ($1.50) returned to 1fudihara
1fudihara collected $2.50 from pot
1fudihara: doesn't show hand 
*** SUMMARY ***
Total pot $2.50 | Rake $0 
Seat 6: xcinaz
Seat 1: 1fudihara (button) collected ($2.50)
Seat 2: Espada Fish (small blind) folded before Flop
Seat 3: mr.Jckpot (big blind) folded before Flop
Seat 4: gudrozd folded before Flop (didn't bet)
Seat 5: YeeesMan folded before Flop (didn't bet)



PokerStars Hand #254296718087:  Hold'em No Limit ($0.50/$1.00 USD) - 2025/01/10 16:34:56 WET [2025/01/10 11:34:56 ET]
Table 'Theemin II' 6-max Seat #2 is the button
Seat 6: xcinaz ($100 in chips) is sitting out
Seat 1: 1fudihara ($377.53 in chips) 
Seat 2: Espada Fish ($100 in chips) 
Seat 3: mr.Jckpot ($162.16 in chips) 
Seat 4: gudrozd ($137 in chips) 
Seat 5: YeeesMan ($119.40 in chips) 
mr.Jckpot: posts small blind $0.50
gudrozd: posts big blind $1
xcinaz: sits out 
*** HOLE CARDS ***
YeeesMan: folds 
1fudihara: folds 
Espada Fish: raises $1.50 to $2.50
mr.Jckpot: folds 
gudrozd: raises $9.50 to $12
Espada Fish: folds 
Uncalled bet ($9.50) returned to gudrozd
gudrozd collected $5.50 from pot
gudrozd: doesn't show hand 
*** SUMMARY ***
Total pot $5.50 | Rake $0 
Seat 6: xcinaz
Seat 1: 1fudihara folded before Flop (didn't bet)
Seat 2: Espada Fish (button) folded before Flop
Seat 3: mr.Jckpot (small blind) folded before Flop
Seat 4: gudrozd (big blind) collected ($5.50)
Seat 5: YeeesMan folded before Flop (didn't bet)



PokerStars Hand #254296110412:  Hold'em No Limit ($0.50/$1.00 USD) - 2025/01/10 15:53:04 WET [2025/01/10 10:53:04 ET]
Table 'Theemin II' 6-max Seat #1 is the button
Seat 1: 1fudihara ($305.25 in chips) 
Seat 2: Espada Fish ($110.07 in chips) 
Seat 3: mr.Jckpot ($170.16 in chips) 
Seat 4: gudrozd ($102.60 in chips) 
Seat 5: YeeesMan ($132.87 in chips) 
Seat 6: socito ($100 in chips) 
Espada Fish: posts small blind $0.50
mr.Jckpot: posts big blind $1
*** HOLE CARDS ***
gudrozd: folds 
YeeesMan: folds 
socito: folds 
1fudihara: raises $1.50 to $2.50
Espada Fish: folds 
mr.Jckpot: calls $1.50
*** FLOP *** [Ts 4s 3c]
mr.Jckpot: checks 
1fudihara: checks 
*** TURN *** [Ts 4s 3c] [Js]
mr.Jckpot: checks 
1fudihara: checks 
*** RIVER *** [Ts 4s 3c Js] [5h]
mr.Jckpot: checks 
1fudihara: checks 
*** SHOW DOWN ***
mr.Jckpot: shows [9c Qh] (high card Queen)
1fudihara: shows [8d Kh] (high card King)
1fudihara collected $5.22 from pot
*** SUMMARY ***
Total pot $5.50 | Rake $0.28 
Board [Ts 4s 3c Js 5h]
Seat 1: 1fudihara (button) showed [8d Kh] and won ($5.22) with high card King
Seat 2: Espada Fish (small blind) folded before Flop
Seat 3: mr.Jckpot (big blind) showed [9c Qh] and lost with high card Queen
Seat 4: gudrozd folded before Flop (didn't bet)
Seat 5: YeeesMan folded before Flop (didn't bet)
Seat 6: socito folded before Flop (didn't bet)



PokerStars Hand #254296120013:  Hold'em No Limit ($0.50/$1.00 USD) - 2025/01/10 15:53:43 WET [2025/01/10 10:53:43 ET]
Table 'Theemin II' 6-max Seat #2 is the button
Seat 1: 1fudihara ($307.97 in chips) 
Seat 2: Espada Fish ($109.57 in chips) 
Seat 3: mr.Jckpot ($167.66 in chips) 
Seat 4: gudrozd ($102.60 in chips) 
Seat 5: YeeesMan ($132.87 in chips) 
Seat 6: socito ($100 in chips) 
mr.Jckpot: posts small blind $0.50
gudrozd: posts big blind $1
*** HOLE CARDS ***
YeeesMan: folds 
socito: raises $1.50 to $2.50
1fudihara: folds 
Espada Fish: folds 
mr.Jckpot: folds 
gudrozd: folds 
Uncalled bet ($1.50) returned to socito
socito collected $2.50 from pot
socito: doesn't show hand 
*** SUMMARY ***
Total pot $2.50 | Rake $0 
Seat 1: 1fudihara folded before Flop (didn't bet)
Seat 2: Espada Fish (button) folded before Flop (didn't bet)
Seat 3: mr.Jckpot (small blind) folded before Flop
Seat 4: gudrozd (big blind) folded before Flop
Seat 5: YeeesMan folded before Flop (didn't bet)
Seat 6: socito collected ($2.50)



PokerStars Hand #254296124840:  Hold'em No Limit ($0.50/$1.00 USD) - 2025/01/10 15:54:02 WET [2025/01/10 10:54:02 ET]
Table 'Theemin II' 6-max Seat #3 is the button
Seat 1: 1fudihara ($307.97 in chips) 
Seat 2: Espada Fish ($109.57 in chips) 
Seat 3: mr.Jckpot ($167.16 in chips) 
Seat 4: gudrozd ($101.60 in chips) 
Seat 5: YeeesMan ($132.87 in chips) 
Seat 6: socito ($101.50 in chips) 
gudrozd: posts small blind $0.50
YeeesMan: posts big blind $1
*** HOLE CARDS ***
socito: raises $1.50 to $2.50
1fudihara: folds 
Espada Fish: folds 
mr.Jckpot: folds 
gudrozd: folds 
YeeesMan: folds 
Uncalled bet ($1.50) returned to socito
socito collected $2.50 from pot
socito: doesn't show hand 
*** SUMMARY ***
Total pot $2.50 | Rake $0 
Seat 1: 1fudihara folded before Flop (didn't bet)
Seat 2: Espada Fish folded before Flop (didn't bet)
Seat 3: mr.Jckpot (button) folded before Flop (didn't bet)
Seat 4: gudrozd (small blind) folded before Flop
Seat 5: YeeesMan (big blind) folded before Flop
Seat 6: socito collected ($2.50)



PokerStars Hand #254296129005:  Hold'em No Limit ($0.50/$1.00 USD) - 2025/01/10 15:54:19 WET [2025/01/10 10:54:19 ET]
Table 'Theemin II' 6-max Seat #4 is the button
Seat 1: 1fudihara ($307.97 in chips) 
Seat 2: Espada Fish ($109.57 in chips) 
Seat 3: mr.Jckpot ($167.16 in chips) 
Seat 4: gudrozd ($101.10 in chips) 
Seat 5: YeeesMan ($131.87 in chips) 
Seat 6: socito ($103 in chips) 
YeeesMan: posts small blind $0.50
socito: posts big blind $1
*** HOLE CARDS ***
1fudihara: folds 
Espada Fish is disconnected 
Espada Fish has timed out while being disconnected
Espada Fish: folds 
mr.Jckpot: raises $1.50 to $2.50
gudrozd: folds 
YeeesMan: folds 
socito: calls $1.50
*** FLOP *** [Qs Qh 3s]
socito: checks 
mr.Jckpot: checks 
*** TURN *** [Qs Qh 3s] [2c]
socito: bets $3.92
mr.Jckpot: folds 
Uncalled bet ($3.92) returned to socito
socito collected $5.22 from pot
socito: doesn't show hand 
*** SUMMARY ***
Total pot $5.50 | Rake $0.28 
Board [Qs Qh 3s 2c]
Seat 1: 1fudihara folded before Flop (didn't bet)
Seat 2: Espada Fish folded before Flop (didn't bet)
Seat 3: mr.Jckpot folded on the Turn
Seat 4: gudrozd (button) folded before Flop (didn't bet)
Seat 5: YeeesMan (small blind) folded before Flop
Seat 6: socito (big blind) collected ($5.22)



PokerStars Hand #254296144110:  Hold'em No Limit ($0.50/$1.00 USD) - 2025/01/10 15:55:28 WET [2025/01/10 10:55:28 ET]
Table 'Theemin II' 6-max Seat #5 is the button
Seat 1: 1fudihara ($307.97 in chips) 
Seat 2: Espada Fish ($109.57 in chips) 
Seat 3: mr.Jckpot ($164.66 in chips) 
Seat 4: gudrozd ($101.10 in chips) 
Seat 5: YeeesMan ($131.37 in chips) 
Seat 6: socito ($105.72 in chips) 
socito: posts small blind $0.50
1fudihara: posts big blind $1
*** HOLE CARDS ***
Espada Fish: folds 
mr.Jckpot: folds 
gudrozd: folds 
YeeesMan: folds 
socito: folds 
Uncalled bet ($0.50) returned to 1fudihara
1fudihara collected $1 from pot
1fudihara: doesn't show hand 
*** SUMMARY ***
Total pot $1 | Rake $0 
Seat 1: 1fudihara (big blind) collected ($1)
Seat 2: Espada Fish folded before Flop (didn't bet)
Seat 3: mr.Jckpot folded before Flop (didn't bet)
Seat 4: gudrozd folded before Flop (didn't bet)
Seat 5: YeeesMan (button) folded before Flop (didn't bet)
Seat 6: socito (small blind) folded before Flop



PokerStars Hand #254296146230:  Hold'em No Limit ($0.50/$1.00 USD) - 2025/01/10 15:55:40 WET [2025/01/10 10:55:40 ET]
Table 'Theemin II' 6-max Seat #6 is the button
Seat 1: 1fudihara ($308.47 in chips) 
Seat 2: Espada Fish ($109.57 in chips) 
Seat 3: mr.Jckpot ($164.66 in chips) 
Seat 4: gudrozd ($101.10 in chips) 
Seat 5: YeeesMan ($131.37 in chips) 
Seat 6: socito ($105.22 in chips) 
1fudihara: posts small blind $0.50
Espada Fish: posts big blind $1
*** HOLE CARDS ***
mr.Jckpot: folds 
gudrozd: raises $1.50 to $2.50
YeeesMan: folds 
socito: calls $2.50
1fudihara: folds 
Espada Fish: folds 
*** FLOP *** [Ah Jd 3h]
gudrozd: checks 
socito: bets $2.04
gudrozd: calls $2.04
*** TURN *** [Ah Jd 3h] [Qc]
gudrozd: checks 
socito: checks 
*** RIVER *** [Ah Jd 3h Qc] [9c]
gudrozd: checks 
socito: bets $15.08
gudrozd: folds [Ac]
Uncalled bet ($15.08) returned to socito
socito collected $10.05 from pot
socito: doesn't show hand 
*** SUMMARY ***
Total pot $10.58 | Rake $0.53 
Board [Ah Jd 3h Qc 9c]
Seat 1: 1fudihara (small blind) folded before Flop
Seat 2: Espada Fish (big blind) folded before Flop
Seat 3: mr.Jckpot folded before Flop (didn't bet)
Seat 4: gudrozd folded on the River
Seat 5: YeeesMan folded before Flop (didn't bet)
Seat 6: socito (button) collected ($10.05)



PokerStars Hand #254296161218:  Hold'em No Limit ($0.50/$1.00 USD) - 2025/01/10 15:57:06 WET [2025/01/10 10:57:06 ET]
Table 'Theemin II' 6-max Seat #1 is the button
Seat 1: 1fudihara ($307.97 in chips) 
Seat 2: Espada Fish ($108.57 in chips) 
Seat 3: mr.Jckpot ($164.66 in chips) 
Seat 4: gudrozd ($100 in chips) 
Seat 5: YeeesMan ($131.37 in chips) 
Seat 6: socito ($110.73 in chips) 
Espada Fish: posts small blind $0.50
mr.Jckpot: posts big blind $1
*** HOLE CARDS ***
gudrozd: folds 
YeeesMan: folds 
socito: raises $1.50 to $2.50
1fudihara: raises $5.50 to $8
Espada Fish: folds 
mr.Jckpot: folds 
socito: raises $12 to $20
1fudihara: folds 
Uncalled bet ($12) returned to socito
socito collected $17.50 from pot
socito: doesn't show hand 
*** SUMMARY ***
Total pot $17.50 | Rake $0 
Seat 1: 1fudihara (button) folded before Flop
Seat 2: Espada Fish (small blind) folded before Flop
Seat 3: mr.Jckpot (big blind) folded before Flop
Seat 4: gudrozd folded before Flop (didn't bet)
Seat 5: YeeesMan folded before Flop (didn't bet)
Seat 6: socito collected ($17.50)



PokerStars Hand #254296168956:  Hold'em No Limit ($0.50/$1.00 USD) - 2025/01/10 15:57:50 WET [2025/01/10 10:57:50 ET]
Table 'Theemin II' 6-max Seat #2 is the button
Seat 1: 1fudihara ($299.97 in chips) 
Seat 2: Espada Fish ($108.07 in chips) 
Seat 3: mr.Jckpot ($163.66 in chips) 
Seat 4: gudrozd ($100 in chips) 
Seat 5: YeeesMan ($131.37 in chips) 
Seat 6: socito ($120.23 in chips) 
mr.Jckpot: posts small blind $0.50
gudrozd: posts big blind $1
*** HOLE CARDS ***
YeeesMan: folds 
socito: raises $1.50 to $2.50
1fudihara: folds 
Espada Fish: folds 
mr.Jckpot: folds 
gudrozd: folds 
Uncalled bet ($1.50) returned to socito
socito collected $2.50 from pot
socito: doesn't show hand 
*** SUMMARY ***
Total pot $2.50 | Rake $0 
Seat 1: 1fudihara folded before Flop (didn't bet)
Seat 2: Espada Fish (button) folded before Flop (didn't bet)
Seat 3: mr.Jckpot (small blind) folded before Flop
Seat 4: gudrozd (big blind) folded before Flop
Seat 5: YeeesMan folded before Flop (didn't bet)
Seat 6: socito collected ($2.50)



PokerStars Hand #254296170794:  Hold'em No Limit ($0.50/$1.00 USD) - 2025/01/10 15:58:00 WET [2025/01/10 10:58:00 ET]
Table 'Theemin II' 6-max Seat #3 is the button
Seat 1: 1fudihara ($299.97 in chips) 
Seat 2: Espada Fish ($108.07 in chips) 
Seat 3: mr.Jckpot ($163.16 in chips) 
Seat 4: gudrozd ($100 in chips) 
Seat 5: YeeesMan ($131.37 in chips) 
Seat 6: socito ($121.73 in chips) 
gudrozd: posts small blind $0.50
YeeesMan: posts big blind $1
*** HOLE CARDS ***
socito: folds 
1fudihara: folds 
Espada Fish: raises $1.20 to $2.20
mr.Jckpot: folds 
gudrozd: folds 
YeeesMan: calls $1.20
*** FLOP *** [6d Js 2h]
YeeesMan: checks 
Espada Fish: bets $1.58
YeeesMan: folds 
Uncalled bet ($1.58) returned to Espada Fish
Espada Fish collected $4.66 from pot
Espada Fish: doesn't show hand 
*** SUMMARY ***
Total pot $4.90 | Rake $0.24 
Board [6d Js 2h]
Seat 1: 1fudihara folded before Flop (didn't bet)
Seat 2: Espada Fish collected ($4.66)
Seat 3: mr.Jckpot (button) folded before Flop (didn't bet)
Seat 4: gudrozd (small blind) folded before Flop
Seat 5: YeeesMan (big blind) folded on the Flop
Seat 6: socito folded before Flop (didn't bet)



PokerStars Hand #254296180160:  Hold'em No Limit ($0.50/$1.00 USD) - 2025/01/10 15:58:54 WET [2025/01/10 10:58:54 ET]
Table 'Theemin II' 6-max Seat #4 is the button
Seat 1: 1fudihara ($299.97 in chips) 
Seat 2: Espada Fish ($110.53 in chips) 
Seat 3: mr.Jckpot ($163.16 in chips) 
Seat 4: gudrozd ($100 in chips) 
Seat 5: YeeesMan ($129.17 in chips) 
Seat 6: socito ($121.73 in chips) 
YeeesMan: posts small blind $0.50
socito: posts big blind $1
*** HOLE CARDS ***
1fudihara: folds 
Espada Fish: folds 
mr.Jckpot: raises $1.50 to $2.50
gudrozd: folds 
YeeesMan: folds 
socito: calls $1.50
*** FLOP *** [Jh 5h Js]
socito: checks 
mr.Jckpot: bets $1.72
socito: raises $4.33 to $6.05
mr.Jckpot: folds 
Uncalled bet ($4.33) returned to socito
socito collected $8.49 from pot
socito: doesn't show hand 
*** SUMMARY ***
Total pot $8.94 | Rake $0.45 
Board [Jh 5h Js]
Seat 1: 1fudihara folded before Flop (didn't bet)
Seat 2: Espada Fish folded before Flop (didn't bet)
Seat 3: mr.Jckpot folded on the Flop
Seat 4: gudrozd (button) folded before Flop (didn't bet)
Seat 5: YeeesMan (small blind) folded before Flop
Seat 6: socito (big blind) collected ($8.49)



PokerStars Hand #254296186743:  Hold'em No Limit ($0.50/$1.00 USD) - 2025/01/10 15:59:32 WET [2025/01/10 10:59:32 ET]
Table 'Theemin II' 6-max Seat #5 is the button
Seat 1: 1fudihara ($299.97 in chips) 
Seat 2: Espada Fish ($110.53 in chips) 
Seat 3: mr.Jckpot ($158.94 in chips) 
Seat 4: gudrozd ($100 in chips) 
Seat 5: YeeesMan ($128.67 in chips) 
Seat 6: socito ($126 in chips) 
socito: posts small blind $0.50
1fudihara: posts big blind $1
*** HOLE CARDS ***
Espada Fish: folds 
mr.Jckpot: folds 
gudrozd: folds 
YeeesMan: folds 
socito: folds 
Uncalled bet ($0.50) returned to 1fudihara
1fudihara collected $1 from pot
1fudihara: doesn't show hand 
*** SUMMARY ***
Total pot $1 | Rake $0 
Seat 1: 1fudihara (big blind) collected ($1)
Seat 2: Espada Fish folded before Flop (didn't bet)
Seat 3: mr.Jckpot folded before Flop (didn't bet)
Seat 4: gudrozd folded before Flop (didn't bet)
Seat 5: YeeesMan (button) folded before Flop (didn't bet)
Seat 6: socito (small blind) folded before Flop



PokerStars Hand #254296189519:  Hold'em No Limit ($0.50/$1.00 USD) - 2025/01/10 15:59:47 WET [2025/01/10 10:59:47 ET]
Table 'Theemin II' 6-max Seat #6 is the button
Seat 1: 1fudihara ($300.47 in chips) 
Seat 2: Espada Fish ($110.53 in chips) 
Seat 3: mr.Jckpot ($158.94 in chips) 
Seat 4: gudrozd ($100 in chips) 
Seat 5: YeeesMan ($128.67 in chips) 
Seat 6: socito ($125.50 in chips) 
1fudihara: posts small blind $0.50
Espada Fish: posts big blind $1
*** HOLE CARDS ***
mr.Jckpot: folds 
gudrozd: raises $1.50 to $2.50
YeeesMan: folds 
socito: folds 
1fudihara: folds 
Espada Fish: folds 
Uncalled bet ($1.50) returned to gudrozd
gudrozd collected $2.50 from pot
gudrozd: doesn't show hand 
*** SUMMARY ***
Total pot $2.50 | Rake $0 
Seat 1: 1fudihara (small blind) folded before Flop
Seat 2: Espada Fish (big blind) folded before Flop
Seat 3: mr.Jckpot folded before Flop (didn't bet)
Seat 4: gudrozd collected ($2.50)
Seat 5: YeeesMan folded before Flop (didn't bet)
Seat 6: socito (button) folded before Flop (didn't bet)



PokerStars Hand #254296193574:  Hold'em No Limit ($0.50/$1.00 USD) - 2025/01/10 16:00:10 WET [2025/01/10 11:00:10 ET]
Table 'Theemin II' 6-max Seat #1 is the button
Seat 1: 1fudihara ($299.97 in chips) 
Seat 2: Espada Fish ($109.53 in chips) 
Seat 3: mr.Jckpot ($158.94 in chips) 
Seat 4: gudrozd ($101.50 in chips) 
Seat 5: YeeesMan ($128.67 in chips) 
Seat 6: socito ($125.50 in chips) 
Espada Fish: posts small blind $0.50
mr.Jckpot: posts big blind $1
*** HOLE CARDS ***
gudrozd: folds 
YeeesMan: folds 
socito: folds 
1fudihara: folds 
Espada Fish: raises $2 to $3
mr.Jckpot: folds 
Uncalled bet ($2) returned to Espada Fish
Espada Fish collected $2 from pot
Espada Fish: doesn't show hand 
*** SUMMARY ***
Total pot $2 | Rake $0 
Seat 1: 1fudihara (button) folded before Flop (didn't bet)
Seat 2: Espada Fish (small blind) collected ($2)
Seat 3: mr.Jckpot (big blind) folded before Flop
Seat 4: gudrozd folded before Flop (didn't bet)
Seat 5: YeeesMan folded before Flop (didn't bet)
Seat 6: socito folded before Flop (didn't bet)



PokerStars Hand #254296197801:  Hold'em No Limit ($0.50/$1.00 USD) - 2025/01/10 16:00:33 WET [2025/01/10 11:00:33 ET]
Table 'Theemin II' 6-max Seat #2 is the button
Seat 1: 1fudihara ($299.97 in chips) 
Seat 2: Espada Fish ($110.53 in chips) 
Seat 3: mr.Jckpot ($157.94 in chips) 
Seat 4: gudrozd ($101.50 in chips) 
Seat 5: YeeesMan ($128.67 in chips) 
Seat 6: socito ($125.50 in chips) 
mr.Jckpot: posts small blind $0.50
gudrozd: posts big blind $1
*** HOLE CARDS ***
YeeesMan: folds 
socito: folds 
1fudihara: raises $1.50 to $2.50
Espada Fish: raises $5.50 to $8
mr.Jckpot: folds 
gudrozd: folds 
1fudihara: calls $5.50
*** FLOP *** [7c Jc Jh]
1fudihara: checks 
Espada Fish: bets $5.65
1fudihara: calls $5.65
*** TURN *** [7c Jc Jh] [Ks]
1fudihara: checks 
Espada Fish: bets $13.95
1fudihara: raises $16.05 to $30
Espada Fish: folds 
Uncalled bet ($16.05) returned to 1fudihara
1fudihara collected $54.20 from pot
1fudihara: doesn't show hand 
*** SUMMARY ***
Total pot $56.70 | Rake $2.50 
Board [7c Jc Jh Ks]
Seat 1: 1fudihara collected ($54.20)
Seat 2: Espada Fish (button) folded on the Turn
Seat 3: mr.Jckpot (small blind) folded before Flop
Seat 4: gudrozd (big blind) folded before Flop
Seat 5: YeeesMan folded before Flop (didn't bet)
Seat 6: socito folded before Flop (didn't bet)



PokerStars Hand #254296217880:  Hold'em No Limit ($0.50/$1.00 USD) - 2025/01/10 16:01:59 WET [2025/01/10 11:01:59 ET]
Table 'Theemin II' 6-max Seat #3 is the button
Seat 1: 1fudihara ($326.57 in chips) 
Seat 2: Espada Fish ($100 in chips) 
Seat 3: mr.Jckpot ($157.44 in chips) 
Seat 4: gudrozd ($100.50 in chips) 
Seat 5: YeeesMan ($128.67 in chips) 
Seat 6: socito ($125.50 in chips) 
gudrozd: posts small blind $0.50
YeeesMan: posts big blind $1
*** HOLE CARDS ***
socito: raises $1.50 to $2.50
1fudihara: folds 
Espada Fish: folds 
mr.Jckpot: folds 
gudrozd: folds 
YeeesMan: folds 
Uncalled bet ($1.50) returned to socito
socito collected $2.50 from pot
socito: doesn't show hand 
*** SUMMARY ***
Total pot $2.50 | Rake $0 
Seat 1: 1fudihara folded before Flop (didn't bet)
Seat 2: Espada Fish folded before Flop (didn't bet)
Seat 3: mr.Jckpot (button) folded before Flop (didn't bet)
Seat 4: gudrozd (small blind) folded before Flop
Seat 5: YeeesMan (big blind) folded before Flop
Seat 6: socito collected ($2.50)



PokerStars Hand #254296221728:  Hold'em No Limit ($0.50/$1.00 USD) - 2025/01/10 16:02:15 WET [2025/01/10 11:02:15 ET]
Table 'Theemin II' 6-max Seat #4 is the button
Seat 1: 1fudihara ($326.57 in chips) 
Seat 2: Espada Fish ($100 in chips) 
Seat 3: mr.Jckpot ($157.44 in chips) 
Seat 4: gudrozd ($100 in chips) 
Seat 5: YeeesMan ($127.67 in chips) 
Seat 6: socito ($127 in chips) 
YeeesMan: posts small blind $0.50
socito: posts big blind $1
*** HOLE CARDS ***
1fudihara: raises $1.50 to $2.50
Espada Fish: folds 
mr.Jckpot: folds 
gudrozd: folds 
YeeesMan: folds 
socito: folds 
Uncalled bet ($1.50) returned to 1fudihara
1fudihara collected $2.50 from pot
1fudihara: doesn't show hand 
*** SUMMARY ***
Total pot $2.50 | Rake $0 
Seat 1: 1fudihara collected ($2.50)
Seat 2: Espada Fish folded before Flop (didn't bet)
Seat 3: mr.Jckpot folded before Flop (didn't bet)
Seat 4: gudrozd (button) folded before Flop (didn't bet)
Seat 5: YeeesMan (small blind) folded before Flop
Seat 6: socito (big blind) folded before Flop



PokerStars Hand #254296225167:  Hold'em No Limit ($0.50/$1.00 USD) - 2025/01/10 16:02:29 WET [2025/01/10 11:02:29 ET]
Table 'Theemin II' 6-max Seat #5 is the button
Seat 1: 1fudihara ($328.07 in chips) 
Seat 2: Espada Fish ($100 in chips) 
Seat 3: mr.Jckpot ($157.44 in chips) 
Seat 4: gudrozd ($100 in chips) 
Seat 5: YeeesMan ($127.17 in chips) 
Seat 6: socito ($126 in chips) 
socito: posts small blind $0.50
1fudihara: posts big blind $1
*** HOLE CARDS ***
Espada Fish: folds 
mr.Jckpot: folds 
gudrozd: folds 
YeeesMan: folds 
socito: raises $2 to $3
1fudihara: raises $9 to $12
socito: folds 
Uncalled bet ($9) returned to 1fudihara
1fudihara collected $6 from pot
1fudihara: doesn't show hand 
*** SUMMARY ***
Total pot $6 | Rake $0 
Seat 1: 1fudihara (big blind) collected ($6)
Seat 2: Espada Fish folded before Flop (didn't bet)
Seat 3: mr.Jckpot folded before Flop (didn't bet)
Seat 4: gudrozd folded before Flop (didn't bet)
Seat 5: YeeesMan (button) folded before Flop (didn't bet)
Seat 6: socito (small blind) folded before Flop



PokerStars Hand #254296232903:  Hold'em No Limit ($0.50/$1.00 USD) - 2025/01/10 16:03:00 WET [2025/01/10 11:03:00 ET]
Table 'Theemin II' 6-max Seat #6 is the button
Seat 1: 1fudihara ($331.07 in chips) 
Seat 2: Espada Fish ($100 in chips) 
Seat 3: mr.Jckpot ($157.44 in chips) 
Seat 4: gudrozd ($100 in chips) 
Seat 5: YeeesMan ($127.17 in chips) 
Seat 6: socito ($123 in chips) 
1fudihara: posts small blind $0.50
Espada Fish: posts big blind $1
*** HOLE CARDS ***
mr.Jckpot: folds 
gudrozd: folds 
YeeesMan: raises $1.50 to $2.50
socito: folds 
1fudihara: folds 
Espada Fish: folds 
Uncalled bet ($1.50) returned to YeeesMan
YeeesMan collected $2.50 from pot
YeeesMan: doesn't show hand 
*** SUMMARY ***
Total pot $2.50 | Rake $0 
Seat 1: 1fudihara (small blind) folded before Flop
Seat 2: Espada Fish (big blind) folded before Flop
Seat 3: mr.Jckpot folded before Flop (didn't bet)
Seat 4: gudrozd folded before Flop (didn't bet)
Seat 5: YeeesMan collected ($2.50)
Seat 6: socito (button) folded before Flop (didn't bet)



PokerStars Hand #254296235776:  Hold'em No Limit ($0.50/$1.00 USD) - 2025/01/10 16:03:11 WET [2025/01/10 11:03:11 ET]
Table 'Theemin II' 6-max Seat #1 is the button
Seat 1: 1fudihara ($330.57 in chips) 
Seat 2: Espada Fish ($100 in chips) 
Seat 3: mr.Jckpot ($157.44 in chips) 
Seat 4: gudrozd ($100 in chips) 
Seat 5: YeeesMan ($128.67 in chips) 
Seat 6: socito ($123 in chips) 
Espada Fish: posts small blind $0.50
mr.Jckpot: posts big blind $1
*** HOLE CARDS ***
gudrozd: folds 
YeeesMan: folds 
socito: raises $1.50 to $2.50
1fudihara: calls $2.50
Espada Fish: folds 
mr.Jckpot: folds 
*** FLOP *** [Qs 5c As]
socito: bets $2.04
1fudihara: calls $2.04
*** TURN *** [Qs 5c As] [Th]
socito: bets $6.63
1fudihara: folds 
Uncalled bet ($6.63) returned to socito
socito collected $10.05 from pot
socito: doesn't show hand 
*** SUMMARY ***
Total pot $10.58 | Rake $0.53 
Board [Qs 5c As Th]
Seat 1: 1fudihara (button) folded on the Turn
Seat 2: Espada Fish (small blind) folded before Flop
Seat 3: mr.Jckpot (big blind) folded before Flop
Seat 4: gudrozd folded before Flop (didn't bet)
Seat 5: YeeesMan folded before Flop (didn't bet)
Seat 6: socito collected ($10.05)



PokerStars Hand #254296247549:  Hold'em No Limit ($0.50/$1.00 USD) - 2025/01/10 16:03:59 WET [2025/01/10 11:03:59 ET]
Table 'Theemin II' 6-max Seat #2 is the button
Seat 1: 1fudihara ($326.03 in chips) 
Seat 2: Espada Fish ($100 in chips) 
Seat 3: mr.Jckpot ($156.44 in chips) 
Seat 4: gudrozd ($100 in chips) 
Seat 5: YeeesMan ($128.67 in chips) 
Seat 6: socito ($128.51 in chips) 
mr.Jckpot: posts small blind $0.50
gudrozd: posts big blind $1
*** HOLE CARDS ***
YeeesMan: folds 
socito: folds 
1fudihara: folds 
Espada Fish: folds 
mr.Jckpot: folds 
Uncalled bet ($0.50) returned to gudrozd
gudrozd collected $1 from pot
gudrozd: doesn't show hand 
*** SUMMARY ***
Total pot $1 | Rake $0 
Seat 1: 1fudihara folded before Flop (didn't bet)
Seat 2: Espada Fish (button) folded before Flop (didn't bet)
Seat 3: mr.Jckpot (small blind) folded before Flop
Seat 4: gudrozd (big blind) collected ($1)
Seat 5: YeeesMan folded before Flop (didn't bet)
Seat 6: socito folded before Flop (didn't bet)



PokerStars Hand #254296249466:  Hold'em No Limit ($0.50/$1.00 USD) - 2025/01/10 16:04:06 WET [2025/01/10 11:04:06 ET]
Table 'Theemin II' 6-max Seat #3 is the button
Seat 1: 1fudihara ($326.03 in chips) 
Seat 2: Espada Fish ($100 in chips) 
Seat 3: mr.Jckpot ($155.94 in chips) 
Seat 4: gudrozd ($100.50 in chips) 
Seat 5: YeeesMan ($128.67 in chips) 
Seat 6: socito ($128.51 in chips) 
gudrozd: posts small blind $0.50
YeeesMan: posts big blind $1
*** HOLE CARDS ***
socito: raises $1.50 to $2.50
1fudihara: folds 
Espada Fish: folds 
mr.Jckpot: folds 
gudrozd: folds 
YeeesMan: folds 
Uncalled bet ($1.50) returned to socito
socito collected $2.50 from pot
socito: doesn't show hand 
*** SUMMARY ***
Total pot $2.50 | Rake $0 
Seat 1: 1fudihara folded before Flop (didn't bet)
Seat 2: Espada Fish folded before Flop (didn't bet)
Seat 3: mr.Jckpot (button) folded before Flop (didn't bet)
Seat 4: gudrozd (small blind) folded before Flop
Seat 5: YeeesMan (big blind) folded before Flop
Seat 6: socito collected ($2.50)



PokerStars Hand #254296253386:  Hold'em No Limit ($0.50/$1.00 USD) - 2025/01/10 16:04:22 WET [2025/01/10 11:04:22 ET]
Table 'Theemin II' 6-max Seat #4 is the button
Seat 1: 1fudihara ($326.03 in chips) 
Seat 2: Espada Fish ($100 in chips) 
Seat 3: mr.Jckpot ($155.94 in chips) 
Seat 4: gudrozd ($100 in chips) 
Seat 5: YeeesMan ($127.67 in chips) 
Seat 6: socito ($130.01 in chips) 
YeeesMan: posts small blind $0.50
socito: posts big blind $1
*** HOLE CARDS ***
1fudihara: folds 
Espada Fish: folds 
mr.Jckpot: folds 
gudrozd: raises $1.50 to $2.50
YeeesMan: folds 
socito: folds 
Uncalled bet ($1.50) returned to gudrozd
gudrozd collected $2.50 from pot
gudrozd: doesn't show hand 
*** SUMMARY ***
Total pot $2.50 | Rake $0 
Seat 1: 1fudihara folded before Flop (didn't bet)
Seat 2: Espada Fish folded before Flop (didn't bet)
Seat 3: mr.Jckpot folded before Flop (didn't bet)
Seat 4: gudrozd (button) collected ($2.50)
Seat 5: YeeesMan (small blind) folded before Flop
Seat 6: socito (big blind) folded before Flop



PokerStars Hand #254296257600:  Hold'em No Limit ($0.50/$1.00 USD) - 2025/01/10 16:04:39 WET [2025/01/10 11:04:39 ET]
Table 'Theemin II' 6-max Seat #5 is the button
Seat 1: 1fudihara ($326.03 in chips) 
Seat 2: Espada Fish ($100 in chips) 
Seat 3: mr.Jckpot ($155.94 in chips) 
Seat 4: gudrozd ($101.50 in chips) 
Seat 5: YeeesMan ($127.17 in chips) 
Seat 6: socito ($129.01 in chips) 
socito: posts small blind $0.50
1fudihara: posts big blind $1
*** HOLE CARDS ***
Espada Fish: folds 
mr.Jckpot: folds 
gudrozd: raises $1.50 to $2.50
YeeesMan: folds 
socito: folds 
1fudihara: raises $9.50 to $12
gudrozd: calls $9.50
*** FLOP *** [9h Ac 4d]
1fudihara: checks 
gudrozd: checks 
*** TURN *** [9h Ac 4d] [3s]
1fudihara: checks 
gudrozd: bets $11.64
1fudihara: calls $11.64
*** RIVER *** [9h Ac 4d 3s] [Ts]
1fudihara: checks 
gudrozd: checks 
*** SHOW DOWN ***
1fudihara: shows [Qd Qs] (a pair of Queens)
gudrozd: mucks hand 
1fudihara collected $45.39 from pot
*** SUMMARY ***
Total pot $47.78 | Rake $2.39 
Board [9h Ac 4d 3s Ts]
Seat 1: 1fudihara (big blind) showed [Qd Qs] and won ($45.39) with a pair of Queens
Seat 2: Espada Fish folded before Flop (didn't bet)
Seat 3: mr.Jckpot folded before Flop (didn't bet)
Seat 4: gudrozd mucked
Seat 5: YeeesMan (button) folded before Flop (didn't bet)
Seat 6: socito (small blind) folded before Flop



PokerStars Hand #254296278828:  Hold'em No Limit ($0.50/$1.00 USD) - 2025/01/10 16:06:03 WET [2025/01/10 11:06:03 ET]
Table 'Theemin II' 6-max Seat #6 is the button
Seat 1: 1fudihara ($347.78 in chips) 
Seat 2: Espada Fish ($100 in chips) 
Seat 3: mr.Jckpot ($155.94 in chips) 
Seat 4: gudrozd ($100 in chips) 
Seat 5: YeeesMan ($127.17 in chips) 
Seat 6: socito ($128.51 in chips) 
1fudihara: posts small blind $0.50
Espada Fish: posts big blind $1
*** HOLE CARDS ***
mr.Jckpot: folds 
gudrozd: folds 
YeeesMan: raises $1.50 to $2.50
socito: folds 
1fudihara: calls $2
Espada Fish: calls $1.50
*** FLOP *** [Qh 7c 7h]
1fudihara: bets $4
Espada Fish: calls $4
YeeesMan: calls $4
*** TURN *** [Qh 7c 7h] [2d]
1fudihara: checks 
Espada Fish: checks 
YeeesMan: checks 
*** RIVER *** [Qh 7c 7h 2d] [4s]
1fudihara: bets $15
Espada Fish: folds 
YeeesMan: calls $15
*** SHOW DOWN ***
1fudihara: shows [Ah 6c] (a pair of Sevens)
YeeesMan: shows [Jh Qs] (two pair, Queens and Sevens)
YeeesMan collected $47.02 from pot
*** SUMMARY ***
Total pot $49.50 | Rake $2.48 
Board [Qh 7c 7h 2d 4s]
Seat 1: 1fudihara (small blind) showed [Ah 6c] and lost with a pair of Sevens
Seat 2: Espada Fish (big blind) folded on the River
Seat 3: mr.Jckpot folded before Flop (didn't bet)
Seat 4: gudrozd folded before Flop (didn't bet)
Seat 5: YeeesMan showed [Jh Qs] and won ($47.02) with two pair, Queens and Sevens
Seat 6: socito (button) folded before Flop (didn't bet)



PokerStars Hand #254296301189:  Hold'em No Limit ($0.50/$1.00 USD) - 2025/01/10 16:07:32 WET [2025/01/10 11:07:32 ET]
Table 'Theemin II' 6-max Seat #1 is the button
Seat 1: 1fudihara ($326.28 in chips) 
Seat 2: Espada Fish ($100 in chips) 
Seat 3: mr.Jckpot ($155.94 in chips) 
Seat 4: gudrozd ($100 in chips) 
Seat 5: YeeesMan ($152.69 in chips) 
Seat 6: socito ($128.51 in chips) 
Espada Fish: posts small blind $0.50
mr.Jckpot: posts big blind $1
*** HOLE CARDS ***
gudrozd: folds 
YeeesMan: folds 
socito: raises $1.50 to $2.50
1fudihara: calls $2.50
Espada Fish: folds 
mr.Jckpot: folds 
*** FLOP *** [9h 5s 3h]
socito: checks 
1fudihara: checks 
*** TURN *** [9h 5s 3h] [Th]
socito: checks 
1fudihara: bets $3
socito: calls $3
*** RIVER *** [9h 5s 3h Th] [Ac]
socito: checks 
1fudihara: checks 
*** SHOW DOWN ***
socito: shows [Js Td] (a pair of Tens)
1fudihara: mucks hand 
socito collected $11.88 from pot
*** SUMMARY ***
Total pot $12.50 | Rake $0.62 
Board [9h 5s 3h Th Ac]
Seat 1: 1fudihara (button) mucked
Seat 2: Espada Fish (small blind) folded before Flop
Seat 3: mr.Jckpot (big blind) folded before Flop
Seat 4: gudrozd folded before Flop (didn't bet)
Seat 5: YeeesMan folded before Flop (didn't bet)
Seat 6: socito showed [Js Td] and won ($11.88) with a pair of Tens



PokerStars Hand #254296319476:  Hold'em No Limit ($0.50/$1.00 USD) - 2025/01/10 16:08:44 WET [2025/01/10 11:08:44 ET]
Table 'Theemin II' 6-max Seat #2 is the button
Seat 1: 1fudihara ($320.78 in chips) 
Seat 2: Espada Fish ($100 in chips) 
Seat 3: mr.Jckpot ($154.94 in chips) 
Seat 4: gudrozd ($100 in chips) 
Seat 5: YeeesMan ($152.69 in chips) 
Seat 6: socito ($134.89 in chips) 
mr.Jckpot: posts small blind $0.50
gudrozd: posts big blind $1
*** HOLE CARDS ***
YeeesMan: folds 
socito: folds 
1fudihara has timed out
1fudihara: folds 
Espada Fish: raises $1.50 to $2.50
mr.Jckpot: raises $9.50 to $12
gudrozd: folds 
Espada Fish: raises $13 to $25
mr.Jckpot: folds 
Uncalled bet ($13) returned to Espada Fish
Espada Fish collected $25 from pot
Espada Fish: doesn't show hand 
*** SUMMARY ***
Total pot $25 | Rake $0 
Seat 1: 1fudihara folded before Flop (didn't bet)
Seat 2: Espada Fish (button) collected ($25)
Seat 3: mr.Jckpot (small blind) folded before Flop
Seat 4: gudrozd (big blind) folded before Flop
Seat 5: YeeesMan folded before Flop (didn't bet)
Seat 6: socito folded before Flop (didn't bet)



PokerStars Hand #254296332340:  Hold'em No Limit ($0.50/$1.00 USD) - 2025/01/10 16:09:36 WET [2025/01/10 11:09:36 ET]
Table 'Theemin II' 6-max Seat #3 is the button
Seat 1: 1fudihara ($320.78 in chips) 
Seat 2: Espada Fish ($113 in chips) 
Seat 3: mr.Jckpot ($142.94 in chips) 
Seat 4: gudrozd ($100 in chips) 
Seat 5: YeeesMan ($152.69 in chips) 
Seat 6: socito ($134.89 in chips) 
gudrozd: posts small blind $0.50
YeeesMan: posts big blind $1
*** HOLE CARDS ***
socito: folds 
1fudihara: folds 
Espada Fish: folds 
mr.Jckpot: raises $1.50 to $2.50
gudrozd: folds 
YeeesMan: folds 
Uncalled bet ($1.50) returned to mr.Jckpot
mr.Jckpot collected $2.50 from pot
mr.Jckpot: doesn't show hand 
*** SUMMARY ***
Total pot $2.50 | Rake $0 
Seat 1: 1fudihara folded before Flop (didn't bet)
Seat 2: Espada Fish folded before Flop (didn't bet)
Seat 3: mr.Jckpot (button) collected ($2.50)
Seat 4: gudrozd (small blind) folded before Flop
Seat 5: YeeesMan (big blind) folded before Flop
Seat 6: socito folded before Flop (didn't bet)



PokerStars Hand #254296336377:  Hold'em No Limit ($0.50/$1.00 USD) - 2025/01/10 16:09:52 WET [2025/01/10 11:09:52 ET]
Table 'Theemin II' 6-max Seat #4 is the button
Seat 1: 1fudihara ($320.78 in chips) 
Seat 2: Espada Fish ($113 in chips) 
Seat 3: mr.Jckpot ($144.44 in chips) 
Seat 4: gudrozd ($100 in chips) 
Seat 5: YeeesMan ($151.69 in chips) 
Seat 6: socito ($134.89 in chips) 
YeeesMan: posts small blind $0.50
socito: posts big blind $1
*** HOLE CARDS ***
1fudihara: folds 
Espada Fish: folds 
mr.Jckpot: folds 
gudrozd: raises $1.50 to $2.50
YeeesMan: folds 
socito: folds 
Uncalled bet ($1.50) returned to gudrozd
gudrozd collected $2.50 from pot
gudrozd: doesn't show hand 
*** SUMMARY ***
Total pot $2.50 | Rake $0 
Seat 1: 1fudihara folded before Flop (didn't bet)
Seat 2: Espada Fish folded before Flop (didn't bet)
Seat 3: mr.Jckpot folded before Flop (didn't bet)
Seat 4: gudrozd (button) collected ($2.50)
Seat 5: YeeesMan (small blind) folded before Flop
Seat 6: socito (big blind) folded before Flop



PokerStars Hand #254296339792:  Hold'em No Limit ($0.50/$1.00 USD) - 2025/01/10 16:10:05 WET [2025/01/10 11:10:05 ET]
Table 'Theemin II' 6-max Seat #5 is the button
Seat 1: 1fudihara ($320.78 in chips) 
Seat 2: Espada Fish ($113 in chips) 
Seat 3: mr.Jckpot ($144.44 in chips) 
Seat 4: gudrozd ($101.50 in chips) 
Seat 5: YeeesMan ($151.19 in chips) 
Seat 6: socito ($133.89 in chips) 
socito: posts small blind $0.50
1fudihara: posts big blind $1
*** HOLE CARDS ***
Espada Fish: raises $1.20 to $2.20
mr.Jckpot: folds 
gudrozd: folds 
YeeesMan: folds 
socito: folds 
1fudihara: folds 
Uncalled bet ($1.20) returned to Espada Fish
Espada Fish collected $2.50 from pot
Espada Fish: doesn't show hand 
*** SUMMARY ***
Total pot $2.50 | Rake $0 
Seat 1: 1fudihara (big blind) folded before Flop
Seat 2: Espada Fish collected ($2.50)
Seat 3: mr.Jckpot folded before Flop (didn't bet)
Seat 4: gudrozd folded before Flop (didn't bet)
Seat 5: YeeesMan (button) folded before Flop (didn't bet)
Seat 6: socito (small blind) folded before Flop



PokerStars Hand #254296342997:  Hold'em No Limit ($0.50/$1.00 USD) - 2025/01/10 16:10:18 WET [2025/01/10 11:10:18 ET]
Table 'Theemin II' 6-max Seat #6 is the button
Seat 1: 1fudihara ($319.78 in chips) 
Seat 2: Espada Fish ($114.50 in chips) 
Seat 3: mr.Jckpot ($144.44 in chips) 
Seat 4: gudrozd ($101.50 in chips) 
Seat 5: YeeesMan ($151.19 in chips) 
Seat 6: socito ($133.39 in chips) 
1fudihara: posts small blind $0.50
Espada Fish: posts big blind $1
*** HOLE CARDS ***
mr.Jckpot: raises $1.50 to $2.50
gudrozd: folds 
YeeesMan: folds 
socito: folds 
1fudihara: calls $2
Espada Fish: folds 
*** FLOP *** [3h 6h Qd]
1fudihara: checks 
mr.Jckpot: bets $1.88
1fudihara: calls $1.88
*** TURN *** [3h 6h Qd] [2c]
1fudihara: checks 
mr.Jckpot: bets $6.03
1fudihara: folds 
Uncalled bet ($6.03) returned to mr.Jckpot
mr.Jckpot collected $9.27 from pot
mr.Jckpot: doesn't show hand 
*** SUMMARY ***
Total pot $9.76 | Rake $0.49 
Board [3h 6h Qd 2c]
Seat 1: 1fudihara (small blind) folded on the Turn
Seat 2: Espada Fish (big blind) folded before Flop
Seat 3: mr.Jckpot collected ($9.27)
Seat 4: gudrozd folded before Flop (didn't bet)
Seat 5: YeeesMan folded before Flop (didn't bet)
Seat 6: socito (button) folded before Flop (didn't bet)



PokerStars Hand #254296355028:  Hold'em No Limit ($0.50/$1.00 USD) - 2025/01/10 16:11:06 WET [2025/01/10 11:11:06 ET]
Table 'Theemin II' 6-max Seat #1 is the button
Seat 1: 1fudihara ($315.40 in chips) 
Seat 2: Espada Fish ($113.50 in chips) 
Seat 3: mr.Jckpot ($149.33 in chips) 
Seat 4: gudrozd ($101.50 in chips) 
Seat 5: YeeesMan ($151.19 in chips) 
Seat 6: socito ($133.39 in chips) 
Espada Fish: posts small blind $0.50
mr.Jckpot: posts big blind $1
*** HOLE CARDS ***
gudrozd: folds 
YeeesMan: folds 
socito: folds 
1fudihara: raises $1.50 to $2.50
Espada Fish: folds 
mr.Jckpot: folds 
Uncalled bet ($1.50) returned to 1fudihara
1fudihara collected $2.50 from pot
1fudihara: doesn't show hand 
*** SUMMARY ***
Total pot $2.50 | Rake $0 
Seat 1: 1fudihara (button) collected ($2.50)
Seat 2: Espada Fish (small blind) folded before Flop
Seat 3: mr.Jckpot (big blind) folded before Flop
Seat 4: gudrozd folded before Flop (didn't bet)
Seat 5: YeeesMan folded before Flop (didn't bet)
Seat 6: socito folded before Flop (didn't bet)



PokerStars Hand #254296358216:  Hold'em No Limit ($0.50/$1.00 USD) - 2025/01/10 16:11:18 WET [2025/01/10 11:11:18 ET]
Table 'Theemin II' 6-max Seat #2 is the button
Seat 1: 1fudihara ($316.90 in chips) 
Seat 2: Espada Fish ($113 in chips) 
Seat 3: mr.Jckpot ($148.33 in chips) 
Seat 4: gudrozd ($101.50 in chips) 
Seat 5: YeeesMan ($151.19 in chips) 
Seat 6: socito ($133.39 in chips) 
mr.Jckpot: posts small blind $0.50
gudrozd: posts big blind $1
*** HOLE CARDS ***
YeeesMan: folds 
socito: folds 
1fudihara: folds 
Espada Fish: raises $1.50 to $2.50
mr.Jckpot: raises $9.50 to $12
gudrozd: folds 
Espada Fish: folds 
Uncalled bet ($9.50) returned to mr.Jckpot
mr.Jckpot collected $6 from pot
mr.Jckpot: doesn't show hand 
*** SUMMARY ***
Total pot $6 | Rake $0 
Seat 1: 1fudihara folded before Flop (didn't bet)
Seat 2: Espada Fish (button) folded before Flop
Seat 3: mr.Jckpot (small blind) collected ($6)
Seat 4: gudrozd (big blind) folded before Flop
Seat 5: YeeesMan folded before Flop (didn't bet)
Seat 6: socito folded before Flop (didn't bet)



PokerStars Hand #254296363863:  Hold'em No Limit ($0.50/$1.00 USD) - 2025/01/10 16:11:41 WET [2025/01/10 11:11:41 ET]
Table 'Theemin II' 6-max Seat #3 is the button
Seat 1: 1fudihara ($316.90 in chips) 
Seat 2: Espada Fish ($110.50 in chips) 
Seat 3: mr.Jckpot ($151.83 in chips) 
Seat 4: gudrozd ($100.50 in chips) 
Seat 5: YeeesMan ($151.19 in chips) 
Seat 6: socito ($133.39 in chips) 
gudrozd: posts small blind $0.50
YeeesMan: posts big blind $1
*** HOLE CARDS ***
socito: folds 
1fudihara: folds 
Espada Fish: folds 
mr.Jckpot: folds 
gudrozd: raises $2 to $3
YeeesMan: calls $2
*** FLOP *** [9h 5d 6s]
gudrozd: checks 
YeeesMan: checks 
*** TURN *** [9h 5d 6s] [4d]
gudrozd: checks 
YeeesMan: bets $4.28
gudrozd: folds 
Uncalled bet ($4.28) returned to YeeesMan
YeeesMan collected $5.70 from pot
YeeesMan: doesn't show hand 
*** SUMMARY ***
Total pot $6 | Rake $0.30 
Board [9h 5d 6s 4d]
Seat 1: 1fudihara folded before Flop (didn't bet)
Seat 2: Espada Fish folded before Flop (didn't bet)
Seat 3: mr.Jckpot (button) folded before Flop (didn't bet)
Seat 4: gudrozd (small blind) folded on the Turn
Seat 5: YeeesMan (big blind) collected ($5.70)
Seat 6: socito folded before Flop (didn't bet)



PokerStars Hand #254296379279:  Hold'em No Limit ($0.50/$1.00 USD) - 2025/01/10 16:12:42 WET [2025/01/10 11:12:42 ET]
Table 'Theemin II' 6-max Seat #4 is the button
Seat 1: 1fudihara ($316.90 in chips) 
Seat 2: Espada Fish ($110.50 in chips) 
Seat 3: mr.Jckpot ($151.83 in chips) 
Seat 4: gudrozd ($100 in chips) 
Seat 5: YeeesMan ($153.89 in chips) 
Seat 6: socito ($133.39 in chips) 
YeeesMan: posts small blind $0.50
socito: posts big blind $1
*** HOLE CARDS ***
1fudihara: folds 
Espada Fish: raises $1.20 to $2.20
mr.Jckpot: folds 
gudrozd: folds 
YeeesMan: folds 
socito: calls $1.20
*** FLOP *** [3s 2d 7s]
socito: checks 
Espada Fish: checks 
*** TURN *** [3s 2d 7s] [6d]
socito: checks 
Espada Fish: checks 
*** RIVER *** [3s 2d 7s 6d] [9s]
socito: checks 
Espada Fish: checks 
*** SHOW DOWN ***
socito: shows [2c Kc] (a pair of Deuces)
Espada Fish: shows [5s 5c] (a pair of Fives)
Espada Fish collected $4.66 from pot
*** SUMMARY ***
Total pot $4.90 | Rake $0.24 
Board [3s 2d 7s 6d 9s]
Seat 1: 1fudihara folded before Flop (didn't bet)
Seat 2: Espada Fish showed [5s 5c] and won ($4.66) with a pair of Fives
Seat 3: mr.Jckpot folded before Flop (didn't bet)
Seat 4: gudrozd (button) folded before Flop (didn't bet)
Seat 5: YeeesMan (small blind) folded before Flop
Seat 6: socito (big blind) showed [2c Kc] and lost with a pair of Deuces



PokerStars Hand #254296393186:  Hold'em No Limit ($0.50/$1.00 USD) - 2025/01/10 16:13:36 WET [2025/01/10 11:13:36 ET]
Table 'Theemin II' 6-max Seat #5 is the button
Seat 1: 1fudihara ($316.90 in chips) 
Seat 2: Espada Fish ($112.96 in chips) 
Seat 3: mr.Jckpot ($151.83 in chips) 
Seat 4: gudrozd ($100 in chips) 
Seat 5: YeeesMan ($153.39 in chips) 
Seat 6: socito ($131.19 in chips) 
socito: posts small blind $0.50
1fudihara: posts big blind $1
*** HOLE CARDS ***
Espada Fish: folds 
mr.Jckpot: folds 
gudrozd: folds 
YeeesMan: folds 
socito: raises $2 to $3
1fudihara: folds 
Uncalled bet ($2) returned to socito
socito collected $2 from pot
socito: doesn't show hand 
*** SUMMARY ***
Total pot $2 | Rake $0 
Seat 1: 1fudihara (big blind) folded before Flop
Seat 2: Espada Fish folded before Flop (didn't bet)
Seat 3: mr.Jckpot folded before Flop (didn't bet)
Seat 4: gudrozd folded before Flop (didn't bet)
Seat 5: YeeesMan (button) folded before Flop (didn't bet)
Seat 6: socito (small blind) collected ($2)



PokerStars Hand #254296396896:  Hold'em No Limit ($0.50/$1.00 USD) - 2025/01/10 16:13:51 WET [2025/01/10 11:13:51 ET]
Table 'Theemin II' 6-max Seat #6 is the button
Seat 1: 1fudihara ($315.90 in chips) 
Seat 2: Espada Fish ($112.96 in chips) 
Seat 3: mr.Jckpot ($151.83 in chips) 
Seat 4: gudrozd ($100 in chips) 
Seat 5: YeeesMan ($153.39 in chips) 
Seat 6: socito ($132.19 in chips) 
1fudihara: posts small blind $0.50
Espada Fish: posts big blind $1
*** HOLE CARDS ***
mr.Jckpot: raises $1.50 to $2.50
gudrozd: folds 
YeeesMan: folds 
socito: folds 
1fudihara: folds 
Espada Fish: folds 
Uncalled bet ($1.50) returned to mr.Jckpot
mr.Jckpot collected $2.50 from pot
mr.Jckpot: doesn't show hand 
*** SUMMARY ***
Total pot $2.50 | Rake $0 
Seat 1: 1fudihara (small blind) folded before Flop
Seat 2: Espada Fish (big blind) folded before Flop
Seat 3: mr.Jckpot collected ($2.50)
Seat 4: gudrozd folded before Flop (didn't bet)
Seat 5: YeeesMan folded before Flop (didn't bet)
Seat 6: socito (button) folded before Flop (didn't bet)



PokerStars Hand #254296722110:  Hold'em No Limit ($0.50/$1.00 USD) - 2025/01/10 16:35:12 WET [2025/01/10 11:35:12 ET]
Table 'Theemin II' 6-max Seat #3 is the button
Seat 6: xcinaz ($100 in chips) is sitting out
Seat 1: 1fudihara ($377.53 in chips) 
Seat 2: Espada Fish ($100 in chips) 
Seat 3: mr.Jckpot ($161.66 in chips) 
Seat 4: gudrozd ($140 in chips) 
Seat 5: YeeesMan ($119.40 in chips) 
gudrozd: posts small blind $0.50
YeeesMan: posts big blind $1
xcinaz: sits out 
*** HOLE CARDS ***
1fudihara: raises $1.50 to $2.50
Espada Fish: folds 
mr.Jckpot: raises $5 to $7.50
gudrozd: folds 
YeeesMan: raises $16.50 to $24
1fudihara: calls $21.50
mr.Jckpot: folds 
*** FLOP *** [2s Qd 2h]
YeeesMan: checks 
1fudihara: bets $13
YeeesMan: calls $13
*** TURN *** [2s Qd 2h] [7d]
YeeesMan: checks 
1fudihara: bets $15
YeeesMan: calls $15
*** RIVER *** [2s Qd 2h 7d] [Ah]
YeeesMan: bets $67.40 and is all-in
1fudihara: calls $67.40
*** SHOW DOWN ***
YeeesMan: shows [Ks As] (two pair, Aces and Deuces)
1fudihara: shows [Qs Qc] (a full house, Queens full of Deuces)
1fudihara collected $244.30 from pot
*** SUMMARY ***
Total pot $246.80 | Rake $2.50 
Board [2s Qd 2h 7d Ah]
Seat 6: xcinaz
Seat 1: 1fudihara showed [Qs Qc] and won ($244.30) with a full house, Queens full of Deuces
Seat 2: Espada Fish folded before Flop (didn't bet)
Seat 3: mr.Jckpot (button) folded before Flop
Seat 4: gudrozd (small blind) folded before Flop
Seat 5: YeeesMan (big blind) showed [Ks As] and lost with two pair, Aces and Deuces



PokerStars Hand #254296748927:  Hold'em No Limit ($0.50/$1.00 USD) - 2025/01/10 16:36:55 WET [2025/01/10 11:36:55 ET]
Table 'Theemin II' 6-max Seat #4 is the button
Seat 1: 1fudihara ($502.43 in chips) 
Seat 2: Espada Fish ($100 in chips) 
Seat 3: mr.Jckpot ($154.16 in chips) 
Seat 4: gudrozd ($139.50 in chips) 
Seat 5: YeeesMan ($100 in chips) 
Seat 6: xcinaz ($100 in chips) 
YeeesMan: posts small blind $0.50
xcinaz: posts big blind $1
*** HOLE CARDS ***
1fudihara: folds 
Espada Fish: raises $1.20 to $2.20
mr.Jckpot: folds 
gudrozd: folds 
YeeesMan: folds 
xcinaz: calls $1.20
*** FLOP *** [7c Kc 5s]
xcinaz: checks 
Espada Fish: bets $1.58
xcinaz: folds 
Uncalled bet ($1.58) returned to Espada Fish
Espada Fish collected $4.66 from pot
Espada Fish: doesn't show hand 
*** SUMMARY ***
Total pot $4.90 | Rake $0.24 
Board [7c Kc 5s]
Seat 1: 1fudihara folded before Flop (didn't bet)
Seat 2: Espada Fish collected ($4.66)
Seat 3: mr.Jckpot folded before Flop (didn't bet)
Seat 4: gudrozd (button) folded before Flop (didn't bet)
Seat 5: YeeesMan (small blind) folded before Flop
Seat 6: xcinaz (big blind) folded on the Flop



PokerStars Hand #254296761887:  Hold'em No Limit ($0.50/$1.00 USD) - 2025/01/10 16:37:44 WET [2025/01/10 11:37:44 ET]
Table 'Theemin II' 6-max Seat #5 is the button
Seat 1: 1fudihara ($502.43 in chips) 
Seat 2: Espada Fish ($102.46 in chips) 
Seat 3: mr.Jckpot ($154.16 in chips) 
Seat 4: gudrozd ($139.50 in chips) 
Seat 5: YeeesMan ($100 in chips) 
Seat 6: xcinaz ($100 in chips) 
xcinaz: posts small blind $0.50
1fudihara: posts big blind $1
*** HOLE CARDS ***
Espada Fish: folds 
mr.Jckpot: raises $1.50 to $2.50
gudrozd: folds 
YeeesMan: raises $5.50 to $8
xcinaz: folds 
1fudihara: folds 
mr.Jckpot: calls $5.50
*** FLOP *** [4s 8s 7s]
mr.Jckpot: checks 
YeeesMan: bets $5.48
mr.Jckpot: calls $5.48
*** TURN *** [4s 8s 7s] [Tc]
mr.Jckpot: checks 
YeeesMan: checks 
*** RIVER *** [4s 8s 7s Tc] [3d]
mr.Jckpot: bets $14.87
YeeesMan: folds 
Uncalled bet ($14.87) returned to mr.Jckpot
mr.Jckpot collected $27.04 from pot
mr.Jckpot: doesn't show hand 
*** SUMMARY ***
Total pot $28.46 | Rake $1.42 
Board [4s 8s 7s Tc 3d]
Seat 1: 1fudihara (big blind) folded before Flop
Seat 2: Espada Fish folded before Flop (didn't bet)
Seat 3: mr.Jckpot collected ($27.04)
Seat 4: gudrozd folded before Flop (didn't bet)
Seat 5: YeeesMan (button) folded on the River
Seat 6: xcinaz (small blind) folded before Flop



PokerStars Hand #254296782524:  Hold'em No Limit ($0.50/$1.00 USD) - 2025/01/10 16:39:03 WET [2025/01/10 11:39:03 ET]
Table 'Theemin II' 6-max Seat #6 is the button
Seat 1: 1fudihara ($501.43 in chips) 
Seat 2: Espada Fish ($102.46 in chips) 
Seat 3: mr.Jckpot ($167.72 in chips) 
Seat 4: gudrozd ($139.50 in chips) 
Seat 5: YeeesMan ($100 in chips) 
Seat 6: xcinaz ($100 in chips) 
1fudihara: posts small blind $0.50
Espada Fish: posts big blind $1
*** HOLE CARDS ***
mr.Jckpot: folds 
gudrozd: folds 
YeeesMan: folds 
xcinaz: raises $1.50 to $2.50
1fudihara: calls $2
Espada Fish: folds 
*** FLOP *** [3d Qh 2s]
1fudihara: checks 
xcinaz: bets $1.43
1fudihara: folds 
Uncalled bet ($1.43) returned to xcinaz
xcinaz collected $5.70 from pot
xcinaz: doesn't show hand 
*** SUMMARY ***
Total pot $6 | Rake $0.30 
Board [3d Qh 2s]
Seat 1: 1fudihara (small blind) folded on the Flop
Seat 2: Espada Fish (big blind) folded before Flop
Seat 3: mr.Jckpot folded before Flop (didn't bet)
Seat 4: gudrozd folded before Flop (didn't bet)
Seat 5: YeeesMan folded before Flop (didn't bet)
Seat 6: xcinaz (button) collected ($5.70)



PokerStars Hand #254296791036:  Hold'em No Limit ($0.50/$1.00 USD) - 2025/01/10 16:39:36 WET [2025/01/10 11:39:36 ET]
Table 'Theemin II' 6-max Seat #1 is the button
Seat 1: 1fudihara ($498.93 in chips) 
Seat 2: Espada Fish ($101.46 in chips) 
Seat 3: mr.Jckpot ($167.72 in chips) 
Seat 4: gudrozd ($139.50 in chips) 
Seat 5: YeeesMan ($100 in chips) 
Seat 6: xcinaz ($103.20 in chips) 
Espada Fish: posts small blind $0.50
mr.Jckpot: posts big blind $1
*** HOLE CARDS ***
gudrozd: folds 
YeeesMan: folds 
xcinaz: folds 
1fudihara: raises $1.50 to $2.50
Espada Fish: folds 
mr.Jckpot: calls $1.50
*** FLOP *** [7h 7s 9d]
mr.Jckpot: checks 
1fudihara: bets $2
mr.Jckpot: folds 
Uncalled bet ($2) returned to 1fudihara
1fudihara collected $5.22 from pot
1fudihara: doesn't show hand 
*** SUMMARY ***
Total pot $5.50 | Rake $0.28 
Board [7h 7s 9d]
Seat 1: 1fudihara (button) collected ($5.22)
Seat 2: Espada Fish (small blind) folded before Flop
Seat 3: mr.Jckpot (big blind) folded on the Flop
Seat 4: gudrozd folded before Flop (didn't bet)
Seat 5: YeeesMan folded before Flop (didn't bet)
Seat 6: xcinaz folded before Flop (didn't bet)



PokerStars Hand #254296801447:  Hold'em No Limit ($0.50/$1.00 USD) - 2025/01/10 16:40:17 WET [2025/01/10 11:40:17 ET]
Table 'Theemin II' 6-max Seat #2 is the button
Seat 1: 1fudihara ($501.65 in chips) 
Seat 2: Espada Fish ($100.96 in chips) 
Seat 3: mr.Jckpot ($165.22 in chips) 
Seat 4: gudrozd ($139.50 in chips) 
Seat 5: YeeesMan ($100 in chips) 
Seat 6: xcinaz ($103.20 in chips) 
mr.Jckpot: posts small blind $0.50
gudrozd: posts big blind $1
*** HOLE CARDS ***
YeeesMan: folds 
xcinaz: folds 
1fudihara: folds 
Espada Fish: raises $1.50 to $2.50
mr.Jckpot: folds 
gudrozd: folds 
Uncalled bet ($1.50) returned to Espada Fish
Espada Fish collected $2.50 from pot
Espada Fish: doesn't show hand 
*** SUMMARY ***
Total pot $2.50 | Rake $0 
Seat 1: 1fudihara folded before Flop (didn't bet)
Seat 2: Espada Fish (button) collected ($2.50)
Seat 3: mr.Jckpot (small blind) folded before Flop
Seat 4: gudrozd (big blind) folded before Flop
Seat 5: YeeesMan folded before Flop (didn't bet)
Seat 6: xcinaz folded before Flop (didn't bet)



PokerStars Hand #254296805422:  Hold'em No Limit ($0.50/$1.00 USD) - 2025/01/10 16:40:32 WET [2025/01/10 11:40:32 ET]
Table 'Theemin II' 6-max Seat #3 is the button
Seat 5: YeeesMan ($100 in chips) is sitting out
Seat 1: 1fudihara ($501.65 in chips) 
Seat 2: Espada Fish ($102.46 in chips) 
Seat 3: mr.Jckpot ($164.72 in chips) 
Seat 4: gudrozd ($138.50 in chips) 
Seat 6: xcinaz ($103.20 in chips) 
gudrozd: posts small blind $0.50
YeeesMan: is sitting out 
xcinaz: posts big blind $1
*** HOLE CARDS ***
YeeesMan leaves the table
1fudihara: raises $1 to $2
Espada Fish: raises $5.50 to $7.50
mr.Jckpot: folds 
gudrozd: folds 
xcinaz: folds 
1fudihara: calls $5.50
*** FLOP *** [8c 4c Ks]
1fudihara: checks 
Espada Fish: bets $8
1fudihara: folds 
Uncalled bet ($8) returned to Espada Fish
Espada Fish collected $15.68 from pot
Espada Fish: doesn't show hand 
*** SUMMARY ***
Total pot $16.50 | Rake $0.82 
Board [8c 4c Ks]
Seat 5: YeeesMan
Seat 1: 1fudihara folded on the Flop
Seat 2: Espada Fish collected ($15.68)
Seat 3: mr.Jckpot (button) folded before Flop (didn't bet)
Seat 4: gudrozd (small blind) folded before Flop
Seat 6: xcinaz (big blind) folded before Flop



PokerStars Hand #254296814520:  Hold'em No Limit ($0.50/$1.00 USD) - 2025/01/10 16:41:07 WET [2025/01/10 11:41:07 ET]
Table 'Theemin II' 6-max Seat #4 is the button
Seat 1: 1fudihara ($494.15 in chips) 
Seat 2: Espada Fish ($110.64 in chips) 
Seat 3: mr.Jckpot ($164.72 in chips) 
Seat 4: gudrozd ($138 in chips) 
Seat 6: xcinaz ($102.20 in chips) 
xcinaz: posts small blind $0.50
1fudihara: posts big blind $1
*** HOLE CARDS ***
Espada Fish: folds 
mr.Jckpot: folds 
gudrozd: raises $1.50 to $2.50
xcinaz: folds 
1fudihara: folds 
Uncalled bet ($1.50) returned to gudrozd
gudrozd collected $2.50 from pot
gudrozd: doesn't show hand 
*** SUMMARY ***
Total pot $2.50 | Rake $0 
Seat 1: 1fudihara (big blind) folded before Flop
Seat 2: Espada Fish folded before Flop (didn't bet)
Seat 3: mr.Jckpot folded before Flop (didn't bet)
Seat 4: gudrozd (button) collected ($2.50)
Seat 6: xcinaz (small blind) folded before Flop



PokerStars Hand #254296819415:  Hold'em No Limit ($0.50/$1.00 USD) - 2025/01/10 16:41:27 WET [2025/01/10 11:41:27 ET]
Table 'Theemin II' 6-max Seat #6 is the button
Seat 1: 1fudihara ($493.15 in chips) 
Seat 2: Espada Fish ($110.64 in chips) 
Seat 3: mr.Jckpot ($164.72 in chips) 
Seat 4: gudrozd ($139.50 in chips) 
Seat 6: xcinaz ($101.70 in chips) 
1fudihara: posts small blind $0.50
Espada Fish: posts big blind $1
*** HOLE CARDS ***
mr.Jckpot: folds 
gudrozd: raises $1.50 to $2.50
xcinaz: folds 
1fudihara: calls $2
Espada Fish: folds 
*** FLOP *** [7h 9d 8h]
1fudihara: checks 
gudrozd: checks 
*** TURN *** [7h 9d 8h] [Qh]
1fudihara: bets $2
gudrozd: raises $6 to $8
tintin641 joins the table at seat #5 
1fudihara: raises $8 to $16
gudrozd: calls $8
*** RIVER *** [7h 9d 8h Qh] [6c]
1fudihara: bets $18
gudrozd: folds 
Uncalled bet ($18) returned to 1fudihara
1fudihara collected $36.10 from pot
1fudihara: doesn't show hand 
*** SUMMARY ***
Total pot $38 | Rake $1.90 
Board [7h 9d 8h Qh 6c]
Seat 1: 1fudihara (small blind) collected ($36.10)
Seat 2: Espada Fish (big blind) folded before Flop
Seat 3: mr.Jckpot folded before Flop (didn't bet)
Seat 4: gudrozd folded on the River
Seat 6: xcinaz (button) folded before Flop (didn't bet)



PokerStars Hand #254296836262:  Hold'em No Limit ($0.50/$1.00 USD) - 2025/01/10 16:42:31 WET [2025/01/10 11:42:31 ET]
Table 'Theemin II' 6-max Seat #1 is the button
Seat 5: tintin641 ($100 in chips) is sitting out
Seat 1: 1fudihara ($510.75 in chips) 
Seat 2: Espada Fish ($109.64 in chips) 
Seat 3: mr.Jckpot ($164.72 in chips) 
Seat 4: gudrozd ($121 in chips) 
Seat 6: xcinaz ($101.70 in chips) 
Espada Fish: posts small blind $0.50
mr.Jckpot: posts big blind $1
tintin641: sits out 
*** HOLE CARDS ***
gudrozd: folds 
xcinaz: folds 
1fudihara: folds 
Espada Fish: raises $2 to $3
mr.Jckpot: calls $2
*** FLOP *** [9d 8c Tc]
Espada Fish: bets $1.94
mr.Jckpot: folds 
Uncalled bet ($1.94) returned to Espada Fish
Espada Fish collected $5.70 from pot
Espada Fish: doesn't show hand 
*** SUMMARY ***
Total pot $6 | Rake $0.30 
Board [9d 8c Tc]
Seat 5: tintin641
Seat 1: 1fudihara (button) folded before Flop (didn't bet)
Seat 2: Espada Fish (small blind) collected ($5.70)
Seat 3: mr.Jckpot (big blind) folded on the Flop
Seat 4: gudrozd folded before Flop (didn't bet)
Seat 6: xcinaz folded before Flop (didn't bet)



PokerStars Hand #254296843918:  Hold'em No Limit ($0.50/$1.00 USD) - 2025/01/10 16:43:00 WET [2025/01/10 11:43:00 ET]
Table 'Theemin II' 6-max Seat #2 is the button
Seat 5: tintin641 ($100 in chips) is sitting out
Seat 1: 1fudihara ($510.75 in chips) 
Seat 2: Espada Fish ($112.34 in chips) 
Seat 3: mr.Jckpot ($161.72 in chips) 
Seat 4: gudrozd ($121 in chips) 
Seat 6: xcinaz ($101.70 in chips) 
mr.Jckpot: posts small blind $0.50
gudrozd: posts big blind $1
tintin641: sits out 
*** HOLE CARDS ***
xcinaz: folds 
1fudihara: folds 
Espada Fish: folds 
mr.Jckpot: folds 
Uncalled bet ($0.50) returned to gudrozd
gudrozd collected $1 from pot
gudrozd: doesn't show hand 
*** SUMMARY ***
Total pot $1 | Rake $0 
Seat 5: tintin641
Seat 1: 1fudihara folded before Flop (didn't bet)
Seat 2: Espada Fish (button) folded before Flop (didn't bet)
Seat 3: mr.Jckpot (small blind) folded before Flop
Seat 4: gudrozd (big blind) collected ($1)
Seat 6: xcinaz folded before Flop (didn't bet)



PokerStars Hand #254296845668:  Hold'em No Limit ($0.50/$1.00 USD) - 2025/01/10 16:43:07 WET [2025/01/10 11:43:07 ET]
Table 'Theemin II' 6-max Seat #3 is the button
Seat 1: 1fudihara ($510.75 in chips) 
Seat 2: Espada Fish ($112.34 in chips) 
Seat 3: mr.Jckpot ($161.22 in chips) 
Seat 4: gudrozd ($121.50 in chips) 
Seat 5: tintin641 ($100 in chips) 
Seat 6: xcinaz ($101.70 in chips) 
gudrozd: posts small blind $0.50
tintin641: posts big blind $1
*** HOLE CARDS ***
xcinaz: folds 
1fudihara: raises $1.50 to $2.50
Espada Fish: folds 
mr.Jckpot: folds 
gudrozd: folds 
tintin641: folds 
Uncalled bet ($1.50) returned to 1fudihara
1fudihara collected $2.50 from pot
1fudihara: doesn't show hand 
*** SUMMARY ***
Total pot $2.50 | Rake $0 
Seat 1: 1fudihara collected ($2.50)
Seat 2: Espada Fish folded before Flop (didn't bet)
Seat 3: mr.Jckpot (button) folded before Flop (didn't bet)
Seat 4: gudrozd (small blind) folded before Flop
Seat 5: tintin641 (big blind) folded before Flop
Seat 6: xcinaz folded before Flop (didn't bet)



PokerStars Hand #254296849172:  Hold'em No Limit ($0.50/$1.00 USD) - 2025/01/10 16:43:21 WET [2025/01/10 11:43:21 ET]
Table 'Theemin II' 6-max Seat #4 is the button
Seat 1: 1fudihara ($512.25 in chips) 
Seat 2: Espada Fish ($112.34 in chips) 
Seat 3: mr.Jckpot ($161.22 in chips) 
Seat 4: gudrozd ($121 in chips) 
Seat 5: tintin641 ($100 in chips) 
Seat 6: xcinaz ($101.70 in chips) 
tintin641: posts small blind $0.50
xcinaz: posts big blind $1
*** HOLE CARDS ***
1fudihara: folds 
Espada Fish: folds 
mr.Jckpot: folds 
gudrozd: folds 
tintin641: folds 
Uncalled bet ($0.50) returned to xcinaz
xcinaz collected $1 from pot
xcinaz: doesn't show hand 
*** SUMMARY ***
Total pot $1 | Rake $0 
Seat 1: 1fudihara folded before Flop (didn't bet)
Seat 2: Espada Fish folded before Flop (didn't bet)
Seat 3: mr.Jckpot folded before Flop (didn't bet)
Seat 4: gudrozd (button) folded before Flop (didn't bet)
Seat 5: tintin641 (small blind) folded before Flop
Seat 6: xcinaz (big blind) collected ($1)



PokerStars Hand #254296851932:  Hold'em No Limit ($0.50/$1.00 USD) - 2025/01/10 16:43:31 WET [2025/01/10 11:43:31 ET]
Table 'Theemin II' 6-max Seat #5 is the button
Seat 1: 1fudihara ($512.25 in chips) 
Seat 2: Espada Fish ($112.34 in chips) 
Seat 3: mr.Jckpot ($161.22 in chips) 
Seat 4: gudrozd ($121 in chips) 
Seat 5: tintin641 ($100 in chips) 
Seat 6: xcinaz ($102.20 in chips) 
xcinaz: posts small blind $0.50
1fudihara: posts big blind $1
*** HOLE CARDS ***
Espada Fish: folds 
mr.Jckpot: folds 
gudrozd: folds 
tintin641: raises $1.50 to $2.50
xcinaz: folds 
1fudihara: folds 
Uncalled bet ($1.50) returned to tintin641
Espada Fish is disconnected 
tintin641 collected $2.50 from pot
tintin641: doesn't show hand 
*** SUMMARY ***
Total pot $2.50 | Rake $0 
Seat 1: 1fudihara (big blind) folded before Flop
Seat 2: Espada Fish folded before Flop (didn't bet)
Seat 3: mr.Jckpot folded before Flop (didn't bet)
Seat 4: gudrozd folded before Flop (didn't bet)
Seat 5: tintin641 (button) collected ($2.50)
Seat 6: xcinaz (small blind) folded before Flop



PokerStars Hand #254296859840:  Hold'em No Limit ($0.50/$1.00 USD) - 2025/01/10 16:44:01 WET [2025/01/10 11:44:01 ET]
Table 'Theemin II' 6-max Seat #6 is the button
Seat 1: 1fudihara ($511.25 in chips) 
Seat 2: Espada Fish ($112.34 in chips) 
Seat 3: mr.Jckpot ($161.22 in chips) 
Seat 4: gudrozd ($121 in chips) 
Seat 5: tintin641 ($101.50 in chips) 
Seat 6: xcinaz ($101.70 in chips) 
1fudihara: posts small blind $0.50
Espada Fish: posts big blind $1
*** HOLE CARDS ***
mr.Jckpot: folds 
gudrozd: raises $1.50 to $2.50
tintin641: folds 
xcinaz: folds 
1fudihara: folds 
Espada Fish: folds 
Uncalled bet ($1.50) returned to gudrozd
gudrozd collected $2.50 from pot
gudrozd: doesn't show hand 
*** SUMMARY ***
Total pot $2.50 | Rake $0 
Seat 1: 1fudihara (small blind) folded before Flop
Seat 2: Espada Fish (big blind) folded before Flop
Seat 3: mr.Jckpot folded before Flop (didn't bet)
Seat 4: gudrozd collected ($2.50)
Seat 5: tintin641 folded before Flop (didn't bet)
Seat 6: xcinaz (button) folded before Flop (didn't bet)



PokerStars Hand #254296863657:  Hold'em No Limit ($0.50/$1.00 USD) - 2025/01/10 16:44:16 WET [2025/01/10 11:44:16 ET]
Table 'Theemin II' 6-max Seat #1 is the button
Seat 1: 1fudihara ($510.75 in chips) 
Seat 2: Espada Fish ($111.34 in chips) 
Seat 3: mr.Jckpot ($161.22 in chips) 
Seat 4: gudrozd ($122.50 in chips) 
Seat 5: tintin641 ($101.50 in chips) 
Seat 6: xcinaz ($101.70 in chips) 
Espada Fish: posts small blind $0.50
mr.Jckpot: posts big blind $1
*** HOLE CARDS ***
gudrozd: folds 
tintin641: folds 
xcinaz: folds 
1fudihara: folds 
Espada Fish: folds 
Uncalled bet ($0.50) returned to mr.Jckpot
mr.Jckpot collected $1 from pot
mr.Jckpot: doesn't show hand 
*** SUMMARY ***
Total pot $1 | Rake $0 
Seat 1: 1fudihara (button) folded before Flop (didn't bet)
Seat 2: Espada Fish (small blind) folded before Flop
Seat 3: mr.Jckpot (big blind) collected ($1)
Seat 4: gudrozd folded before Flop (didn't bet)
Seat 5: tintin641 folded before Flop (didn't bet)
Seat 6: xcinaz folded before Flop (didn't bet)



PokerStars Hand #254296867807:  Hold'em No Limit ($0.50/$1.00 USD) - 2025/01/10 16:44:32 WET [2025/01/10 11:44:32 ET]
Table 'Theemin II' 6-max Seat #2 is the button
Seat 1: 1fudihara ($510.75 in chips) 
Seat 2: Espada Fish ($110.84 in chips) 
Seat 3: mr.Jckpot ($161.72 in chips) 
Seat 4: gudrozd ($122.50 in chips) 
Seat 5: tintin641 ($101.50 in chips) 
Seat 6: xcinaz ($101.70 in chips) 
mr.Jckpot: posts small blind $0.50
gudrozd: posts big blind $1
*** HOLE CARDS ***
tintin641: folds 
xcinaz: folds 
1fudihara: folds 
1fudihara leaves the table
Espada Fish: raises $1.50 to $2.50
Evelexy1 joins the table at seat #1 
mr.Jckpot: folds 
gudrozd: calls $1.50
*** FLOP *** [Kc 8h As]
gudrozd: checks 
Espada Fish: checks 
*** TURN *** [Kc 8h As] [Kh]
gudrozd: checks 
Espada Fish: bets $3.86
gudrozd: calls $3.86
*** RIVER *** [Kc 8h As Kh] [7s]
gudrozd: checks 
Espada Fish: bets $9.29
gudrozd: folds 
Uncalled bet ($9.29) returned to Espada Fish
Espada Fish collected $12.56 from pot
Espada Fish: doesn't show hand 
*** SUMMARY ***
Total pot $13.22 | Rake $0.66 
Board [Kc 8h As Kh 7s]
Seat 1: 1fudihara folded before Flop (didn't bet)
Seat 2: Espada Fish (button) collected ($12.56)
Seat 3: mr.Jckpot (small blind) folded before Flop
Seat 4: gudrozd (big blind) folded on the River
Seat 5: tintin641 folded before Flop (didn't bet)
Seat 6: xcinaz folded before Flop (didn't bet)



PokerStars Hand #254296889568:  Hold'em No Limit ($0.50/$1.00 USD) - 2025/01/10 16:45:55 WET [2025/01/10 11:45:55 ET]
Table 'Theemin II' 6-max Seat #3 is the button
Seat 1: Evelexy1 ($100 in chips) is sitting out
Seat 2: Espada Fish ($117.04 in chips) 
Seat 3: mr.Jckpot ($161.22 in chips) 
Seat 4: gudrozd ($116.14 in chips) 
Seat 5: tintin641 ($101.50 in chips) 
Seat 6: xcinaz ($101.70 in chips) 
gudrozd: posts small blind $0.50
tintin641: posts big blind $1
Evelexy1: sits out 
*** HOLE CARDS ***
xcinaz: folds 
Espada Fish: folds 
mr.Jckpot: folds 
gudrozd: folds 
Uncalled bet ($0.50) returned to tintin641
tintin641 collected $1 from pot
tintin641: doesn't show hand 
*** SUMMARY ***
Total pot $1 | Rake $0 
Seat 1: Evelexy1
Seat 2: Espada Fish folded before Flop (didn't bet)
Seat 3: mr.Jckpot (button) folded before Flop (didn't bet)
Seat 4: gudrozd (small blind) folded before Flop
Seat 5: tintin641 (big blind) collected ($1)
Seat 6: xcinaz folded before Flop (didn't bet)



PokerStars Hand #254296891597:  Hold'em No Limit ($0.50/$1.00 USD) - 2025/01/10 16:46:03 WET [2025/01/10 11:46:03 ET]
Table 'Theemin II' 6-max Seat #5 is the button
Seat 1: Evelexy1 ($100 in chips) 
Seat 2: Espada Fish ($117.04 in chips) 
Seat 3: mr.Jckpot ($161.22 in chips) 
Seat 5: tintin641 ($102 in chips) 
Seat 6: xcinaz ($101.70 in chips) 
gudrozd leaves the table
xcinaz: posts small blind $0.50
Evelexy1: posts big blind $1
*** HOLE CARDS ***
Espada Fish: folds 
Espada Fish leaves the table
mr.Jckpot: folds 
tintin641: folds 
xcinaz: raises $2 to $3
Evelexy1: calls $2
*** FLOP *** [Qs 3s Ad]
xcinaz: checks 
Evelexy1: checks 
*** TURN *** [Qs 3s Ad] [4s]
xcinaz: checks 
Evelexy1: checks 
*** RIVER *** [Qs 3s Ad 4s] [9s]
xcinaz: bets $4.85
Evelexy1: calls $4.85
*** SHOW DOWN ***
xcinaz: shows [Ks 8h] (a flush, King high)
Evelexy1: mucks hand 
xcinaz collected $14.92 from pot
*** SUMMARY ***
Total pot $15.70 | Rake $0.78 
Board [Qs 3s Ad 4s 9s]
Seat 1: Evelexy1 (big blind) mucked
Seat 2: Espada Fish folded before Flop (didn't bet)
Seat 3: mr.Jckpot folded before Flop (didn't bet)
Seat 5: tintin641 (button) folded before Flop (didn't bet)
Seat 6: xcinaz (small blind) showed [Ks 8h] and won ($14.92) with a flush, King high



PokerStars Hand #254296911269:  Hold'em No Limit ($0.50/$1.00 USD) - 2025/01/10 16:47:18 WET [2025/01/10 11:47:18 ET]
Table 'Theemin II' 6-max Seat #6 is the button
Seat 3: mr.Jckpot ($161.22 in chips) is sitting out
Seat 1: Evelexy1 ($100 in chips) 
Seat 5: tintin641 ($102 in chips) 
Seat 6: xcinaz ($108.77 in chips) 
Evelexy1: posts small blind $0.50
mr.Jckpot: is sitting out 
tintin641: posts big blind $1
*** HOLE CARDS ***
mr.Jckpot leaves the table
xcinaz: raises $1.50 to $2.50
Evelexy1: folds 
tintin641: calls $1.50
*** FLOP *** [Qd 4d 5c]
tintin641: checks 
xcinaz: bets $1.31
tintin641: folds 
Uncalled bet ($1.31) returned to xcinaz
xcinaz collected $5.22 from pot
xcinaz: doesn't show hand 
*** SUMMARY ***
Total pot $5.50 | Rake $0.28 
Board [Qd 4d 5c]
Seat 3: mr.Jckpot
Seat 1: Evelexy1 (small blind) folded before Flop
Seat 5: tintin641 (big blind) folded on the Flop
Seat 6: xcinaz (button) collected ($5.22)



PokerStars Hand #254296918509:  Hold'em No Limit ($0.50/$1.00 USD) - 2025/01/10 16:47:46 WET [2025/01/10 11:47:46 ET]
Table 'Theemin II' 6-max Seat #5 is the button
Seat 6: xcinaz ($111.49 in chips) is sitting out
Seat 1: Evelexy1 ($100 in chips) 
Seat 5: tintin641 ($100 in chips) 
tintin641: posts small blind $0.50
xcinaz: is sitting out 
Evelexy1: posts big blind $1
*** HOLE CARDS ***
tintin641: raises $1.50 to $2.50
xcinaz leaves the table
Evelexy1: folds 
Uncalled bet ($1.50) returned to tintin641
tintin641 collected $2 from pot
tintin641: doesn't show hand 
*** SUMMARY ***
Total pot $2 | Rake $0 
Seat 6: xcinaz
Seat 1: Evelexy1 (big blind) folded before Flop
Seat 5: tintin641 (button) (small blind) collected ($2)



PokerStars Hand #254296920407:  Hold'em No Limit ($0.50/$1.00 USD) - 2025/01/10 16:47:53 WET [2025/01/10 11:47:53 ET]
Table 'Theemin II' 6-max Seat #1 is the button
Seat 1: Evelexy1 ($100 in chips) 
Seat 5: tintin641 ($101 in chips) 
Evelexy1: posts small blind $0.50
tintin641: posts big blind $1
*** HOLE CARDS ***
Evelexy1: folds 
Uncalled bet ($0.50) returned to tintin641
tintin641 collected $1 from pot
tintin641: doesn't show hand 
*** SUMMARY ***
Total pot $1 | Rake $0 
Seat 1: Evelexy1 (button) (small blind) folded before Flop
Seat 5: tintin641 (big blind) collected ($1)



PokerStars Hand #254296922087:  Hold'em No Limit ($0.50/$1.00 USD) - 2025/01/10 16:47:59 WET [2025/01/10 11:47:59 ET]
Table 'Theemin II' 6-max Seat #5 is the button
Seat 1: Evelexy1 ($100 in chips) 
Seat 5: tintin641 ($101.50 in chips) 
tintin641: posts small blind $0.50
Evelexy1: posts big blind $1
*** HOLE CARDS ***
tintin641: raises $1.50 to $2.50
Evelexy1: folds 
Uncalled bet ($1.50) returned to tintin641
tintin641 collected $2 from pot
tintin641: doesn't show hand 
*** SUMMARY ***
Total pot $2 | Rake $0 
Seat 1: Evelexy1 (big blind) folded before Flop
Seat 5: tintin641 (button) (small blind) collected ($2)



