PokerStars Hand #254303625553:  Hold'em No Limit ($0.50/$1.00 USD) - 2025/01/10 22:53:25 WET [2025/01/10 17:53:25 ET]
Table 'Klytaemnestra III' 6-max Seat #2 is the button
Seat 1: ReVeu710 ($100 in chips) is sitting out
Seat 2: EasyGamerrr ($100 in chips) 
Seat 3: andutu34 ($101.50 in chips) 
Seat 4: SorinS28 ($100 in chips) 
Seat 5: fabianovgl ($52.78 in chips) 
Seat 6: Gfoer ($100 in chips) 
andutu34: posts small blind $0.50
SorinS28: posts big blind $1
ReVeu710: sits out 
*** HOLE CARDS ***
fabianovgl: calls $1
Gfoer: folds 
EasyGamerrr: folds 
andutu34: folds 
SorinS28: raises $4 to $5
fabianovgl: calls $4
*** FLOP *** [Qs 2c Qc]
SorinS28: bets $4.99
fabianovgl: raises $4.99 to $9.98
SorinS28: calls $4.99
*** TURN *** [Qs 2c Qc] [Jc]
SorinS28: checks 
fabianovgl: bets $8
SorinS28: calls $8
*** RIVER *** [Qs 2c Qc Jc] [4h]
SorinS28: checks 
fabianovgl: checks 
*** SHOW DOWN ***
SorinS28: shows [Tc Ts] (two pair, Queens and Tens)
fabianovgl: mucks hand 
SorinS28 collected $44.14 from pot
*** SUMMARY ***
Total pot $46.46 | Rake $2.32 
Board [Qs 2c Qc Jc 4h]
Seat 1: ReVeu710
Seat 2: EasyGamerrr (button) folded before Flop (didn't bet)
Seat 3: andutu34 (small blind) folded before Flop
Seat 4: SorinS28 (big blind) showed [Tc Ts] and won ($44.14) with two pair, Queens and Tens
Seat 5: fabianovgl mucked
Seat 6: Gfoer folded before Flop (didn't bet)



PokerStars Hand #254303643493:  Hold'em No Limit ($0.50/$1.00 USD) - 2025/01/10 22:54:22 WET [2025/01/10 17:54:22 ET]
Table 'Klytaemnestra III' 6-max Seat #3 is the button
Seat 1: ReVeu710 ($100 in chips) is sitting out
Seat 2: EasyGamerrr ($100 in chips) 
Seat 3: andutu34 ($101 in chips) 
Seat 4: SorinS28 ($121.16 in chips) 
Seat 5: fabianovgl ($29.80 in chips) 
Seat 6: Gfoer ($100 in chips) 
SorinS28: posts small blind $0.50
fabianovgl: posts big blind $1
ReVeu710: sits out 
*** HOLE CARDS ***
Gfoer: folds 
EasyGamerrr: folds 
andutu34: folds 
SorinS28: raises $2 to $3
fabianovgl: folds 
Uncalled bet ($2) returned to SorinS28
SorinS28 collected $2 from pot
SorinS28: doesn't show hand 
*** SUMMARY ***
Total pot $2 | Rake $0 
Seat 1: ReVeu710
Seat 2: EasyGamerrr folded before Flop (didn't bet)
Seat 3: andutu34 (button) folded before Flop (didn't bet)
Seat 4: SorinS28 (small blind) collected ($2)
Seat 5: fabianovgl (big blind) folded before Flop
Seat 6: Gfoer folded before Flop (didn't bet)



PokerStars Hand #254303649354:  Hold'em No Limit ($0.50/$1.00 USD) - 2025/01/10 22:54:40 WET [2025/01/10 17:54:40 ET]
Table 'Klytaemnestra III' 6-max Seat #4 is the button
Seat 1: ReVeu710 ($100 in chips) is sitting out
Seat 2: EasyGamerrr ($100 in chips) 
Seat 3: andutu34 ($101 in chips) 
Seat 4: SorinS28 ($122.16 in chips) 
Seat 5: fabianovgl ($28.80 in chips) 
Seat 6: Gfoer ($100 in chips) 
fabianovgl: posts small blind $0.50
Gfoer: posts big blind $1
ReVeu710: sits out 
*** HOLE CARDS ***
EasyGamerrr: raises $1 to $2
andutu34: folds 
SorinS28: folds 
fabianovgl: calls $1.50
Gfoer: folds 
*** FLOP *** [Kd Qh 3d]
fabianovgl: bets $6
EasyGamerrr: raises $49.50 to $55.50
fabianovgl: calls $20.80 and is all-in
Uncalled bet ($28.70) returned to EasyGamerrr
*** TURN *** [Kd Qh 3d] [5s]
*** RIVER *** [Kd Qh 3d 5s] [9s]
*** SHOW DOWN ***
fabianovgl: shows [Td 7d] (high card King)
EasyGamerrr: shows [Ad 4d] (high card Ace)
EasyGamerrr collected $56.10 from pot
*** SUMMARY ***
Total pot $58.60 | Rake $2.50 
Board [Kd Qh 3d 5s 9s]
Seat 1: ReVeu710
Seat 2: EasyGamerrr showed [Ad 4d] and won ($56.10) with high card Ace
Seat 3: andutu34 folded before Flop (didn't bet)
Seat 4: SorinS28 (button) folded before Flop (didn't bet)
Seat 5: fabianovgl (small blind) showed [Td 7d] and lost with high card King
Seat 6: Gfoer (big blind) folded before Flop



PokerStars Hand #254303659434:  Hold'em No Limit ($0.50/$1.00 USD) - 2025/01/10 22:55:16 WET [2025/01/10 17:55:16 ET]
Table 'Klytaemnestra III' 6-max Seat #6 is the button
Seat 1: ReVeu710 ($100 in chips) is sitting out
Seat 5: fabianovgl ($0 in chips) is sitting out
Seat 2: EasyGamerrr ($127.30 in chips) 
Seat 3: andutu34 ($101 in chips) 
Seat 4: SorinS28 ($122.16 in chips) 
Seat 6: Gfoer ($100 in chips) 
EasyGamerrr: posts small blind $0.50
andutu34: posts big blind $1
*** HOLE CARDS ***
SorinS28: raises $1.30 to $2.30
Gfoer: folds 
EasyGamerrr: raises $8.70 to $11
andutu34: folds 
SorinS28: folds 
Uncalled bet ($8.70) returned to EasyGamerrr
EasyGamerrr collected $5.60 from pot
EasyGamerrr: doesn't show hand 
*** SUMMARY ***
Total pot $5.60 | Rake $0 
Seat 1: ReVeu710
Seat 5: fabianovgl
Seat 2: EasyGamerrr (small blind) collected ($5.60)
Seat 3: andutu34 (big blind) folded before Flop
Seat 4: SorinS28 folded before Flop
Seat 6: Gfoer (button) folded before Flop (didn't bet)



PokerStars Hand #254303665865:  Hold'em No Limit ($0.50/$1.00 USD) - 2025/01/10 22:55:44 WET [2025/01/10 17:55:44 ET]
Table 'Klytaemnestra III' 6-max Seat #3 is the button
Seat 2: EasyGamerrr ($130.60 in chips) is sitting out
Seat 5: fabianovgl ($0 in chips) is sitting out
Seat 6: Gfoer ($100 in chips) is sitting out
Seat 1: ReVeu710 ($100 in chips) 
Seat 3: andutu34 ($100 in chips) 
Seat 4: SorinS28 ($119.86 in chips) 
SorinS28: posts small blind $0.50
Gfoer: is sitting out 
ReVeu710: posts big blind $1
*** HOLE CARDS ***
EasyGamerrr leaves the table
andutu34: folds 
Gfoer leaves the table
SorinS28: raises $2 to $3
ReVeu710: folds 
Uncalled bet ($2) returned to SorinS28
SorinS28 collected $2 from pot
SorinS28: doesn't show hand 
*** SUMMARY ***
Total pot $2 | Rake $0 
Seat 2: EasyGamerrr
Seat 5: fabianovgl
Seat 6: Gfoer
Seat 1: ReVeu710 (big blind) folded before Flop
Seat 3: andutu34 (button) folded before Flop (didn't bet)
Seat 4: SorinS28 (small blind) collected ($2)



PokerStars Hand #254303669225:  Hold'em No Limit ($0.50/$1.00 USD) - 2025/01/10 22:55:59 WET [2025/01/10 17:55:59 ET]
Table 'Klytaemnestra III' 6-max Seat #1 is the button
Seat 3: andutu34 ($100 in chips) is sitting out
Seat 5: fabianovgl ($51.21 in chips) is sitting out
Seat 1: ReVeu710 ($100 in chips) 
Seat 4: SorinS28 ($120.86 in chips) 
ReVeu710: posts small blind $0.50
andutu34: is sitting out 
SorinS28: posts big blind $1
*** HOLE CARDS ***
ReVeu710: raises $2 to $3
SorinS28: calls $2
*** FLOP *** [6c 2s 5s]
SorinS28: checks 
ReVeu710: bets $3.48
SorinS28: folds 
Uncalled bet ($3.48) returned to ReVeu710
ReVeu710 collected $5.70 from pot
ReVeu710: doesn't show hand 
*** SUMMARY ***
Total pot $6 | Rake $0.30 
Board [6c 2s 5s]
Seat 3: andutu34
Seat 5: fabianovgl
Seat 1: ReVeu710 (button) (small blind) collected ($5.70)
Seat 4: SorinS28 (big blind) folded on the Flop



PokerStars Hand #254303674209:  Hold'em No Limit ($0.50/$1.00 USD) - 2025/01/10 22:56:20 WET [2025/01/10 17:56:20 ET]
Table 'Klytaemnestra III' 6-max Seat #4 is the button
Seat 5: fabianovgl ($51.21 in chips) is sitting out
Seat 1: ReVeu710 ($102.70 in chips) 
Seat 3: andutu34 ($100 in chips) 
Seat 4: SorinS28 ($117.86 in chips) 
ReVeu710: posts small blind $0.50
andutu34: posts big blind $1
*** HOLE CARDS ***
Manifestorr joins the table at seat #6 
SorinS28: folds 
ReVeu710: folds 
Uncalled bet ($0.50) returned to andutu34
andutu34 collected $1 from pot
andutu34: doesn't show hand 
*** SUMMARY ***
Total pot $1 | Rake $0 
Seat 5: fabianovgl
Seat 1: ReVeu710 (small blind) folded before Flop
Seat 3: andutu34 (big blind) collected ($1)
Seat 4: SorinS28 (button) folded before Flop (didn't bet)



PokerStars Hand #254303677286:  Hold'em No Limit ($0.50/$1.00 USD) - 2025/01/10 22:56:34 WET [2025/01/10 17:56:34 ET]
Table 'Klytaemnestra III' 6-max Seat #1 is the button
Seat 6: Manifestorr ($100 in chips) is sitting out
Seat 1: ReVeu710 ($102.20 in chips) 
Seat 3: andutu34 ($100.50 in chips) 
Seat 4: SorinS28 ($117.86 in chips) 
Seat 5: fabianovgl ($51.21 in chips) 
andutu34: posts small blind $0.50
SorinS28: posts big blind $1
fabianovgl: posts small & big blinds $1.50
Manifestorr: sits out 
*** HOLE CARDS ***
fabianovgl: raises $1 to $2
easy_sarcasm joins the table at seat #2 
ReVeu710: calls $2
andutu34: folds 
SorinS28: folds 
*** FLOP *** [6s 8c 3c]
fabianovgl: bets $5
ReVeu710: folds 
Uncalled bet ($5) returned to fabianovgl
fabianovgl collected $5.62 from pot
*** SUMMARY ***
Total pot $6 | Rake $0.38 
Board [6s 8c 3c]
Seat 6: Manifestorr
Seat 1: ReVeu710 (button) folded on the Flop
Seat 3: andutu34 (small blind) folded before Flop
Seat 4: SorinS28 (big blind) folded before Flop
Seat 5: fabianovgl collected ($5.62)



PokerStars Hand #254303684937:  Hold'em No Limit ($0.50/$1.00 USD) - 2025/01/10 22:57:07 WET [2025/01/10 17:57:07 ET]
Table 'Klytaemnestra III' 6-max Seat #3 is the button
Seat 2: easy_sarcasm ($100 in chips) is sitting out
Seat 6: Manifestorr ($100 in chips) is sitting out
Seat 1: ReVeu710 ($100.20 in chips) 
Seat 3: andutu34 ($100 in chips) 
Seat 4: SorinS28 ($116.86 in chips) 
Seat 5: fabianovgl ($54.33 in chips) 
SorinS28: posts small blind $0.50
fabianovgl: posts big blind $1
Manifestorr: sits out 
easy_sarcasm: sits out 
*** HOLE CARDS ***
ReVeu710: folds 
andutu34: folds 
SorinS28: folds 
Uncalled bet ($0.50) returned to fabianovgl
fabianovgl collected $1 from pot
*** SUMMARY ***
Total pot $1 | Rake $0 
Seat 2: easy_sarcasm
Seat 6: Manifestorr
Seat 1: ReVeu710 folded before Flop (didn't bet)
Seat 3: andutu34 (button) folded before Flop (didn't bet)
Seat 4: SorinS28 (small blind) folded before Flop
Seat 5: fabianovgl (big blind) collected ($1)



PokerStars Hand #254303686714:  Hold'em No Limit ($0.50/$1.00 USD) - 2025/01/10 22:57:14 WET [2025/01/10 17:57:14 ET]
Table 'Klytaemnestra III' 6-max Seat #4 is the button
Seat 2: easy_sarcasm ($100 in chips) is sitting out
Seat 1: ReVeu710 ($100.20 in chips) 
Seat 3: andutu34 ($100 in chips) 
Seat 4: SorinS28 ($116.36 in chips) 
Seat 5: fabianovgl ($54.83 in chips) 
Seat 6: Manifestorr ($100 in chips) 
fabianovgl: posts small blind $0.50
Manifestorr: posts big blind $1
easy_sarcasm: sits out 
*** HOLE CARDS ***
ReVeu710: raises $1 to $2
andutu34: folds 
SorinS28: folds 
fabianovgl: calls $1.50
Manifestorr: raises $12 to $14
ReVeu710: folds 
fabianovgl: calls $12
*** FLOP *** [Kd 4s 5c]
fabianovgl: checks 
Manifestorr: bets $9.41
fabianovgl: calls $9.41
*** TURN *** [Kd 4s 5c] [9s]
fabianovgl: checks 
Manifestorr: checks 
*** RIVER *** [Kd 4s 5c 9s] [Qd]
fabianovgl: bets $31.42 and is all-in
Manifestorr: calls $31.42
*** SHOW DOWN ***
fabianovgl: shows [Tc Jh] (a straight, Nine to King)
Manifestorr: shows [Qs Qc] (three of a kind, Queens)
fabianovgl collected $108.54 from pot
*** SUMMARY ***
Total pot $111.66 | Rake $3.12 
Board [Kd 4s 5c 9s Qd]
Seat 2: easy_sarcasm
Seat 1: ReVeu710 folded before Flop
Seat 3: andutu34 folded before Flop (didn't bet)
Seat 4: SorinS28 (button) folded before Flop (didn't bet)
Seat 5: fabianovgl (small blind) showed [Tc Jh] and won ($108.54) with a straight, Nine to King
Seat 6: Manifestorr (big blind) showed [Qs Qc] and lost with three of a kind, Queens



PokerStars Hand #254303698165:  Hold'em No Limit ($0.50/$1.00 USD) - 2025/01/10 22:58:03 WET [2025/01/10 17:58:03 ET]
Table 'Klytaemnestra III' 6-max Seat #5 is the button
Seat 2: easy_sarcasm ($100 in chips) is sitting out
Seat 1: ReVeu710 ($100 in chips) 
Seat 3: andutu34 ($100 in chips) 
Seat 4: SorinS28 ($116.36 in chips) 
Seat 5: fabianovgl ($108.54 in chips) 
Seat 6: Manifestorr ($100 in chips) 
Manifestorr: posts small blind $0.50
ReVeu710: posts big blind $1
easy_sarcasm: sits out 
*** HOLE CARDS ***
andutu34: folds 
SorinS28: folds 
fabianovgl: calls $1
Manifestorr: folds 
ReVeu710: raises $4 to $5
fabianovgl: folds 
Uncalled bet ($4) returned to ReVeu710
ReVeu710 collected $2.50 from pot
ReVeu710: doesn't show hand 
*** SUMMARY ***
Total pot $2.50 | Rake $0 
Seat 2: easy_sarcasm
Seat 1: ReVeu710 (big blind) collected ($2.50)
Seat 3: andutu34 folded before Flop (didn't bet)
Seat 4: SorinS28 folded before Flop (didn't bet)
Seat 5: fabianovgl (button) folded before Flop
Seat 6: Manifestorr (small blind) folded before Flop



PokerStars Hand #254303701805:  Hold'em No Limit ($0.50/$1.00 USD) - 2025/01/10 22:58:19 WET [2025/01/10 17:58:19 ET]
Table 'Klytaemnestra III' 6-max Seat #6 is the button
Seat 1: ReVeu710 ($101.50 in chips) 
Seat 2: easy_sarcasm ($100 in chips) 
Seat 3: andutu34 ($100 in chips) 
Seat 4: SorinS28 ($116.36 in chips) 
Seat 5: fabianovgl ($107.54 in chips) 
Seat 6: Manifestorr ($100 in chips) 
ReVeu710: posts small blind $0.50
easy_sarcasm: posts big blind $1
*** HOLE CARDS ***
andutu34: folds 
SorinS28: folds 
fabianovgl: calls $1
Manifestorr: raises $3 to $4
ReVeu710: folds 
easy_sarcasm: folds 
fabianovgl: folds 
Uncalled bet ($3) returned to Manifestorr
Manifestorr collected $3.50 from pot
*** SUMMARY ***
Total pot $3.50 | Rake $0 
Seat 1: ReVeu710 (small blind) folded before Flop
Seat 2: easy_sarcasm (big blind) folded before Flop
Seat 3: andutu34 folded before Flop (didn't bet)
Seat 4: SorinS28 folded before Flop (didn't bet)
Seat 5: fabianovgl folded before Flop
Seat 6: Manifestorr (button) collected ($3.50)



PokerStars Hand #254303707365:  Hold'em No Limit ($0.50/$1.00 USD) - 2025/01/10 22:58:43 WET [2025/01/10 17:58:43 ET]
Table 'Klytaemnestra III' 6-max Seat #1 is the button
Seat 1: ReVeu710 ($101 in chips) 
Seat 2: easy_sarcasm ($100 in chips) 
Seat 3: andutu34 ($100 in chips) 
Seat 4: SorinS28 ($116.36 in chips) 
Seat 5: fabianovgl ($106.54 in chips) 
Seat 6: Manifestorr ($102.50 in chips) 
easy_sarcasm: posts small blind $0.50
andutu34: posts big blind $1
*** HOLE CARDS ***
SorinS28: folds 
fabianovgl: calls $1
Manifestorr: raises $3 to $4
ReVeu710: folds 
easy_sarcasm: folds 
andutu34: folds 
fabianovgl: calls $3
*** FLOP *** [Kd 5c 3d]
fabianovgl: checks 
Manifestorr: bets $4.51
fabianovgl: calls $4.51
*** TURN *** [Kd 5c 3d] [Ah]
fabianovgl: bets $26
Manifestorr: folds 
Uncalled bet ($26) returned to fabianovgl
fabianovgl collected $17.36 from pot
*** SUMMARY ***
Total pot $18.52 | Rake $1.16 
Board [Kd 5c 3d Ah]
Seat 1: ReVeu710 (button) folded before Flop (didn't bet)
Seat 2: easy_sarcasm (small blind) folded before Flop
Seat 3: andutu34 (big blind) folded before Flop
Seat 4: SorinS28 folded before Flop (didn't bet)
Seat 5: fabianovgl collected ($17.36)
Seat 6: Manifestorr folded on the Turn



PokerStars Hand #254303715386:  Hold'em No Limit ($0.50/$1.00 USD) - 2025/01/10 22:59:18 WET [2025/01/10 17:59:18 ET]
Table 'Klytaemnestra III' 6-max Seat #2 is the button
Seat 1: ReVeu710 ($101 in chips) 
Seat 2: easy_sarcasm ($100 in chips) 
Seat 3: andutu34 ($100 in chips) 
Seat 4: SorinS28 ($116.36 in chips) 
Seat 5: fabianovgl ($115.39 in chips) 
Seat 6: Manifestorr ($100 in chips) 
andutu34: posts small blind $0.50
SorinS28: posts big blind $1
*** HOLE CARDS ***
fabianovgl: calls $1
Manifestorr: raises $3 to $4
ReVeu710: folds 
easy_sarcasm: raises $8 to $12
andutu34: folds 
SorinS28: folds 
fabianovgl: folds 
Manifestorr: folds 
Uncalled bet ($8) returned to easy_sarcasm
easy_sarcasm collected $10.50 from pot
*** SUMMARY ***
Total pot $10.50 | Rake $0 
Seat 1: ReVeu710 folded before Flop (didn't bet)
Seat 2: easy_sarcasm (button) collected ($10.50)
Seat 3: andutu34 (small blind) folded before Flop
Seat 4: SorinS28 (big blind) folded before Flop
Seat 5: fabianovgl folded before Flop
Seat 6: Manifestorr folded before Flop



PokerStars Hand #254303724848:  Hold'em No Limit ($0.50/$1.00 USD) - 2025/01/10 22:59:59 WET [2025/01/10 17:59:59 ET]
Table 'Klytaemnestra III' 6-max Seat #3 is the button
Seat 1: ReVeu710 ($101 in chips) is sitting out
Seat 2: easy_sarcasm ($106.50 in chips) 
Seat 3: andutu34 ($100 in chips) 
Seat 4: SorinS28 ($115.36 in chips) 
Seat 5: fabianovgl ($114.39 in chips) 
Seat 6: Manifestorr ($100 in chips) 
SorinS28: posts small blind $0.50
fabianovgl: posts big blind $1
*** HOLE CARDS ***
Manifestorr: folds 
easy_sarcasm: folds 
andutu34: folds 
SorinS28: folds 
Uncalled bet ($0.50) returned to fabianovgl
fabianovgl collected $1 from pot
*** SUMMARY ***
Total pot $1 | Rake $0 
Seat 1: ReVeu710
Seat 2: easy_sarcasm folded before Flop (didn't bet)
Seat 3: andutu34 (button) folded before Flop (didn't bet)
Seat 4: SorinS28 (small blind) folded before Flop
Seat 5: fabianovgl (big blind) collected ($1)
Seat 6: Manifestorr folded before Flop (didn't bet)



PokerStars Hand #254303727103:  Hold'em No Limit ($0.50/$1.00 USD) - 2025/01/10 23:00:08 WET [2025/01/10 18:00:08 ET]
Table 'Klytaemnestra III' 6-max Seat #4 is the button
Seat 1: ReVeu710 ($101 in chips) is sitting out
Seat 2: easy_sarcasm ($106.50 in chips) 
Seat 3: andutu34 ($100 in chips) 
Seat 4: SorinS28 ($114.86 in chips) 
Seat 5: fabianovgl ($114.89 in chips) 
Seat 6: Manifestorr ($100 in chips) 
fabianovgl: posts small blind $0.50
Manifestorr: posts big blind $1
*** HOLE CARDS ***
easy_sarcasm: folds 
andutu34: folds 
SorinS28: raises $1.50 to $2.50
fabianovgl: raises $1.50 to $4
Manifestorr: folds 
SorinS28: calls $1.50
*** FLOP *** [6s 4c Th]
fabianovgl: bets $20
SorinS28: folds 
Uncalled bet ($20) returned to fabianovgl
fabianovgl collected $8.44 from pot
*** SUMMARY ***
Total pot $9 | Rake $0.56 
Board [6s 4c Th]
Seat 1: ReVeu710
Seat 2: easy_sarcasm folded before Flop (didn't bet)
Seat 3: andutu34 folded before Flop (didn't bet)
Seat 4: SorinS28 (button) folded on the Flop
Seat 5: fabianovgl (small blind) collected ($8.44)
Seat 6: Manifestorr (big blind) folded before Flop



PokerStars Hand #254303739426:  Hold'em No Limit ($0.50/$1.00 USD) - 2025/01/10 23:00:58 WET [2025/01/10 18:00:58 ET]
Table 'Klytaemnestra III' 6-max Seat #5 is the button
Seat 1: ReVeu710 ($101 in chips) is sitting out
Seat 2: easy_sarcasm ($106.50 in chips) 
Seat 3: andutu34 ($100 in chips) 
Seat 4: SorinS28 ($110.86 in chips) 
Seat 5: fabianovgl ($119.33 in chips) 
Seat 6: Manifestorr ($100 in chips) 
Manifestorr: posts small blind $0.50
easy_sarcasm: posts big blind $1
*** HOLE CARDS ***
andutu34: raises $1 to $2
SorinS28: folds 
fabianovgl: calls $2
Manifestorr: folds 
easy_sarcasm: folds 
*** FLOP *** [3h Qd 9d]
andutu34: bets $2.61
fabianovgl: calls $2.61
*** TURN *** [3h Qd 9d] [6h]
andutu34: bets $10.28
fabianovgl: calls $10.28
*** RIVER *** [3h Qd 9d 6h] [Qc]
andutu34: checks 
fabianovgl: bets $4
andutu34: folds 
Uncalled bet ($4) returned to fabianovgl
fabianovgl collected $29.33 from pot
*** SUMMARY ***
Total pot $31.28 | Rake $1.95 
Board [3h Qd 9d 6h Qc]
Seat 1: ReVeu710
Seat 2: easy_sarcasm (big blind) folded before Flop
Seat 3: andutu34 folded on the River
Seat 4: SorinS28 folded before Flop (didn't bet)
Seat 5: fabianovgl (button) collected ($29.33)
Seat 6: Manifestorr (small blind) folded before Flop



PokerStars Hand #254303754156:  Hold'em No Limit ($0.50/$1.00 USD) - 2025/01/10 23:01:50 WET [2025/01/10 18:01:50 ET]
Table 'Klytaemnestra III' 6-max Seat #6 is the button
Seat 1: ReVeu710 ($101 in chips) is sitting out
Seat 2: easy_sarcasm ($105.50 in chips) 
Seat 3: andutu34 ($100 in chips) 
Seat 4: SorinS28 ($110.86 in chips) 
Seat 5: fabianovgl ($133.77 in chips) 
Seat 6: Manifestorr ($100 in chips) 
easy_sarcasm: posts small blind $0.50
andutu34: posts big blind $1
*** HOLE CARDS ***
SorinS28: folds 
fabianovgl: calls $1
Manifestorr: folds 
easy_sarcasm: calls $0.50
andutu34: checks 
*** FLOP *** [7c 8c Ac]
easy_sarcasm: bets $1.43
andutu34: folds 
fabianovgl: folds 
Uncalled bet ($1.43) returned to easy_sarcasm
easy_sarcasm collected $2.85 from pot
*** SUMMARY ***
Total pot $3 | Rake $0.15 
Board [7c 8c Ac]
Seat 1: ReVeu710
Seat 2: easy_sarcasm (small blind) collected ($2.85)
Seat 3: andutu34 (big blind) folded on the Flop
Seat 4: SorinS28 folded before Flop (didn't bet)
Seat 5: fabianovgl folded on the Flop
Seat 6: Manifestorr (button) folded before Flop (didn't bet)



PokerStars Hand #254303760904:  Hold'em No Limit ($0.50/$1.00 USD) - 2025/01/10 23:02:11 WET [2025/01/10 18:02:11 ET]
Table 'Klytaemnestra III' 6-max Seat #2 is the button
Seat 1: ReVeu710 ($101 in chips) is sitting out
Seat 2: easy_sarcasm ($107.35 in chips) 
Seat 3: andutu34 ($100 in chips) 
Seat 4: SorinS28 ($110.86 in chips) 
Seat 5: fabianovgl ($132.77 in chips) 
Seat 6: Manifestorr ($100 in chips) 
andutu34: posts small blind $0.50
SorinS28: posts big blind $1
*** HOLE CARDS ***
fabianovgl: folds 
Manifestorr: raises $1.20 to $2.20
easy_sarcasm: folds 
andutu34: folds 
SorinS28: calls $1.20
*** FLOP *** [4s Qs 2s]
SorinS28: checks 
Manifestorr: checks 
*** TURN *** [4s Qs 2s] [2d]
SorinS28: checks 
Manifestorr: bets $1.54
SorinS28: calls $1.54
*** RIVER *** [4s Qs 2s 2d] [Ks]
SorinS28: checks 
Manifestorr: checks 
*** SHOW DOWN ***
SorinS28: shows [3s 3h] (a flush, King high)
Manifestorr: mucks hand 
SorinS28 collected $7.58 from pot
*** SUMMARY ***
Total pot $7.98 | Rake $0.40 
Board [4s Qs 2s 2d Ks]
Seat 1: ReVeu710
Seat 2: easy_sarcasm (button) folded before Flop (didn't bet)
Seat 3: andutu34 (small blind) folded before Flop
Seat 4: SorinS28 (big blind) showed [3s 3h] and won ($7.58) with a flush, King high
Seat 5: fabianovgl folded before Flop (didn't bet)
Seat 6: Manifestorr mucked



PokerStars Hand #254303779539:  Hold'em No Limit ($0.50/$1.00 USD) - 2025/01/10 23:03:13 WET [2025/01/10 18:03:13 ET]
Table 'Klytaemnestra III' 6-max Seat #3 is the button
Seat 1: ReVeu710 ($101 in chips) is sitting out
Seat 2: easy_sarcasm ($107.35 in chips) 
Seat 3: andutu34 ($100 in chips) 
Seat 4: SorinS28 ($114.70 in chips) 
Seat 5: fabianovgl ($132.77 in chips) 
Seat 6: Manifestorr ($100 in chips) 
SorinS28: posts small blind $0.50
fabianovgl: posts big blind $1
*** HOLE CARDS ***
Manifestorr: folds 
easy_sarcasm: raises $2 to $3
andutu34: calls $3
SorinS28: folds 
fabianovgl: folds 
*** FLOP *** [3s Ac Kh]
easy_sarcasm: bets $3
andutu34: folds 
Uncalled bet ($3) returned to easy_sarcasm
easy_sarcasm collected $7.12 from pot
*** SUMMARY ***
Total pot $7.50 | Rake $0.38 
Board [3s Ac Kh]
Seat 1: ReVeu710
Seat 2: easy_sarcasm collected ($7.12)
Seat 3: andutu34 (button) folded on the Flop
Seat 4: SorinS28 (small blind) folded before Flop
Seat 5: fabianovgl (big blind) folded before Flop
Seat 6: Manifestorr folded before Flop (didn't bet)



PokerStars Hand #254303787513:  Hold'em No Limit ($0.50/$1.00 USD) - 2025/01/10 23:03:39 WET [2025/01/10 18:03:39 ET]
Table 'Klytaemnestra III' 6-max Seat #4 is the button
Seat 1: ReVeu710 ($101 in chips) is sitting out
Seat 2: easy_sarcasm ($111.47 in chips) 
Seat 3: andutu34 ($100 in chips) 
Seat 4: SorinS28 ($114.20 in chips) 
Seat 5: fabianovgl ($131.77 in chips) 
Seat 6: Manifestorr ($100 in chips) 
fabianovgl: posts small blind $0.50
Manifestorr: posts big blind $1
*** HOLE CARDS ***
easy_sarcasm: raises $2 to $3
andutu34: folds 
SorinS28: folds 
fabianovgl: folds 
Manifestorr: calls $2
*** FLOP *** [7c Tc 9h]
Manifestorr: checks 
easy_sarcasm: bets $3.50
Manifestorr: folds 
Uncalled bet ($3.50) returned to easy_sarcasm
easy_sarcasm collected $6.18 from pot
*** SUMMARY ***
Total pot $6.50 | Rake $0.32 
Board [7c Tc 9h]
Seat 1: ReVeu710
Seat 2: easy_sarcasm collected ($6.18)
Seat 3: andutu34 folded before Flop (didn't bet)
Seat 4: SorinS28 (button) folded before Flop (didn't bet)
Seat 5: fabianovgl (small blind) folded before Flop
Seat 6: Manifestorr (big blind) folded on the Flop



PokerStars Hand #254303794677:  Hold'em No Limit ($0.50/$1.00 USD) - 2025/01/10 23:04:02 WET [2025/01/10 18:04:02 ET]
Table 'Klytaemnestra III' 6-max Seat #5 is the button
Seat 1: ReVeu710 ($101 in chips) is sitting out
Seat 2: easy_sarcasm ($114.65 in chips) 
Seat 3: andutu34 ($100 in chips) 
Seat 4: SorinS28 ($114.20 in chips) 
Seat 5: fabianovgl ($131.27 in chips) 
Seat 6: Manifestorr ($100 in chips) 
Manifestorr: posts small blind $0.50
easy_sarcasm: posts big blind $1
*** HOLE CARDS ***
andutu34: raises $1 to $2
SorinS28: folds 
fabianovgl: calls $2
Manifestorr: folds 
easy_sarcasm: folds 
*** FLOP *** [Jh 9h As]
andutu34: checks 
fabianovgl: bets $11
andutu34: folds 
Uncalled bet ($11) returned to fabianovgl
fabianovgl collected $5.15 from pot
*** SUMMARY ***
Total pot $5.50 | Rake $0.35 
Board [Jh 9h As]
Seat 1: ReVeu710
Seat 2: easy_sarcasm (big blind) folded before Flop
Seat 3: andutu34 folded on the Flop
Seat 4: SorinS28 folded before Flop (didn't bet)
Seat 5: fabianovgl (button) collected ($5.15)
Seat 6: Manifestorr (small blind) folded before Flop



PokerStars Hand #254303802807:  Hold'em No Limit ($0.50/$1.00 USD) - 2025/01/10 23:04:28 WET [2025/01/10 18:04:28 ET]
Table 'Klytaemnestra III' 6-max Seat #6 is the button
Seat 1: ReVeu710 ($101 in chips) is sitting out
Seat 2: easy_sarcasm ($113.65 in chips) 
Seat 3: andutu34 ($100 in chips) 
Seat 4: SorinS28 ($114.20 in chips) 
Seat 5: fabianovgl ($134.42 in chips) 
Seat 6: Manifestorr ($100 in chips) 
easy_sarcasm: posts small blind $0.50
andutu34: posts big blind $1
*** HOLE CARDS ***
SorinS28: raises $1.02 to $2.02
fabianovgl: folds 
Manifestorr: folds 
easy_sarcasm: folds 
andutu34: calls $1.02
*** FLOP *** [4s Jd 7c]
andutu34: checks 
SorinS28: checks 
*** TURN *** [4s Jd 7c] [5d]
andutu34: checks 
SorinS28: checks 
*** RIVER *** [4s Jd 7c 5d] [2s]
andutu34: bets $3.23
SorinS28: folds 
Uncalled bet ($3.23) returned to andutu34
andutu34 collected $4.31 from pot
andutu34: doesn't show hand 
*** SUMMARY ***
Total pot $4.54 | Rake $0.23 
Board [4s Jd 7c 5d 2s]
Seat 1: ReVeu710
Seat 2: easy_sarcasm (small blind) folded before Flop
Seat 3: andutu34 (big blind) collected ($4.31)
Seat 4: SorinS28 folded on the River
Seat 5: fabianovgl folded before Flop (didn't bet)
Seat 6: Manifestorr (button) folded before Flop (didn't bet)



PokerStars Hand #254303826732:  Hold'em No Limit ($0.50/$1.00 USD) - 2025/01/10 23:05:45 WET [2025/01/10 18:05:45 ET]
Table 'Klytaemnestra III' 6-max Seat #2 is the button
Seat 1: ReVeu710 ($101 in chips) is sitting out
Seat 2: easy_sarcasm ($113.15 in chips) 
Seat 3: andutu34 ($102.29 in chips) 
Seat 4: SorinS28 ($112.18 in chips) 
Seat 5: fabianovgl ($134.42 in chips) 
Seat 6: Manifestorr ($100 in chips) 
andutu34: posts small blind $0.50
SorinS28: posts big blind $1
ReVeu710: sits out 
*** HOLE CARDS ***
fabianovgl: calls $1
Manifestorr: folds 
easy_sarcasm: folds 
andutu34: calls $0.50
SorinS28: checks 
*** FLOP *** [5d 3c 5c]
andutu34: checks 
SorinS28: checks 
fabianovgl: bets $2
andutu34: calls $2
SorinS28: folds 
*** TURN *** [5d 3c 5c] [9h]
andutu34: checks 
fabianovgl: bets $2
andutu34: calls $2
*** RIVER *** [5d 3c 5c 9h] [Td]
andutu34: checks 
fabianovgl: bets $5
andutu34: calls $5
*** SHOW DOWN ***
fabianovgl: shows [2h 3d] (two pair, Fives and Threes)
andutu34: shows [7d 7h] (two pair, Sevens and Fives)
andutu34 collected $19.95 from pot
*** SUMMARY ***
Total pot $21 | Rake $1.05 
Board [5d 3c 5c 9h Td]
Seat 1: ReVeu710
Seat 2: easy_sarcasm (button) folded before Flop (didn't bet)
Seat 3: andutu34 (small blind) showed [7d 7h] and won ($19.95) with two pair, Sevens and Fives
Seat 4: SorinS28 (big blind) folded on the Flop
Seat 5: fabianovgl showed [2h 3d] and lost with two pair, Fives and Threes
Seat 6: Manifestorr folded before Flop (didn't bet)



PokerStars Hand #254303858255:  Hold'em No Limit ($0.50/$1.00 USD) - 2025/01/10 23:07:25 WET [2025/01/10 18:07:25 ET]
Table 'Klytaemnestra III' 6-max Seat #3 is the button
Seat 1: ReVeu710 ($101 in chips) is sitting out
Seat 2: easy_sarcasm ($113.15 in chips) 
Seat 3: andutu34 ($112.24 in chips) 
Seat 4: SorinS28 ($111.18 in chips) 
Seat 5: fabianovgl ($124.42 in chips) 
Seat 6: Manifestorr ($100 in chips) 
SorinS28: posts small blind $0.50
fabianovgl: posts big blind $1
ReVeu710: sits out 
*** HOLE CARDS ***
Manifestorr: folds 
easy_sarcasm: raises $2 to $3
andutu34: folds 
SorinS28: folds 
fabianovgl: calls $2
*** FLOP *** [6s Ac 8d]
fabianovgl: bets $3
easy_sarcasm: folds 
Uncalled bet ($3) returned to fabianovgl
fabianovgl collected $6.10 from pot
*** SUMMARY ***
Total pot $6.50 | Rake $0.40 
Board [6s Ac 8d]
Seat 1: ReVeu710
Seat 2: easy_sarcasm folded on the Flop
Seat 3: andutu34 (button) folded before Flop (didn't bet)
Seat 4: SorinS28 (small blind) folded before Flop
Seat 5: fabianovgl (big blind) collected ($6.10)
Seat 6: Manifestorr folded before Flop (didn't bet)



PokerStars Hand #254303865943:  Hold'em No Limit ($0.50/$1.00 USD) - 2025/01/10 23:07:50 WET [2025/01/10 18:07:50 ET]
Table 'Klytaemnestra III' 6-max Seat #4 is the button
Seat 1: ReVeu710 ($101 in chips) is sitting out
Seat 2: easy_sarcasm ($110.15 in chips) 
Seat 3: andutu34 ($112.24 in chips) 
Seat 4: SorinS28 ($110.68 in chips) 
Seat 5: fabianovgl ($127.52 in chips) 
Seat 6: Manifestorr ($100 in chips) 
fabianovgl: posts small blind $0.50
Manifestorr: posts big blind $1
ReVeu710: sits out 
*** HOLE CARDS ***
easy_sarcasm: folds 
andutu34: folds 
SorinS28: raises $1.50 to $2.50
fabianovgl: calls $2
Manifestorr: folds 
*** FLOP *** [8d Jc Qh]
fabianovgl: bets $3
SorinS28: calls $3
*** TURN *** [8d Jc Qh] [7s]
fabianovgl: bets $10
SorinS28: calls $10
*** RIVER *** [8d Jc Qh 7s] [Jh]
fabianovgl: bets $5
SorinS28: folds 
Uncalled bet ($5) returned to fabianovgl
fabianovgl collected $30 from pot
*** SUMMARY ***
Total pot $32 | Rake $2 
Board [8d Jc Qh 7s Jh]
Seat 1: ReVeu710
Seat 2: easy_sarcasm folded before Flop (didn't bet)
Seat 3: andutu34 folded before Flop (didn't bet)
Seat 4: SorinS28 (button) folded on the River
Seat 5: fabianovgl (small blind) collected ($30)
Seat 6: Manifestorr (big blind) folded before Flop



PokerStars Hand #254303887356:  Hold'em No Limit ($0.50/$1.00 USD) - 2025/01/10 23:08:59 WET [2025/01/10 18:08:59 ET]
Table 'Klytaemnestra III' 6-max Seat #5 is the button
Seat 1: ReVeu710 ($101 in chips) 
Seat 2: easy_sarcasm ($110.15 in chips) 
Seat 3: andutu34 ($112.24 in chips) 
Seat 4: SorinS28 ($100 in chips) 
Seat 5: fabianovgl ($142.02 in chips) 
Seat 6: Manifestorr ($100 in chips) 
Manifestorr: posts small blind $0.50
ReVeu710: posts big blind $1
*** HOLE CARDS ***
easy_sarcasm: folds 
andutu34: folds 
SorinS28: folds 
fabianovgl: calls $1
Manifestorr: folds 
ReVeu710: raises $4 to $5
fabianovgl: calls $4
*** FLOP *** [3c 2h Kh]
ReVeu710: checks 
fabianovgl: bets $10
ReVeu710: folds 
Uncalled bet ($10) returned to fabianovgl
fabianovgl collected $9.85 from pot
*** SUMMARY ***
Total pot $10.50 | Rake $0.65 
Board [3c 2h Kh]
Seat 1: ReVeu710 (big blind) folded on the Flop
Seat 2: easy_sarcasm folded before Flop (didn't bet)
Seat 3: andutu34 folded before Flop (didn't bet)
Seat 4: SorinS28 folded before Flop (didn't bet)
Seat 5: fabianovgl (button) collected ($9.85)
Seat 6: Manifestorr (small blind) folded before Flop



PokerStars Hand #254303895478:  Hold'em No Limit ($0.50/$1.00 USD) - 2025/01/10 23:09:25 WET [2025/01/10 18:09:25 ET]
Table 'Klytaemnestra III' 6-max Seat #6 is the button
Seat 1: ReVeu710 ($100 in chips) 
Seat 2: easy_sarcasm ($110.15 in chips) 
Seat 3: andutu34 ($112.24 in chips) 
Seat 4: SorinS28 ($100 in chips) 
Seat 5: fabianovgl ($146.87 in chips) 
Seat 6: Manifestorr ($100 in chips) 
ReVeu710: posts small blind $0.50
easy_sarcasm: posts big blind $1
*** HOLE CARDS ***
andutu34: folds 
SorinS28: folds 
fabianovgl: calls $1
Manifestorr: raises $3.50 to $4.50
ReVeu710: folds 
easy_sarcasm: folds 
fabianovgl: calls $3.50
*** FLOP *** [8d 9c 5d]
fabianovgl: bets $4
Manifestorr: folds 
Uncalled bet ($4) returned to fabianovgl
fabianovgl collected $9.85 from pot
*** SUMMARY ***
Total pot $10.50 | Rake $0.65 
Board [8d 9c 5d]
Seat 1: ReVeu710 (small blind) folded before Flop
Seat 2: easy_sarcasm (big blind) folded before Flop
Seat 3: andutu34 folded before Flop (didn't bet)
Seat 4: SorinS28 folded before Flop (didn't bet)
Seat 5: fabianovgl collected ($9.85)
Seat 6: Manifestorr (button) folded on the Flop



PokerStars Hand #254303904881:  Hold'em No Limit ($0.50/$1.00 USD) - 2025/01/10 23:09:56 WET [2025/01/10 18:09:56 ET]
Table 'Klytaemnestra III' 6-max Seat #1 is the button
Seat 1: ReVeu710 ($100 in chips) 
Seat 2: easy_sarcasm ($109.15 in chips) 
Seat 3: andutu34 ($112.24 in chips) 
Seat 4: SorinS28 ($100 in chips) 
Seat 5: fabianovgl ($152.22 in chips) 
Seat 6: Manifestorr ($100 in chips) 
easy_sarcasm: posts small blind $0.50
andutu34: posts big blind $1
*** HOLE CARDS ***
SorinS28: folds 
fabianovgl: calls $1
Manifestorr: raises $1.20 to $2.20
ReVeu710: folds 
easy_sarcasm: folds 
andutu34: folds 
fabianovgl: calls $1.20
*** FLOP *** [9h Qs Kd]
fabianovgl: bets $4
Manifestorr: folds 
Uncalled bet ($4) returned to fabianovgl
fabianovgl collected $5.52 from pot
*** SUMMARY ***
Total pot $5.90 | Rake $0.38 
Board [9h Qs Kd]
Seat 1: ReVeu710 (button) folded before Flop (didn't bet)
Seat 2: easy_sarcasm (small blind) folded before Flop
Seat 3: andutu34 (big blind) folded before Flop
Seat 4: SorinS28 folded before Flop (didn't bet)
Seat 5: fabianovgl collected ($5.52)
Seat 6: Manifestorr folded on the Flop



PokerStars Hand #254303910458:  Hold'em No Limit ($0.50/$1.00 USD) - 2025/01/10 23:10:14 WET [2025/01/10 18:10:14 ET]
Table 'Klytaemnestra III' 6-max Seat #2 is the button
Seat 1: ReVeu710 ($100 in chips) 
Seat 2: easy_sarcasm ($108.65 in chips) 
Seat 3: andutu34 ($111.24 in chips) 
Seat 4: SorinS28 ($100 in chips) 
Seat 5: fabianovgl ($155.54 in chips) 
Seat 6: Manifestorr ($100 in chips) 
andutu34: posts small blind $0.50
SorinS28: posts big blind $1
*** HOLE CARDS ***
fabianovgl: calls $1
Manifestorr: raises $3 to $4
ReVeu710: raises $7 to $11
easy_sarcasm: folds 
andutu34: folds 
SorinS28: folds 
fabianovgl: calls $10
Manifestorr: calls $7
*** FLOP *** [Ah 8h 9d]
fabianovgl: bets $9
Manifestorr: folds 
ReVeu710: folds 
Uncalled bet ($9) returned to fabianovgl
fabianovgl collected $32.35 from pot
*** SUMMARY ***
Total pot $34.50 | Rake $2.15 
Board [Ah 8h 9d]
Seat 1: ReVeu710 folded on the Flop
Seat 2: easy_sarcasm (button) folded before Flop (didn't bet)
Seat 3: andutu34 (small blind) folded before Flop
Seat 4: SorinS28 (big blind) folded before Flop
Seat 5: fabianovgl collected ($32.35)
Seat 6: Manifestorr folded on the Flop



PokerStars Hand #254303922913:  Hold'em No Limit ($0.50/$1.00 USD) - 2025/01/10 23:10:54 WET [2025/01/10 18:10:54 ET]
Table 'Klytaemnestra III' 6-max Seat #3 is the button
Seat 1: ReVeu710 ($100 in chips) 
Seat 2: easy_sarcasm ($108.65 in chips) 
Seat 3: andutu34 ($110.74 in chips) 
Seat 4: SorinS28 ($100 in chips) 
Seat 5: fabianovgl ($176.89 in chips) 
Seat 6: Manifestorr ($100 in chips) 
SorinS28: posts small blind $0.50
fabianovgl: posts big blind $1
*** HOLE CARDS ***
Manifestorr: folds 
ReVeu710: folds 
easy_sarcasm: raises $2 to $3
andutu34: folds 
SorinS28: folds 
fabianovgl: calls $2
*** FLOP *** [Jh 9d Kd]
fabianovgl: bets $3
easy_sarcasm: calls $3
*** TURN *** [Jh 9d Kd] [Jc]
fabianovgl: bets $4
easy_sarcasm: calls $4
*** RIVER *** [Jh 9d Kd Jc] [2c]
fabianovgl: bets $49
easy_sarcasm: folds 
Uncalled bet ($49) returned to fabianovgl
fabianovgl collected $19.22 from pot
*** SUMMARY ***
Total pot $20.50 | Rake $1.28 
Board [Jh 9d Kd Jc 2c]
Seat 1: ReVeu710 folded before Flop (didn't bet)
Seat 2: easy_sarcasm folded on the River
Seat 3: andutu34 (button) folded before Flop (didn't bet)
Seat 4: SorinS28 (small blind) folded before Flop
Seat 5: fabianovgl (big blind) collected ($19.22)
Seat 6: Manifestorr folded before Flop (didn't bet)



PokerStars Hand #254303934733:  Hold'em No Limit ($0.50/$1.00 USD) - 2025/01/10 23:11:32 WET [2025/01/10 18:11:32 ET]
Table 'Klytaemnestra III' 6-max Seat #4 is the button
Seat 1: ReVeu710 ($100 in chips) 
Seat 2: easy_sarcasm ($100 in chips) 
Seat 3: andutu34 ($110.74 in chips) 
Seat 4: SorinS28 ($100 in chips) 
Seat 5: fabianovgl ($186.11 in chips) 
Seat 6: Manifestorr ($100 in chips) 
fabianovgl: posts small blind $0.50
Manifestorr: posts big blind $1
*** HOLE CARDS ***
ReVeu710: folds 
easy_sarcasm: raises $2 to $3
andutu34: folds 
SorinS28: folds 
fabianovgl: calls $2.50
Manifestorr: calls $2
*** FLOP *** [4h 9d Ah]
fabianovgl: bets $4
Manifestorr: folds 
easy_sarcasm: calls $4
*** TURN *** [4h 9d Ah] [5d]
fabianovgl: bets $11
easy_sarcasm: calls $11
*** RIVER *** [4h 9d Ah 5d] [5c]
fabianovgl: bets $31
easy_sarcasm: calls $31
*** SHOW DOWN ***
fabianovgl: shows [5h Qs] (three of a kind, Fives)
easy_sarcasm: mucks hand 
fabianovgl collected $97.88 from pot
*** SUMMARY ***
Total pot $101 | Rake $3.12 
Board [4h 9d Ah 5d 5c]
Seat 1: ReVeu710 folded before Flop (didn't bet)
Seat 2: easy_sarcasm mucked
Seat 3: andutu34 folded before Flop (didn't bet)
Seat 4: SorinS28 (button) folded before Flop (didn't bet)
Seat 5: fabianovgl (small blind) showed [5h Qs] and won ($97.88) with three of a kind, Fives
Seat 6: Manifestorr (big blind) folded on the Flop



PokerStars Hand #254303947863:  Hold'em No Limit ($0.50/$1.00 USD) - 2025/01/10 23:12:15 WET [2025/01/10 18:12:15 ET]
Table 'Klytaemnestra III' 6-max Seat #5 is the button
Seat 1: ReVeu710 ($100 in chips) 
Seat 2: easy_sarcasm ($100 in chips) 
Seat 3: andutu34 ($110.74 in chips) 
Seat 4: SorinS28 ($100 in chips) 
Seat 5: fabianovgl ($234.99 in chips) 
Seat 6: Manifestorr ($100 in chips) 
Manifestorr: posts small blind $0.50
ReVeu710: posts big blind $1
*** HOLE CARDS ***
easy_sarcasm: folds 
andutu34: folds 
SorinS28: folds 
fabianovgl: calls $1
Manifestorr: raises $4 to $5
ReVeu710: calls $4
fabianovgl: calls $4
*** FLOP *** [2h 2c Td]
Manifestorr: bets $7.13
ReVeu710: folds 
fabianovgl: folds 
Uncalled bet ($7.13) returned to Manifestorr
Manifestorr collected $14.25 from pot
*** SUMMARY ***
Total pot $15 | Rake $0.75 
Board [2h 2c Td]
Seat 1: ReVeu710 (big blind) folded on the Flop
Seat 2: easy_sarcasm folded before Flop (didn't bet)
Seat 3: andutu34 folded before Flop (didn't bet)
Seat 4: SorinS28 folded before Flop (didn't bet)
Seat 5: fabianovgl (button) folded on the Flop
Seat 6: Manifestorr (small blind) collected ($14.25)



PokerStars Hand #254303958004:  Hold'em No Limit ($0.50/$1.00 USD) - 2025/01/10 23:12:48 WET [2025/01/10 18:12:48 ET]
Table 'Klytaemnestra III' 6-max Seat #6 is the button
Seat 1: ReVeu710 ($100 in chips) 
Seat 2: easy_sarcasm ($100 in chips) 
Seat 3: andutu34 ($110.74 in chips) 
Seat 4: SorinS28 ($100 in chips) 
Seat 5: fabianovgl ($229.99 in chips) 
Seat 6: Manifestorr ($109.25 in chips) 
ReVeu710: posts small blind $0.50
easy_sarcasm: posts big blind $1
*** HOLE CARDS ***
andutu34: folds 
SorinS28: folds 
fabianovgl: calls $1
Manifestorr: folds 
ReVeu710: raises $4 to $5
easy_sarcasm: calls $4
fabianovgl: calls $4
*** FLOP *** [Qd As 3s]
ReVeu710: bets $3.56
easy_sarcasm: folds 
fabianovgl: raises $3.56 to $7.12
ReVeu710: calls $3.56
*** TURN *** [Qd As 3s] [9h]
ReVeu710: checks 
fabianovgl: bets $31
ReVeu710: calls $31
*** RIVER *** [Qd As 3s 9h] [2s]
ReVeu710: checks 
fabianovgl: bets $27
ReVeu710: calls $27
*** SHOW DOWN ***
fabianovgl: shows [Ad Td] (a pair of Aces)
ReVeu710: shows [Tc Ac] (a pair of Aces)
ReVeu710 collected $71.37 from pot
fabianovgl collected $71.06 from pot
*** SUMMARY ***
Total pot $145.24 | Rake $2.81 
Board [Qd As 3s 9h 2s]
Seat 1: ReVeu710 (small blind) showed [Tc Ac] and won ($71.37) with a pair of Aces
Seat 2: easy_sarcasm (big blind) folded on the Flop
Seat 3: andutu34 folded before Flop (didn't bet)
Seat 4: SorinS28 folded before Flop (didn't bet)
Seat 5: fabianovgl showed [Ad Td] and won ($71.06) with a pair of Aces
Seat 6: Manifestorr (button) folded before Flop (didn't bet)



PokerStars Hand #254303972569:  Hold'em No Limit ($0.50/$1.00 USD) - 2025/01/10 23:13:36 WET [2025/01/10 18:13:36 ET]
Table 'Klytaemnestra III' 6-max Seat #1 is the button
Seat 1: ReVeu710 ($101.25 in chips) 
Seat 2: easy_sarcasm ($100 in chips) 
Seat 3: andutu34 ($110.74 in chips) 
Seat 4: SorinS28 ($100 in chips) 
Seat 5: fabianovgl ($230.93 in chips) 
Seat 6: Manifestorr ($109.25 in chips) 
easy_sarcasm: posts small blind $0.50
andutu34: posts big blind $1
*** HOLE CARDS ***
SorinS28: folds 
fabianovgl: folds 
Manifestorr: raises $1.20 to $2.20
ReVeu710: folds 
easy_sarcasm: folds 
andutu34: folds 
Uncalled bet ($1.20) returned to Manifestorr
Manifestorr collected $2.50 from pot
*** SUMMARY ***
Total pot $2.50 | Rake $0 
Seat 1: ReVeu710 (button) folded before Flop (didn't bet)
Seat 2: easy_sarcasm (small blind) folded before Flop
Seat 3: andutu34 (big blind) folded before Flop
Seat 4: SorinS28 folded before Flop (didn't bet)
Seat 5: fabianovgl folded before Flop (didn't bet)
Seat 6: Manifestorr collected ($2.50)



PokerStars Hand #254303978853:  Hold'em No Limit ($0.50/$1.00 USD) - 2025/01/10 23:13:56 WET [2025/01/10 18:13:56 ET]
Table 'Klytaemnestra III' 6-max Seat #2 is the button
Seat 1: ReVeu710 ($101.25 in chips) 
Seat 2: easy_sarcasm ($100 in chips) 
Seat 3: andutu34 ($109.74 in chips) 
Seat 4: SorinS28 ($100 in chips) 
Seat 5: fabianovgl ($230.93 in chips) 
Seat 6: Manifestorr ($110.75 in chips) 
andutu34: posts small blind $0.50
SorinS28: posts big blind $1
*** HOLE CARDS ***
fabianovgl: raises $1 to $2
Manifestorr: folds 
ReVeu710: folds 
easy_sarcasm: calls $2
andutu34: folds 
SorinS28: folds 
*** FLOP *** [8h Jd Th]
fabianovgl: bets $5
easy_sarcasm: folds 
Uncalled bet ($5) returned to fabianovgl
fabianovgl collected $5.15 from pot
*** SUMMARY ***
Total pot $5.50 | Rake $0.35 
Board [8h Jd Th]
Seat 1: ReVeu710 folded before Flop (didn't bet)
Seat 2: easy_sarcasm (button) folded on the Flop
Seat 3: andutu34 (small blind) folded before Flop
Seat 4: SorinS28 (big blind) folded before Flop
Seat 5: fabianovgl collected ($5.15)
Seat 6: Manifestorr folded before Flop (didn't bet)



PokerStars Hand #254303988682:  Hold'em No Limit ($0.50/$1.00 USD) - 2025/01/10 23:14:28 WET [2025/01/10 18:14:28 ET]
Table 'Klytaemnestra III' 6-max Seat #3 is the button
Seat 1: ReVeu710 ($101.25 in chips) 
Seat 2: easy_sarcasm ($100 in chips) 
Seat 3: andutu34 ($109.24 in chips) 
Seat 4: SorinS28 ($100 in chips) 
Seat 5: fabianovgl ($234.08 in chips) 
Seat 6: Manifestorr ($110.75 in chips) 
SorinS28: posts small blind $0.50
fabianovgl: posts big blind $1
*** HOLE CARDS ***
Manifestorr: raises $1.20 to $2.20
ReVeu710: folds 
easy_sarcasm: calls $2.20
andutu34: folds 
SorinS28: folds 
fabianovgl: calls $1.20
*** FLOP *** [7d Ks 8s]
fabianovgl: bets $3
Manifestorr: calls $3
easy_sarcasm: calls $3
*** TURN *** [7d Ks 8s] [Kh]
fabianovgl: checks 
Manifestorr: bets $11.98
easy_sarcasm: folds 
fabianovgl: folds 
Uncalled bet ($11.98) returned to Manifestorr
Manifestorr collected $15.30 from pot
*** SUMMARY ***
Total pot $16.10 | Rake $0.80 
Board [7d Ks 8s Kh]
Seat 1: ReVeu710 folded before Flop (didn't bet)
Seat 2: easy_sarcasm folded on the Turn
Seat 3: andutu34 (button) folded before Flop (didn't bet)
Seat 4: SorinS28 (small blind) folded before Flop
Seat 5: fabianovgl (big blind) folded on the Turn
Seat 6: Manifestorr collected ($15.30)



PokerStars Hand #254304002038:  Hold'em No Limit ($0.50/$1.00 USD) - 2025/01/10 23:15:12 WET [2025/01/10 18:15:12 ET]
Table 'Klytaemnestra III' 6-max Seat #4 is the button
Seat 1: ReVeu710 ($101.25 in chips) 
Seat 2: easy_sarcasm ($100 in chips) 
Seat 3: andutu34 ($109.24 in chips) 
Seat 4: SorinS28 ($100 in chips) 
Seat 5: fabianovgl ($228.88 in chips) 
Seat 6: Manifestorr ($120.85 in chips) 
fabianovgl: posts small blind $0.50
Manifestorr: posts big blind $1
*** HOLE CARDS ***
ReVeu710: raises $1 to $2
easy_sarcasm: folds 
andutu34: calls $2
SorinS28: raises $8 to $10
fabianovgl: folds 
Manifestorr: folds 
ReVeu710: folds 
andutu34: folds 
Uncalled bet ($8) returned to SorinS28
SorinS28 collected $7.50 from pot
SorinS28: doesn't show hand 
*** SUMMARY ***
Total pot $7.50 | Rake $0 
Seat 1: ReVeu710 folded before Flop
Seat 2: easy_sarcasm folded before Flop (didn't bet)
Seat 3: andutu34 folded before Flop
Seat 4: SorinS28 (button) collected ($7.50)
Seat 5: fabianovgl (small blind) folded before Flop
Seat 6: Manifestorr (big blind) folded before Flop



PokerStars Hand #254304010438:  Hold'em No Limit ($0.50/$1.00 USD) - 2025/01/10 23:15:40 WET [2025/01/10 18:15:40 ET]
Table 'Klytaemnestra III' 6-max Seat #5 is the button
Seat 1: ReVeu710 ($100 in chips) 
Seat 2: easy_sarcasm ($100 in chips) 
Seat 3: andutu34 ($107.24 in chips) 
Seat 4: SorinS28 ($105.50 in chips) 
Seat 5: fabianovgl ($228.38 in chips) 
Seat 6: Manifestorr ($119.85 in chips) 
Manifestorr: posts small blind $0.50
ReVeu710: posts big blind $1
*** HOLE CARDS ***
easy_sarcasm: folds 
andutu34: folds 
SorinS28: raises $1.30 to $2.30
fabianovgl: raises $1.30 to $3.60
Manifestorr: folds 
ReVeu710: folds 
SorinS28: raises $12.90 to $16.50
fabianovgl: calls $12.90
*** FLOP *** [3s Qd 7d]
SorinS28: bets $8.20
fabianovgl: calls $8.20
*** TURN *** [3s Qd 7d] [Qh]
SorinS28: checks 
fabianovgl: bets $3
SorinS28: calls $3
*** RIVER *** [3s Qd 7d Qh] [5s]
SorinS28: checks 
fabianovgl: checks 
*** SHOW DOWN ***
SorinS28: shows [Kh As] (a pair of Queens)
fabianovgl: shows [2s 2h] (two pair, Queens and Deuces)
fabianovgl collected $53.78 from pot
*** SUMMARY ***
Total pot $56.90 | Rake $3.12 
Board [3s Qd 7d Qh 5s]
Seat 1: ReVeu710 (big blind) folded before Flop
Seat 2: easy_sarcasm folded before Flop (didn't bet)
Seat 3: andutu34 folded before Flop (didn't bet)
Seat 4: SorinS28 showed [Kh As] and lost with a pair of Queens
Seat 5: fabianovgl (button) showed [2s 2h] and won ($53.78) with two pair, Queens and Deuces
Seat 6: Manifestorr (small blind) folded before Flop



PokerStars Hand #254304024479:  Hold'em No Limit ($0.50/$1.00 USD) - 2025/01/10 23:16:26 WET [2025/01/10 18:16:26 ET]
Table 'Klytaemnestra III' 6-max Seat #6 is the button
Seat 1: ReVeu710 ($100 in chips) 
Seat 2: easy_sarcasm ($100 in chips) 
Seat 3: andutu34 ($107.24 in chips) 
Seat 4: SorinS28 ($100 in chips) 
Seat 5: fabianovgl ($254.46 in chips) 
Seat 6: Manifestorr ($119.35 in chips) 
ReVeu710: posts small blind $0.50
easy_sarcasm: posts big blind $1
*** HOLE CARDS ***
andutu34: folds 
SorinS28: folds 
fabianovgl: raises $1 to $2
Manifestorr: folds 
ReVeu710: folds 
easy_sarcasm: folds 
Uncalled bet ($1) returned to fabianovgl
fabianovgl collected $2.50 from pot
*** SUMMARY ***
Total pot $2.50 | Rake $0 
Seat 1: ReVeu710 (small blind) folded before Flop
Seat 2: easy_sarcasm (big blind) folded before Flop
Seat 3: andutu34 folded before Flop (didn't bet)
Seat 4: SorinS28 folded before Flop (didn't bet)
Seat 5: fabianovgl collected ($2.50)
Seat 6: Manifestorr (button) folded before Flop (didn't bet)



PokerStars Hand #254304030061:  Hold'em No Limit ($0.50/$1.00 USD) - 2025/01/10 23:16:44 WET [2025/01/10 18:16:44 ET]
Table 'Klytaemnestra III' 6-max Seat #1 is the button
Seat 1: ReVeu710 ($100 in chips) 
Seat 2: easy_sarcasm ($100 in chips) 
Seat 3: andutu34 ($107.24 in chips) 
Seat 4: SorinS28 ($100 in chips) 
Seat 5: fabianovgl ($255.96 in chips) 
Seat 6: Manifestorr ($119.35 in chips) 
easy_sarcasm: posts small blind $0.50
andutu34: posts big blind $1
*** HOLE CARDS ***
SorinS28: folds 
fabianovgl: folds 
Manifestorr: folds 
ReVeu710: folds 
easy_sarcasm: raises $2 to $3
andutu34: folds 
Uncalled bet ($2) returned to easy_sarcasm
easy_sarcasm collected $2 from pot
*** SUMMARY ***
Total pot $2 | Rake $0 
Seat 1: ReVeu710 (button) folded before Flop (didn't bet)
Seat 2: easy_sarcasm (small blind) collected ($2)
Seat 3: andutu34 (big blind) folded before Flop
Seat 4: SorinS28 folded before Flop (didn't bet)
Seat 5: fabianovgl folded before Flop (didn't bet)
Seat 6: Manifestorr folded before Flop (didn't bet)



PokerStars Hand #254304035946:  Hold'em No Limit ($0.50/$1.00 USD) - 2025/01/10 23:17:03 WET [2025/01/10 18:17:03 ET]
Table 'Klytaemnestra III' 6-max Seat #2 is the button
Seat 1: ReVeu710 ($100 in chips) 
Seat 2: easy_sarcasm ($101 in chips) 
Seat 3: andutu34 ($106.24 in chips) 
Seat 4: SorinS28 ($100 in chips) 
Seat 5: fabianovgl ($255.96 in chips) 
Seat 6: Manifestorr ($119.35 in chips) 
andutu34: posts small blind $0.50
SorinS28: posts big blind $1
*** HOLE CARDS ***
fabianovgl: folds 
Manifestorr: folds 
ReVeu710: folds 
easy_sarcasm: raises $1.20 to $2.20
andutu34: folds 
SorinS28: raises $9.80 to $12
easy_sarcasm: calls $9.80
*** FLOP *** [Ad 2s 6c]
SorinS28: checks 
easy_sarcasm: bets $6.50
SorinS28: folds 
Uncalled bet ($6.50) returned to easy_sarcasm
easy_sarcasm collected $23.28 from pot
*** SUMMARY ***
Total pot $24.50 | Rake $1.22 
Board [Ad 2s 6c]
Seat 1: ReVeu710 folded before Flop (didn't bet)
Seat 2: easy_sarcasm (button) collected ($23.28)
Seat 3: andutu34 (small blind) folded before Flop
Seat 4: SorinS28 (big blind) folded on the Flop
Seat 5: fabianovgl folded before Flop (didn't bet)
Seat 6: Manifestorr folded before Flop (didn't bet)



PokerStars Hand #254304049960:  Hold'em No Limit ($0.50/$1.00 USD) - 2025/01/10 23:17:49 WET [2025/01/10 18:17:49 ET]
Table 'Klytaemnestra III' 6-max Seat #3 is the button
Seat 1: ReVeu710 ($100 in chips) 
Seat 2: easy_sarcasm ($112.28 in chips) 
Seat 3: andutu34 ($105.74 in chips) 
Seat 4: SorinS28 ($100 in chips) 
Seat 5: fabianovgl ($255.96 in chips) 
Seat 6: Manifestorr ($119.35 in chips) 
SorinS28: posts small blind $0.50
fabianovgl: posts big blind $1
*** HOLE CARDS ***
Manifestorr: folds 
ReVeu710: raises $1 to $2
easy_sarcasm: raises $6.50 to $8.50
andutu34: folds 
SorinS28: folds 
fabianovgl: folds 
ReVeu710: folds 
Uncalled bet ($6.50) returned to easy_sarcasm
easy_sarcasm collected $5.50 from pot
*** SUMMARY ***
Total pot $5.50 | Rake $0 
Seat 1: ReVeu710 folded before Flop
Seat 2: easy_sarcasm collected ($5.50)
Seat 3: andutu34 (button) folded before Flop (didn't bet)
Seat 4: SorinS28 (small blind) folded before Flop
Seat 5: fabianovgl (big blind) folded before Flop
Seat 6: Manifestorr folded before Flop (didn't bet)



PokerStars Hand #254304056700:  Hold'em No Limit ($0.50/$1.00 USD) - 2025/01/10 23:18:12 WET [2025/01/10 18:18:12 ET]
Table 'Klytaemnestra III' 6-max Seat #4 is the button
Seat 1: ReVeu710 ($100 in chips) 
Seat 2: easy_sarcasm ($115.78 in chips) 
Seat 3: andutu34 ($105.74 in chips) 
Seat 4: SorinS28 ($100 in chips) 
Seat 5: fabianovgl ($254.96 in chips) 
Seat 6: Manifestorr ($119.35 in chips) 
fabianovgl: posts small blind $0.50
Manifestorr: posts big blind $1
*** HOLE CARDS ***
ReVeu710: raises $1 to $2
easy_sarcasm: folds 
andutu34: folds 
SorinS28: folds 
fabianovgl: calls $1.50
Manifestorr: calls $1
*** FLOP *** [9c Ac Ad]
fabianovgl: bets $8
Manifestorr: calls $8
ReVeu710: folds 
*** TURN *** [9c Ac Ad] [As]
fabianovgl: bets $20
Manifestorr: folds 
Uncalled bet ($20) returned to fabianovgl
fabianovgl collected $20.62 from pot
*** SUMMARY ***
Total pot $22 | Rake $1.38 
Board [9c Ac Ad As]
Seat 1: ReVeu710 folded on the Flop
Seat 2: easy_sarcasm folded before Flop (didn't bet)
Seat 3: andutu34 folded before Flop (didn't bet)
Seat 4: SorinS28 (button) folded before Flop (didn't bet)
Seat 5: fabianovgl (small blind) collected ($20.62)
Seat 6: Manifestorr (big blind) folded on the Turn



PokerStars Hand #254304070714:  Hold'em No Limit ($0.50/$1.00 USD) - 2025/01/10 23:18:57 WET [2025/01/10 18:18:57 ET]
Table 'Klytaemnestra III' 6-max Seat #5 is the button
Seat 1: ReVeu710 ($100 in chips) 
Seat 2: easy_sarcasm ($115.78 in chips) 
Seat 3: andutu34 ($105.74 in chips) 
Seat 4: SorinS28 ($100 in chips) 
Seat 5: fabianovgl ($265.58 in chips) 
Seat 6: Manifestorr ($109.35 in chips) 
Manifestorr: posts small blind $0.50
ReVeu710: posts big blind $1
*** HOLE CARDS ***
easy_sarcasm: folds 
andutu34: raises $1 to $2
SorinS28: folds 
fabianovgl: calls $2
Manifestorr: folds 
ReVeu710: calls $1
*** FLOP *** [7s 3s 6d]
ReVeu710: checks 
andutu34: checks 
fabianovgl: bets $10
ReVeu710: folds 
andutu34: calls $10
*** TURN *** [7s 3s 6d] [4c]
andutu34: checks 
fabianovgl: bets $16
andutu34: calls $16
*** RIVER *** [7s 3s 6d 4c] [Js]
andutu34: checks 
fabianovgl: bets $20
andutu34: calls $20
*** SHOW DOWN ***
fabianovgl: shows [9s Jc] (a pair of Jacks)
andutu34: shows [4h 4s] (three of a kind, Fours)
andutu34 collected $96 from pot
*** SUMMARY ***
Total pot $98.50 | Rake $2.50 
Board [7s 3s 6d 4c Js]
Seat 1: ReVeu710 (big blind) folded on the Flop
Seat 2: easy_sarcasm folded before Flop (didn't bet)
Seat 3: andutu34 showed [4h 4s] and won ($96) with three of a kind, Fours
Seat 4: SorinS28 folded before Flop (didn't bet)
Seat 5: fabianovgl (button) showed [9s Jc] and lost with a pair of Jacks
Seat 6: Manifestorr (small blind) folded before Flop



PokerStars Hand #254304088724:  Hold'em No Limit ($0.50/$1.00 USD) - 2025/01/10 23:19:56 WET [2025/01/10 18:19:56 ET]
Table 'Klytaemnestra III' 6-max Seat #6 is the button
Seat 1: ReVeu710 ($100 in chips) 
Seat 2: easy_sarcasm ($115.78 in chips) 
Seat 3: andutu34 ($153.74 in chips) 
Seat 4: SorinS28 ($100 in chips) 
Seat 5: fabianovgl ($217.58 in chips) 
Seat 6: Manifestorr ($108.85 in chips) 
ReVeu710: posts small blind $0.50
easy_sarcasm: posts big blind $1
*** HOLE CARDS ***
andutu34: folds 
SorinS28: raises $1.02 to $2.02
fabianovgl: folds 
Manifestorr: raises $4.98 to $7
ReVeu710: folds 
easy_sarcasm: folds 
SorinS28: folds 
Uncalled bet ($4.98) returned to Manifestorr
Manifestorr collected $5.54 from pot
*** SUMMARY ***
Total pot $5.54 | Rake $0 
Seat 1: ReVeu710 (small blind) folded before Flop
Seat 2: easy_sarcasm (big blind) folded before Flop
Seat 3: andutu34 folded before Flop (didn't bet)
Seat 4: SorinS28 folded before Flop
Seat 5: fabianovgl folded before Flop (didn't bet)
Seat 6: Manifestorr (button) collected ($5.54)



PokerStars Hand #254304098805:  Hold'em No Limit ($0.50/$1.00 USD) - 2025/01/10 23:20:29 WET [2025/01/10 18:20:29 ET]
Table 'Klytaemnestra III' 6-max Seat #1 is the button
Seat 1: ReVeu710 ($100 in chips) 
Seat 2: easy_sarcasm ($114.78 in chips) 
Seat 3: andutu34 ($153.74 in chips) 
Seat 4: SorinS28 ($100 in chips) 
Seat 5: fabianovgl ($217.58 in chips) 
Seat 6: Manifestorr ($112.37 in chips) 
easy_sarcasm: posts small blind $0.50
andutu34: posts big blind $1
*** HOLE CARDS ***
SorinS28: raises $1.02 to $2.02
fabianovgl: raises $1.02 to $3.04
Manifestorr: folds 
ReVeu710: folds 
easy_sarcasm: folds 
andutu34: folds 
SorinS28: calls $1.02
*** FLOP *** [Kc 7s 4s]
SorinS28: checks 
fabianovgl: bets $5
SorinS28: calls $5
*** TURN *** [Kc 7s 4s] [Qc]
SorinS28: checks 
fabianovgl: bets $9
SorinS28: calls $9
*** RIVER *** [Kc 7s 4s Qc] [As]
SorinS28: checks 
fabianovgl: bets $80
SorinS28: calls $80
*** SHOW DOWN ***
fabianovgl: shows [4h Ac] (two pair, Aces and Fours)
SorinS28: mucks hand 
fabianovgl collected $192.46 from pot
*** SUMMARY ***
Total pot $195.58 | Rake $3.12 
Board [Kc 7s 4s Qc As]
Seat 1: ReVeu710 (button) folded before Flop (didn't bet)
Seat 2: easy_sarcasm (small blind) folded before Flop
Seat 3: andutu34 (big blind) folded before Flop
Seat 4: SorinS28 mucked
Seat 5: fabianovgl showed [4h Ac] and won ($192.46) with two pair, Aces and Fours
Seat 6: Manifestorr folded before Flop (didn't bet)



PokerStars Hand #254304128903:  Hold'em No Limit ($0.50/$1.00 USD) - 2025/01/10 23:22:08 WET [2025/01/10 18:22:08 ET]
Table 'Klytaemnestra III' 6-max Seat #2 is the button
Seat 1: ReVeu710 ($100 in chips) 
Seat 2: easy_sarcasm ($114.28 in chips) 
Seat 3: andutu34 ($152.74 in chips) 
Seat 4: SorinS28 ($100 in chips) 
Seat 5: fabianovgl ($313 in chips) 
Seat 6: Manifestorr ($112.37 in chips) 
andutu34: posts small blind $0.50
SorinS28: posts big blind $1
*** HOLE CARDS ***
fabianovgl: calls $1
Manifestorr: folds 
ReVeu710: folds 
easy_sarcasm: folds 
andutu34: folds 
SorinS28: checks 
*** FLOP *** [Ad 7h 8c]
SorinS28: checks 
fabianovgl: bets $4
SorinS28: calls $4
*** TURN *** [Ad 7h 8c] [4d]
SorinS28: checks 
fabianovgl: bets $4
SorinS28: calls $4
*** RIVER *** [Ad 7h 8c 4d] [8h]
SorinS28: checks 
fabianovgl: bets $4
SorinS28: calls $4
*** SHOW DOWN ***
fabianovgl: shows [6c 7c] (two pair, Eights and Sevens)
SorinS28: shows [3s 7s] (two pair, Eights and Sevens)
SorinS28 collected $12.59 from pot
fabianovgl collected $12.43 from pot
*** SUMMARY ***
Total pot $26.50 | Rake $1.48 
Board [Ad 7h 8c 4d 8h]
Seat 1: ReVeu710 folded before Flop (didn't bet)
Seat 2: easy_sarcasm (button) folded before Flop (didn't bet)
Seat 3: andutu34 (small blind) folded before Flop
Seat 4: SorinS28 (big blind) showed [3s 7s] and won ($12.59) with two pair, Eights and Sevens
Seat 5: fabianovgl showed [6c 7c] and won ($12.43) with two pair, Eights and Sevens
Seat 6: Manifestorr folded before Flop (didn't bet)



PokerStars Hand #254304145348:  Hold'em No Limit ($0.50/$1.00 USD) - 2025/01/10 23:23:02 WET [2025/01/10 18:23:02 ET]
Table 'Klytaemnestra III' 6-max Seat #3 is the button
Seat 1: ReVeu710 ($100 in chips) 
Seat 2: easy_sarcasm ($114.28 in chips) 
Seat 3: andutu34 ($152.24 in chips) 
Seat 4: SorinS28 ($100 in chips) 
Seat 5: fabianovgl ($312.43 in chips) 
Seat 6: Manifestorr ($112.37 in chips) 
SorinS28: posts small blind $0.50
fabianovgl: posts big blind $1
*** HOLE CARDS ***
Manifestorr: folds 
ReVeu710: raises $1 to $2
easy_sarcasm: raises $6 to $8
andutu34: folds 
SorinS28: folds 
fabianovgl: calls $7
ReVeu710: calls $6
*** FLOP *** [5c 9s Kh]
fabianovgl: bets $5
ReVeu710: calls $5
easy_sarcasm: calls $5
*** TURN *** [5c 9s Kh] [3c]
fabianovgl: bets $11
ReVeu710: calls $11
easy_sarcasm: folds 
*** RIVER *** [5c 9s Kh 3c] [2s]
fabianovgl: bets $21
ReVeu710: raises $55 to $76 and is all-in
fabianovgl: calls $55
*** SHOW DOWN ***
ReVeu710: shows [9h 9c] (three of a kind, Nines)
fabianovgl: shows [8c Ac] (high card Ace)
ReVeu710 collected $211 from pot
*** SUMMARY ***
Total pot $213.50 | Rake $2.50 
Board [5c 9s Kh 3c 2s]
Seat 1: ReVeu710 showed [9h 9c] and won ($211) with three of a kind, Nines
Seat 2: easy_sarcasm folded on the Turn
Seat 3: andutu34 (button) folded before Flop (didn't bet)
Seat 4: SorinS28 (small blind) folded before Flop
Seat 5: fabianovgl (big blind) showed [8c Ac] and lost with high card Ace
Seat 6: Manifestorr folded before Flop (didn't bet)



PokerStars Hand #254304171698:  Hold'em No Limit ($0.50/$1.00 USD) - 2025/01/10 23:24:28 WET [2025/01/10 18:24:28 ET]
Table 'Klytaemnestra III' 6-max Seat #4 is the button
Seat 1: ReVeu710 ($211 in chips) 
Seat 2: easy_sarcasm ($101.28 in chips) 
Seat 3: andutu34 ($152.24 in chips) 
Seat 4: SorinS28 ($100 in chips) 
Seat 5: fabianovgl ($212.43 in chips) 
Seat 6: Manifestorr ($112.37 in chips) 
fabianovgl: posts small blind $0.50
Manifestorr: posts big blind $1
*** HOLE CARDS ***
ReVeu710: folds 
easy_sarcasm: folds 
andutu34: folds 
SorinS28: folds 
fabianovgl: calls $0.50
Manifestorr: checks 
*** FLOP *** [6c Tc Jd]
fabianovgl: bets $4
Manifestorr: folds 
Uncalled bet ($4) returned to fabianovgl
fabianovgl collected $1.88 from pot
*** SUMMARY ***
Total pot $2 | Rake $0.12 
Board [6c Tc Jd]
Seat 1: ReVeu710 folded before Flop (didn't bet)
Seat 2: easy_sarcasm folded before Flop (didn't bet)
Seat 3: andutu34 folded before Flop (didn't bet)
Seat 4: SorinS28 (button) folded before Flop (didn't bet)
Seat 5: fabianovgl (small blind) collected ($1.88)
Seat 6: Manifestorr (big blind) folded on the Flop



PokerStars Hand #254304178758:  Hold'em No Limit ($0.50/$1.00 USD) - 2025/01/10 23:24:51 WET [2025/01/10 18:24:51 ET]
Table 'Klytaemnestra III' 6-max Seat #5 is the button
Seat 1: ReVeu710 ($211 in chips) 
Seat 2: easy_sarcasm ($101.28 in chips) 
Seat 3: andutu34 ($152.24 in chips) 
Seat 4: SorinS28 ($100 in chips) 
Seat 5: fabianovgl ($213.31 in chips) 
Seat 6: Manifestorr ($111.37 in chips) 
Manifestorr: posts small blind $0.50
ReVeu710: posts big blind $1
*** HOLE CARDS ***
easy_sarcasm: folds 
andutu34: folds 
SorinS28: folds 
fabianovgl: folds 
Manifestorr: raises $2 to $3
ReVeu710: raises $7 to $10
Manifestorr: calls $7
*** FLOP *** [Jh 6c 9d]
Manifestorr: checks 
ReVeu710: checks 
*** TURN *** [Jh 6c 9d] [5d]
Manifestorr: bets $25.65
ReVeu710: calls $25.65
*** RIVER *** [Jh 6c 9d 5d] [Ad]
Manifestorr: bets $75.72 and is all-in
ReVeu710: calls $75.72
*** SHOW DOWN ***
Manifestorr: shows [6d 6h] (three of a kind, Sixes)
ReVeu710: shows [Js 9c] (two pair, Jacks and Nines)
Manifestorr collected $220.24 from pot
*** SUMMARY ***
Total pot $222.74 | Rake $2.50 
Board [Jh 6c 9d 5d Ad]
Seat 1: ReVeu710 (big blind) showed [Js 9c] and lost with two pair, Jacks and Nines
Seat 2: easy_sarcasm folded before Flop (didn't bet)
Seat 3: andutu34 folded before Flop (didn't bet)
Seat 4: SorinS28 folded before Flop (didn't bet)
Seat 5: fabianovgl (button) folded before Flop (didn't bet)
Seat 6: Manifestorr (small blind) showed [6d 6h] and won ($220.24) with three of a kind, Sixes



PokerStars Hand #254304193131:  Hold'em No Limit ($0.50/$1.00 USD) - 2025/01/10 23:25:38 WET [2025/01/10 18:25:38 ET]
Table 'Klytaemnestra III' 6-max Seat #6 is the button
Seat 1: ReVeu710 ($100 in chips) 
Seat 2: easy_sarcasm ($101.28 in chips) 
Seat 3: andutu34 ($152.24 in chips) 
Seat 4: SorinS28 ($100 in chips) 
Seat 5: fabianovgl ($213.31 in chips) 
Seat 6: Manifestorr ($220.24 in chips) 
ReVeu710: posts small blind $0.50
easy_sarcasm: posts big blind $1
*** HOLE CARDS ***
andutu34: raises $1 to $2
SorinS28: raises $4.50 to $6.50
fabianovgl: raises $4.50 to $11
Manifestorr: folds 
ReVeu710: folds 
easy_sarcasm: folds 
andutu34: raises $16 to $27
SorinS28: folds 
fabianovgl: folds 
Uncalled bet ($16) returned to andutu34
andutu34 collected $30 from pot
andutu34: doesn't show hand 
*** SUMMARY ***
Total pot $30 | Rake $0 
Seat 1: ReVeu710 (small blind) folded before Flop
Seat 2: easy_sarcasm (big blind) folded before Flop
Seat 3: andutu34 collected ($30)
Seat 4: SorinS28 folded before Flop
Seat 5: fabianovgl folded before Flop
Seat 6: Manifestorr (button) folded before Flop (didn't bet)



PokerStars Hand #254304209936:  Hold'em No Limit ($0.50/$1.00 USD) - 2025/01/10 23:26:33 WET [2025/01/10 18:26:33 ET]
Table 'Klytaemnestra III' 6-max Seat #1 is the button
Seat 1: ReVeu710 ($100 in chips) 
Seat 2: easy_sarcasm ($100.28 in chips) 
Seat 3: andutu34 ($171.24 in chips) 
Seat 4: SorinS28 ($100 in chips) 
Seat 5: fabianovgl ($202.31 in chips) 
Seat 6: Manifestorr ($220.24 in chips) 
easy_sarcasm: posts small blind $0.50
andutu34: posts big blind $1
*** HOLE CARDS ***
SorinS28: folds 
fabianovgl: raises $1 to $2
Manifestorr: folds 
ReVeu710: folds 
easy_sarcasm: calls $1.50
andutu34: folds 
*** FLOP *** [Jd 2d 9c]
easy_sarcasm: checks 
fabianovgl: bets $5
easy_sarcasm: calls $5
*** TURN *** [Jd 2d 9c] [As]
easy_sarcasm: checks 
fabianovgl: bets $15
easy_sarcasm: folds 
Uncalled bet ($15) returned to fabianovgl
fabianovgl collected $14.06 from pot
*** SUMMARY ***
Total pot $15 | Rake $0.94 
Board [Jd 2d 9c As]
Seat 1: ReVeu710 (button) folded before Flop (didn't bet)
Seat 2: easy_sarcasm (small blind) folded on the Turn
Seat 3: andutu34 (big blind) folded before Flop
Seat 4: SorinS28 folded before Flop (didn't bet)
Seat 5: fabianovgl collected ($14.06)
Seat 6: Manifestorr folded before Flop (didn't bet)



PokerStars Hand #254304223780:  Hold'em No Limit ($0.50/$1.00 USD) - 2025/01/10 23:27:19 WET [2025/01/10 18:27:19 ET]
Table 'Klytaemnestra III' 6-max Seat #2 is the button
Seat 1: ReVeu710 ($100 in chips) 
Seat 2: easy_sarcasm ($100 in chips) 
Seat 3: andutu34 ($170.24 in chips) 
Seat 4: SorinS28 ($100 in chips) 
Seat 5: fabianovgl ($209.37 in chips) 
Seat 6: Manifestorr ($220.24 in chips) 
andutu34: posts small blind $0.50
SorinS28: posts big blind $1
*** HOLE CARDS ***
fabianovgl: calls $1
Manifestorr: folds 
ReVeu710: folds 
easy_sarcasm: folds 
andutu34: folds 
SorinS28: checks 
*** FLOP *** [4d Td 2c]
SorinS28: checks 
fabianovgl: bets $4
SorinS28: calls $4
*** TURN *** [4d Td 2c] [3s]
SorinS28: checks 
fabianovgl: bets $10
SorinS28: folds 
Uncalled bet ($10) returned to fabianovgl
fabianovgl collected $9.85 from pot
*** SUMMARY ***
Total pot $10.50 | Rake $0.65 
Board [4d Td 2c 3s]
Seat 1: ReVeu710 folded before Flop (didn't bet)
Seat 2: easy_sarcasm (button) folded before Flop (didn't bet)
Seat 3: andutu34 (small blind) folded before Flop
Seat 4: SorinS28 (big blind) folded on the Turn
Seat 5: fabianovgl collected ($9.85)
Seat 6: Manifestorr folded before Flop (didn't bet)



PokerStars Hand #254304240739:  Hold'em No Limit ($0.50/$1.00 USD) - 2025/01/10 23:28:15 WET [2025/01/10 18:28:15 ET]
Table 'Klytaemnestra III' 6-max Seat #3 is the button
Seat 1: ReVeu710 ($100 in chips) 
Seat 2: easy_sarcasm ($100 in chips) 
Seat 3: andutu34 ($169.74 in chips) 
Seat 4: SorinS28 ($100 in chips) 
Seat 5: fabianovgl ($214.22 in chips) 
Seat 6: Manifestorr ($220.24 in chips) 
SorinS28: posts small blind $0.50
fabianovgl: posts big blind $1
*** HOLE CARDS ***
Manifestorr: raises $1.20 to $2.20
ReVeu710: folds 
easy_sarcasm: folds 
andutu34: folds 
SorinS28: folds 
fabianovgl: folds 
Uncalled bet ($1.20) returned to Manifestorr
Manifestorr collected $2.50 from pot
*** SUMMARY ***
Total pot $2.50 | Rake $0 
Seat 1: ReVeu710 folded before Flop (didn't bet)
Seat 2: easy_sarcasm folded before Flop (didn't bet)
Seat 3: andutu34 (button) folded before Flop (didn't bet)
Seat 4: SorinS28 (small blind) folded before Flop
Seat 5: fabianovgl (big blind) folded before Flop
Seat 6: Manifestorr collected ($2.50)



PokerStars Hand #254304245612:  Hold'em No Limit ($0.50/$1.00 USD) - 2025/01/10 23:28:31 WET [2025/01/10 18:28:31 ET]
Table 'Klytaemnestra III' 6-max Seat #4 is the button
Seat 1: ReVeu710 ($100 in chips) 
Seat 2: easy_sarcasm ($100 in chips) 
Seat 3: andutu34 ($169.74 in chips) 
Seat 4: SorinS28 ($100 in chips) 
Seat 5: fabianovgl ($213.22 in chips) 
Seat 6: Manifestorr ($221.74 in chips) 
fabianovgl: posts small blind $0.50
Manifestorr: posts big blind $1
*** HOLE CARDS ***
ReVeu710: folds 
easy_sarcasm: folds 
andutu34: folds 
SorinS28: folds 
fabianovgl: calls $0.50
Manifestorr: checks 
*** FLOP *** [5s 8h Jc]
fabianovgl: bets $4
Manifestorr: folds 
Uncalled bet ($4) returned to fabianovgl
fabianovgl collected $1.88 from pot
*** SUMMARY ***
Total pot $2 | Rake $0.12 
Board [5s 8h Jc]
Seat 1: ReVeu710 folded before Flop (didn't bet)
Seat 2: easy_sarcasm folded before Flop (didn't bet)
Seat 3: andutu34 folded before Flop (didn't bet)
Seat 4: SorinS28 (button) folded before Flop (didn't bet)
Seat 5: fabianovgl (small blind) collected ($1.88)
Seat 6: Manifestorr (big blind) folded on the Flop



PokerStars Hand #254304391021:  Hold'em No Limit ($0.50/$1.00 USD) - 2025/01/10 23:36:37 WET [2025/01/10 18:36:37 ET]
Table 'Klytaemnestra III' 6-max Seat #3 is the button
Seat 1: ReVeu710 ($103.70 in chips) 
Seat 2: easy_sarcasm ($105.18 in chips) 
Seat 3: andutu34 ($165.47 in chips) 
Seat 4: SorinS28 ($187.27 in chips) 
Seat 5: fabianovgl ($125.87 in chips) 
Seat 6: Manifestorr ($215.24 in chips) 
SorinS28: posts small blind $0.50
fabianovgl: posts big blind $1
*** HOLE CARDS ***
Manifestorr: folds 
ReVeu710: folds 
easy_sarcasm: folds 
andutu34: folds 
SorinS28: folds 
Uncalled bet ($0.50) returned to fabianovgl
fabianovgl collected $1 from pot
*** SUMMARY ***
Total pot $1 | Rake $0 
Seat 1: ReVeu710 folded before Flop (didn't bet)
Seat 2: easy_sarcasm folded before Flop (didn't bet)
Seat 3: andutu34 (button) folded before Flop (didn't bet)
Seat 4: SorinS28 (small blind) folded before Flop
Seat 5: fabianovgl (big blind) collected ($1)
Seat 6: Manifestorr folded before Flop (didn't bet)



PokerStars Hand #254304396963:  Hold'em No Limit ($0.50/$1.00 USD) - 2025/01/10 23:36:57 WET [2025/01/10 18:36:57 ET]
Table 'Klytaemnestra III' 6-max Seat #4 is the button
Seat 1: ReVeu710 ($103.70 in chips) 
Seat 2: easy_sarcasm ($105.18 in chips) 
Seat 3: andutu34 ($165.47 in chips) 
Seat 4: SorinS28 ($186.77 in chips) 
Seat 5: fabianovgl ($126.37 in chips) 
Seat 6: Manifestorr ($215.24 in chips) 
fabianovgl: posts small blind $0.50
Manifestorr: posts big blind $1
*** HOLE CARDS ***
ReVeu710: folds 
easy_sarcasm: folds 
andutu34: folds 
SorinS28: folds 
fabianovgl: calls $0.50
Manifestorr: raises $3 to $4
fabianovgl: calls $3
*** FLOP *** [5h 5c 3c]
fabianovgl: bets $20
Manifestorr: calls $20
*** TURN *** [5h 5c 3c] [Js]
fabianovgl: bets $21
Manifestorr: calls $21
*** RIVER *** [5h 5c 3c Js] [5s]
fabianovgl: bets $3
Manifestorr: calls $3
*** SHOW DOWN ***
fabianovgl: shows [2d 6d] (three of a kind, Fives)
Manifestorr: shows [9h 9c] (a full house, Fives full of Nines)
Manifestorr collected $93.50 from pot
*** SUMMARY ***
Total pot $96 | Rake $2.50 
Board [5h 5c 3c Js 5s]
Seat 1: ReVeu710 folded before Flop (didn't bet)
Seat 2: easy_sarcasm folded before Flop (didn't bet)
Seat 3: andutu34 folded before Flop (didn't bet)
Seat 4: SorinS28 (button) folded before Flop (didn't bet)
Seat 5: fabianovgl (small blind) showed [2d 6d] and lost with three of a kind, Fives
Seat 6: Manifestorr (big blind) showed [9h 9c] and won ($93.50) with a full house, Fives full of Nines



PokerStars Hand #254304408691:  Hold'em No Limit ($0.50/$1.00 USD) - 2025/01/10 23:37:36 WET [2025/01/10 18:37:36 ET]
Table 'Klytaemnestra III' 6-max Seat #5 is the button
Seat 1: ReVeu710 ($103.70 in chips) 
Seat 2: easy_sarcasm ($105.18 in chips) 
Seat 3: andutu34 ($165.47 in chips) 
Seat 4: SorinS28 ($186.77 in chips) 
Seat 5: fabianovgl ($78.37 in chips) 
Seat 6: Manifestorr ($260.74 in chips) 
Manifestorr: posts small blind $0.50
ReVeu710: posts big blind $1
*** HOLE CARDS ***
easy_sarcasm: folds 
andutu34: folds 
SorinS28: raises $1.30 to $2.30
fabianovgl: raises $1.30 to $3.60
Manifestorr: folds 
ReVeu710: folds 
SorinS28: raises $18.90 to $22.50
fabianovgl: calls $18.90
*** FLOP *** [As 2h Kh]
SorinS28: checks 
fabianovgl: bets $55.87 and is all-in
SorinS28: folds 
Uncalled bet ($55.87) returned to fabianovgl
fabianovgl collected $43.60 from pot
*** SUMMARY ***
Total pot $46.50 | Rake $2.90 
Board [As 2h Kh]
Seat 1: ReVeu710 (big blind) folded before Flop
Seat 2: easy_sarcasm folded before Flop (didn't bet)
Seat 3: andutu34 folded before Flop (didn't bet)
Seat 4: SorinS28 folded on the Flop
Seat 5: fabianovgl (button) collected ($43.60)
Seat 6: Manifestorr (small blind) folded before Flop



PokerStars Hand #254304421291:  Hold'em No Limit ($0.50/$1.00 USD) - 2025/01/10 23:38:19 WET [2025/01/10 18:38:19 ET]
Table 'Klytaemnestra III' 6-max Seat #6 is the button
Seat 1: ReVeu710 ($102.70 in chips) 
Seat 2: easy_sarcasm ($105.18 in chips) 
Seat 3: andutu34 ($165.47 in chips) 
Seat 4: SorinS28 ($164.27 in chips) 
Seat 5: fabianovgl ($99.47 in chips) 
Seat 6: Manifestorr ($260.24 in chips) 
ReVeu710: posts small blind $0.50
easy_sarcasm: posts big blind $1
*** HOLE CARDS ***
andutu34: folds 
SorinS28: folds 
fabianovgl: calls $1
Manifestorr: raises $3 to $4
ReVeu710: folds 
easy_sarcasm: folds 
fabianovgl: calls $3
*** FLOP *** [2h Qd Ad]
fabianovgl: checks 
Manifestorr: bets $2.98
fabianovgl: calls $2.98
*** TURN *** [2h Qd Ad] [Ac]
fabianovgl: checks 
Manifestorr: bets $7.34
fabianovgl: folds 
Uncalled bet ($7.34) returned to Manifestorr
Manifestorr collected $14.69 from pot
*** SUMMARY ***
Total pot $15.46 | Rake $0.77 
Board [2h Qd Ad Ac]
Seat 1: ReVeu710 (small blind) folded before Flop
Seat 2: easy_sarcasm (big blind) folded before Flop
Seat 3: andutu34 folded before Flop (didn't bet)
Seat 4: SorinS28 folded before Flop (didn't bet)
Seat 5: fabianovgl folded on the Turn
Seat 6: Manifestorr (button) collected ($14.69)



PokerStars Hand #254304432254:  Hold'em No Limit ($0.50/$1.00 USD) - 2025/01/10 23:38:56 WET [2025/01/10 18:38:56 ET]
Table 'Klytaemnestra III' 6-max Seat #1 is the button
Seat 1: ReVeu710 ($102.20 in chips) 
Seat 2: easy_sarcasm ($104.18 in chips) 
Seat 3: andutu34 ($165.47 in chips) 
Seat 4: SorinS28 ($164.27 in chips) 
Seat 5: fabianovgl ($92.49 in chips) 
Seat 6: Manifestorr ($267.95 in chips) 
easy_sarcasm: posts small blind $0.50
andutu34: posts big blind $1
*** HOLE CARDS ***
SorinS28: folds 
fabianovgl: calls $1
Manifestorr: raises $3 to $4
ReVeu710: folds 
easy_sarcasm: raises $8.50 to $12.50
andutu34: folds 
fabianovgl: calls $11.50
Manifestorr: folds 
*** FLOP *** [8d Tc 6s]
easy_sarcasm: checks 
fabianovgl: bets $11
easy_sarcasm: folds 
Uncalled bet ($11) returned to fabianovgl
fabianovgl collected $28.12 from pot
*** SUMMARY ***
Total pot $30 | Rake $1.88 
Board [8d Tc 6s]
Seat 1: ReVeu710 (button) folded before Flop (didn't bet)
Seat 2: easy_sarcasm (small blind) folded on the Flop
Seat 3: andutu34 (big blind) folded before Flop
Seat 4: SorinS28 folded before Flop (didn't bet)
Seat 5: fabianovgl collected ($28.12)
Seat 6: Manifestorr folded before Flop



PokerStars Hand #254304441806:  Hold'em No Limit ($0.50/$1.00 USD) - 2025/01/10 23:39:29 WET [2025/01/10 18:39:29 ET]
Table 'Klytaemnestra III' 6-max Seat #2 is the button
Seat 1: ReVeu710 ($102.20 in chips) 
Seat 2: easy_sarcasm ($100 in chips) 
Seat 3: andutu34 ($164.47 in chips) 
Seat 4: SorinS28 ($164.27 in chips) 
Seat 5: fabianovgl ($108.11 in chips) 
Seat 6: Manifestorr ($263.95 in chips) 
andutu34: posts small blind $0.50
SorinS28: posts big blind $1
*** HOLE CARDS ***
fabianovgl: calls $1
Manifestorr: folds 
ReVeu710: folds 
easy_sarcasm: folds 
andutu34: folds 
SorinS28: checks 
*** FLOP *** [Kd Qs 9d]
SorinS28: checks 
fabianovgl: bets $4
SorinS28: folds 
Uncalled bet ($4) returned to fabianovgl
fabianovgl collected $2.35 from pot
*** SUMMARY ***
Total pot $2.50 | Rake $0.15 
Board [Kd Qs 9d]
Seat 1: ReVeu710 folded before Flop (didn't bet)
Seat 2: easy_sarcasm (button) folded before Flop (didn't bet)
Seat 3: andutu34 (small blind) folded before Flop
Seat 4: SorinS28 (big blind) folded on the Flop
Seat 5: fabianovgl collected ($2.35)
Seat 6: Manifestorr folded before Flop (didn't bet)



PokerStars Hand #254304448781:  Hold'em No Limit ($0.50/$1.00 USD) - 2025/01/10 23:39:53 WET [2025/01/10 18:39:53 ET]
Table 'Klytaemnestra III' 6-max Seat #3 is the button
Seat 1: ReVeu710 ($102.20 in chips) 
Seat 2: easy_sarcasm ($100 in chips) 
Seat 3: andutu34 ($163.97 in chips) 
Seat 4: SorinS28 ($163.27 in chips) 
Seat 5: fabianovgl ($109.46 in chips) 
Seat 6: Manifestorr ($263.95 in chips) 
SorinS28: posts small blind $0.50
fabianovgl: posts big blind $1
*** HOLE CARDS ***
Manifestorr: folds 
ReVeu710: folds 
easy_sarcasm: folds 
andutu34: folds 
SorinS28: folds 
Uncalled bet ($0.50) returned to fabianovgl
fabianovgl collected $1 from pot
*** SUMMARY ***
Total pot $1 | Rake $0 
Seat 1: ReVeu710 folded before Flop (didn't bet)
Seat 2: easy_sarcasm folded before Flop (didn't bet)
Seat 3: andutu34 (button) folded before Flop (didn't bet)
Seat 4: SorinS28 (small blind) folded before Flop
Seat 5: fabianovgl (big blind) collected ($1)
Seat 6: Manifestorr folded before Flop (didn't bet)



PokerStars Hand #254304451765:  Hold'em No Limit ($0.50/$1.00 USD) - 2025/01/10 23:40:03 WET [2025/01/10 18:40:03 ET]
Table 'Klytaemnestra III' 6-max Seat #4 is the button
Seat 1: ReVeu710 ($102.20 in chips) 
Seat 2: easy_sarcasm ($100 in chips) 
Seat 3: andutu34 ($163.97 in chips) 
Seat 4: SorinS28 ($162.77 in chips) 
Seat 5: fabianovgl ($109.96 in chips) 
Seat 6: Manifestorr ($263.95 in chips) 
fabianovgl: posts small blind $0.50
Manifestorr: posts big blind $1
*** HOLE CARDS ***
ReVeu710: raises $1 to $2
easy_sarcasm: raises $6 to $8
andutu34: folds 
SorinS28: folds 
fabianovgl: calls $7.50
Manifestorr: folds 
ReVeu710: raises $14 to $22
easy_sarcasm: folds 
fabianovgl: calls $14
*** FLOP *** [Kc 9s 7c]
fabianovgl: bets $21
ReVeu710: raises $59.20 to $80.20 and is all-in
fabianovgl: calls $59.20
*** TURN *** [Kc 9s 7c] [3s]
*** RIVER *** [Kc 9s 7c 3s] [5s]
*** SHOW DOWN ***
fabianovgl: shows [Ks Kd] (three of a kind, Kings)
ReVeu710: shows [Jc Jd] (a pair of Jacks)
fabianovgl collected $210.28 from pot
*** SUMMARY ***
Total pot $213.40 | Rake $3.12 
Board [Kc 9s 7c 3s 5s]
Seat 1: ReVeu710 showed [Jc Jd] and lost with a pair of Jacks
Seat 2: easy_sarcasm folded before Flop
Seat 3: andutu34 folded before Flop (didn't bet)
Seat 4: SorinS28 (button) folded before Flop (didn't bet)
Seat 5: fabianovgl (small blind) showed [Ks Kd] and won ($210.28) with three of a kind, Kings
Seat 6: Manifestorr (big blind) folded before Flop



PokerStars Hand #254304469681:  Hold'em No Limit ($0.50/$1.00 USD) - 2025/01/10 23:41:06 WET [2025/01/10 18:41:06 ET]
Table 'Klytaemnestra III' 6-max Seat #5 is the button
Seat 1: ReVeu710 ($100 in chips) 
Seat 2: easy_sarcasm ($100 in chips) 
Seat 3: andutu34 ($163.97 in chips) 
Seat 4: SorinS28 ($162.77 in chips) 
Seat 5: fabianovgl ($218.04 in chips) 
Seat 6: Manifestorr ($262.95 in chips) 
Manifestorr: posts small blind $0.50
ReVeu710: posts big blind $1
*** HOLE CARDS ***
easy_sarcasm: folds 
andutu34: folds 
SorinS28: folds 
fabianovgl: calls $1
Manifestorr: folds 
ReVeu710: checks 
*** FLOP *** [Jc 6s 9c]
ReVeu710: checks 
fabianovgl: bets $3
ReVeu710: calls $3
*** TURN *** [Jc 6s 9c] [5h]
ReVeu710: checks 
fabianovgl: bets $5
ReVeu710: folds 
Uncalled bet ($5) returned to fabianovgl
fabianovgl collected $7.98 from pot
*** SUMMARY ***
Total pot $8.50 | Rake $0.52 
Board [Jc 6s 9c 5h]
Seat 1: ReVeu710 (big blind) folded on the Turn
Seat 2: easy_sarcasm folded before Flop (didn't bet)
Seat 3: andutu34 folded before Flop (didn't bet)
Seat 4: SorinS28 folded before Flop (didn't bet)
Seat 5: fabianovgl (button) collected ($7.98)
Seat 6: Manifestorr (small blind) folded before Flop



PokerStars Hand #254304479114:  Hold'em No Limit ($0.50/$1.00 USD) - 2025/01/10 23:41:38 WET [2025/01/10 18:41:38 ET]
Table 'Klytaemnestra III' 6-max Seat #6 is the button
Seat 1: ReVeu710 ($100 in chips) 
Seat 2: easy_sarcasm ($100 in chips) 
Seat 3: andutu34 ($163.97 in chips) 
Seat 4: SorinS28 ($162.77 in chips) 
Seat 5: fabianovgl ($222.02 in chips) 
Seat 6: Manifestorr ($262.45 in chips) 
ReVeu710: posts small blind $0.50
easy_sarcasm: posts big blind $1
*** HOLE CARDS ***
andutu34: folds 
SorinS28: folds 
fabianovgl: calls $1
Manifestorr: folds 
ReVeu710: folds 
easy_sarcasm: checks 
*** FLOP *** [Qs Qd 7h]
easy_sarcasm: checks 
fabianovgl: checks 
*** TURN *** [Qs Qd 7h] [2h]
easy_sarcasm: checks 
fabianovgl: bets $4
easy_sarcasm: folds 
Uncalled bet ($4) returned to fabianovgl
fabianovgl collected $2.35 from pot
*** SUMMARY ***
Total pot $2.50 | Rake $0.15 
Board [Qs Qd 7h 2h]
Seat 1: ReVeu710 (small blind) folded before Flop
Seat 2: easy_sarcasm (big blind) folded on the Turn
Seat 3: andutu34 folded before Flop (didn't bet)
Seat 4: SorinS28 folded before Flop (didn't bet)
Seat 5: fabianovgl collected ($2.35)
Seat 6: Manifestorr (button) folded before Flop (didn't bet)



PokerStars Hand #254304486080:  Hold'em No Limit ($0.50/$1.00 USD) - 2025/01/10 23:42:02 WET [2025/01/10 18:42:02 ET]
Table 'Klytaemnestra III' 6-max Seat #1 is the button
Seat 1: ReVeu710 ($100 in chips) 
Seat 2: easy_sarcasm ($100 in chips) 
Seat 3: andutu34 ($163.97 in chips) 
Seat 4: SorinS28 ($162.77 in chips) 
Seat 5: fabianovgl ($223.37 in chips) 
Seat 6: Manifestorr ($262.45 in chips) 
easy_sarcasm: posts small blind $0.50
andutu34: posts big blind $1
*** HOLE CARDS ***
SorinS28: folds 
fabianovgl: calls $1
Manifestorr: folds 
ReVeu710: folds 
easy_sarcasm: raises $3.50 to $4.50
andutu34: calls $3.50
fabianovgl: folds 
*** FLOP *** [3c 6c Kc]
easy_sarcasm: bets $3.50
andutu34: calls $3.50
*** TURN *** [3c 6c Kc] [8c]
easy_sarcasm: checks 
andutu34: checks 
*** RIVER *** [3c 6c Kc 8c] [5c]
easy_sarcasm: checks 
andutu34: bets $10.66
easy_sarcasm: folds 
Uncalled bet ($10.66) returned to andutu34
andutu34 collected $16.15 from pot
andutu34: doesn't show hand 
*** SUMMARY ***
Total pot $17 | Rake $0.85 
Board [3c 6c Kc 8c 5c]
Seat 1: ReVeu710 (button) folded before Flop (didn't bet)
Seat 2: easy_sarcasm (small blind) folded on the River
Seat 3: andutu34 (big blind) collected ($16.15)
Seat 4: SorinS28 folded before Flop (didn't bet)
Seat 5: fabianovgl folded before Flop
Seat 6: Manifestorr folded before Flop (didn't bet)



PokerStars Hand #254304506328:  Hold'em No Limit ($0.50/$1.00 USD) - 2025/01/10 23:43:12 WET [2025/01/10 18:43:12 ET]
Table 'Klytaemnestra III' 6-max Seat #2 is the button
Seat 1: ReVeu710 ($100 in chips) 
Seat 2: easy_sarcasm ($100 in chips) 
Seat 3: andutu34 ($172.12 in chips) 
Seat 4: SorinS28 ($162.77 in chips) 
Seat 5: fabianovgl ($222.37 in chips) 
Seat 6: Manifestorr ($262.45 in chips) 
andutu34: posts small blind $0.50
SorinS28: posts big blind $1
*** HOLE CARDS ***
fabianovgl: folds 
Manifestorr: folds 
ReVeu710: raises $1.30 to $2.30
easy_sarcasm: folds 
andutu34: folds 
SorinS28: folds 
Uncalled bet ($1.30) returned to ReVeu710
ReVeu710 collected $2.50 from pot
ReVeu710: doesn't show hand 
*** SUMMARY ***
Total pot $2.50 | Rake $0 
Seat 1: ReVeu710 collected ($2.50)
Seat 2: easy_sarcasm (button) folded before Flop (didn't bet)
Seat 3: andutu34 (small blind) folded before Flop
Seat 4: SorinS28 (big blind) folded before Flop
Seat 5: fabianovgl folded before Flop (didn't bet)
Seat 6: Manifestorr folded before Flop (didn't bet)



PokerStars Hand #254304509205:  Hold'em No Limit ($0.50/$1.00 USD) - 2025/01/10 23:43:23 WET [2025/01/10 18:43:23 ET]
Table 'Klytaemnestra III' 6-max Seat #3 is the button
Seat 1: ReVeu710 ($101.50 in chips) 
Seat 2: easy_sarcasm ($100 in chips) 
Seat 3: andutu34 ($171.62 in chips) 
Seat 4: SorinS28 ($161.77 in chips) 
Seat 5: fabianovgl ($222.37 in chips) 
Seat 6: Manifestorr ($262.45 in chips) 
SorinS28: posts small blind $0.50
fabianovgl: posts big blind $1
*** HOLE CARDS ***
Manifestorr: raises $1.20 to $2.20
ReVeu710: calls $2.20
easy_sarcasm: folds 
andutu34: folds 
SorinS28: folds 
fabianovgl: calls $1.20
*** FLOP *** [7c 5c 8s]
fabianovgl: checks 
Manifestorr: bets $3.37
ReVeu710: folds 
fabianovgl: folds 
Uncalled bet ($3.37) returned to Manifestorr
Manifestorr collected $6.74 from pot
*** SUMMARY ***
Total pot $7.10 | Rake $0.36 
Board [7c 5c 8s]
Seat 1: ReVeu710 folded on the Flop
Seat 2: easy_sarcasm folded before Flop (didn't bet)
Seat 3: andutu34 (button) folded before Flop (didn't bet)
Seat 4: SorinS28 (small blind) folded before Flop
Seat 5: fabianovgl (big blind) folded on the Flop
Seat 6: Manifestorr collected ($6.74)



PokerStars Hand #254304517176:  Hold'em No Limit ($0.50/$1.00 USD) - 2025/01/10 23:43:50 WET [2025/01/10 18:43:50 ET]
Table 'Klytaemnestra III' 6-max Seat #4 is the button
Seat 1: ReVeu710 ($100 in chips) 
Seat 2: easy_sarcasm ($100 in chips) 
Seat 3: andutu34 ($171.62 in chips) 
Seat 4: SorinS28 ($161.27 in chips) 
Seat 5: fabianovgl ($220.17 in chips) 
Seat 6: Manifestorr ($266.99 in chips) 
fabianovgl: posts small blind $0.50
Manifestorr: posts big blind $1
*** HOLE CARDS ***
ReVeu710: raises $1 to $2
easy_sarcasm: calls $2
andutu34: folds 
SorinS28: folds 
fabianovgl: folds 
Manifestorr: calls $1
*** FLOP *** [7c 8d Ks]
Manifestorr: checks 
ReVeu710: bets $1.54
easy_sarcasm: folds 
Manifestorr: calls $1.54
*** TURN *** [7c 8d Ks] [Qc]
Manifestorr: checks 
ReVeu710: checks 
*** RIVER *** [7c 8d Ks Qc] [Kc]
Manifestorr: bets $13
ReVeu710: folds 
Uncalled bet ($13) returned to Manifestorr
Manifestorr collected $9.10 from pot
*** SUMMARY ***
Total pot $9.58 | Rake $0.48 
Board [7c 8d Ks Qc Kc]
Seat 1: ReVeu710 folded on the River
Seat 2: easy_sarcasm folded on the Flop
Seat 3: andutu34 folded before Flop (didn't bet)
Seat 4: SorinS28 (button) folded before Flop (didn't bet)
Seat 5: fabianovgl (small blind) folded before Flop
Seat 6: Manifestorr (big blind) collected ($9.10)



PokerStars Hand #254304529226:  Hold'em No Limit ($0.50/$1.00 USD) - 2025/01/10 23:44:33 WET [2025/01/10 18:44:33 ET]
Table 'Klytaemnestra III' 6-max Seat #5 is the button
Seat 1: ReVeu710 ($100 in chips) 
Seat 2: easy_sarcasm ($100 in chips) 
Seat 3: andutu34 ($171.62 in chips) 
Seat 4: SorinS28 ($161.27 in chips) 
Seat 5: fabianovgl ($219.67 in chips) 
Seat 6: Manifestorr ($272.55 in chips) 
Manifestorr: posts small blind $0.50
ReVeu710: posts big blind $1
*** HOLE CARDS ***
easy_sarcasm: raises $2 to $3
andutu34: folds 
SorinS28: raises $6 to $9
fabianovgl: folds 
Manifestorr: folds 
ReVeu710: folds 
easy_sarcasm: folds 
Uncalled bet ($6) returned to SorinS28
SorinS28 collected $7.50 from pot
SorinS28: doesn't show hand 
*** SUMMARY ***
Total pot $7.50 | Rake $0 
Seat 1: ReVeu710 (big blind) folded before Flop
Seat 2: easy_sarcasm folded before Flop
Seat 3: andutu34 folded before Flop (didn't bet)
Seat 4: SorinS28 collected ($7.50)
Seat 5: fabianovgl (button) folded before Flop (didn't bet)
Seat 6: Manifestorr (small blind) folded before Flop



PokerStars Hand #254304533974:  Hold'em No Limit ($0.50/$1.00 USD) - 2025/01/10 23:44:49 WET [2025/01/10 18:44:49 ET]
Table 'Klytaemnestra III' 6-max Seat #6 is the button
Seat 1: ReVeu710 ($100 in chips) 
Seat 2: easy_sarcasm ($100 in chips) 
Seat 3: andutu34 ($171.62 in chips) 
Seat 4: SorinS28 ($165.77 in chips) 
Seat 5: fabianovgl ($219.67 in chips) 
Seat 6: Manifestorr ($272.05 in chips) 
ReVeu710: posts small blind $0.50
easy_sarcasm: posts big blind $1
*** HOLE CARDS ***
andutu34: folds 
SorinS28: folds 
fabianovgl: calls $1
Manifestorr: folds 
ReVeu710: folds 
easy_sarcasm: raises $4.50 to $5.50
fabianovgl: calls $4.50
*** FLOP *** [7d 3c Kc]
easy_sarcasm: checks 
fabianovgl: checks 
*** TURN *** [7d 3c Kc] [7c]
easy_sarcasm: bets $5.57
fabianovgl: folds 
Uncalled bet ($5.57) returned to easy_sarcasm
easy_sarcasm collected $10.92 from pot
*** SUMMARY ***
Total pot $11.50 | Rake $0.58 
Board [7d 3c Kc 7c]
Seat 1: ReVeu710 (small blind) folded before Flop
Seat 2: easy_sarcasm (big blind) collected ($10.92)
Seat 3: andutu34 folded before Flop (didn't bet)
Seat 4: SorinS28 folded before Flop (didn't bet)
Seat 5: fabianovgl folded on the Turn
Seat 6: Manifestorr (button) folded before Flop (didn't bet)



PokerStars Hand #254304544817:  Hold'em No Limit ($0.50/$1.00 USD) - 2025/01/10 23:45:27 WET [2025/01/10 18:45:27 ET]
Table 'Klytaemnestra III' 6-max Seat #1 is the button
Seat 1: ReVeu710 ($100 in chips) 
Seat 2: easy_sarcasm ($105.42 in chips) 
Seat 3: andutu34 ($171.62 in chips) 
Seat 4: SorinS28 ($165.77 in chips) 
Seat 5: fabianovgl ($214.17 in chips) 
Seat 6: Manifestorr ($272.05 in chips) 
easy_sarcasm: posts small blind $0.50
andutu34: posts big blind $1
*** HOLE CARDS ***
SorinS28: raises $1.02 to $2.02
fabianovgl: raises $1.02 to $3.04
Manifestorr: folds 
ReVeu710: folds 
easy_sarcasm: folds 
andutu34: folds 
SorinS28: raises $11.96 to $15
fabianovgl: folds 
Uncalled bet ($11.96) returned to SorinS28
SorinS28 collected $7.58 from pot
SorinS28: doesn't show hand 
*** SUMMARY ***
Total pot $7.58 | Rake $0 
Seat 1: ReVeu710 (button) folded before Flop (didn't bet)
Seat 2: easy_sarcasm (small blind) folded before Flop
Seat 3: andutu34 (big blind) folded before Flop
Seat 4: SorinS28 collected ($7.58)
Seat 5: fabianovgl folded before Flop
Seat 6: Manifestorr folded before Flop (didn't bet)



PokerStars Hand #254304551115:  Hold'em No Limit ($0.50/$1.00 USD) - 2025/01/10 23:45:50 WET [2025/01/10 18:45:50 ET]
Table 'Klytaemnestra III' 6-max Seat #2 is the button
Seat 1: ReVeu710 ($100 in chips) 
Seat 2: easy_sarcasm ($104.92 in chips) 
Seat 3: andutu34 ($170.62 in chips) 
Seat 4: SorinS28 ($170.31 in chips) 
Seat 5: fabianovgl ($211.13 in chips) 
Seat 6: Manifestorr ($272.05 in chips) 
andutu34: posts small blind $0.50
SorinS28: posts big blind $1
*** HOLE CARDS ***
fabianovgl: calls $1
Manifestorr: folds 
ReVeu710: folds 
easy_sarcasm: raises $4.50 to $5.50
andutu34: folds 
SorinS28: folds 
fabianovgl: calls $4.50
*** FLOP *** [6s 4c 5s]
fabianovgl: bets $43
easy_sarcasm: raises $56.42 to $99.42 and is all-in
fabianovgl: folds 
Uncalled bet ($56.42) returned to easy_sarcasm
easy_sarcasm collected $96 from pot
*** SUMMARY ***
Total pot $98.50 | Rake $2.50 
Board [6s 4c 5s]
Seat 1: ReVeu710 folded before Flop (didn't bet)
Seat 2: easy_sarcasm (button) collected ($96)
Seat 3: andutu34 (small blind) folded before Flop
Seat 4: SorinS28 (big blind) folded before Flop
Seat 5: fabianovgl folded on the Flop
Seat 6: Manifestorr folded before Flop (didn't bet)



PokerStars Hand #254304562675:  Hold'em No Limit ($0.50/$1.00 USD) - 2025/01/10 23:46:30 WET [2025/01/10 18:46:30 ET]
Table 'Klytaemnestra III' 6-max Seat #3 is the button
Seat 1: ReVeu710 ($100 in chips) 
Seat 2: easy_sarcasm ($152.42 in chips) 
Seat 3: andutu34 ($170.12 in chips) 
Seat 4: SorinS28 ($169.31 in chips) 
Seat 5: fabianovgl ($162.63 in chips) 
Seat 6: Manifestorr ($272.05 in chips) 
SorinS28: posts small blind $0.50
fabianovgl: posts big blind $1
*** HOLE CARDS ***
Manifestorr: folds 
ReVeu710: raises $1 to $2
easy_sarcasm: calls $2
andutu34: folds 
SorinS28: calls $1.50
fabianovgl: calls $1
*** FLOP *** [Jh 9c Jc]
SorinS28: checks 
fabianovgl: bets $4
ReVeu710: calls $4
easy_sarcasm: folds 
SorinS28: raises $12 to $16
fabianovgl: raises $12 to $28
ReVeu710: raises $70 to $98 and is all-in
SorinS28: raises $69.31 to $167.31 and is all-in
fabianovgl: calls $132.63 and is all-in
Uncalled bet ($6.68) returned to SorinS28
*** TURN *** [Jh 9c Jc] [9d]
*** RIVER *** [Jh 9c Jc 9d] [As]
*** SHOW DOWN ***
SorinS28: shows [Jd Ks] (a full house, Jacks full of Nines)
fabianovgl: shows [8d 9h] (a full house, Nines full of Jacks)
SorinS28 collected $125.26 from side pot
ReVeu710: shows [Tc 8c] (two pair, Jacks and Nines)
SorinS28 collected $299.50 from main pot
*** SUMMARY ***
Total pot $427.26 Main pot $299.50. Side pot $125.26. | Rake $2.50 
Board [Jh 9c Jc 9d As]
Seat 1: ReVeu710 showed [Tc 8c] and lost with two pair, Jacks and Nines
Seat 2: easy_sarcasm folded on the Flop
Seat 3: andutu34 (button) folded before Flop (didn't bet)
Seat 4: SorinS28 (small blind) showed [Jd Ks] and won ($424.76) with a full house, Jacks full of Nines
Seat 5: fabianovgl (big blind) showed [8d 9h] and lost with a full house, Nines full of Jacks
Seat 6: Manifestorr folded before Flop (didn't bet)



PokerStars Hand #254304593927:  Hold'em No Limit ($0.50/$1.00 USD) - 2025/01/10 23:48:21 WET [2025/01/10 18:48:21 ET]
Table 'Klytaemnestra III' 6-max Seat #4 is the button
Seat 5: fabianovgl ($0 in chips) is sitting out
Seat 1: ReVeu710 ($100 in chips) 
Seat 2: easy_sarcasm ($150.42 in chips) 
Seat 3: andutu34 ($170.12 in chips) 
Seat 4: SorinS28 ($431.44 in chips) 
Seat 6: Manifestorr ($272.05 in chips) 
Manifestorr: posts small blind $0.50
ReVeu710: posts big blind $1
*** HOLE CARDS ***
easy_sarcasm: folds 
andutu34: folds 
SorinS28: folds 
Manifestorr: raises $2 to $3
ReVeu710: raises $7 to $10
Manifestorr: folds 
Uncalled bet ($7) returned to ReVeu710
ReVeu710 collected $6 from pot
ReVeu710: doesn't show hand 
*** SUMMARY ***
Total pot $6 | Rake $0 
Seat 5: fabianovgl
Seat 1: ReVeu710 (big blind) collected ($6)
Seat 2: easy_sarcasm folded before Flop (didn't bet)
Seat 3: andutu34 folded before Flop (didn't bet)
Seat 4: SorinS28 (button) folded before Flop (didn't bet)
Seat 6: Manifestorr (small blind) folded before Flop



PokerStars Hand #254304598804:  Hold'em No Limit ($0.50/$1.00 USD) - 2025/01/10 23:48:38 WET [2025/01/10 18:48:38 ET]
Table 'Klytaemnestra III' 6-max Seat #6 is the button
Seat 5: fabianovgl ($0 in chips) is sitting out
Seat 1: ReVeu710 ($103 in chips) 
Seat 2: easy_sarcasm ($150.42 in chips) 
Seat 3: andutu34 ($170.12 in chips) 
Seat 4: SorinS28 ($431.44 in chips) 
Seat 6: Manifestorr ($269.05 in chips) 
ReVeu710: posts small blind $0.50
easy_sarcasm: posts big blind $1
*** HOLE CARDS ***
andutu34: folds 
SorinS28: raises $1.30 to $2.30
Manifestorr: folds 
ReVeu710: folds 
easy_sarcasm: folds 
Uncalled bet ($1.30) returned to SorinS28
SorinS28 collected $2.50 from pot
SorinS28: doesn't show hand 
*** SUMMARY ***
Total pot $2.50 | Rake $0 
Seat 5: fabianovgl
Seat 1: ReVeu710 (small blind) folded before Flop
Seat 2: easy_sarcasm (big blind) folded before Flop
Seat 3: andutu34 folded before Flop (didn't bet)
Seat 4: SorinS28 collected ($2.50)
Seat 6: Manifestorr (button) folded before Flop (didn't bet)



PokerStars Hand #254304603475:  Hold'em No Limit ($0.50/$1.00 USD) - 2025/01/10 23:48:54 WET [2025/01/10 18:48:54 ET]
Table 'Klytaemnestra III' 6-max Seat #1 is the button
Seat 5: fabianovgl ($0 in chips) is sitting out
Seat 1: ReVeu710 ($102.50 in chips) 
Seat 2: easy_sarcasm ($149.42 in chips) 
Seat 3: andutu34 ($170.12 in chips) 
Seat 4: SorinS28 ($432.94 in chips) 
Seat 6: Manifestorr ($269.05 in chips) 
easy_sarcasm: posts small blind $0.50
andutu34: posts big blind $1
*** HOLE CARDS ***
SorinS28: folds 
Manifestorr: raises $1.20 to $2.20
ReVeu710: raises $5.80 to $8
easy_sarcasm: folds 
andutu34: folds 
Manifestorr: folds 
Uncalled bet ($5.80) returned to ReVeu710
ReVeu710 collected $5.90 from pot
ReVeu710: doesn't show hand 
fabianovgl is disconnected 
*** SUMMARY ***
Total pot $5.90 | Rake $0 
Seat 5: fabianovgl
Seat 1: ReVeu710 (button) collected ($5.90)
Seat 2: easy_sarcasm (small blind) folded before Flop
Seat 3: andutu34 (big blind) folded before Flop
Seat 4: SorinS28 folded before Flop (didn't bet)
Seat 6: Manifestorr folded before Flop



PokerStars Hand #254304608447:  Hold'em No Limit ($0.50/$1.00 USD) - 2025/01/10 23:49:12 WET [2025/01/10 18:49:12 ET]
Table 'Klytaemnestra III' 6-max Seat #2 is the button
Seat 5: fabianovgl ($0 in chips) is sitting out
Seat 1: ReVeu710 ($106.20 in chips) 
Seat 2: easy_sarcasm ($148.92 in chips) 
Seat 3: andutu34 ($169.12 in chips) 
Seat 4: SorinS28 ($432.94 in chips) 
Seat 6: Manifestorr ($266.85 in chips) 
andutu34: posts small blind $0.50
SorinS28: posts big blind $1
*** HOLE CARDS ***
Manifestorr: folds 
ReVeu710: folds 
easy_sarcasm: folds 
andutu34: raises $2 to $3
SorinS28: folds 
Uncalled bet ($2) returned to andutu34
andutu34 collected $2 from pot
andutu34: doesn't show hand 
*** SUMMARY ***
Total pot $2 | Rake $0 
Seat 5: fabianovgl
Seat 1: ReVeu710 folded before Flop (didn't bet)
Seat 2: easy_sarcasm (button) folded before Flop (didn't bet)
Seat 3: andutu34 (small blind) collected ($2)
Seat 4: SorinS28 (big blind) folded before Flop
Seat 6: Manifestorr folded before Flop (didn't bet)



PokerStars Hand #254304611649:  Hold'em No Limit ($0.50/$1.00 USD) - 2025/01/10 23:49:24 WET [2025/01/10 18:49:24 ET]
Table 'Klytaemnestra III' 6-max Seat #3 is the button
Seat 5: fabianovgl ($0 in chips) is sitting out
Seat 1: ReVeu710 ($106.20 in chips) 
Seat 2: easy_sarcasm ($148.92 in chips) 
Seat 3: andutu34 ($170.12 in chips) 
Seat 4: SorinS28 ($431.94 in chips) 
Seat 6: Manifestorr ($266.85 in chips) 
SorinS28: posts small blind $0.50
Manifestorr: posts big blind $1
*** HOLE CARDS ***
ReVeu710: raises $1 to $2
easy_sarcasm: folds 
andutu34: folds 
SorinS28: folds 
Manifestorr: calls $1
*** FLOP *** [2h As 7s]
Manifestorr: checks 
ReVeu710: bets $1.07
Manifestorr: folds 
Uncalled bet ($1.07) returned to ReVeu710
ReVeu710 collected $4.28 from pot
ReVeu710: doesn't show hand 
*** SUMMARY ***
Total pot $4.50 | Rake $0.22 
Board [2h As 7s]
Seat 5: fabianovgl
Seat 1: ReVeu710 collected ($4.28)
Seat 2: easy_sarcasm folded before Flop (didn't bet)
Seat 3: andutu34 (button) folded before Flop (didn't bet)
Seat 4: SorinS28 (small blind) folded before Flop
Seat 6: Manifestorr (big blind) folded on the Flop



PokerStars Hand #254304618562:  Hold'em No Limit ($0.50/$1.00 USD) - 2025/01/10 23:49:48 WET [2025/01/10 18:49:48 ET]
Table 'Klytaemnestra III' 6-max Seat #4 is the button
Seat 5: fabianovgl ($0 in chips) is sitting out
Seat 1: ReVeu710 ($108.48 in chips) 
Seat 2: easy_sarcasm ($148.92 in chips) 
Seat 3: andutu34 ($170.12 in chips) 
Seat 4: SorinS28 ($431.44 in chips) 
Seat 6: Manifestorr ($264.85 in chips) 
Manifestorr: posts small blind $0.50
ReVeu710: posts big blind $1
*** HOLE CARDS ***
easy_sarcasm: folds 
andutu34: folds 
SorinS28: folds 
Manifestorr: raises $2 to $3
ReVeu710: folds 
Uncalled bet ($2) returned to Manifestorr
Manifestorr collected $2 from pot
*** SUMMARY ***
Total pot $2 | Rake $0 
Seat 5: fabianovgl
Seat 1: ReVeu710 (big blind) folded before Flop
Seat 2: easy_sarcasm folded before Flop (didn't bet)
Seat 3: andutu34 folded before Flop (didn't bet)
Seat 4: SorinS28 (button) folded before Flop (didn't bet)
Seat 6: Manifestorr (small blind) collected ($2)



PokerStars Hand #254304622875:  Hold'em No Limit ($0.50/$1.00 USD) - 2025/01/10 23:50:03 WET [2025/01/10 18:50:03 ET]
Table 'Klytaemnestra III' 6-max Seat #6 is the button
Seat 5: fabianovgl ($0 in chips) is sitting out
Seat 1: ReVeu710 ($107.48 in chips) 
Seat 2: easy_sarcasm ($148.92 in chips) 
Seat 3: andutu34 ($170.12 in chips) 
Seat 4: SorinS28 ($431.44 in chips) 
Seat 6: Manifestorr ($265.85 in chips) 
ReVeu710: posts small blind $0.50
easy_sarcasm: posts big blind $1
*** HOLE CARDS ***
andutu34: folds 
SorinS28: folds 
Manifestorr: folds 
ReVeu710: raises $2 to $3
easy_sarcasm: folds 
Uncalled bet ($2) returned to ReVeu710
ReVeu710 collected $2 from pot
ReVeu710: doesn't show hand 
*** SUMMARY ***
Total pot $2 | Rake $0 
Seat 5: fabianovgl
Seat 1: ReVeu710 (small blind) collected ($2)
Seat 2: easy_sarcasm (big blind) folded before Flop
Seat 3: andutu34 folded before Flop (didn't bet)
Seat 4: SorinS28 folded before Flop (didn't bet)
Seat 6: Manifestorr (button) folded before Flop (didn't bet)



PokerStars Hand #254304625940:  Hold'em No Limit ($0.50/$1.00 USD) - 2025/01/10 23:50:14 WET [2025/01/10 18:50:14 ET]
Table 'Klytaemnestra III' 6-max Seat #1 is the button
Seat 3: andutu34 ($170.12 in chips) is sitting out
Seat 4: SorinS28 ($431.44 in chips) is sitting out
Seat 5: fabianovgl ($0 in chips) is sitting out
Seat 1: ReVeu710 ($108.48 in chips) 
Seat 2: easy_sarcasm ($147.92 in chips) 
Seat 6: Manifestorr ($265.85 in chips) 
easy_sarcasm: posts small blind $0.50
andutu34: is sitting out 
SorinS28: is sitting out 
Manifestorr: posts big blind $1
*** HOLE CARDS ***
ReVeu710: folds 
andutu34 leaves the table
SorinS28 leaves the table
easy_sarcasm: folds 
Uncalled bet ($0.50) returned to Manifestorr
Manifestorr collected $1 from pot
*** SUMMARY ***
Total pot $1 | Rake $0 
Seat 3: andutu34
Seat 4: SorinS28
Seat 5: fabianovgl
Seat 1: ReVeu710 (button) folded before Flop (didn't bet)
Seat 2: easy_sarcasm (small blind) folded before Flop
Seat 6: Manifestorr (big blind) collected ($1)



PokerStars Hand #254304629071:  Hold'em No Limit ($0.50/$1.00 USD) - 2025/01/10 23:50:25 WET [2025/01/10 18:50:25 ET]
Table 'Klytaemnestra III' 6-max Seat #2 is the button
Seat 5: fabianovgl ($0 in chips) is sitting out
Seat 1: ReVeu710 ($108.48 in chips) 
Seat 2: easy_sarcasm ($147.42 in chips) 
Seat 6: Manifestorr ($266.35 in chips) 
Manifestorr: posts small blind $0.50
ReVeu710: posts big blind $1
*** HOLE CARDS ***
easy_sarcasm: folds 
Manifestorr: raises $2 to $3
ReVeu710: folds 
Uncalled bet ($2) returned to Manifestorr
Manifestorr collected $2 from pot
*** SUMMARY ***
Total pot $2 | Rake $0 
Seat 5: fabianovgl
Seat 1: ReVeu710 (big blind) folded before Flop
Seat 2: easy_sarcasm (button) folded before Flop (didn't bet)
Seat 6: Manifestorr (small blind) collected ($2)



PokerStars Hand #254304633350:  Hold'em No Limit ($0.50/$1.00 USD) - 2025/01/10 23:50:41 WET [2025/01/10 18:50:41 ET]
Table 'Klytaemnestra III' 6-max Seat #6 is the button
Seat 5: fabianovgl ($0 in chips) is sitting out
Seat 1: ReVeu710 ($107.48 in chips) 
Seat 2: easy_sarcasm ($147.42 in chips) 
Seat 6: Manifestorr ($267.35 in chips) 
ReVeu710: posts small blind $0.50
easy_sarcasm: posts big blind $1
*** HOLE CARDS ***
Manifestorr: folds 
ReVeu710: raises $2 to $3
easy_sarcasm: calls $2
*** FLOP *** [2d 3c 9c]
jeilsons joins the table at seat #4 
ReVeu710: bets $3.48
easy_sarcasm: calls $3.48
*** TURN *** [2d 3c 9c] [Kh]
ReVeu710: bets $12.43
jeilsons leaves the table
easy_sarcasm: folds 
Uncalled bet ($12.43) returned to ReVeu710
ReVeu710 collected $12.31 from pot
ReVeu710: doesn't show hand 
*** SUMMARY ***
Total pot $12.96 | Rake $0.65 
Board [2d 3c 9c Kh]
Seat 5: fabianovgl
Seat 1: ReVeu710 (small blind) collected ($12.31)
Seat 2: easy_sarcasm (big blind) folded on the Turn
Seat 6: Manifestorr (button) folded before Flop (didn't bet)



PokerStars Hand #254304642703:  Hold'em No Limit ($0.50/$1.00 USD) - 2025/01/10 23:51:15 WET [2025/01/10 18:51:15 ET]
Table 'Klytaemnestra III' 6-max Seat #2 is the button
Seat 5: fabianovgl ($0 in chips) is sitting out
Seat 6: Manifestorr ($267.35 in chips) is sitting out
Seat 1: ReVeu710 ($113.31 in chips) 
Seat 2: easy_sarcasm ($140.94 in chips) 
easy_sarcasm: posts small blind $0.50
Manifestorr: is sitting out 
ReVeu710: posts big blind $1
*** HOLE CARDS ***
easy_sarcasm: raises $2 to $3
Manifestorr leaves the table
ReVeu710: folds 
Uncalled bet ($2) returned to easy_sarcasm
easy_sarcasm collected $2 from pot
fabianovgl leaves the table
*** SUMMARY ***
Total pot $2 | Rake $0 
Seat 5: fabianovgl
Seat 6: Manifestorr
Seat 1: ReVeu710 (big blind) folded before Flop
Seat 2: easy_sarcasm (button) (small blind) collected ($2)



