PokerStars Hand #254291874252:  Hold'em No Limit ($0.50/$1.00 USD) - 2025/01/10 7:14:39 WET [2025/01/10 2:14:39 ET]
Table 'Cunitza II' 6-max Seat #3 is the button
Seat 3: rivizzigno18 ($25.33 in chips) 
Seat 4: peak joker33 ($100 in chips) 
Seat 5: 3EPH ($100 in chips) 
peak joker33: posts small blind $0.50
3EPH: posts big blind $1
*** HOLE CARDS ***
rivizzigno18: folds 
peak joker33: raises $2 to $3
3EPH: raises $7 to $10
peak joker33: calls $7
*** FLOP *** [5c Ts 2h]
peak joker33: checks 
3EPH: bets $14.25
nickreason17 joins the table at seat #6 
peak joker33: raises $14.25 to $28.50
3EPH: calls $14.25
*** TURN *** [5c Ts 2h] [5d]
peak joker33: checks 
3EPH: bets $19
peak joker33: folds 
Uncalled bet ($19) returned to 3EPH
3EPH collected $76 from pot
3EPH: doesn't show hand 
*** SUMMARY ***
Total pot $77 | Rake $1 
Board [5c Ts 2h 5d]
Seat 3: rivizzigno18 (button) folded before Flop (didn't bet)
Seat 4: peak joker33 (small blind) folded on the Turn
Seat 5: 3EPH (big blind) collected ($76)



PokerStars Hand #254291880471:  Hold'em No Limit ($0.50/$1.00 USD) - 2025/01/10 7:15:58 WET [2025/01/10 2:15:58 ET]
Table 'Cunitza II' 6-max Seat #4 is the button
Seat 3: rivizzigno18 ($25.33 in chips) 
Seat 4: peak joker33 ($100 in chips) 
Seat 5: 3EPH ($137.50 in chips) 
Seat 6: nickreason17 ($100 in chips) 
3EPH: posts small blind $0.50
nickreason17: posts big blind $1
*** HOLE CARDS ***
rivizzigno18: calls $1
peak joker33: folds 
3EPH: folds 
nickreason17: checks 
*** FLOP *** [5h Th Qh]
nickreason17: checks 
rivizzigno18: checks 
*** TURN *** [5h Th Qh] [4s]
nickreason17: checks 
rivizzigno18: bets $2.38
nickreason17: calls $2.38
*** RIVER *** [5h Th Qh 4s] [Js]
nickreason17: checks 
rivizzigno18: checks 
*** SHOW DOWN ***
nickreason17: shows [4d Kh] (a pair of Fours)
rivizzigno18: mucks hand 
nickreason17 collected $6.90 from pot
*** SUMMARY ***
Total pot $7.26 | Rake $0.36 
Board [5h Th Qh 4s Js]
Seat 3: rivizzigno18 mucked
Seat 4: peak joker33 (button) folded before Flop (didn't bet)
Seat 5: 3EPH (small blind) folded before Flop
Seat 6: nickreason17 (big blind) showed [4d Kh] and won ($6.90) with a pair of Fours



PokerStars Hand #254291883225:  Hold'em No Limit ($0.50/$1.00 USD) - 2025/01/10 7:16:32 WET [2025/01/10 2:16:32 ET]
Table 'Cunitza II' 6-max Seat #5 is the button
Seat 3: rivizzigno18 ($21.95 in chips) 
Seat 4: peak joker33 ($100 in chips) 
Seat 5: 3EPH ($137 in chips) 
Seat 6: nickreason17 ($103.52 in chips) 
nickreason17: posts small blind $0.50
rivizzigno18: posts big blind $1
*** HOLE CARDS ***
peak joker33: raises $1.50 to $2.50
3EPH: folds 
nickreason17: folds 
rivizzigno18: calls $1.50
*** FLOP *** [2d 5h Qd]
rivizzigno18: checks 
peak joker33: bets $1.72
rivizzigno18: raises $1.72 to $3.44
peak joker33: folds 
Uncalled bet ($1.72) returned to rivizzigno18
rivizzigno18 collected $8.49 from pot
*** SUMMARY ***
Total pot $8.94 | Rake $0.45 
Board [2d 5h Qd]
Seat 3: rivizzigno18 (big blind) collected ($8.49)
Seat 4: peak joker33 folded on the Flop
Seat 5: 3EPH (button) folded before Flop (didn't bet)
Seat 6: nickreason17 (small blind) folded before Flop



PokerStars Hand #254291886033:  Hold'em No Limit ($0.50/$1.00 USD) - 2025/01/10 7:17:08 WET [2025/01/10 2:17:08 ET]
Table 'Cunitza II' 6-max Seat #6 is the button
Seat 3: rivizzigno18 ($26.22 in chips) 
Seat 4: peak joker33 ($100 in chips) 
Seat 5: 3EPH ($137 in chips) 
Seat 6: nickreason17 ($103.02 in chips) 
rivizzigno18: posts small blind $0.50
peak joker33: posts big blind $1
*** HOLE CARDS ***
3EPH: folds 
nickreason17: raises $1.50 to $2.50
rivizzigno18: folds 
peak joker33: folds 
Uncalled bet ($1.50) returned to nickreason17
fabion557 joins the table at seat #1 
nickreason17 collected $2.50 from pot
nickreason17: doesn't show hand 
*** SUMMARY ***
Total pot $2.50 | Rake $0 
Seat 3: rivizzigno18 (small blind) folded before Flop
Seat 4: peak joker33 (big blind) folded before Flop
Seat 5: 3EPH folded before Flop (didn't bet)
Seat 6: nickreason17 (button) collected ($2.50)



PokerStars Hand #254291887038:  Hold'em No Limit ($0.50/$1.00 USD) - 2025/01/10 7:17:20 WET [2025/01/10 2:17:20 ET]
Table 'Cunitza II' 6-max Seat #3 is the button
Seat 1: fabion557 ($42 in chips) is sitting out
Seat 3: rivizzigno18 ($25.72 in chips) 
Seat 4: peak joker33 ($100 in chips) 
Seat 5: 3EPH ($137 in chips) 
Seat 6: nickreason17 ($104.52 in chips) 
peak joker33: posts small blind $0.50
3EPH: posts big blind $1
fabion557: sits out 
*** HOLE CARDS ***
rao999 joins the table at seat #2 
nickreason17: folds 
rivizzigno18: folds 
peak joker33: raises $2 to $3
3EPH: raises $7 to $10
peak joker33: folds 
Uncalled bet ($7) returned to 3EPH
3EPH collected $6 from pot
3EPH: doesn't show hand 
*** SUMMARY ***
Total pot $6 | Rake $0 
Seat 1: fabion557
Seat 3: rivizzigno18 (button) folded before Flop (didn't bet)
Seat 4: peak joker33 (small blind) folded before Flop
Seat 5: 3EPH (big blind) collected ($6)
Seat 6: nickreason17 folded before Flop (didn't bet)



PokerStars Hand #254291888327:  Hold'em No Limit ($0.50/$1.00 USD) - 2025/01/10 7:17:36 WET [2025/01/10 2:17:36 ET]
Table 'Cunitza II' 6-max Seat #4 is the button
Seat 2: rao999 ($100 in chips) is sitting out
Seat 1: fabion557 ($42 in chips) 
Seat 3: rivizzigno18 ($25.72 in chips) 
Seat 4: peak joker33 ($100 in chips) 
Seat 5: 3EPH ($140 in chips) 
Seat 6: nickreason17 ($104.52 in chips) 
3EPH: posts small blind $0.50
nickreason17: posts big blind $1
fabion557: posts big blind $1
rao999: sits out 
*** HOLE CARDS ***
fabion557: checks 
rivizzigno18: calls $1
peak joker33: folds 
3EPH: raises $7 to $8
nickreason17: folds 
fabion557: calls $7
rivizzigno18: folds 
*** FLOP *** [Qh 4c Td]
3EPH: checks 
fabion557: checks 
*** TURN *** [Qh 4c Td] [5h]
3EPH: checks 
fabion557: bets $8.55
3EPH: calls $8.55
*** RIVER *** [Qh 4c Td 5h] [2h]
3EPH: checks 
fabion557: checks 
*** SHOW DOWN ***
3EPH: shows [Ad Kc] (high card Ace)
fabion557: shows [Th Ks] (a pair of Tens)
fabion557 collected $33.34 from pot
*** SUMMARY ***
Total pot $35.10 | Rake $1.76 
Board [Qh 4c Td 5h 2h]
Seat 2: rao999
Seat 1: fabion557 showed [Th Ks] and won ($33.34) with a pair of Tens
Seat 3: rivizzigno18 folded before Flop
Seat 4: peak joker33 (button) folded before Flop (didn't bet)
Seat 5: 3EPH (small blind) showed [Ad Kc] and lost with high card Ace
Seat 6: nickreason17 (big blind) folded before Flop



PokerStars Hand #254291895036:  Hold'em No Limit ($0.50/$1.00 USD) - 2025/01/10 7:19:01 WET [2025/01/10 2:19:01 ET]
Table 'Cunitza II' 6-max Seat #5 is the button
Seat 2: rao999 ($100 in chips) is sitting out
Seat 1: fabion557 ($58.79 in chips) 
Seat 3: rivizzigno18 ($24.72 in chips) 
Seat 4: peak joker33 ($100 in chips) 
Seat 5: 3EPH ($123.45 in chips) 
Seat 6: nickreason17 ($103.52 in chips) 
nickreason17: posts small blind $0.50
fabion557: posts big blind $1
rao999: sits out 
*** HOLE CARDS ***
rivizzigno18: folds 
peak joker33: raises $1.50 to $2.50
3EPH: folds 
nickreason17: raises $8.50 to $11
fabion557: folds 
peak joker33: folds 
Uncalled bet ($8.50) returned to nickreason17
nickreason17 collected $6 from pot
nickreason17: doesn't show hand 
*** SUMMARY ***
Total pot $6 | Rake $0 
Seat 2: rao999
Seat 1: fabion557 (big blind) folded before Flop
Seat 3: rivizzigno18 folded before Flop (didn't bet)
Seat 4: peak joker33 folded before Flop
Seat 5: 3EPH (button) folded before Flop (didn't bet)
Seat 6: nickreason17 (small blind) collected ($6)



PokerStars Hand #254291896862:  Hold'em No Limit ($0.50/$1.00 USD) - 2025/01/10 7:19:24 WET [2025/01/10 2:19:24 ET]
Table 'Cunitza II' 6-max Seat #6 is the button
Seat 1: fabion557 ($57.79 in chips) 
Seat 2: rao999 ($100 in chips) 
Seat 3: rivizzigno18 ($24.72 in chips) 
Seat 4: peak joker33 ($100 in chips) 
Seat 5: 3EPH ($123.45 in chips) 
Seat 6: nickreason17 ($107.02 in chips) 
fabion557: posts small blind $0.50
rao999: posts big blind $1
*** HOLE CARDS ***
rivizzigno18: folds 
peak joker33: folds 
3EPH: raises $1.50 to $2.50
nickreason17: folds 
fabion557: calls $2
rao999: folds 
*** FLOP *** [6h Jd 4c]
fabion557: checks 
3EPH: bets $1.88
fabion557: calls $1.88
*** TURN *** [6h Jd 4c] [8h]
fabion557: checks 
3EPH: checks 
*** RIVER *** [6h Jd 4c 8h] [Ks]
fabion557: checks 
3EPH: checks 
*** SHOW DOWN ***
fabion557: shows [Qs Jh] (a pair of Jacks)
3EPH: mucks hand 
fabion557 collected $9.27 from pot
*** SUMMARY ***
Total pot $9.76 | Rake $0.49 
Board [6h Jd 4c 8h Ks]
Seat 1: fabion557 (small blind) showed [Qs Jh] and won ($9.27) with a pair of Jacks
Seat 2: rao999 (big blind) folded before Flop
Seat 3: rivizzigno18 folded before Flop (didn't bet)
Seat 4: peak joker33 folded before Flop (didn't bet)
Seat 5: 3EPH mucked
Seat 6: nickreason17 (button) folded before Flop (didn't bet)



PokerStars Hand #254291899906:  Hold'em No Limit ($0.50/$1.00 USD) - 2025/01/10 7:20:02 WET [2025/01/10 2:20:02 ET]
Table 'Cunitza II' 6-max Seat #1 is the button
Seat 1: fabion557 ($62.68 in chips) 
Seat 2: rao999 ($100 in chips) 
Seat 3: rivizzigno18 ($24.72 in chips) 
Seat 4: peak joker33 ($100 in chips) 
Seat 5: 3EPH ($119.07 in chips) 
Seat 6: nickreason17 ($107.02 in chips) 
rao999: posts small blind $0.50
rivizzigno18: posts big blind $1
*** HOLE CARDS ***
peak joker33: folds 
3EPH: folds 
nickreason17: folds 
fabion557: folds 
rao999: raises $2 to $3
rivizzigno18: folds 
Uncalled bet ($2) returned to rao999
rao999 collected $2 from pot
rao999: doesn't show hand 
*** SUMMARY ***
Total pot $2 | Rake $0 
Seat 1: fabion557 (button) folded before Flop (didn't bet)
Seat 2: rao999 (small blind) collected ($2)
Seat 3: rivizzigno18 (big blind) folded before Flop
Seat 4: peak joker33 folded before Flop (didn't bet)
Seat 5: 3EPH folded before Flop (didn't bet)
Seat 6: nickreason17 folded before Flop (didn't bet)



PokerStars Hand #254291901137:  Hold'em No Limit ($0.50/$1.00 USD) - 2025/01/10 7:20:18 WET [2025/01/10 2:20:18 ET]
Table 'Cunitza II' 6-max Seat #2 is the button
Seat 4: peak joker33 ($100 in chips) is sitting out
Seat 1: fabion557 ($62.68 in chips) 
Seat 2: rao999 ($101 in chips) 
Seat 3: rivizzigno18 ($23.72 in chips) 
Seat 5: 3EPH ($119.07 in chips) 
Seat 6: nickreason17 ($107.02 in chips) 
rivizzigno18: posts small blind $0.50
3EPH: posts big blind $1
*** HOLE CARDS ***
nickreason17: raises $1.25 to $2.25
fabion557: calls $2.25
rao999: folds 
rivizzigno18: calls $1.75
3EPH: calls $1.25
*** FLOP *** [8s Ts 9d]
rivizzigno18: checks 
3EPH: bets $2.82
nickreason17: folds 
fabion557: folds 
rivizzigno18: calls $2.82
*** TURN *** [8s Ts 9d] [7h]
rivizzigno18: checks 
3EPH: checks 
*** RIVER *** [8s Ts 9d 7h] [3c]
rivizzigno18: checks 
3EPH: checks 
*** SHOW DOWN ***
rivizzigno18: shows [As Jd] (a straight, Seven to Jack)
3EPH: mucks hand 
rivizzigno18 collected $13.91 from pot
*** SUMMARY ***
Total pot $14.64 | Rake $0.73 
Board [8s Ts 9d 7h 3c]
Seat 4: peak joker33
Seat 1: fabion557 folded on the Flop
Seat 2: rao999 (button) folded before Flop (didn't bet)
Seat 3: rivizzigno18 (small blind) showed [As Jd] and won ($13.91) with a straight, Seven to Jack
Seat 5: 3EPH (big blind) mucked
Seat 6: nickreason17 folded on the Flop



PokerStars Hand #254291904652:  Hold'em No Limit ($0.50/$1.00 USD) - 2025/01/10 7:21:02 WET [2025/01/10 2:21:02 ET]
Table 'Cunitza II' 6-max Seat #3 is the button
Seat 4: peak joker33 ($100 in chips) is sitting out
Seat 1: fabion557 ($60.43 in chips) 
Seat 2: rao999 ($101 in chips) 
Seat 3: rivizzigno18 ($32.56 in chips) 
Seat 5: 3EPH ($114 in chips) 
Seat 6: nickreason17 ($104.77 in chips) 
3EPH: posts small blind $0.50
nickreason17: posts big blind $1
*** HOLE CARDS ***
fabion557: folds 
rao999: folds 
rivizzigno18: calls $1
3EPH: folds 
nickreason17: checks 
*** FLOP *** [4s Kc Qd]
nickreason17: checks 
rivizzigno18: bets $1.19
nickreason17: folds 
Uncalled bet ($1.19) returned to rivizzigno18
rivizzigno18 collected $2.38 from pot
*** SUMMARY ***
Total pot $2.50 | Rake $0.12 
Board [4s Kc Qd]
Seat 4: peak joker33
Seat 1: fabion557 folded before Flop (didn't bet)
Seat 2: rao999 folded before Flop (didn't bet)
Seat 3: rivizzigno18 (button) collected ($2.38)
Seat 5: 3EPH (small blind) folded before Flop
Seat 6: nickreason17 (big blind) folded on the Flop



PokerStars Hand #254291907328:  Hold'em No Limit ($0.50/$1.00 USD) - 2025/01/10 7:21:36 WET [2025/01/10 2:21:36 ET]
Table 'Cunitza II' 6-max Seat #5 is the button
Seat 4: peak joker33 ($100 in chips) is sitting out
Seat 1: fabion557 ($60.43 in chips) 
Seat 2: rao999 ($101 in chips) 
Seat 3: rivizzigno18 ($33.94 in chips) 
Seat 5: 3EPH ($113.50 in chips) 
Seat 6: nickreason17 ($103.77 in chips) 
nickreason17: posts small blind $0.50
fabion557: posts big blind $1
*** HOLE CARDS ***
rao999: folds 
rivizzigno18: folds 
3EPH: folds 
nickreason17: raises $1.50 to $2.50
fabion557: folds 
Uncalled bet ($1.50) returned to nickreason17
nickreason17 collected $2 from pot
nickreason17: doesn't show hand 
*** SUMMARY ***
Total pot $2 | Rake $0 
Seat 4: peak joker33
Seat 1: fabion557 (big blind) folded before Flop
Seat 2: rao999 folded before Flop (didn't bet)
Seat 3: rivizzigno18 folded before Flop (didn't bet)
Seat 5: 3EPH (button) folded before Flop (didn't bet)
Seat 6: nickreason17 (small blind) collected ($2)



PokerStars Hand #254291908231:  Hold'em No Limit ($0.50/$1.00 USD) - 2025/01/10 7:21:47 WET [2025/01/10 2:21:47 ET]
Table 'Cunitza II' 6-max Seat #6 is the button
Seat 4: peak joker33 ($100 in chips) is sitting out
Seat 1: fabion557 ($59.43 in chips) 
Seat 2: rao999 ($101 in chips) 
Seat 3: rivizzigno18 ($33.94 in chips) 
Seat 5: 3EPH ($113.50 in chips) 
Seat 6: nickreason17 ($104.77 in chips) 
fabion557: posts small blind $0.50
rao999: posts big blind $1
*** HOLE CARDS ***
rivizzigno18: calls $1
3EPH: folds 
nickreason17: folds 
fabion557: raises $2 to $3
rao999: folds 
rivizzigno18: calls $2
*** FLOP *** [7d 7c 3d]
fabion557: bets $6.65
rivizzigno18: calls $6.65
*** TURN *** [7d 7c 3d] [7h]
fabion557: checks 
rivizzigno18: bets $9.64
fabion557: calls $9.64
*** RIVER *** [7d 7c 3d 7h] [4h]
fabion557: checks 
rivizzigno18: bets $14.65 and is all-in
fabion557: calls $14.65
*** SHOW DOWN ***
rivizzigno18: shows [Ks Jc] (three of a kind, Sevens)
fabion557: shows [Ad As] (a full house, Sevens full of Aces)
fabion557 collected $66.38 from pot
*** SUMMARY ***
Total pot $68.88 | Rake $2.50 
Board [7d 7c 3d 7h 4h]
Seat 4: peak joker33
Seat 1: fabion557 (small blind) showed [Ad As] and won ($66.38) with a full house, Sevens full of Aces
Seat 2: rao999 (big blind) folded before Flop
Seat 3: rivizzigno18 showed [Ks Jc] and lost with three of a kind, Sevens
Seat 5: 3EPH folded before Flop (didn't bet)
Seat 6: nickreason17 (button) folded before Flop (didn't bet)



PokerStars Hand #254291915022:  Hold'em No Limit ($0.50/$1.00 USD) - 2025/01/10 7:23:12 WET [2025/01/10 2:23:12 ET]
Table 'Cunitza II' 6-max Seat #1 is the button
Seat 3: rivizzigno18 ($0 in chips) is sitting out
Seat 1: fabion557 ($91.87 in chips) 
Seat 2: rao999 ($100 in chips) 
Seat 4: peak joker33 ($100 in chips) 
Seat 5: 3EPH ($113.50 in chips) 
Seat 6: nickreason17 ($104.77 in chips) 
rao999: posts small blind $0.50
peak joker33: posts big blind $1
*** HOLE CARDS ***
3EPH: folds 
nickreason17: folds 
rivizzigno18 leaves the table
fabion557: folds 
rao999: folds 
Uncalled bet ($0.50) returned to peak joker33
peak joker33 collected $1 from pot
peak joker33: doesn't show hand 
*** SUMMARY ***
Total pot $1 | Rake $0 
Seat 3: rivizzigno18
Seat 1: fabion557 (button) folded before Flop (didn't bet)
Seat 2: rao999 (small blind) folded before Flop
Seat 4: peak joker33 (big blind) collected ($1)
Seat 5: 3EPH folded before Flop (didn't bet)
Seat 6: nickreason17 folded before Flop (didn't bet)



PokerStars Hand #254291916018:  Hold'em No Limit ($0.50/$1.00 USD) - 2025/01/10 7:23:24 WET [2025/01/10 2:23:24 ET]
Table 'Cunitza II' 6-max Seat #2 is the button
Seat 5: 3EPH ($113.50 in chips) is sitting out
Seat 6: nickreason17 ($104.77 in chips) is sitting out
Seat 1: fabion557 ($91.87 in chips) 
Seat 2: rao999 ($100 in chips) 
Seat 4: peak joker33 ($100.50 in chips) 
peak joker33: posts small blind $0.50
3EPH: is sitting out 
Desverdi joins the table at seat #3 
3EPH leaves the table
Desverdi is disconnected 
nickreason17: is sitting out 
fabion557: posts big blind $1
*** HOLE CARDS ***
nickreason17 leaves the table
Emily_GetMan joins the table at seat #5 
rao999: folds 
peak joker33: folds 
Uncalled bet ($0.50) returned to fabion557
fabion557 collected $1 from pot
fabion557: doesn't show hand 
*** SUMMARY ***
Total pot $1 | Rake $0 
Seat 5: 3EPH
Seat 6: nickreason17
Seat 1: fabion557 (big blind) collected ($1)
Seat 2: rao999 (button) folded before Flop (didn't bet)
Seat 4: peak joker33 (small blind) folded before Flop



PokerStars Hand #254291918276:  Hold'em No Limit ($0.50/$1.00 USD) - 2025/01/10 7:23:53 WET [2025/01/10 2:23:53 ET]
Table 'Cunitza II' 6-max Seat #4 is the button
Seat 2: rao999 ($100 in chips) is sitting out
Seat 5: Emily_GetMan ($100 in chips) is sitting out
Seat 1: fabion557 ($92.37 in chips) 
Seat 3: Desverdi ($10 in chips) 
Seat 4: peak joker33 ($100 in chips) 
fabion557: posts small blind $0.50
rao999: is sitting out 
Desverdi: posts big blind $1
*** HOLE CARDS ***
peak joker33: raises $1.50 to $2.50
fabion557: folds 
Desverdi: folds 
Uncalled bet ($1.50) returned to peak joker33
Geffe116 joins the table at seat #6 
Geffe116 is disconnected 
peak joker33 collected $2.50 from pot
peak joker33: doesn't show hand 
*** SUMMARY ***
Total pot $2.50 | Rake $0 
Seat 2: rao999
Seat 5: Emily_GetMan
Seat 1: fabion557 (small blind) folded before Flop
Seat 3: Desverdi (big blind) folded before Flop
Seat 4: peak joker33 (button) collected ($2.50)



PokerStars Hand #254291919091:  Hold'em No Limit ($0.50/$1.00 USD) - 2025/01/10 7:24:04 WET [2025/01/10 2:24:04 ET]
Table 'Cunitza II' 6-max Seat #1 is the button
Seat 2: rao999 ($100 in chips) is sitting out
Seat 5: Emily_GetMan ($100 in chips) is sitting out
Seat 6: Geffe116 ($26.69 in chips) is sitting out
Seat 1: fabion557 ($91.87 in chips) 
Seat 3: Desverdi ($9 in chips) 
Seat 4: peak joker33 ($101.50 in chips) 
Desverdi: posts small blind $0.50
peak joker33: posts big blind $1
Emily_GetMan: sits out 
Geffe116: sits out 
*** HOLE CARDS ***
fabion557: folds 
Desverdi: calls $0.50
peak joker33: checks 
*** FLOP *** [Qd 6h Ad]
Desverdi: checks 
peak joker33: bets $1
Desverdi: folds 
Uncalled bet ($1) returned to peak joker33
peak joker33 collected $1.90 from pot
peak joker33: doesn't show hand 
*** SUMMARY ***
Total pot $2 | Rake $0.10 
Board [Qd 6h Ad]
Seat 2: rao999
Seat 5: Emily_GetMan
Seat 6: Geffe116
Seat 1: fabion557 (button) folded before Flop (didn't bet)
Seat 3: Desverdi (small blind) folded on the Flop
Seat 4: peak joker33 (big blind) collected ($1.90)



PokerStars Hand #254291920699:  Hold'em No Limit ($0.50/$1.00 USD) - 2025/01/10 7:24:24 WET [2025/01/10 2:24:24 ET]
Table 'Cunitza II' 6-max Seat #3 is the button
Seat 2: rao999 ($100 in chips) is sitting out
Seat 1: fabion557 ($91.87 in chips) 
Seat 3: Desverdi ($8 in chips) 
Seat 4: peak joker33 ($102.40 in chips) 
Seat 5: Emily_GetMan ($100 in chips) 
Seat 6: Geffe116 ($26.69 in chips) 
peak joker33: posts small blind $0.50
Emily_GetMan: posts big blind $1
Geffe116: posts big blind $1
*** HOLE CARDS ***
Geffe116: checks 
fabion557: folds 
Desverdi: folds 
peak joker33: folds 
Emily_GetMan: checks 
*** FLOP *** [3c Ts 2h]
Emily_GetMan: bets $1
Geffe116: folds 
Uncalled bet ($1) returned to Emily_GetMan
Emily_GetMan collected $2.38 from pot
Emily_GetMan: doesn't show hand 
*** SUMMARY ***
Total pot $2.50 | Rake $0.12 
Board [3c Ts 2h]
Seat 2: rao999
Seat 1: fabion557 folded before Flop (didn't bet)
Seat 3: Desverdi (button) folded before Flop (didn't bet)
Seat 4: peak joker33 (small blind) folded before Flop
Seat 5: Emily_GetMan (big blind) collected ($2.38)
Seat 6: Geffe116 folded on the Flop (didn't bet)



PokerStars Hand #254291922114:  Hold'em No Limit ($0.50/$1.00 USD) - 2025/01/10 7:24:42 WET [2025/01/10 2:24:42 ET]
Table 'Cunitza II' 6-max Seat #4 is the button
Seat 2: rao999 ($100 in chips) is sitting out
Seat 1: fabion557 ($91.87 in chips) 
Seat 3: Desverdi ($8 in chips) 
Seat 4: peak joker33 ($101.90 in chips) 
Seat 5: Emily_GetMan ($101.38 in chips) 
Seat 6: Geffe116 ($25.69 in chips) 
Emily_GetMan: posts small blind $0.50
Geffe116: posts big blind $1
rao999: sits out 
*** HOLE CARDS ***
fabion557: folds 
Desverdi: folds 
peak joker33: raises $1.50 to $2.50
Emily_GetMan: folds 
Geffe116: calls $1.50
*** FLOP *** [9c 7s 5s]
Geffe116: checks 
peak joker33: bets $3.13
Geffe116: folds 
Uncalled bet ($3.13) returned to peak joker33
peak joker33 collected $5.22 from pot
peak joker33: doesn't show hand 
*** SUMMARY ***
Total pot $5.50 | Rake $0.28 
Board [9c 7s 5s]
Seat 2: rao999
Seat 1: fabion557 folded before Flop (didn't bet)
Seat 3: Desverdi folded before Flop (didn't bet)
Seat 4: peak joker33 (button) collected ($5.22)
Seat 5: Emily_GetMan (small blind) folded before Flop
Seat 6: Geffe116 (big blind) folded on the Flop



PokerStars Hand #254291924170:  Hold'em No Limit ($0.50/$1.00 USD) - 2025/01/10 7:25:08 WET [2025/01/10 2:25:08 ET]
Table 'Cunitza II' 6-max Seat #5 is the button
Seat 2: rao999 ($100 in chips) is sitting out
Seat 1: fabion557 ($91.87 in chips) 
Seat 3: Desverdi ($8 in chips) 
Seat 4: peak joker33 ($104.62 in chips) 
Seat 5: Emily_GetMan ($100.88 in chips) 
Seat 6: Geffe116 ($23.19 in chips) 
Geffe116: posts small blind $0.50
fabion557: posts big blind $1
rao999: sits out 
*** HOLE CARDS ***
Desverdi: calls $1
peak joker33: folds 
Emily_GetMan: folds 
Geffe116: folds 
fabion557: checks 
*** FLOP *** [Jh Tc 2d]
fabion557: checks 
Desverdi: checks 
*** TURN *** [Jh Tc 2d] [Qh]
fabion557: checks 
Desverdi: checks 
*** RIVER *** [Jh Tc 2d Qh] [Kd]
fabion557: checks 
Desverdi: bets $1
fabion557: calls $1
*** SHOW DOWN ***
Desverdi: shows [8c Ac] (a straight, Ten to Ace)
fabion557: mucks hand 
Desverdi collected $4.28 from pot
*** SUMMARY ***
Total pot $4.50 | Rake $0.22 
Board [Jh Tc 2d Qh Kd]
Seat 2: rao999
Seat 1: fabion557 (big blind) mucked
Seat 3: Desverdi showed [8c Ac] and won ($4.28) with a straight, Ten to Ace
Seat 4: peak joker33 folded before Flop (didn't bet)
Seat 5: Emily_GetMan (button) folded before Flop (didn't bet)
Seat 6: Geffe116 (small blind) folded before Flop



PokerStars Hand #254291926638:  Hold'em No Limit ($0.50/$1.00 USD) - 2025/01/10 7:25:39 WET [2025/01/10 2:25:39 ET]
Table 'Cunitza II' 6-max Seat #6 is the button
Seat 1: fabion557 ($89.87 in chips) 
Seat 2: rao999 ($100 in chips) 
Seat 3: Desverdi ($10.28 in chips) 
Seat 4: peak joker33 ($104.62 in chips) 
Seat 5: Emily_GetMan ($100.88 in chips) 
Seat 6: Geffe116 ($44.52 in chips) 
fabion557: posts small blind $0.50
rao999: posts big blind $1
*** HOLE CARDS ***
Desverdi: calls $1
peak joker33: folds 
Emily_GetMan: folds 
Geffe116: folds 
fabion557: calls $0.50
rao999: checks 
*** FLOP *** [Ah Qd 2d]
fabion557: checks 
rao999: checks 
Desverdi: checks 
*** TURN *** [Ah Qd 2d] [8c]
fabion557: checks 
rao999: checks 
Desverdi: checks 
*** RIVER *** [Ah Qd 2d 8c] [7h]
fabion557: checks 
rao999: checks 
Desverdi: checks 
*** SHOW DOWN ***
fabion557: shows [Ks 5s] (high card Ace)
rao999: mucks hand 
Desverdi: mucks hand 
fabion557 collected $2.85 from pot
*** SUMMARY ***
Total pot $3 | Rake $0.15 
Board [Ah Qd 2d 8c 7h]
Seat 1: fabion557 (small blind) showed [Ks 5s] and won ($2.85) with high card Ace
Seat 2: rao999 (big blind) mucked
Seat 3: Desverdi mucked
Seat 4: peak joker33 folded before Flop (didn't bet)
Seat 5: Emily_GetMan folded before Flop (didn't bet)
Seat 6: Geffe116 (button) folded before Flop (didn't bet)



PokerStars Hand #254291929874:  Hold'em No Limit ($0.50/$1.00 USD) - 2025/01/10 7:26:21 WET [2025/01/10 2:26:21 ET]
Table 'Cunitza II' 6-max Seat #1 is the button
Seat 1: fabion557 ($91.72 in chips) 
Seat 2: rao999 ($100 in chips) 
Seat 3: Desverdi ($9.28 in chips) 
Seat 4: peak joker33 ($104.62 in chips) 
Seat 5: Emily_GetMan ($100.88 in chips) 
Seat 6: Geffe116 ($44.52 in chips) 
rao999: posts small blind $0.50
Desverdi: posts big blind $1
*** HOLE CARDS ***
peak joker33: folds 
Emily_GetMan: folds 
Geffe116: folds 
fabion557: folds 
rao999: folds 
Uncalled bet ($0.50) returned to Desverdi
Desverdi collected $1 from pot
*** SUMMARY ***
Total pot $1 | Rake $0 
Seat 1: fabion557 (button) folded before Flop (didn't bet)
Seat 2: rao999 (small blind) folded before Flop
Seat 3: Desverdi (big blind) collected ($1)
Seat 4: peak joker33 folded before Flop (didn't bet)
Seat 5: Emily_GetMan folded before Flop (didn't bet)
Seat 6: Geffe116 folded before Flop (didn't bet)



PokerStars Hand #254291930773:  Hold'em No Limit ($0.50/$1.00 USD) - 2025/01/10 7:26:32 WET [2025/01/10 2:26:32 ET]
Table 'Cunitza II' 6-max Seat #2 is the button
Seat 1: fabion557 ($91.72 in chips) 
Seat 2: rao999 ($100 in chips) 
Seat 3: Desverdi ($9.78 in chips) 
Seat 4: peak joker33 ($104.62 in chips) 
Seat 5: Emily_GetMan ($100.88 in chips) 
Seat 6: Geffe116 ($44.52 in chips) 
Desverdi: posts small blind $0.50
peak joker33: posts big blind $1
*** HOLE CARDS ***
Emily_GetMan: folds 
Geffe116: folds 
fabion557: folds 
rao999: folds 
Desverdi: folds 
Uncalled bet ($0.50) returned to peak joker33
peak joker33 collected $1 from pot
peak joker33: doesn't show hand 
*** SUMMARY ***
Total pot $1 | Rake $0 
Seat 1: fabion557 folded before Flop (didn't bet)
Seat 2: rao999 (button) folded before Flop (didn't bet)
Seat 3: Desverdi (small blind) folded before Flop
Seat 4: peak joker33 (big blind) collected ($1)
Seat 5: Emily_GetMan folded before Flop (didn't bet)
Seat 6: Geffe116 folded before Flop (didn't bet)



PokerStars Hand #254291931333:  Hold'em No Limit ($0.50/$1.00 USD) - 2025/01/10 7:26:39 WET [2025/01/10 2:26:39 ET]
Table 'Cunitza II' 6-max Seat #3 is the button
Seat 1: fabion557 ($91.72 in chips) 
Seat 2: rao999 ($100 in chips) 
Seat 3: Desverdi ($9.28 in chips) 
Seat 4: peak joker33 ($105.12 in chips) 
Seat 5: Emily_GetMan ($100.88 in chips) 
Seat 6: Geffe116 ($44.52 in chips) 
peak joker33: posts small blind $0.50
Emily_GetMan: posts big blind $1
*** HOLE CARDS ***
Geffe116: folds 
fabion557: folds 
rao999: folds 
Desverdi: folds 
peak joker33: folds 
Uncalled bet ($0.50) returned to Emily_GetMan
Emily_GetMan collected $1 from pot
Emily_GetMan: doesn't show hand 
*** SUMMARY ***
Total pot $1 | Rake $0 
Seat 1: fabion557 folded before Flop (didn't bet)
Seat 2: rao999 folded before Flop (didn't bet)
Seat 3: Desverdi (button) folded before Flop (didn't bet)
Seat 4: peak joker33 (small blind) folded before Flop
Seat 5: Emily_GetMan (big blind) collected ($1)
Seat 6: Geffe116 folded before Flop (didn't bet)



PokerStars Hand #254291931935:  Hold'em No Limit ($0.50/$1.00 USD) - 2025/01/10 7:26:46 WET [2025/01/10 2:26:46 ET]
Table 'Cunitza II' 6-max Seat #4 is the button
Seat 1: fabion557 ($91.72 in chips) 
Seat 2: rao999 ($100 in chips) 
Seat 3: Desverdi ($9.28 in chips) 
Seat 4: peak joker33 ($104.62 in chips) 
Seat 5: Emily_GetMan ($101.38 in chips) 
Seat 6: Geffe116 ($44.52 in chips) 
Emily_GetMan: posts small blind $0.50
Geffe116: posts big blind $1
*** HOLE CARDS ***
fabion557: raises $3 to $4
rao999: folds 
Desverdi: folds 
peak joker33: folds 
Emily_GetMan: folds 
Geffe116: folds 
Uncalled bet ($3) returned to fabion557
fabion557 collected $2.50 from pot
fabion557: doesn't show hand 
*** SUMMARY ***
Total pot $2.50 | Rake $0 
Seat 1: fabion557 collected ($2.50)
Seat 2: rao999 folded before Flop (didn't bet)
Seat 3: Desverdi folded before Flop (didn't bet)
Seat 4: peak joker33 (button) folded before Flop (didn't bet)
Seat 5: Emily_GetMan (small blind) folded before Flop
Seat 6: Geffe116 (big blind) folded before Flop



PokerStars Hand #254291933249:  Hold'em No Limit ($0.50/$1.00 USD) - 2025/01/10 7:27:04 WET [2025/01/10 2:27:04 ET]
Table 'Cunitza II' 6-max Seat #5 is the button
Seat 1: fabion557 ($93.22 in chips) 
Seat 2: rao999 ($100 in chips) 
Seat 3: Desverdi ($9.28 in chips) 
Seat 4: peak joker33 ($104.62 in chips) 
Seat 5: Emily_GetMan ($100.88 in chips) 
Seat 6: Geffe116 ($43.52 in chips) 
Geffe116: posts small blind $0.50
fabion557: posts big blind $1
*** HOLE CARDS ***
rao999: folds 
Desverdi: calls $1
peak joker33: raises $3 to $4
Emily_GetMan: folds 
Geffe116: folds 
fabion557: folds 
Desverdi: calls $3
*** FLOP *** [6d 3h Kc]
Desverdi: bets $5.28 and is all-in
peak joker33: calls $5.28
*** TURN *** [6d 3h Kc] [3s]
*** RIVER *** [6d 3h Kc 3s] [4c]
*** SHOW DOWN ***
Desverdi: shows [6c Ac] (two pair, Sixes and Threes)
peak joker33: shows [Jh Ks] (two pair, Kings and Threes)
peak joker33 collected $19.06 from pot
*** SUMMARY ***
Total pot $20.06 | Rake $1 
Board [6d 3h Kc 3s 4c]
Seat 1: fabion557 (big blind) folded before Flop
Seat 2: rao999 folded before Flop (didn't bet)
Seat 3: Desverdi showed [6c Ac] and lost with two pair, Sixes and Threes
Seat 4: peak joker33 showed [Jh Ks] and won ($19.06) with two pair, Kings and Threes
Seat 5: Emily_GetMan (button) folded before Flop (didn't bet)
Seat 6: Geffe116 (small blind) folded before Flop



PokerStars Hand #254291935622:  Hold'em No Limit ($0.50/$1.00 USD) - 2025/01/10 7:27:34 WET [2025/01/10 2:27:34 ET]
Table 'Cunitza II' 6-max Seat #6 is the button
Seat 3: Desverdi ($0 in chips) is sitting out
Seat 1: fabion557 ($92.22 in chips) 
Seat 2: rao999 ($100 in chips) 
Seat 4: peak joker33 ($114.40 in chips) 
Seat 5: Emily_GetMan ($100.88 in chips) 
Seat 6: Geffe116 ($43.02 in chips) 
fabion557: posts small blind $0.50
rao999: posts big blind $1
*** HOLE CARDS ***
peak joker33: raises $1.50 to $2.50
Emily_GetMan: folds 
Geffe116: calls $2.50
fabion557: folds 
rao999: folds 
*** FLOP *** [Jd 6d Js]
peak joker33: bets $2.04
Geffe116: calls $2.04
*** TURN *** [Jd 6d Js] [5c]
peak joker33: bets $5.03
Geffe116: calls $5.03
*** RIVER *** [Jd 6d Js 5c] [Jc]
peak joker33: bets $11.77
Geffe116: folds 
Uncalled bet ($11.77) returned to peak joker33
peak joker33 collected $19.61 from pot
peak joker33: doesn't show hand 
*** SUMMARY ***
Total pot $20.64 | Rake $1.03 
Board [Jd 6d Js 5c Jc]
Seat 3: Desverdi
Seat 1: fabion557 (small blind) folded before Flop
Seat 2: rao999 (big blind) folded before Flop
Seat 4: peak joker33 collected ($19.61)
Seat 5: Emily_GetMan folded before Flop (didn't bet)
Seat 6: Geffe116 (button) folded on the River



PokerStars Hand #254291940454:  Hold'em No Limit ($0.50/$1.00 USD) - 2025/01/10 7:28:37 WET [2025/01/10 2:28:37 ET]
Table 'Cunitza II' 6-max Seat #1 is the button
Seat 1: fabion557 ($91.72 in chips) 
Seat 2: rao999 ($100 in chips) 
Seat 3: Desverdi ($44.52 in chips) 
Seat 4: peak joker33 ($124.44 in chips) 
Seat 5: Emily_GetMan ($100.88 in chips) 
Seat 6: Geffe116 ($33.45 in chips) 
rao999: posts small blind $0.50
Desverdi: posts big blind $1
*** HOLE CARDS ***
peak joker33: folds 
Emily_GetMan: folds 
Geffe116: calls $1
fabion557: raises $4 to $5
rao999: folds 
Desverdi: calls $4
Geffe116: calls $4
*** FLOP *** [8d Ts 6s]
Desverdi: bets $39.52 and is all-in
Geffe116: folds 
fabion557: folds 
Uncalled bet ($39.52) returned to Desverdi
Desverdi collected $14.72 from pot
*** SUMMARY ***
Total pot $15.50 | Rake $0.78 
Board [8d Ts 6s]
Seat 1: fabion557 (button) folded on the Flop
Seat 2: rao999 (small blind) folded before Flop
Seat 3: Desverdi (big blind) collected ($14.72)
Seat 4: peak joker33 folded before Flop (didn't bet)
Seat 5: Emily_GetMan folded before Flop (didn't bet)
Seat 6: Geffe116 folded on the Flop



PokerStars Hand #254291943981:  Hold'em No Limit ($0.50/$1.00 USD) - 2025/01/10 7:29:23 WET [2025/01/10 2:29:23 ET]
Table 'Cunitza II' 6-max Seat #2 is the button
Seat 1: fabion557 ($86.72 in chips) 
Seat 2: rao999 ($100 in chips) 
Seat 3: Desverdi ($54.24 in chips) 
Seat 4: peak joker33 ($124.44 in chips) 
Seat 5: Emily_GetMan ($100.88 in chips) 
Seat 6: Geffe116 ($28.45 in chips) 
Desverdi: posts small blind $0.50
peak joker33: posts big blind $1
*** HOLE CARDS ***
Emily_GetMan: folds 
Geffe116: folds 
fabion557: folds 
rao999: folds 
Desverdi: folds 
Uncalled bet ($0.50) returned to peak joker33
peak joker33 collected $1 from pot
peak joker33: doesn't show hand 
*** SUMMARY ***
Total pot $1 | Rake $0 
Seat 1: fabion557 folded before Flop (didn't bet)
Seat 2: rao999 (button) folded before Flop (didn't bet)
Seat 3: Desverdi (small blind) folded before Flop
Seat 4: peak joker33 (big blind) collected ($1)
Seat 5: Emily_GetMan folded before Flop (didn't bet)
Seat 6: Geffe116 folded before Flop (didn't bet)



PokerStars Hand #254291944602:  Hold'em No Limit ($0.50/$1.00 USD) - 2025/01/10 7:29:31 WET [2025/01/10 2:29:31 ET]
Table 'Cunitza II' 6-max Seat #3 is the button
Seat 1: fabion557 ($86.72 in chips) 
Seat 2: rao999 ($100 in chips) 
Seat 3: Desverdi ($53.74 in chips) 
Seat 4: peak joker33 ($124.94 in chips) 
Seat 5: Emily_GetMan ($100.88 in chips) 
Seat 6: Geffe116 ($28.45 in chips) 
peak joker33: posts small blind $0.50
Emily_GetMan: posts big blind $1
*** HOLE CARDS ***
Geffe116: folds 
fabion557: folds 
rao999: folds 
Desverdi: folds 
peak joker33: raises $2 to $3
Emily_GetMan: folds 
Uncalled bet ($2) returned to peak joker33
peak joker33 collected $2 from pot
peak joker33: doesn't show hand 
*** SUMMARY ***
Total pot $2 | Rake $0 
Seat 1: fabion557 folded before Flop (didn't bet)
Seat 2: rao999 folded before Flop (didn't bet)
Seat 3: Desverdi (button) folded before Flop (didn't bet)
Seat 4: peak joker33 (small blind) collected ($2)
Seat 5: Emily_GetMan (big blind) folded before Flop
Seat 6: Geffe116 folded before Flop (didn't bet)



PokerStars Hand #254291945793:  Hold'em No Limit ($0.50/$1.00 USD) - 2025/01/10 7:29:47 WET [2025/01/10 2:29:47 ET]
Table 'Cunitza II' 6-max Seat #4 is the button
Seat 1: fabion557 ($86.72 in chips) 
Seat 2: rao999 ($100 in chips) 
Seat 3: Desverdi ($53.74 in chips) 
Seat 4: peak joker33 ($125.94 in chips) 
Seat 5: Emily_GetMan ($100 in chips) 
Seat 6: Geffe116 ($28.45 in chips) 
Emily_GetMan: posts small blind $0.50
Geffe116: posts big blind $1
*** HOLE CARDS ***
fabion557: folds 
rao999: folds 
Desverdi: calls $1
peak joker33: folds 
Emily_GetMan: folds 
Geffe116: checks 
*** FLOP *** [6h 7d Js]
Geffe116: checks 
Desverdi: checks 
*** TURN *** [6h 7d Js] [Jc]
Geffe116: bets $2.38
Desverdi: folds 
Uncalled bet ($2.38) returned to Geffe116
Geffe116 collected $2.38 from pot
*** SUMMARY ***
Total pot $2.50 | Rake $0.12 
Board [6h 7d Js Jc]
Seat 1: fabion557 folded before Flop (didn't bet)
Seat 2: rao999 folded before Flop (didn't bet)
Seat 3: Desverdi folded on the Turn
Seat 4: peak joker33 (button) folded before Flop (didn't bet)
Seat 5: Emily_GetMan (small blind) folded before Flop
Seat 6: Geffe116 (big blind) collected ($2.38)



PokerStars Hand #254291947691:  Hold'em No Limit ($0.50/$1.00 USD) - 2025/01/10 7:30:10 WET [2025/01/10 2:30:10 ET]
Table 'Cunitza II' 6-max Seat #5 is the button
Seat 1: fabion557 ($86.72 in chips) 
Seat 2: rao999 ($100 in chips) 
Seat 3: Desverdi ($52.74 in chips) 
Seat 4: peak joker33 ($125.94 in chips) 
Seat 5: Emily_GetMan ($100 in chips) 
Seat 6: Geffe116 ($29.83 in chips) 
Geffe116: posts small blind $0.50
fabion557: posts big blind $1
*** HOLE CARDS ***
rao999: folds 
Desverdi: folds 
peak joker33: folds 
Emily_GetMan: folds 
Geffe116: folds 
Uncalled bet ($0.50) returned to fabion557
fabion557 collected $1 from pot
fabion557: doesn't show hand 
*** SUMMARY ***
Total pot $1 | Rake $0 
Seat 1: fabion557 (big blind) collected ($1)
Seat 2: rao999 folded before Flop (didn't bet)
Seat 3: Desverdi folded before Flop (didn't bet)
Seat 4: peak joker33 folded before Flop (didn't bet)
Seat 5: Emily_GetMan (button) folded before Flop (didn't bet)
Seat 6: Geffe116 (small blind) folded before Flop



PokerStars Hand #254291948354:  Hold'em No Limit ($0.50/$1.00 USD) - 2025/01/10 7:30:19 WET [2025/01/10 2:30:19 ET]
Table 'Cunitza II' 6-max Seat #6 is the button
Seat 2: rao999 ($100 in chips) is sitting out
Seat 1: fabion557 ($87.22 in chips) 
Seat 3: Desverdi ($52.74 in chips) 
Seat 4: peak joker33 ($125.94 in chips) 
Seat 5: Emily_GetMan ($100 in chips) 
Seat 6: Geffe116 ($29.33 in chips) 
fabion557: posts small blind $0.50
rao999: is sitting out 
Desverdi: posts big blind $1
*** HOLE CARDS ***
peak joker33: raises $1.50 to $2.50
Emily_GetMan: folds 
Geffe116: calls $2.50
fabion557: folds 
Desverdi: folds 
*** FLOP *** [Kd Js Kh]
peak joker33: checks 
Geffe116: checks 
*** TURN *** [Kd Js Kh] [8s]
peak joker33: bets $4.64
Geffe116: folds 
Uncalled bet ($4.64) returned to peak joker33
peak joker33 collected $6.18 from pot
peak joker33: doesn't show hand 
*** SUMMARY ***
Total pot $6.50 | Rake $0.32 
Board [Kd Js Kh 8s]
Seat 2: rao999
Seat 1: fabion557 (small blind) folded before Flop
Seat 3: Desverdi (big blind) folded before Flop
Seat 4: peak joker33 collected ($6.18)
Seat 5: Emily_GetMan folded before Flop (didn't bet)
Seat 6: Geffe116 (button) folded on the Turn



PokerStars Hand #254291952069:  Hold'em No Limit ($0.50/$1.00 USD) - 2025/01/10 7:31:07 WET [2025/01/10 2:31:07 ET]
Table 'Cunitza II' 6-max Seat #1 is the button
Seat 2: rao999 ($100 in chips) is sitting out
Seat 1: fabion557 ($86.72 in chips) 
Seat 3: Desverdi ($51.74 in chips) 
Seat 4: peak joker33 ($129.62 in chips) 
Seat 5: Emily_GetMan ($100 in chips) 
Seat 6: Geffe116 ($26.83 in chips) 
Desverdi: posts small blind $0.50
peak joker33: posts big blind $1
*** HOLE CARDS ***
Emily_GetMan: folds 
Geffe116: calls $1
fabion557: folds 
rao999 leaves the table
Desverdi: calls $0.50
peak joker33: checks 
*** FLOP *** [Ac 6s 2d]
Fake Lava joins the table at seat #2 
Desverdi: checks 
peak joker33: checks 
Geffe116: bets $2.43
Desverdi: calls $2.43
peak joker33: folds 
*** TURN *** [Ac 6s 2d] [9c]
Desverdi: checks 
Geffe116: checks 
*** RIVER *** [Ac 6s 2d 9c] [3c]
Desverdi: checks 
Geffe116: checks 
*** SHOW DOWN ***
Desverdi: shows [8s 8h] (a pair of Eights)
Geffe116: mucks hand 
Desverdi collected $7.47 from pot
*** SUMMARY ***
Total pot $7.86 | Rake $0.39 
Board [Ac 6s 2d 9c 3c]
Seat 2: rao999
Seat 1: fabion557 (button) folded before Flop (didn't bet)
Seat 3: Desverdi (small blind) showed [8s 8h] and won ($7.47) with a pair of Eights
Seat 4: peak joker33 (big blind) folded on the Flop
Seat 5: Emily_GetMan folded before Flop (didn't bet)
Seat 6: Geffe116 mucked



PokerStars Hand #254291955106:  Hold'em No Limit ($0.50/$1.00 USD) - 2025/01/10 7:31:46 WET [2025/01/10 2:31:46 ET]
Table 'Cunitza II' 6-max Seat #3 is the button
Seat 2: Fake Lava ($100 in chips) is sitting out
Seat 1: fabion557 ($86.72 in chips) 
Seat 3: Desverdi ($55.78 in chips) 
Seat 4: peak joker33 ($128.62 in chips) 
Seat 5: Emily_GetMan ($100 in chips) 
Seat 6: Geffe116 ($23.40 in chips) 
peak joker33: posts small blind $0.50
Emily_GetMan: posts big blind $1
Fake Lava: sits out 
*** HOLE CARDS ***
Geffe116: folds 
fabion557: folds 
Desverdi: folds 
peak joker33: folds 
Uncalled bet ($0.50) returned to Emily_GetMan
Emily_GetMan collected $1 from pot
Emily_GetMan: doesn't show hand 
*** SUMMARY ***
Total pot $1 | Rake $0 
Seat 2: Fake Lava
Seat 1: fabion557 folded before Flop (didn't bet)
Seat 3: Desverdi (button) folded before Flop (didn't bet)
Seat 4: peak joker33 (small blind) folded before Flop
Seat 5: Emily_GetMan (big blind) collected ($1)
Seat 6: Geffe116 folded before Flop (didn't bet)



PokerStars Hand #254291955978:  Hold'em No Limit ($0.50/$1.00 USD) - 2025/01/10 7:31:57 WET [2025/01/10 2:31:57 ET]
Table 'Cunitza II' 6-max Seat #4 is the button
Seat 2: Fake Lava ($100 in chips) is sitting out
Seat 1: fabion557 ($86.72 in chips) 
Seat 3: Desverdi ($55.78 in chips) 
Seat 4: peak joker33 ($128.12 in chips) 
Seat 5: Emily_GetMan ($100.50 in chips) 
Seat 6: Geffe116 ($23.40 in chips) 
Emily_GetMan: posts small blind $0.50
Geffe116: posts big blind $1
Fake Lava: sits out 
*** HOLE CARDS ***
fabion557: folds 
Desverdi: calls $1
peak joker33: folds 
Emily_GetMan: raises $4 to $5
Geffe116: folds 
Desverdi: calls $4
*** FLOP *** [Ah Ac 5h]
Emily_GetMan: bets $3.45
Desverdi: folds 
Uncalled bet ($3.45) returned to Emily_GetMan
Emily_GetMan collected $10.45 from pot
Emily_GetMan: doesn't show hand 
*** SUMMARY ***
Total pot $11 | Rake $0.55 
Board [Ah Ac 5h]
Seat 2: Fake Lava
Seat 1: fabion557 folded before Flop (didn't bet)
Seat 3: Desverdi folded on the Flop
Seat 4: peak joker33 (button) folded before Flop (didn't bet)
Seat 5: Emily_GetMan (small blind) collected ($10.45)
Seat 6: Geffe116 (big blind) folded before Flop



PokerStars Hand #254291957888:  Hold'em No Limit ($0.50/$1.00 USD) - 2025/01/10 7:32:21 WET [2025/01/10 2:32:21 ET]
Table 'Cunitza II' 6-max Seat #5 is the button
Seat 2: Fake Lava ($100 in chips) is sitting out
Seat 1: fabion557 ($86.72 in chips) 
Seat 3: Desverdi ($50.78 in chips) 
Seat 4: peak joker33 ($128.12 in chips) 
Seat 5: Emily_GetMan ($105.95 in chips) 
Seat 6: Geffe116 ($22.40 in chips) 
Geffe116: posts small blind $0.50
fabion557: posts big blind $1
Fake Lava: sits out 
*** HOLE CARDS ***
Desverdi: folds 
peak joker33: folds 
Emily_GetMan: raises $1.50 to $2.50
Geffe116: folds 
fabion557: calls $1.50
*** FLOP *** [7d 9s 9d]
fabion557: checks 
Emily_GetMan: bets $1.72
fabion557: calls $1.72
*** TURN *** [7d 9s 9d] [Qh]
fabion557: checks 
Emily_GetMan: bets $11.04
fabion557: folds 
Uncalled bet ($11.04) returned to Emily_GetMan
Emily_GetMan collected $8.49 from pot
Emily_GetMan: doesn't show hand 
*** SUMMARY ***
Total pot $8.94 | Rake $0.45 
Board [7d 9s 9d Qh]
Seat 2: Fake Lava
Seat 1: fabion557 (big blind) folded on the Turn
Seat 3: Desverdi folded before Flop (didn't bet)
Seat 4: peak joker33 folded before Flop (didn't bet)
Seat 5: Emily_GetMan (button) collected ($8.49)
Seat 6: Geffe116 (small blind) folded before Flop



PokerStars Hand #254291961653:  Hold'em No Limit ($0.50/$1.00 USD) - 2025/01/10 7:33:08 WET [2025/01/10 2:33:08 ET]
Table 'Cunitza II' 6-max Seat #6 is the button
Seat 1: fabion557 ($82.50 in chips) 
Seat 2: Fake Lava ($100 in chips) 
Seat 3: Desverdi ($50.78 in chips) 
Seat 4: peak joker33 ($128.12 in chips) 
Seat 5: Emily_GetMan ($110.22 in chips) 
Seat 6: Geffe116 ($21.90 in chips) 
fabion557: posts small blind $0.50
Fake Lava: posts big blind $1
*** HOLE CARDS ***
Desverdi: folds 
peak joker33: folds 
Emily_GetMan: folds 
Geffe116: folds 
fabion557: folds 
Uncalled bet ($0.50) returned to Fake Lava
Fake Lava collected $1 from pot
Fake Lava: doesn't show hand 
*** SUMMARY ***
Total pot $1 | Rake $0 
Seat 1: fabion557 (small blind) folded before Flop
Seat 2: Fake Lava (big blind) collected ($1)
Seat 3: Desverdi folded before Flop (didn't bet)
Seat 4: peak joker33 folded before Flop (didn't bet)
Seat 5: Emily_GetMan folded before Flop (didn't bet)
Seat 6: Geffe116 (button) folded before Flop (didn't bet)



PokerStars Hand #254291962451:  Hold'em No Limit ($0.50/$1.00 USD) - 2025/01/10 7:33:18 WET [2025/01/10 2:33:18 ET]
Table 'Cunitza II' 6-max Seat #1 is the button
Seat 1: fabion557 ($82 in chips) 
Seat 2: Fake Lava ($100.50 in chips) 
Seat 3: Desverdi ($50.78 in chips) 
Seat 4: peak joker33 ($128.12 in chips) 
Seat 5: Emily_GetMan ($110.22 in chips) 
Seat 6: Geffe116 ($21.90 in chips) 
Fake Lava: posts small blind $0.50
Desverdi: posts big blind $1
*** HOLE CARDS ***
peak joker33: folds 
Emily_GetMan: folds 
Geffe116: folds 
fabion557: folds 
Fake Lava: folds 
Uncalled bet ($0.50) returned to Desverdi
Desverdi collected $1 from pot
*** SUMMARY ***
Total pot $1 | Rake $0 
Seat 1: fabion557 (button) folded before Flop (didn't bet)
Seat 2: Fake Lava (small blind) folded before Flop
Seat 3: Desverdi (big blind) collected ($1)
Seat 4: peak joker33 folded before Flop (didn't bet)
Seat 5: Emily_GetMan folded before Flop (didn't bet)
Seat 6: Geffe116 folded before Flop (didn't bet)



PokerStars Hand #254291963182:  Hold'em No Limit ($0.50/$1.00 USD) - 2025/01/10 7:33:28 WET [2025/01/10 2:33:28 ET]
Table 'Cunitza II' 6-max Seat #2 is the button
Seat 1: fabion557 ($82 in chips) 
Seat 2: Fake Lava ($100 in chips) 
Seat 3: Desverdi ($51.28 in chips) 
Seat 4: peak joker33 ($128.12 in chips) 
Seat 5: Emily_GetMan ($110.22 in chips) 
Seat 6: Geffe116 ($21.90 in chips) 
Desverdi: posts small blind $0.50
peak joker33: posts big blind $1
*** HOLE CARDS ***
Emily_GetMan: folds 
Geffe116: folds 
fabion557: folds 
Fake Lava: raises $1.50 to $2.50
Desverdi: folds 
peak joker33: folds 
Uncalled bet ($1.50) returned to Fake Lava
Fake Lava collected $2.50 from pot
Fake Lava: doesn't show hand 
*** SUMMARY ***
Total pot $2.50 | Rake $0 
Seat 1: fabion557 folded before Flop (didn't bet)
Seat 2: Fake Lava (button) collected ($2.50)
Seat 3: Desverdi (small blind) folded before Flop
Seat 4: peak joker33 (big blind) folded before Flop
Seat 5: Emily_GetMan folded before Flop (didn't bet)
Seat 6: Geffe116 folded before Flop (didn't bet)



PokerStars Hand #254291964075:  Hold'em No Limit ($0.50/$1.00 USD) - 2025/01/10 7:33:39 WET [2025/01/10 2:33:39 ET]
Table 'Cunitza II' 6-max Seat #3 is the button
Seat 1: fabion557 ($82 in chips) 
Seat 2: Fake Lava ($101.50 in chips) 
Seat 3: Desverdi ($50.78 in chips) 
Seat 4: peak joker33 ($127.12 in chips) 
Seat 5: Emily_GetMan ($110.22 in chips) 
Seat 6: Geffe116 ($21.90 in chips) 
peak joker33: posts small blind $0.50
Emily_GetMan: posts big blind $1
*** HOLE CARDS ***
Geffe116: folds 
fabion557: folds 
Fake Lava: raises $1.50 to $2.50
Desverdi: folds 
peak joker33: folds 
Emily_GetMan: calls $1.50
*** FLOP *** [8d Kd Jh]
Emily_GetMan: checks 
Fake Lava: bets $1.72
Emily_GetMan: raises $4.78 to $6.50
Fake Lava: calls $4.78
*** TURN *** [8d Kd Jh] [Ac]
Emily_GetMan: checks 
Fake Lava: bets $5.80
Emily_GetMan: calls $5.80
*** RIVER *** [8d Kd Jh Ac] [Js]
Emily_GetMan: checks 
Fake Lava: checks 
*** SHOW DOWN ***
Emily_GetMan: shows [2d Ad] (two pair, Aces and Jacks)
Fake Lava: shows [Ah 8c] (two pair, Aces and Jacks)
Emily_GetMan collected $14.30 from pot
Fake Lava collected $14.30 from pot
*** SUMMARY ***
Total pot $30.10 | Rake $1.50 
Board [8d Kd Jh Ac Js]
Seat 1: fabion557 folded before Flop (didn't bet)
Seat 2: Fake Lava showed [Ah 8c] and won ($14.30) with two pair, Aces and Jacks
Seat 3: Desverdi (button) folded before Flop (didn't bet)
Seat 4: peak joker33 (small blind) folded before Flop
Seat 5: Emily_GetMan (big blind) showed [2d Ad] and won ($14.30) with two pair, Aces and Jacks
Seat 6: Geffe116 folded before Flop (didn't bet)



PokerStars Hand #254291968774:  Hold'em No Limit ($0.50/$1.00 USD) - 2025/01/10 7:34:38 WET [2025/01/10 2:34:38 ET]
Table 'Cunitza II' 6-max Seat #4 is the button
Seat 1: fabion557 ($82 in chips) 
Seat 2: Fake Lava ($101 in chips) 
Seat 3: Desverdi ($50.78 in chips) 
Seat 4: peak joker33 ($126.62 in chips) 
Seat 5: Emily_GetMan ($109.72 in chips) 
Seat 6: Geffe116 ($21.90 in chips) 
Emily_GetMan: posts small blind $0.50
Geffe116: posts big blind $1
*** HOLE CARDS ***
fabion557: folds 
Fake Lava: folds 
Desverdi: folds 
peak joker33: raises $1.50 to $2.50
Emily_GetMan: folds 
Geffe116: folds 
Uncalled bet ($1.50) returned to peak joker33
peak joker33 collected $2.50 from pot
peak joker33: doesn't show hand 
*** SUMMARY ***
Total pot $2.50 | Rake $0 
Seat 1: fabion557 folded before Flop (didn't bet)
Seat 2: Fake Lava folded before Flop (didn't bet)
Seat 3: Desverdi folded before Flop (didn't bet)
Seat 4: peak joker33 (button) collected ($2.50)
Seat 5: Emily_GetMan (small blind) folded before Flop
Seat 6: Geffe116 (big blind) folded before Flop



PokerStars Hand #254291969993:  Hold'em No Limit ($0.50/$1.00 USD) - 2025/01/10 7:34:53 WET [2025/01/10 2:34:53 ET]
Table 'Cunitza II' 6-max Seat #5 is the button
Seat 1: fabion557 ($82 in chips) 
Seat 2: Fake Lava ($101 in chips) 
Seat 3: Desverdi ($50.78 in chips) 
Seat 4: peak joker33 ($128.12 in chips) 
Seat 5: Emily_GetMan ($109.22 in chips) 
Seat 6: Geffe116 ($20.90 in chips) 
Geffe116: posts small blind $0.50
fabion557: posts big blind $1
*** HOLE CARDS ***
Fake Lava: folds 
Desverdi: calls $1
peak joker33: raises $3 to $4
Emily_GetMan: folds 
Geffe116: folds 
fabion557: calls $3
Desverdi: calls $3
*** FLOP *** [9d 6d 5h]
fabion557: bets $5
Desverdi: calls $5
peak joker33: folds 
*** TURN *** [9d 6d 5h] [5s]
fabion557: bets $13
Desverdi: folds 
Uncalled bet ($13) returned to fabion557
fabion557 collected $21.38 from pot
fabion557: doesn't show hand 
*** SUMMARY ***
Total pot $22.50 | Rake $1.12 
Board [9d 6d 5h 5s]
Seat 1: fabion557 (big blind) collected ($21.38)
Seat 2: Fake Lava folded before Flop (didn't bet)
Seat 3: Desverdi folded on the Turn
Seat 4: peak joker33 folded on the Flop
Seat 5: Emily_GetMan (button) folded before Flop (didn't bet)
Seat 6: Geffe116 (small blind) folded before Flop



PokerStars Hand #254291973488:  Hold'em No Limit ($0.50/$1.00 USD) - 2025/01/10 7:35:38 WET [2025/01/10 2:35:38 ET]
Table 'Cunitza II' 6-max Seat #6 is the button
Seat 1: fabion557 ($94.38 in chips) 
Seat 2: Fake Lava ($101 in chips) 
Seat 3: Desverdi ($41.78 in chips) 
Seat 4: peak joker33 ($124.12 in chips) 
Seat 5: Emily_GetMan ($109.22 in chips) 
Seat 6: Geffe116 ($20.40 in chips) 
fabion557: posts small blind $0.50
Fake Lava: posts big blind $1
*** HOLE CARDS ***
Desverdi: calls $1
peak joker33: folds 
Emily_GetMan: folds 
Geffe116: folds 
fabion557: folds 
Fake Lava: raises $5 to $6
Desverdi: calls $5
*** FLOP *** [3d Kc 3h]
Fake Lava: bets $3.92
Desverdi: folds 
Uncalled bet ($3.92) returned to Fake Lava
Fake Lava collected $11.88 from pot
Fake Lava: doesn't show hand 
*** SUMMARY ***
Total pot $12.50 | Rake $0.62 
Board [3d Kc 3h]
Seat 1: fabion557 (small blind) folded before Flop
Seat 2: Fake Lava (big blind) collected ($11.88)
Seat 3: Desverdi folded on the Flop
Seat 4: peak joker33 folded before Flop (didn't bet)
Seat 5: Emily_GetMan folded before Flop (didn't bet)
Seat 6: Geffe116 (button) folded before Flop (didn't bet)



PokerStars Hand #254291976187:  Hold'em No Limit ($0.50/$1.00 USD) - 2025/01/10 7:36:12 WET [2025/01/10 2:36:12 ET]
Table 'Cunitza II' 6-max Seat #1 is the button
Seat 1: fabion557 ($93.88 in chips) 
Seat 2: Fake Lava ($106.88 in chips) 
Seat 3: Desverdi ($35.78 in chips) 
Seat 4: peak joker33 ($124.12 in chips) 
Seat 5: Emily_GetMan ($109.22 in chips) 
Seat 6: Geffe116 ($20.40 in chips) 
Fake Lava: posts small blind $0.50
Desverdi: posts big blind $1
*** HOLE CARDS ***
peak joker33: folds 
Emily_GetMan: folds 
Geffe116: calls $1
fabion557: folds 
Fake Lava: folds 
Desverdi: checks 
*** FLOP *** [Qd 3d 8d]
Desverdi: bets $1
Geffe116: raises $3.19 to $4.19
Desverdi: folds 
Uncalled bet ($3.19) returned to Geffe116
Geffe116 collected $4.28 from pot
*** SUMMARY ***
Total pot $4.50 | Rake $0.22 
Board [Qd 3d 8d]
Seat 1: fabion557 (button) folded before Flop (didn't bet)
Seat 2: Fake Lava (small blind) folded before Flop
Seat 3: Desverdi (big blind) folded on the Flop
Seat 4: peak joker33 folded before Flop (didn't bet)
Seat 5: Emily_GetMan folded before Flop (didn't bet)
Seat 6: Geffe116 collected ($4.28)



PokerStars Hand #254291977626:  Hold'em No Limit ($0.50/$1.00 USD) - 2025/01/10 7:36:31 WET [2025/01/10 2:36:31 ET]
Table 'Cunitza II' 6-max Seat #2 is the button
Seat 1: fabion557 ($93.88 in chips) 
Seat 2: Fake Lava ($106.38 in chips) 
Seat 3: Desverdi ($33.78 in chips) 
Seat 4: peak joker33 ($124.12 in chips) 
Seat 5: Emily_GetMan ($109.22 in chips) 
Seat 6: Geffe116 ($22.68 in chips) 
Desverdi: posts small blind $0.50
peak joker33: posts big blind $1
*** HOLE CARDS ***
Emily_GetMan: folds 
Geffe116: folds 
fabion557: folds 
Fake Lava: raises $1.50 to $2.50
Desverdi: folds 
peak joker33: calls $1.50
*** FLOP *** [8c 2d Td]
peak joker33: checks 
Fake Lava: bets $1.72
peak joker33: calls $1.72
*** TURN *** [8c 2d Td] [7s]
peak joker33: checks 
Fake Lava: bets $6.37
peak joker33: calls $6.37
*** RIVER *** [8c 2d Td 7s] [Qc]
peak joker33: checks 
Fake Lava: bets $30.90
peak joker33: calls $30.90
*** SHOW DOWN ***
Fake Lava: shows [Ts Th] (three of a kind, Tens)
peak joker33: mucks hand 
Fake Lava collected $80.98 from pot
*** SUMMARY ***
Total pot $83.48 | Rake $2.50 
Board [8c 2d Td 7s Qc]
Seat 1: fabion557 folded before Flop (didn't bet)
Seat 2: Fake Lava (button) showed [Ts Th] and won ($80.98) with three of a kind, Tens
Seat 3: Desverdi (small blind) folded before Flop
Seat 4: peak joker33 (big blind) mucked
Seat 5: Emily_GetMan folded before Flop (didn't bet)
Seat 6: Geffe116 folded before Flop (didn't bet)



PokerStars Hand #254291983958:  Hold'em No Limit ($0.50/$1.00 USD) - 2025/01/10 7:37:52 WET [2025/01/10 2:37:52 ET]
Table 'Cunitza II' 6-max Seat #3 is the button
Seat 1: fabion557 ($93.88 in chips) 
Seat 2: Fake Lava ($145.87 in chips) 
Seat 3: Desverdi ($33.28 in chips) 
Seat 4: peak joker33 ($100 in chips) 
Seat 5: Emily_GetMan ($109.22 in chips) 
Seat 6: Geffe116 ($22.68 in chips) 
peak joker33: posts small blind $0.50
Emily_GetMan: posts big blind $1
*** HOLE CARDS ***
Geffe116: folds 
fabion557: folds 
Fake Lava: folds 
Desverdi: calls $1
peak joker33: calls $0.50
Emily_GetMan: raises $5 to $6
Desverdi: calls $5
peak joker33: folds 
*** FLOP *** [9s 6c Qh]
Emily_GetMan: bets $4.08
Desverdi: raises $4.08 to $8.16
Emily_GetMan: calls $4.08
*** TURN *** [9s 6c Qh] [8h]
Emily_GetMan: checks 
Desverdi: bets $3
Emily_GetMan: calls $3
*** RIVER *** [9s 6c Qh 8h] [5c]
Emily_GetMan: checks 
Desverdi: bets $6
Emily_GetMan: calls $6
*** SHOW DOWN ***
Desverdi: shows [Ac Qc] (a pair of Queens)
Emily_GetMan: mucks hand 
Desverdi collected $44.95 from pot
*** SUMMARY ***
Total pot $47.32 | Rake $2.37 
Board [9s 6c Qh 8h 5c]
Seat 1: fabion557 folded before Flop (didn't bet)
Seat 2: Fake Lava folded before Flop (didn't bet)
Seat 3: Desverdi (button) showed [Ac Qc] and won ($44.95) with a pair of Queens
Seat 4: peak joker33 (small blind) folded before Flop
Seat 5: Emily_GetMan (big blind) mucked
Seat 6: Geffe116 folded before Flop (didn't bet)



PokerStars Hand #254291989603:  Hold'em No Limit ($0.50/$1.00 USD) - 2025/01/10 7:39:03 WET [2025/01/10 2:39:03 ET]
Table 'Cunitza II' 6-max Seat #4 is the button
Seat 1: fabion557 ($93.88 in chips) 
Seat 2: Fake Lava ($145.87 in chips) 
Seat 3: Desverdi ($55.07 in chips) 
Seat 4: peak joker33 ($100 in chips) 
Seat 5: Emily_GetMan ($100 in chips) 
Seat 6: Geffe116 ($22.68 in chips) 
Emily_GetMan: posts small blind $0.50
Geffe116: posts big blind $1
*** HOLE CARDS ***
fabion557: folds 
Fake Lava: folds 
Desverdi: calls $1
peak joker33: raises $3 to $4
Emily_GetMan: raises $11 to $15
Geffe116: folds 
Desverdi: folds 
peak joker33: calls $11
*** FLOP *** [8h 6h 7d]
Emily_GetMan: bets $20.06
peak joker33: raises $64.94 to $85 and is all-in
Emily_GetMan: folds 
Uncalled bet ($64.94) returned to peak joker33
peak joker33 collected $69.62 from pot
peak joker33: doesn't show hand 
*** SUMMARY ***
Total pot $72.12 | Rake $2.50 
Board [8h 6h 7d]
Seat 1: fabion557 folded before Flop (didn't bet)
Seat 2: Fake Lava folded before Flop (didn't bet)
Seat 3: Desverdi folded before Flop
Seat 4: peak joker33 (button) collected ($69.62)
Seat 5: Emily_GetMan (small blind) folded on the Flop
Seat 6: Geffe116 (big blind) folded before Flop



PokerStars Hand #254291993571:  Hold'em No Limit ($0.50/$1.00 USD) - 2025/01/10 7:39:53 WET [2025/01/10 2:39:53 ET]
Table 'Cunitza II' 6-max Seat #5 is the button
Seat 1: fabion557 ($93.88 in chips) 
Seat 2: Fake Lava ($145.87 in chips) 
Seat 3: Desverdi ($54.07 in chips) 
Seat 4: peak joker33 ($134.56 in chips) 
Seat 5: Emily_GetMan ($100 in chips) 
Seat 6: Geffe116 ($21.68 in chips) 
Geffe116: posts small blind $0.50
fabion557: posts big blind $1
*** HOLE CARDS ***
Fake Lava: folds 
Desverdi: calls $1
peak joker33: folds 
Emily_GetMan: folds 
Geffe116: calls $0.50
fabion557: checks 
*** FLOP *** [7s 3h Jd]
Geffe116: checks 
fabion557: checks 
Desverdi: bets $4
Geffe116: folds 
fabion557: folds 
Uncalled bet ($4) returned to Desverdi
Desverdi collected $2.85 from pot
*** SUMMARY ***
Total pot $3 | Rake $0.15 
Board [7s 3h Jd]
Seat 1: fabion557 (big blind) folded on the Flop
Seat 2: Fake Lava folded before Flop (didn't bet)
Seat 3: Desverdi collected ($2.85)
Seat 4: peak joker33 folded before Flop (didn't bet)
Seat 5: Emily_GetMan (button) folded before Flop (didn't bet)
Seat 6: Geffe116 (small blind) folded on the Flop



PokerStars Hand #254291995643:  Hold'em No Limit ($0.50/$1.00 USD) - 2025/01/10 7:40:19 WET [2025/01/10 2:40:19 ET]
Table 'Cunitza II' 6-max Seat #6 is the button
Seat 1: fabion557 ($92.88 in chips) 
Seat 2: Fake Lava ($145.87 in chips) 
Seat 3: Desverdi ($55.92 in chips) 
Seat 4: peak joker33 ($134.56 in chips) 
Seat 5: Emily_GetMan ($100 in chips) 
Seat 6: Geffe116 ($20.68 in chips) 
fabion557: posts small blind $0.50
Fake Lava: posts big blind $1
*** HOLE CARDS ***
Desverdi: folds 
peak joker33: folds 
Emily_GetMan: raises $1 to $2
Desverdi leaves the table
Geffe116: folds 
fabion557: calls $1.50
Fake Lava: folds 
*** FLOP *** [3s 3d 3c]
fabion557: checks 
Emily_GetMan: bets $1.57
fabion557: calls $1.57
*** TURN *** [3s 3d 3c] [5h]
Pumuking joins the table at seat #3 
fabion557: checks 
Emily_GetMan: bets $2.55
fabion557: folds 
Uncalled bet ($2.55) returned to Emily_GetMan
Emily_GetMan collected $7.73 from pot
Emily_GetMan: doesn't show hand 
*** SUMMARY ***
Total pot $8.14 | Rake $0.41 
Board [3s 3d 3c 5h]
Seat 1: fabion557 (small blind) folded on the Turn
Seat 2: Fake Lava (big blind) folded before Flop
Seat 3: Desverdi folded before Flop (didn't bet)
Seat 4: peak joker33 folded before Flop (didn't bet)
Seat 5: Emily_GetMan collected ($7.73)
Seat 6: Geffe116 (button) folded before Flop (didn't bet)



PokerStars Hand #254291998869:  Hold'em No Limit ($0.50/$1.00 USD) - 2025/01/10 7:41:00 WET [2025/01/10 2:41:00 ET]
Table 'Cunitza II' 6-max Seat #1 is the button
Seat 1: fabion557 ($89.31 in chips) 
Seat 2: Fake Lava ($144.87 in chips) 
Seat 3: Pumuking ($100 in chips) 
Seat 4: peak joker33 ($134.56 in chips) 
Seat 5: Emily_GetMan ($104.16 in chips) 
Seat 6: Geffe116 ($20.68 in chips) 
Fake Lava: posts small blind $0.50
Pumuking: posts big blind $1
*** HOLE CARDS ***
peak joker33: folds 
Emily_GetMan: folds 
Geffe116: raises $1 to $2
fabion557: folds 
Fake Lava: folds 
Pumuking: calls $1
*** FLOP *** [8s Ts 2c]
Pumuking: checks 
Geffe116: bets $18.68 and is all-in
Pumuking: calls $18.68
*** TURN *** [8s Ts 2c] [Kc]
*** RIVER *** [8s Ts 2c Kc] [6d]
*** SHOW DOWN ***
Pumuking: shows [Tc Jd] (a pair of Tens)
Geffe116: shows [Jc Th] (a pair of Tens)
Pumuking collected $19.89 from pot
Geffe116 collected $19.88 from pot
*** SUMMARY ***
Total pot $41.86 | Rake $2.09 
Board [8s Ts 2c Kc 6d]
Seat 1: fabion557 (button) folded before Flop (didn't bet)
Seat 2: Fake Lava (small blind) folded before Flop
Seat 3: Pumuking (big blind) showed [Tc Jd] and won ($19.89) with a pair of Tens
Seat 4: peak joker33 folded before Flop (didn't bet)
Seat 5: Emily_GetMan folded before Flop (didn't bet)
Seat 6: Geffe116 showed [Jc Th] and won ($19.88) with a pair of Tens



PokerStars Hand #254292001695:  Hold'em No Limit ($0.50/$1.00 USD) - 2025/01/10 7:41:35 WET [2025/01/10 2:41:35 ET]
Table 'Cunitza II' 6-max Seat #2 is the button
Seat 1: fabion557 ($89.31 in chips) 
Seat 2: Fake Lava ($144.37 in chips) 
Seat 3: Pumuking ($100 in chips) 
Seat 4: peak joker33 ($134.56 in chips) 
Seat 5: Emily_GetMan ($104.16 in chips) 
Seat 6: Geffe116 ($19.88 in chips) 
Pumuking: posts small blind $0.50
peak joker33: posts big blind $1
*** HOLE CARDS ***
Emily_GetMan: raises $1 to $2
Geffe116: folds 
fabion557: folds 
Fake Lava: raises $5 to $7
Pumuking: folds 
peak joker33: folds 
Emily_GetMan: folds 
Uncalled bet ($5) returned to Fake Lava
Fake Lava collected $5.50 from pot
Fake Lava: doesn't show hand 
*** SUMMARY ***
Total pot $5.50 | Rake $0 
Seat 1: fabion557 folded before Flop (didn't bet)
Seat 2: Fake Lava (button) collected ($5.50)
Seat 3: Pumuking (small blind) folded before Flop
Seat 4: peak joker33 (big blind) folded before Flop
Seat 5: Emily_GetMan folded before Flop
Seat 6: Geffe116 folded before Flop (didn't bet)



PokerStars Hand #254292003535:  Hold'em No Limit ($0.50/$1.00 USD) - 2025/01/10 7:41:57 WET [2025/01/10 2:41:57 ET]
Table 'Cunitza II' 6-max Seat #3 is the button
Seat 5: Emily_GetMan ($102.16 in chips) is sitting out
Seat 1: fabion557 ($89.31 in chips) 
Seat 2: Fake Lava ($147.87 in chips) 
Seat 3: Pumuking ($100 in chips) 
Seat 4: peak joker33 ($133.56 in chips) 
Seat 6: Geffe116 ($19.88 in chips) 
peak joker33: posts small blind $0.50
Emily_GetMan: is sitting out 
Geffe116: posts big blind $1
*** HOLE CARDS ***
Emily_GetMan leaves the table
fabion557: raises $1 to $2
Fake Lava: folds 
Pumuking: folds 
peak joker33: folds 
Geffe116: calls $1
*** FLOP *** [5c As 2c]
Geffe116: checks 
fabion557: checks 
*** TURN *** [5c As 2c] [Qh]
Geffe116: checks 
fabion557: bets $2
Geffe116: calls $2
*** RIVER *** [5c As 2c Qh] [2s]
Geffe116: checks 
fabion557: checks 
*** SHOW DOWN ***
Geffe116: shows [Jd Ts] (a pair of Deuces)
fabion557: shows [Qs Tc] (two pair, Queens and Deuces)
fabion557 collected $8.08 from pot
*** SUMMARY ***
Total pot $8.50 | Rake $0.42 
Board [5c As 2c Qh 2s]
Seat 5: Emily_GetMan
Seat 1: fabion557 showed [Qs Tc] and won ($8.08) with two pair, Queens and Deuces
Seat 2: Fake Lava folded before Flop (didn't bet)
Seat 3: Pumuking (button) folded before Flop (didn't bet)
Seat 4: peak joker33 (small blind) folded before Flop
Seat 6: Geffe116 (big blind) showed [Jd Ts] and lost with a pair of Deuces



PokerStars Hand #254292006668:  Hold'em No Limit ($0.50/$1.00 USD) - 2025/01/10 7:42:36 WET [2025/01/10 2:42:36 ET]
Table 'Cunitza II' 6-max Seat #4 is the button
Seat 1: fabion557 ($93.39 in chips) 
Seat 2: Fake Lava ($147.87 in chips) 
Seat 3: Pumuking ($100 in chips) 
Seat 4: peak joker33 ($133.06 in chips) 
Seat 6: Geffe116 ($15.88 in chips) 
Geffe116: posts small blind $0.50
fabion557: posts big blind $1
*** HOLE CARDS ***
Fake Lava: folds 
Pumuking: folds 
peak joker33: raises $1.50 to $2.50
Geffe116: raises $13.38 to $15.88 and is all-in
fabion557: folds 
peak joker33: folds 
Uncalled bet ($13.38) returned to Geffe116
Geffe116 collected $6 from pot
*** SUMMARY ***
Total pot $6 | Rake $0 
Seat 1: fabion557 (big blind) folded before Flop
Seat 2: Fake Lava folded before Flop (didn't bet)
Seat 3: Pumuking folded before Flop (didn't bet)
Seat 4: peak joker33 (button) folded before Flop
Seat 6: Geffe116 (small blind) collected ($6)



PokerStars Hand #254292008555:  Hold'em No Limit ($0.50/$1.00 USD) - 2025/01/10 7:43:00 WET [2025/01/10 2:43:00 ET]
Table 'Cunitza II' 6-max Seat #6 is the button
Seat 1: fabion557 ($92.39 in chips) 
Seat 2: Fake Lava ($147.87 in chips) 
Seat 3: Pumuking ($100 in chips) 
Seat 4: peak joker33 ($130.56 in chips) 
Seat 6: Geffe116 ($19.38 in chips) 
fabion557: posts small blind $0.50
Fake Lava: posts big blind $1
*** HOLE CARDS ***
Pumuking: folds 
peak joker33: folds 
Geffe116: folds 
fabion557: folds 
Uncalled bet ($0.50) returned to Fake Lava
Fake Lava collected $1 from pot
Fake Lava: doesn't show hand 
*** SUMMARY ***
Total pot $1 | Rake $0 
Seat 1: fabion557 (small blind) folded before Flop
Seat 2: Fake Lava (big blind) collected ($1)
Seat 3: Pumuking folded before Flop (didn't bet)
Seat 4: peak joker33 folded before Flop (didn't bet)
Seat 6: Geffe116 (button) folded before Flop (didn't bet)



PokerStars Hand #254292009373:  Hold'em No Limit ($0.50/$1.00 USD) - 2025/01/10 7:43:10 WET [2025/01/10 2:43:10 ET]
Table 'Cunitza II' 6-max Seat #1 is the button
Seat 1: fabion557 ($91.89 in chips) 
Seat 2: Fake Lava ($148.37 in chips) 
Seat 3: Pumuking ($100 in chips) 
Seat 4: peak joker33 ($130.56 in chips) 
Seat 6: Geffe116 ($19.38 in chips) 
Fake Lava: posts small blind $0.50
Pumuking: posts big blind $1
*** HOLE CARDS ***
peak joker33: folds 
Geffe116: folds 
fabion557: calls $1
Fake Lava: raises $5 to $6
Pumuking: folds 
fabion557: calls $5
*** FLOP *** [8d 5h 5d]
Fake Lava: bets $6.18
fabion557: folds 
Uncalled bet ($6.18) returned to Fake Lava
Fake Lava collected $12.35 from pot
Fake Lava: doesn't show hand 
*** SUMMARY ***
Total pot $13 | Rake $0.65 
Board [8d 5h 5d]
Seat 1: fabion557 (button) folded on the Flop
Seat 2: Fake Lava (small blind) collected ($12.35)
Seat 3: Pumuking (big blind) folded before Flop
Seat 4: peak joker33 folded before Flop (didn't bet)
Seat 6: Geffe116 folded before Flop (didn't bet)



PokerStars Hand #254292012677:  Hold'em No Limit ($0.50/$1.00 USD) - 2025/01/10 7:43:51 WET [2025/01/10 2:43:51 ET]
Table 'Cunitza II' 6-max Seat #2 is the button
Seat 1: fabion557 ($85.89 in chips) 
Seat 2: Fake Lava ($154.72 in chips) 
Seat 3: Pumuking ($100 in chips) 
Seat 4: peak joker33 ($130.56 in chips) 
Seat 6: Geffe116 ($19.38 in chips) 
Pumuking: posts small blind $0.50
peak joker33: posts big blind $1
*** HOLE CARDS ***
Geffe116: folds 
fabion557: raises $2 to $3
Fake Lava: folds 
Pumuking: folds 
peak joker33: folds 
Uncalled bet ($2) returned to fabion557
fabion557 collected $2.50 from pot
fabion557: doesn't show hand 
*** SUMMARY ***
Total pot $2.50 | Rake $0 
Seat 1: fabion557 collected ($2.50)
Seat 2: Fake Lava (button) folded before Flop (didn't bet)
Seat 3: Pumuking (small blind) folded before Flop
Seat 4: peak joker33 (big blind) folded before Flop
Seat 6: Geffe116 folded before Flop (didn't bet)



PokerStars Hand #254292013910:  Hold'em No Limit ($0.50/$1.00 USD) - 2025/01/10 7:44:06 WET [2025/01/10 2:44:06 ET]
Table 'Cunitza II' 6-max Seat #3 is the button
Seat 1: fabion557 ($87.39 in chips) 
Seat 2: Fake Lava ($154.72 in chips) 
Seat 3: Pumuking ($100 in chips) 
Seat 4: peak joker33 ($129.56 in chips) 
Seat 6: Geffe116 ($19.38 in chips) 
peak joker33: posts small blind $0.50
Geffe116: posts big blind $1
*** HOLE CARDS ***
fabion557: folds 
Fake Lava: folds 
Pumuking: folds 
peak joker33: folds 
Uncalled bet ($0.50) returned to Geffe116
Geffe116 collected $1 from pot
*** SUMMARY ***
Total pot $1 | Rake $0 
Seat 1: fabion557 folded before Flop (didn't bet)
Seat 2: Fake Lava folded before Flop (didn't bet)
Seat 3: Pumuking (button) folded before Flop (didn't bet)
Seat 4: peak joker33 (small blind) folded before Flop
Seat 6: Geffe116 (big blind) collected ($1)



PokerStars Hand #254292015035:  Hold'em No Limit ($0.50/$1.00 USD) - 2025/01/10 7:44:20 WET [2025/01/10 2:44:20 ET]
Table 'Cunitza II' 6-max Seat #4 is the button
Seat 1: fabion557 ($87.39 in chips) 
Seat 2: Fake Lava ($154.72 in chips) 
Seat 3: Pumuking ($100 in chips) 
Seat 4: peak joker33 ($129.06 in chips) 
Seat 6: Geffe116 ($19.88 in chips) 
Geffe116: posts small blind $0.50
fabion557: posts big blind $1
*** HOLE CARDS ***
Fake Lava: folds 
Pumuking: folds 
peak joker33: raises $1.50 to $2.50
Geffe116: raises $17.38 to $19.88 and is all-in
fabion557: folds 
peak joker33: folds 
Uncalled bet ($17.38) returned to Geffe116
Geffe116 collected $6 from pot
*** SUMMARY ***
Total pot $6 | Rake $0 
Seat 1: fabion557 (big blind) folded before Flop
Seat 2: Fake Lava folded before Flop (didn't bet)
Seat 3: Pumuking folded before Flop (didn't bet)
Seat 4: peak joker33 (button) folded before Flop
Seat 6: Geffe116 (small blind) collected ($6)



PokerStars Hand #254292016425:  Hold'em No Limit ($0.50/$1.00 USD) - 2025/01/10 7:44:38 WET [2025/01/10 2:44:38 ET]
Table 'Cunitza II' 6-max Seat #6 is the button
Seat 1: fabion557 ($86.39 in chips) 
Seat 2: Fake Lava ($154.72 in chips) 
Seat 3: Pumuking ($100 in chips) 
Seat 4: peak joker33 ($126.56 in chips) 
Seat 6: Geffe116 ($23.38 in chips) 
fabion557: posts small blind $0.50
Fake Lava: posts big blind $1
*** HOLE CARDS ***
Pumuking: raises $1.25 to $2.25
peak joker33: folds 
Geffe116: folds 
fabion557: folds 
Fake Lava: folds 
Uncalled bet ($1.25) returned to Pumuking
Pumuking collected $2.50 from pot
Pumuking: doesn't show hand 
*** SUMMARY ***
Total pot $2.50 | Rake $0 
Seat 1: fabion557 (small blind) folded before Flop
Seat 2: Fake Lava (big blind) folded before Flop
Seat 3: Pumuking collected ($2.50)
Seat 4: peak joker33 folded before Flop (didn't bet)
Seat 6: Geffe116 (button) folded before Flop (didn't bet)



PokerStars Hand #254292017785:  Hold'em No Limit ($0.50/$1.00 USD) - 2025/01/10 7:44:54 WET [2025/01/10 2:44:54 ET]
Table 'Cunitza II' 6-max Seat #1 is the button
Seat 1: fabion557 ($85.89 in chips) 
Seat 2: Fake Lava ($153.72 in chips) 
Seat 3: Pumuking ($101.50 in chips) 
Seat 4: peak joker33 ($126.56 in chips) 
Seat 6: Geffe116 ($23.38 in chips) 
Fake Lava: posts small blind $0.50
Pumuking: posts big blind $1
*** HOLE CARDS ***
peak joker33: raises $1.50 to $2.50
Geffe116: folds 
fabion557: folds 
Fake Lava: folds 
Pumuking: folds 
Uncalled bet ($1.50) returned to peak joker33
FAZY011 joins the table at seat #5 
FAZY011 is disconnected 
peak joker33 collected $2.50 from pot
peak joker33: doesn't show hand 
*** SUMMARY ***
Total pot $2.50 | Rake $0 
Seat 1: fabion557 (button) folded before Flop (didn't bet)
Seat 2: Fake Lava (small blind) folded before Flop
Seat 3: Pumuking (big blind) folded before Flop
Seat 4: peak joker33 collected ($2.50)
Seat 6: Geffe116 folded before Flop (didn't bet)



PokerStars Hand #254292018994:  Hold'em No Limit ($0.50/$1.00 USD) - 2025/01/10 7:45:09 WET [2025/01/10 2:45:09 ET]
Table 'Cunitza II' 6-max Seat #2 is the button
Seat 5: FAZY011 ($10 in chips) is sitting out
Seat 1: fabion557 ($85.89 in chips) 
Seat 2: Fake Lava ($153.22 in chips) 
Seat 3: Pumuking ($100.50 in chips) 
Seat 4: peak joker33 ($128.06 in chips) 
Seat 6: Geffe116 ($23.38 in chips) 
Pumuking: posts small blind $0.50
peak joker33: posts big blind $1
FAZY011: sits out 
*** HOLE CARDS ***
Geffe116: folds 
fabion557: folds 
Fake Lava: folds 
Pumuking: raises $2 to $3
peak joker33: calls $2
*** FLOP *** [7s Jh Qc]
Pumuking: bets $1.88
peak joker33: folds 
Uncalled bet ($1.88) returned to Pumuking
Pumuking collected $5.70 from pot
Pumuking: doesn't show hand 
*** SUMMARY ***
Total pot $6 | Rake $0.30 
Board [7s Jh Qc]
Seat 5: FAZY011
Seat 1: fabion557 folded before Flop (didn't bet)
Seat 2: Fake Lava (button) folded before Flop (didn't bet)
Seat 3: Pumuking (small blind) collected ($5.70)
Seat 4: peak joker33 (big blind) folded on the Flop
Seat 6: Geffe116 folded before Flop (didn't bet)



PokerStars Hand #254292021270:  Hold'em No Limit ($0.50/$1.00 USD) - 2025/01/10 7:45:37 WET [2025/01/10 2:45:37 ET]
Table 'Cunitza II' 6-max Seat #3 is the button
Seat 1: fabion557 ($85.89 in chips) 
Seat 2: Fake Lava ($153.22 in chips) 
Seat 3: Pumuking ($103.20 in chips) 
Seat 4: peak joker33 ($125.06 in chips) 
Seat 5: FAZY011 ($10 in chips) 
Seat 6: Geffe116 ($23.38 in chips) 
peak joker33: posts small blind $0.50
FAZY011: posts big blind $1
*** HOLE CARDS ***
Geffe116: folds 
fabion557: folds 
Fake Lava: folds 
Pumuking: folds 
peak joker33: raises $13 to $14
FAZY011: folds 
Uncalled bet ($13) returned to peak joker33
peak joker33 collected $2 from pot
peak joker33: doesn't show hand 
*** SUMMARY ***
Total pot $2 | Rake $0 
Seat 1: fabion557 folded before Flop (didn't bet)
Seat 2: Fake Lava folded before Flop (didn't bet)
Seat 3: Pumuking (button) folded before Flop (didn't bet)
Seat 4: peak joker33 (small blind) collected ($2)
Seat 5: FAZY011 (big blind) folded before Flop
Seat 6: Geffe116 folded before Flop (didn't bet)



PokerStars Hand #254292022491:  Hold'em No Limit ($0.50/$1.00 USD) - 2025/01/10 7:45:51 WET [2025/01/10 2:45:51 ET]
Table 'Cunitza II' 6-max Seat #4 is the button
Seat 1: fabion557 ($85.89 in chips) 
Seat 2: Fake Lava ($153.22 in chips) 
Seat 3: Pumuking ($103.20 in chips) 
Seat 4: peak joker33 ($126.06 in chips) 
Seat 5: FAZY011 ($9 in chips) 
Seat 6: Geffe116 ($23.38 in chips) 
FAZY011: posts small blind $0.50
Geffe116: posts big blind $1
*** HOLE CARDS ***
fabion557: folds 
Fake Lava: raises $1.50 to $2.50
Pumuking: folds 
peak joker33: folds 
FAZY011: folds 
Geffe116: folds 
Uncalled bet ($1.50) returned to Fake Lava
Fake Lava collected $2.50 from pot
Fake Lava: doesn't show hand 
*** SUMMARY ***
Total pot $2.50 | Rake $0 
Seat 1: fabion557 folded before Flop (didn't bet)
Seat 2: Fake Lava collected ($2.50)
Seat 3: Pumuking folded before Flop (didn't bet)
Seat 4: peak joker33 (button) folded before Flop (didn't bet)
Seat 5: FAZY011 (small blind) folded before Flop
Seat 6: Geffe116 (big blind) folded before Flop



PokerStars Hand #254292023259:  Hold'em No Limit ($0.50/$1.00 USD) - 2025/01/10 7:46:01 WET [2025/01/10 2:46:01 ET]
Table 'Cunitza II' 6-max Seat #5 is the button
Seat 1: fabion557 ($85.89 in chips) 
Seat 2: Fake Lava ($154.72 in chips) 
Seat 3: Pumuking ($103.20 in chips) 
Seat 4: peak joker33 ($126.06 in chips) 
Seat 5: FAZY011 ($8.50 in chips) 
Seat 6: Geffe116 ($22.38 in chips) 
Geffe116: posts small blind $0.50
fabion557: posts big blind $1
*** HOLE CARDS ***
Fake Lava: folds 
Pumuking: folds 
peak joker33: folds 
FAZY011: raises $2 to $3
Geffe116: folds 
fabion557: calls $2
*** FLOP *** [3c 3h 9s]
fabion557: checks 
FAZY011: bets $3.09
fabion557: folds 
Uncalled bet ($3.09) returned to FAZY011
FAZY011 collected $6.18 from pot
*** SUMMARY ***
Total pot $6.50 | Rake $0.32 
Board [3c 3h 9s]
Seat 1: fabion557 (big blind) folded on the Flop
Seat 2: Fake Lava folded before Flop (didn't bet)
Seat 3: Pumuking folded before Flop (didn't bet)
Seat 4: peak joker33 folded before Flop (didn't bet)
Seat 5: FAZY011 (button) collected ($6.18)
Seat 6: Geffe116 (small blind) folded before Flop



PokerStars Hand #254292024903:  Hold'em No Limit ($0.50/$1.00 USD) - 2025/01/10 7:46:21 WET [2025/01/10 2:46:21 ET]
Table 'Cunitza II' 6-max Seat #6 is the button
Seat 1: fabion557 ($82.89 in chips) 
Seat 2: Fake Lava ($154.72 in chips) 
Seat 3: Pumuking ($103.20 in chips) 
Seat 4: peak joker33 ($126.06 in chips) 
Seat 5: FAZY011 ($11.68 in chips) 
Seat 6: Geffe116 ($21.88 in chips) 
fabion557: posts small blind $0.50
Fake Lava: posts big blind $1
*** HOLE CARDS ***
Pumuking: folds 
peak joker33: folds 
FAZY011: raises $2.50 to $3.50
Geffe116: folds 
fabion557: raises $6.50 to $10
Fake Lava: folds 
FAZY011: raises $1.68 to $11.68 and is all-in
fabion557: calls $1.68
*** FLOP *** [Js 7d Tc]
*** TURN *** [Js 7d Tc] [Qs]
*** RIVER *** [Js 7d Tc Qs] [6d]
*** SHOW DOWN ***
fabion557: shows [Ad Td] (a pair of Tens)
FAZY011: shows [Qh Ah] (a pair of Queens)
FAZY011 collected $23.14 from pot
*** SUMMARY ***
Total pot $24.36 | Rake $1.22 
Board [Js 7d Tc Qs 6d]
Seat 1: fabion557 (small blind) showed [Ad Td] and lost with a pair of Tens
Seat 2: Fake Lava (big blind) folded before Flop
Seat 3: Pumuking folded before Flop (didn't bet)
Seat 4: peak joker33 folded before Flop (didn't bet)
Seat 5: FAZY011 showed [Qh Ah] and won ($23.14) with a pair of Queens
Seat 6: Geffe116 (button) folded before Flop (didn't bet)



PokerStars Hand #254292028784:  Hold'em No Limit ($0.50/$1.00 USD) - 2025/01/10 7:47:10 WET [2025/01/10 2:47:10 ET]
Table 'Cunitza II' 6-max Seat #1 is the button
Seat 1: fabion557 ($71.21 in chips) 
Seat 2: Fake Lava ($153.72 in chips) 
Seat 3: Pumuking ($103.20 in chips) 
Seat 4: peak joker33 ($126.06 in chips) 
Seat 5: FAZY011 ($23.14 in chips) 
Seat 6: Geffe116 ($21.88 in chips) 
Fake Lava: posts small blind $0.50
Pumuking: posts big blind $1
*** HOLE CARDS ***
peak joker33: folds 
FAZY011: calls $1
Geffe116: folds 
fabion557: folds 
Fake Lava: folds 
Pumuking: raises $2 to $3
FAZY011: calls $2
*** FLOP *** [6c 2d Ah]
Pumuking: checks 
FAZY011: checks 
*** TURN *** [6c 2d Ah] [6h]
Pumuking: checks 
FAZY011: bets $2
Pumuking: calls $2
*** RIVER *** [6c 2d Ah 6h] [4s]
Pumuking: checks 
FAZY011: checks 
*** SHOW DOWN ***
Pumuking: shows [4c 4d] (a full house, Fours full of Sixes)
FAZY011: mucks hand 
Pumuking collected $9.98 from pot
*** SUMMARY ***
Total pot $10.50 | Rake $0.52 
Board [6c 2d Ah 6h 4s]
Seat 1: fabion557 (button) folded before Flop (didn't bet)
Seat 2: Fake Lava (small blind) folded before Flop
Seat 3: Pumuking (big blind) showed [4c 4d] and won ($9.98) with a full house, Fours full of Sixes
Seat 4: peak joker33 folded before Flop (didn't bet)
Seat 5: FAZY011 mucked
Seat 6: Geffe116 folded before Flop (didn't bet)



PokerStars Hand #254292032837:  Hold'em No Limit ($0.50/$1.00 USD) - 2025/01/10 7:48:01 WET [2025/01/10 2:48:01 ET]
Table 'Cunitza II' 6-max Seat #2 is the button
Seat 1: fabion557 ($71.21 in chips) 
Seat 2: Fake Lava ($153.22 in chips) 
Seat 3: Pumuking ($108.18 in chips) 
Seat 4: peak joker33 ($126.06 in chips) 
Seat 5: FAZY011 ($18.14 in chips) 
Seat 6: Geffe116 ($21.88 in chips) 
Pumuking: posts small blind $0.50
peak joker33: posts big blind $1
*** HOLE CARDS ***
FAZY011: calls $1
Geffe116: folds 
fabion557: folds 
Fake Lava: folds 
Pumuking: raises $2.50 to $3.50
peak joker33: folds 
FAZY011: raises $14.64 to $18.14 and is all-in
Pumuking: folds 
Uncalled bet ($14.64) returned to FAZY011
FAZY011 collected $8 from pot
*** SUMMARY ***
Total pot $8 | Rake $0 
Seat 1: fabion557 folded before Flop (didn't bet)
Seat 2: Fake Lava (button) folded before Flop (didn't bet)
Seat 3: Pumuking (small blind) folded before Flop
Seat 4: peak joker33 (big blind) folded before Flop
Seat 5: FAZY011 collected ($8)
Seat 6: Geffe116 folded before Flop (didn't bet)



PokerStars Hand #254292034364:  Hold'em No Limit ($0.50/$1.00 USD) - 2025/01/10 7:48:21 WET [2025/01/10 2:48:21 ET]
Table 'Cunitza II' 6-max Seat #3 is the button
Seat 1: fabion557 ($71.21 in chips) 
Seat 2: Fake Lava ($153.22 in chips) 
Seat 3: Pumuking ($104.68 in chips) 
Seat 4: peak joker33 ($125.06 in chips) 
Seat 5: FAZY011 ($22.64 in chips) 
Seat 6: Geffe116 ($21.88 in chips) 
peak joker33: posts small blind $0.50
FAZY011: posts big blind $1
*** HOLE CARDS ***
Geffe116: calls $1
fabion557: folds 
Fake Lava: folds 
Pumuking: folds 
peak joker33: calls $0.50
FAZY011: checks 
*** FLOP *** [5c 9s 2d]
peak joker33: bets $1.43
FAZY011: folds 
Geffe116: calls $1.43
*** TURN *** [5c 9s 2d] [2s]
FAZY011 leaves the table
peak joker33: checks 
Geffe116: checks 
*** RIVER *** [5c 9s 2d 2s] [Td]
peak joker33: checks 
Geffe116: checks 
*** SHOW DOWN ***
peak joker33: shows [5h Kh] (two pair, Fives and Deuces)
Geffe116: mucks hand 
peak joker33 collected $5.57 from pot
*** SUMMARY ***
Total pot $5.86 | Rake $0.29 
Board [5c 9s 2d 2s Td]
Seat 1: fabion557 folded before Flop (didn't bet)
Seat 2: Fake Lava folded before Flop (didn't bet)
Seat 3: Pumuking (button) folded before Flop (didn't bet)
Seat 4: peak joker33 (small blind) showed [5h Kh] and won ($5.57) with two pair, Fives and Deuces
Seat 5: FAZY011 (big blind) folded on the Flop
Seat 6: Geffe116 mucked



PokerStars Hand #254292036587:  Hold'em No Limit ($0.50/$1.00 USD) - 2025/01/10 7:48:49 WET [2025/01/10 2:48:49 ET]
Table 'Cunitza II' 6-max Seat #4 is the button
Seat 1: fabion557 ($71.21 in chips) 
Seat 2: Fake Lava ($153.22 in chips) 
Seat 3: Pumuking ($104.68 in chips) 
Seat 4: peak joker33 ($128.20 in chips) 
Seat 6: Geffe116 ($19.45 in chips) 
Geffe116: posts small blind $0.50
fabion557: posts big blind $1
*** HOLE CARDS ***
Fake Lava: raises $1.50 to $2.50
Pumuking: folds 
peak joker33: folds 
Geffe116: folds 
fabion557: folds 
Uncalled bet ($1.50) returned to Fake Lava
Fake Lava collected $2.50 from pot
Fake Lava: doesn't show hand 
*** SUMMARY ***
Total pot $2.50 | Rake $0 
Seat 1: fabion557 (big blind) folded before Flop
Seat 2: Fake Lava collected ($2.50)
Seat 3: Pumuking folded before Flop (didn't bet)
Seat 4: peak joker33 (button) folded before Flop (didn't bet)
Seat 6: Geffe116 (small blind) folded before Flop



PokerStars Hand #254292037467:  Hold'em No Limit ($0.50/$1.00 USD) - 2025/01/10 7:49:00 WET [2025/01/10 2:49:00 ET]
Table 'Cunitza II' 6-max Seat #6 is the button
Seat 1: fabion557 ($70.21 in chips) 
Seat 2: Fake Lava ($154.72 in chips) 
Seat 3: Pumuking ($104.68 in chips) 
Seat 4: peak joker33 ($128.20 in chips) 
Seat 6: Geffe116 ($18.95 in chips) 
fabion557: posts small blind $0.50
Fake Lava: posts big blind $1
*** HOLE CARDS ***
Pumuking: raises $1.25 to $2.25
peak joker33: folds 
Geffe116: folds 
fabion557: folds 
Fake Lava: folds 
Uncalled bet ($1.25) returned to Pumuking
Pumuking collected $2.50 from pot
Pumuking: doesn't show hand 
*** SUMMARY ***
Total pot $2.50 | Rake $0 
Seat 1: fabion557 (small blind) folded before Flop
Seat 2: Fake Lava (big blind) folded before Flop
Seat 3: Pumuking collected ($2.50)
Seat 4: peak joker33 folded before Flop (didn't bet)
Seat 6: Geffe116 (button) folded before Flop (didn't bet)



PokerStars Hand #254292038464:  Hold'em No Limit ($0.50/$1.00 USD) - 2025/01/10 7:49:13 WET [2025/01/10 2:49:13 ET]
Table 'Cunitza II' 6-max Seat #1 is the button
Seat 1: fabion557 ($69.71 in chips) 
Seat 2: Fake Lava ($153.72 in chips) 
Seat 3: Pumuking ($106.18 in chips) 
Seat 4: peak joker33 ($128.20 in chips) 
Seat 6: Geffe116 ($18.95 in chips) 
Fake Lava: posts small blind $0.50
Pumuking: posts big blind $1
*** HOLE CARDS ***
peak joker33: folds 
Geffe116: folds 
fabion557: folds 
Fake Lava: folds 
Uncalled bet ($0.50) returned to Pumuking
Pumuking collected $1 from pot
Pumuking: doesn't show hand 
*** SUMMARY ***
Total pot $1 | Rake $0 
Seat 1: fabion557 (button) folded before Flop (didn't bet)
Seat 2: Fake Lava (small blind) folded before Flop
Seat 3: Pumuking (big blind) collected ($1)
Seat 4: peak joker33 folded before Flop (didn't bet)
Seat 6: Geffe116 folded before Flop (didn't bet)



PokerStars Hand #254292039253:  Hold'em No Limit ($0.50/$1.00 USD) - 2025/01/10 7:49:22 WET [2025/01/10 2:49:22 ET]
Table 'Cunitza II' 6-max Seat #2 is the button
Seat 1: fabion557 ($69.71 in chips) 
Seat 2: Fake Lava ($153.22 in chips) 
Seat 3: Pumuking ($106.68 in chips) 
Seat 4: peak joker33 ($128.20 in chips) 
Seat 6: Geffe116 ($18.95 in chips) 
Pumuking: posts small blind $0.50
peak joker33: posts big blind $1
*** HOLE CARDS ***
Geffe116: calls $1
fabion557: folds 
Fake Lava: folds 
Pumuking: calls $0.50
peak joker33: raises $7 to $8
Geffe116: raises $10.95 to $18.95 and is all-in
Pumuking: folds 
peak joker33: calls $10.95
*** FLOP *** [9s 6d 3d]
*** TURN *** [9s 6d 3d] [Ac]
*** RIVER *** [9s 6d 3d Ac] [3h]
*** SHOW DOWN ***
peak joker33: shows [7h Ah] (two pair, Aces and Threes)
Geffe116: shows [Kc Kd] (two pair, Kings and Threes)
peak joker33 collected $36.96 from pot
*** SUMMARY ***
Total pot $38.90 | Rake $1.94 
Board [9s 6d 3d Ac 3h]
Seat 1: fabion557 folded before Flop (didn't bet)
Seat 2: Fake Lava (button) folded before Flop (didn't bet)
Seat 3: Pumuking (small blind) folded before Flop
Seat 4: peak joker33 (big blind) showed [7h Ah] and won ($36.96) with two pair, Aces and Threes
Seat 6: Geffe116 showed [Kc Kd] and lost with two pair, Kings and Threes



PokerStars Hand #254292043918:  Hold'em No Limit ($0.50/$1.00 USD) - 2025/01/10 7:50:20 WET [2025/01/10 2:50:20 ET]
Table 'Cunitza II' 6-max Seat #3 is the button
Seat 6: Geffe116 ($0 in chips) is sitting out
Seat 1: fabion557 ($69.71 in chips) 
Seat 2: Fake Lava ($153.22 in chips) 
Seat 3: Pumuking ($105.68 in chips) 
Seat 4: peak joker33 ($146.21 in chips) 
peak joker33: posts small blind $0.50
fabion557: posts big blind $1
*** HOLE CARDS ***
Fake Lava: folds 
Pumuking: raises $1.50 to $2.50
peak joker33: raises $8.50 to $11
fabion557: folds 
Pumuking: calls $8.50
*** FLOP *** [9h 7s 2c]
Geffe116 leaves the table
peak joker33: checks 
Pumuking: bets $7.26
peak joker33: calls $7.26
*** TURN *** [9h 7s 2c] [Kd]
Johnnyj0 joins the table at seat #6 
Johnnyj0 is disconnected 
Burlica2013 joins the table at seat #5 
peak joker33: bets $12.05
Pumuking: folds 
Uncalled bet ($12.05) returned to peak joker33
peak joker33 collected $36.52 from pot
peak joker33: doesn't show hand 
*** SUMMARY ***
Total pot $37.52 | Rake $1 
Board [9h 7s 2c Kd]
Seat 6: Geffe116
Seat 1: fabion557 (big blind) folded before Flop
Seat 2: Fake Lava folded before Flop (didn't bet)
Seat 3: Pumuking (button) folded on the Turn
Seat 4: peak joker33 (small blind) collected ($36.52)



PokerStars Hand #254292049565:  Hold'em No Limit ($0.50/$1.00 USD) - 2025/01/10 7:51:31 WET [2025/01/10 2:51:31 ET]
Table 'Cunitza II' 6-max Seat #4 is the button
Seat 5: Burlica2013 ($100 in chips) is sitting out
Seat 6: Johnnyj0 ($100 in chips) is sitting out
Seat 1: fabion557 ($68.71 in chips) 
Seat 2: Fake Lava ($153.22 in chips) 
Seat 3: Pumuking ($100 in chips) 
Seat 4: peak joker33 ($164.47 in chips) 
fabion557: posts small blind $0.50
Fake Lava: posts big blind $1
*** HOLE CARDS ***
Pumuking: raises $1.25 to $2.25
peak joker33: folds 
fabion557: folds 
Fake Lava: folds 
Uncalled bet ($1.25) returned to Pumuking
Pumuking collected $2.50 from pot
Pumuking: doesn't show hand 
*** SUMMARY ***
Total pot $2.50 | Rake $0 
Seat 5: Burlica2013
Seat 6: Johnnyj0
Seat 1: fabion557 (small blind) folded before Flop
Seat 2: Fake Lava (big blind) folded before Flop
Seat 3: Pumuking collected ($2.50)
Seat 4: peak joker33 (button) folded before Flop (didn't bet)



PokerStars Hand #254292050617:  Hold'em No Limit ($0.50/$1.00 USD) - 2025/01/10 7:51:44 WET [2025/01/10 2:51:44 ET]
Table 'Cunitza II' 6-max Seat #1 is the button
Seat 5: Burlica2013 ($100 in chips) is sitting out
Seat 1: fabion557 ($68.21 in chips) 
Seat 2: Fake Lava ($152.22 in chips) 
Seat 3: Pumuking ($101.50 in chips) 
Seat 4: peak joker33 ($164.47 in chips) 
Seat 6: Johnnyj0 ($100 in chips) 
Fake Lava: posts small blind $0.50
Pumuking: posts big blind $1
Burlica2013: sits out 
Johnnyj0: posts big blind $1
*** HOLE CARDS ***
peak joker33: folds 
Johnnyj0: checks 
fabion557: folds 
Fake Lava: folds 
Pumuking: raises $3.50 to $4.50
Johnnyj0: folds 
Uncalled bet ($3.50) returned to Pumuking
Pumuking collected $2.50 from pot
Pumuking: doesn't show hand 
*** SUMMARY ***
Total pot $2.50 | Rake $0 
Seat 5: Burlica2013
Seat 1: fabion557 (button) folded before Flop (didn't bet)
Seat 2: Fake Lava (small blind) folded before Flop
Seat 3: Pumuking (big blind) collected ($2.50)
Seat 4: peak joker33 folded before Flop (didn't bet)
Seat 6: Johnnyj0 folded before Flop (didn't bet)



PokerStars Hand #254292052107:  Hold'em No Limit ($0.50/$1.00 USD) - 2025/01/10 7:52:03 WET [2025/01/10 2:52:03 ET]
Table 'Cunitza II' 6-max Seat #2 is the button
Seat 5: Burlica2013 ($100 in chips) is sitting out
Seat 1: fabion557 ($68.21 in chips) 
Seat 2: Fake Lava ($151.72 in chips) 
Seat 3: Pumuking ($103 in chips) 
Seat 4: peak joker33 ($164.47 in chips) 
Seat 6: Johnnyj0 ($99 in chips) 
Pumuking: posts small blind $0.50
peak joker33: posts big blind $1
Burlica2013: sits out 
*** HOLE CARDS ***
Johnnyj0: raises $1.50 to $2.50
fabion557: calls $2.50
Fake Lava: folds 
Pumuking: folds 
peak joker33: folds 
*** FLOP *** [As 3s 4s]
Johnnyj0: bets $2.16
fabion557: folds 
Uncalled bet ($2.16) returned to Johnnyj0
Johnnyj0 collected $6.18 from pot
Johnnyj0: doesn't show hand 
*** SUMMARY ***
Total pot $6.50 | Rake $0.32 
Board [As 3s 4s]
Seat 5: Burlica2013
Seat 1: fabion557 folded on the Flop
Seat 2: Fake Lava (button) folded before Flop (didn't bet)
Seat 3: Pumuking (small blind) folded before Flop
Seat 4: peak joker33 (big blind) folded before Flop
Seat 6: Johnnyj0 collected ($6.18)



PokerStars Hand #254292053914:  Hold'em No Limit ($0.50/$1.00 USD) - 2025/01/10 7:52:25 WET [2025/01/10 2:52:25 ET]
Table 'Cunitza II' 6-max Seat #3 is the button
Seat 1: fabion557 ($65.71 in chips) 
Seat 2: Fake Lava ($151.72 in chips) 
Seat 3: Pumuking ($102.50 in chips) 
Seat 4: peak joker33 ($163.47 in chips) 
Seat 5: Burlica2013 ($100 in chips) 
Seat 6: Johnnyj0 ($102.68 in chips) 
peak joker33: posts small blind $0.50
Burlica2013: posts big blind $1
*** HOLE CARDS ***
Johnnyj0: folds 
fabion557: folds 
Fake Lava: folds 
Pumuking: raises $1.50 to $2.50
peak joker33: folds 
Burlica2013: folds 
Uncalled bet ($1.50) returned to Pumuking
Pumuking collected $2.50 from pot
Pumuking: doesn't show hand 
*** SUMMARY ***
Total pot $2.50 | Rake $0 
Seat 1: fabion557 folded before Flop (didn't bet)
Seat 2: Fake Lava folded before Flop (didn't bet)
Seat 3: Pumuking (button) collected ($2.50)
Seat 4: peak joker33 (small blind) folded before Flop
Seat 5: Burlica2013 (big blind) folded before Flop
Seat 6: Johnnyj0 folded before Flop (didn't bet)



PokerStars Hand #254292055217:  Hold'em No Limit ($0.50/$1.00 USD) - 2025/01/10 7:52:42 WET [2025/01/10 2:52:42 ET]
Table 'Cunitza II' 6-max Seat #4 is the button
Seat 1: fabion557 ($65.71 in chips) 
Seat 2: Fake Lava ($151.72 in chips) 
Seat 3: Pumuking ($104 in chips) 
Seat 4: peak joker33 ($162.97 in chips) 
Seat 5: Burlica2013 ($100 in chips) 
Seat 6: Johnnyj0 ($102.68 in chips) 
Burlica2013: posts small blind $0.50
Johnnyj0: posts big blind $1
*** HOLE CARDS ***
fabion557: calls $1
Fake Lava: raises $3 to $4
Pumuking: folds 
peak joker33: folds 
Burlica2013: folds 
Johnnyj0: folds 
fabion557: raises $10 to $14
Fake Lava: calls $10
*** FLOP *** [4h 5h Js]
fabion557: bets $14.01
Fake Lava: folds 
Uncalled bet ($14.01) returned to fabion557
fabion557 collected $28.02 from pot
fabion557: doesn't show hand 
*** SUMMARY ***
Total pot $29.50 | Rake $1.48 
Board [4h 5h Js]
Seat 1: fabion557 collected ($28.02)
Seat 2: Fake Lava folded on the Flop
Seat 3: Pumuking folded before Flop (didn't bet)
Seat 4: peak joker33 (button) folded before Flop (didn't bet)
Seat 5: Burlica2013 (small blind) folded before Flop
Seat 6: Johnnyj0 (big blind) folded before Flop



PokerStars Hand #254292058055:  Hold'em No Limit ($0.50/$1.00 USD) - 2025/01/10 7:53:18 WET [2025/01/10 2:53:18 ET]
Table 'Cunitza II' 6-max Seat #5 is the button
Seat 1: fabion557 ($79.73 in chips) 
Seat 2: Fake Lava ($137.72 in chips) 
Seat 3: Pumuking ($104 in chips) 
Seat 4: peak joker33 ($162.97 in chips) 
Seat 5: Burlica2013 ($100 in chips) 
Seat 6: Johnnyj0 ($101.68 in chips) 
Johnnyj0: posts small blind $0.50
fabion557: posts big blind $1
*** HOLE CARDS ***
Fake Lava: folds 
Pumuking: folds 
peak joker33: raises $1.50 to $2.50
Burlica2013: folds 
Johnnyj0: raises $5.50 to $8
fabion557: folds 
peak joker33: folds 
Uncalled bet ($5.50) returned to Johnnyj0
Johnnyj0 collected $6 from pot
Johnnyj0: doesn't show hand 
*** SUMMARY ***
Total pot $6 | Rake $0 
Seat 1: fabion557 (big blind) folded before Flop
Seat 2: Fake Lava folded before Flop (didn't bet)
Seat 3: Pumuking folded before Flop (didn't bet)
Seat 4: peak joker33 folded before Flop
Seat 5: Burlica2013 (button) folded before Flop (didn't bet)
Seat 6: Johnnyj0 (small blind) collected ($6)



PokerStars Hand #254292060042:  Hold'em No Limit ($0.50/$1.00 USD) - 2025/01/10 7:53:43 WET [2025/01/10 2:53:43 ET]
Table 'Cunitza II' 6-max Seat #6 is the button
Seat 1: fabion557 ($78.73 in chips) 
Seat 2: Fake Lava ($137.72 in chips) 
Seat 3: Pumuking ($104 in chips) 
Seat 4: peak joker33 ($160.47 in chips) 
Seat 5: Burlica2013 ($100 in chips) 
Seat 6: Johnnyj0 ($105.18 in chips) 
fabion557: posts small blind $0.50
Fake Lava: posts big blind $1
*** HOLE CARDS ***
Pumuking: folds 
peak joker33: folds 
Burlica2013: folds 
Johnnyj0: folds 
fabion557: folds 
Uncalled bet ($0.50) returned to Fake Lava
Fake Lava collected $1 from pot
Fake Lava: doesn't show hand 
*** SUMMARY ***
Total pot $1 | Rake $0 
Seat 1: fabion557 (small blind) folded before Flop
Seat 2: Fake Lava (big blind) collected ($1)
Seat 3: Pumuking folded before Flop (didn't bet)
Seat 4: peak joker33 folded before Flop (didn't bet)
Seat 5: Burlica2013 folded before Flop (didn't bet)
Seat 6: Johnnyj0 (button) folded before Flop (didn't bet)



PokerStars Hand #254292060916:  Hold'em No Limit ($0.50/$1.00 USD) - 2025/01/10 7:53:54 WET [2025/01/10 2:53:54 ET]
Table 'Cunitza II' 6-max Seat #1 is the button
Seat 1: fabion557 ($78.23 in chips) 
Seat 2: Fake Lava ($138.22 in chips) 
Seat 3: Pumuking ($104 in chips) 
Seat 4: peak joker33 ($160.47 in chips) 
Seat 5: Burlica2013 ($100 in chips) 
Seat 6: Johnnyj0 ($105.18 in chips) 
Fake Lava: posts small blind $0.50
Pumuking: posts big blind $1
*** HOLE CARDS ***
peak joker33: raises $1.50 to $2.50
Burlica2013: folds 
Johnnyj0: raises $5.50 to $8
fabion557: folds 
Fake Lava: folds 
Pumuking: folds 
peak joker33: calls $5.50
*** FLOP *** [8s 4d Th]
peak joker33: checks 
Johnnyj0: bets $5.82
peak joker33: calls $5.82
*** TURN *** [8s 4d Th] [Jd]
peak joker33: checks 
Johnnyj0: bets $12.84
peak joker33: folds 
Uncalled bet ($12.84) returned to Johnnyj0
Johnnyj0 collected $27.68 from pot
Johnnyj0: doesn't show hand 
*** SUMMARY ***
Total pot $29.14 | Rake $1.46 
Board [8s 4d Th Jd]
Seat 1: fabion557 (button) folded before Flop (didn't bet)
Seat 2: Fake Lava (small blind) folded before Flop
Seat 3: Pumuking (big blind) folded before Flop
Seat 4: peak joker33 folded on the Turn
Seat 5: Burlica2013 folded before Flop (didn't bet)
Seat 6: Johnnyj0 collected ($27.68)



PokerStars Hand #254292064762:  Hold'em No Limit ($0.50/$1.00 USD) - 2025/01/10 7:54:42 WET [2025/01/10 2:54:42 ET]
Table 'Cunitza II' 6-max Seat #2 is the button
Seat 1: fabion557 ($78.23 in chips) 
Seat 2: Fake Lava ($137.72 in chips) 
Seat 3: Pumuking ($103 in chips) 
Seat 4: peak joker33 ($146.65 in chips) 
Seat 5: Burlica2013 ($100 in chips) 
Seat 6: Johnnyj0 ($119.04 in chips) 
Pumuking: posts small blind $0.50
peak joker33: posts big blind $1
*** HOLE CARDS ***
Burlica2013: folds 
Johnnyj0: raises $1.50 to $2.50
fabion557: folds 
Fake Lava: folds 
Pumuking: raises $8.50 to $11
peak joker33: folds 
Johnnyj0: folds 
Uncalled bet ($8.50) returned to Pumuking
Pumuking collected $6 from pot
Pumuking: doesn't show hand 
*** SUMMARY ***
Total pot $6 | Rake $0 
Seat 1: fabion557 folded before Flop (didn't bet)
Seat 2: Fake Lava (button) folded before Flop (didn't bet)
Seat 3: Pumuking (small blind) collected ($6)
Seat 4: peak joker33 (big blind) folded before Flop
Seat 5: Burlica2013 folded before Flop (didn't bet)
Seat 6: Johnnyj0 folded before Flop



PokerStars Hand #254292066327:  Hold'em No Limit ($0.50/$1.00 USD) - 2025/01/10 7:55:02 WET [2025/01/10 2:55:02 ET]
Table 'Cunitza II' 6-max Seat #3 is the button
Seat 1: fabion557 ($78.23 in chips) 
Seat 2: Fake Lava ($137.72 in chips) 
Seat 3: Pumuking ($106.50 in chips) 
Seat 4: peak joker33 ($145.65 in chips) 
Seat 5: Burlica2013 ($100 in chips) 
Seat 6: Johnnyj0 ($116.54 in chips) 
peak joker33: posts small blind $0.50
Burlica2013: posts big blind $1
*** HOLE CARDS ***
Johnnyj0: raises $1.50 to $2.50
fabion557: calls $2.50
Fake Lava: folds 
Pumuking: raises $7.50 to $10
peak joker33: folds 
Burlica2013: folds 
Johnnyj0: folds 
fabion557: calls $7.50
*** FLOP *** [2c 4d 5s]
fabion557: checks 
Pumuking: bets $15.28
fabion557: folds 
Uncalled bet ($15.28) returned to Pumuking
Pumuking collected $22.80 from pot
Pumuking: doesn't show hand 
*** SUMMARY ***
Total pot $24 | Rake $1.20 
Board [2c 4d 5s]
Seat 1: fabion557 folded on the Flop
Seat 2: Fake Lava folded before Flop (didn't bet)
Seat 3: Pumuking (button) collected ($22.80)
Seat 4: peak joker33 (small blind) folded before Flop
Seat 5: Burlica2013 (big blind) folded before Flop
Seat 6: Johnnyj0 folded before Flop



PokerStars Hand #254292069733:  Hold'em No Limit ($0.50/$1.00 USD) - 2025/01/10 7:55:50 WET [2025/01/10 2:55:50 ET]
Table 'Cunitza II' 6-max Seat #4 is the button
Seat 1: fabion557 ($68.23 in chips) 
Seat 2: Fake Lava ($137.72 in chips) 
Seat 3: Pumuking ($119.30 in chips) 
Seat 4: peak joker33 ($145.15 in chips) 
Seat 5: Burlica2013 ($100 in chips) 
Seat 6: Johnnyj0 ($114.04 in chips) 
Burlica2013: posts small blind $0.50
Johnnyj0: posts big blind $1
*** HOLE CARDS ***
fabion557: calls $1
Fake Lava: folds 
Pumuking: raises $4 to $5
peak joker33: folds 
Burlica2013: folds 
Johnnyj0: folds 
fabion557: calls $4
*** FLOP *** [Qc Qd 7s]
fabion557: checks 
Pumuking: bets $3.60
fabion557: folds 
Uncalled bet ($3.60) returned to Pumuking
Pumuking collected $10.92 from pot
Pumuking: doesn't show hand 
*** SUMMARY ***
Total pot $11.50 | Rake $0.58 
Board [Qc Qd 7s]
Seat 1: fabion557 folded on the Flop
Seat 2: Fake Lava folded before Flop (didn't bet)
Seat 3: Pumuking collected ($10.92)
Seat 4: peak joker33 (button) folded before Flop (didn't bet)
Seat 5: Burlica2013 (small blind) folded before Flop
Seat 6: Johnnyj0 (big blind) folded before Flop



PokerStars Hand #254292072978:  Hold'em No Limit ($0.50/$1.00 USD) - 2025/01/10 7:56:36 WET [2025/01/10 2:56:36 ET]
Table 'Cunitza II' 6-max Seat #5 is the button
Seat 1: fabion557 ($63.23 in chips) 
Seat 2: Fake Lava ($137.72 in chips) 
Seat 3: Pumuking ($125.22 in chips) 
Seat 4: peak joker33 ($145.15 in chips) 
Seat 5: Burlica2013 ($100 in chips) 
Seat 6: Johnnyj0 ($113.04 in chips) 
Johnnyj0: posts small blind $0.50
fabion557: posts big blind $1
*** HOLE CARDS ***
Fake Lava: raises $1.50 to $2.50
Pumuking: folds 
peak joker33: folds 
Burlica2013: folds 
Johnnyj0: folds 
fabion557: folds 
Uncalled bet ($1.50) returned to Fake Lava
Fake Lava collected $2.50 from pot
Fake Lava: doesn't show hand 
*** SUMMARY ***
Total pot $2.50 | Rake $0 
Seat 1: fabion557 (big blind) folded before Flop
Seat 2: Fake Lava collected ($2.50)
Seat 3: Pumuking folded before Flop (didn't bet)
Seat 4: peak joker33 folded before Flop (didn't bet)
Seat 5: Burlica2013 (button) folded before Flop (didn't bet)
Seat 6: Johnnyj0 (small blind) folded before Flop



PokerStars Hand #254292074546:  Hold'em No Limit ($0.50/$1.00 USD) - 2025/01/10 7:56:58 WET [2025/01/10 2:56:58 ET]
Table 'Cunitza II' 6-max Seat #6 is the button
Seat 1: fabion557 ($62.23 in chips) 
Seat 2: Fake Lava ($139.22 in chips) 
Seat 3: Pumuking ($125.22 in chips) 
Seat 4: peak joker33 ($145.15 in chips) 
Seat 5: Burlica2013 ($100 in chips) 
Seat 6: Johnnyj0 ($112.54 in chips) 
fabion557: posts small blind $0.50
Fake Lava: posts big blind $1
*** HOLE CARDS ***
Pumuking: folds 
peak joker33: folds 
Burlica2013: folds 
Johnnyj0: folds 
fabion557: folds 
Uncalled bet ($0.50) returned to Fake Lava
Fake Lava collected $1 from pot
Fake Lava: doesn't show hand 
*** SUMMARY ***
Total pot $1 | Rake $0 
Seat 1: fabion557 (small blind) folded before Flop
Seat 2: Fake Lava (big blind) collected ($1)
Seat 3: Pumuking folded before Flop (didn't bet)
Seat 4: peak joker33 folded before Flop (didn't bet)
Seat 5: Burlica2013 folded before Flop (didn't bet)
Seat 6: Johnnyj0 (button) folded before Flop (didn't bet)



PokerStars Hand #254292076209:  Hold'em No Limit ($0.50/$1.00 USD) - 2025/01/10 7:57:21 WET [2025/01/10 2:57:21 ET]
Table 'Cunitza II' 6-max Seat #1 is the button
Seat 1: fabion557 ($61.73 in chips) 
Seat 2: Fake Lava ($139.72 in chips) 
Seat 3: Pumuking ($125.22 in chips) 
Seat 4: peak joker33 ($145.15 in chips) 
Seat 5: Burlica2013 ($100 in chips) 
Seat 6: Johnnyj0 ($112.54 in chips) 
Fake Lava: posts small blind $0.50
Pumuking: posts big blind $1
*** HOLE CARDS ***
peak joker33: folds 
Burlica2013: folds 
Johnnyj0: raises $1.50 to $2.50
fabion557: folds 
Fake Lava: folds 
Pumuking: folds 
Uncalled bet ($1.50) returned to Johnnyj0
Johnnyj0 collected $2.50 from pot
Johnnyj0: doesn't show hand 
*** SUMMARY ***
Total pot $2.50 | Rake $0 
Seat 1: fabion557 (button) folded before Flop (didn't bet)
Seat 2: Fake Lava (small blind) folded before Flop
Seat 3: Pumuking (big blind) folded before Flop
Seat 4: peak joker33 folded before Flop (didn't bet)
Seat 5: Burlica2013 folded before Flop (didn't bet)
Seat 6: Johnnyj0 collected ($2.50)



PokerStars Hand #254292077383:  Hold'em No Limit ($0.50/$1.00 USD) - 2025/01/10 7:57:38 WET [2025/01/10 2:57:38 ET]
Table 'Cunitza II' 6-max Seat #2 is the button
Seat 4: peak joker33 ($145.15 in chips) is sitting out
Seat 1: fabion557 ($61.73 in chips) 
Seat 2: Fake Lava ($139.22 in chips) 
Seat 3: Pumuking ($124.22 in chips) 
Seat 5: Burlica2013 ($100 in chips) 
Seat 6: Johnnyj0 ($114.04 in chips) 
Pumuking: posts small blind $0.50
peak joker33: is sitting out 
Burlica2013: posts big blind $1
*** HOLE CARDS ***
Johnnyj0: raises $1.50 to $2.50
fabion557: calls $2.50
Fake Lava: calls $2.50
Pumuking: folds 
Burlica2013: folds 
*** FLOP *** [4d 5c 5d]
Johnnyj0: checks 
fabion557: checks 
Fake Lava: bets $2.82
Johnnyj0: calls $2.82
fabion557: folds 
*** TURN *** [4d 5c 5d] [5h]
Johnnyj0: checks 
Fake Lava: bets $4.59
Johnnyj0: folds 
Uncalled bet ($4.59) returned to Fake Lava
Fake Lava collected $13.91 from pot
Fake Lava: doesn't show hand 
*** SUMMARY ***
Total pot $14.64 | Rake $0.73 
Board [4d 5c 5d 5h]
Seat 4: peak joker33
Seat 1: fabion557 folded on the Flop
Seat 2: Fake Lava (button) collected ($13.91)
Seat 3: Pumuking (small blind) folded before Flop
Seat 5: Burlica2013 (big blind) folded before Flop
Seat 6: Johnnyj0 folded on the Turn



PokerStars Hand #254292083432:  Hold'em No Limit ($0.50/$1.00 USD) - 2025/01/10 7:59:02 WET [2025/01/10 2:59:02 ET]
Table 'Cunitza II' 6-max Seat #3 is the button
Seat 4: peak joker33 ($145.15 in chips) is sitting out
Seat 1: fabion557 ($59.23 in chips) 
Seat 2: Fake Lava ($147.81 in chips) 
Seat 3: Pumuking ($123.72 in chips) 
Seat 5: Burlica2013 ($100 in chips) 
Seat 6: Johnnyj0 ($108.72 in chips) 
Burlica2013: posts small blind $0.50
Johnnyj0: posts big blind $1
*** HOLE CARDS ***
fabion557: raises $2 to $3
Fake Lava: folds 
Pumuking: raises $6 to $9
Burlica2013: folds 
Johnnyj0: folds 
fabion557: calls $6
*** FLOP *** [Kh 8d Qs]
fabion557: checks 
Pumuking: bets $6.11
fabion557: calls $6.11
*** TURN *** [Kh 8d Qs] [Kd]
fabion557: checks 
Pumuking: bets $11.50
fabion557: folds 
Uncalled bet ($11.50) returned to Pumuking
Pumuking collected $30.13 from pot
Pumuking: doesn't show hand 
*** SUMMARY ***
Total pot $31.72 | Rake $1.59 
Board [Kh 8d Qs Kd]
Seat 4: peak joker33
Seat 1: fabion557 folded on the Turn
Seat 2: Fake Lava folded before Flop (didn't bet)
Seat 3: Pumuking (button) collected ($30.13)
Seat 5: Burlica2013 (small blind) folded before Flop
Seat 6: Johnnyj0 (big blind) folded before Flop



PokerStars Hand #254292086924:  Hold'em No Limit ($0.50/$1.00 USD) - 2025/01/10 7:59:51 WET [2025/01/10 2:59:51 ET]
Table 'Cunitza II' 6-max Seat #5 is the button
Seat 4: peak joker33 ($145.15 in chips) is sitting out
Seat 1: fabion557 ($44.12 in chips) 
Seat 2: Fake Lava ($147.81 in chips) 
Seat 3: Pumuking ($138.74 in chips) 
Seat 5: Burlica2013 ($100 in chips) 
Seat 6: Johnnyj0 ($107.72 in chips) 
Johnnyj0: posts small blind $0.50
fabion557: posts big blind $1
*** HOLE CARDS ***
Fake Lava: raises $1.50 to $2.50
Pumuking: folds 
Burlica2013: folds 
Johnnyj0: folds 
fabion557: folds 
Uncalled bet ($1.50) returned to Fake Lava
Fake Lava collected $2.50 from pot
Fake Lava: doesn't show hand 
*** SUMMARY ***
Total pot $2.50 | Rake $0 
Seat 4: peak joker33
Seat 1: fabion557 (big blind) folded before Flop
Seat 2: Fake Lava collected ($2.50)
Seat 3: Pumuking folded before Flop (didn't bet)
Seat 5: Burlica2013 (button) folded before Flop (didn't bet)
Seat 6: Johnnyj0 (small blind) folded before Flop



PokerStars Hand #254292087807:  Hold'em No Limit ($0.50/$1.00 USD) - 2025/01/10 8:00:03 WET [2025/01/10 3:00:03 ET]
Table 'Cunitza II' 6-max Seat #6 is the button
Seat 4: peak joker33 ($145.15 in chips) is sitting out
Seat 1: fabion557 ($43.12 in chips) 
Seat 2: Fake Lava ($149.31 in chips) 
Seat 3: Pumuking ($138.74 in chips) 
Seat 5: Burlica2013 ($100 in chips) 
Seat 6: Johnnyj0 ($107.22 in chips) 
fabion557: posts small blind $0.50
Fake Lava: posts big blind $1
*** HOLE CARDS ***
Pumuking: folds 
Burlica2013: folds 
Johnnyj0: folds 
fabion557: folds 
Uncalled bet ($0.50) returned to Fake Lava
Fake Lava collected $1 from pot
Fake Lava: doesn't show hand 
*** SUMMARY ***
Total pot $1 | Rake $0 
Seat 4: peak joker33
Seat 1: fabion557 (small blind) folded before Flop
Seat 2: Fake Lava (big blind) collected ($1)
Seat 3: Pumuking folded before Flop (didn't bet)
Seat 5: Burlica2013 folded before Flop (didn't bet)
Seat 6: Johnnyj0 (button) folded before Flop (didn't bet)



PokerStars Hand #254292088494:  Hold'em No Limit ($0.50/$1.00 USD) - 2025/01/10 8:00:12 WET [2025/01/10 3:00:12 ET]
Table 'Cunitza II' 6-max Seat #1 is the button
Seat 4: peak joker33 ($145.15 in chips) is sitting out
Seat 1: fabion557 ($42.62 in chips) 
Seat 2: Fake Lava ($149.81 in chips) 
Seat 3: Pumuking ($138.74 in chips) 
Seat 5: Burlica2013 ($100 in chips) 
Seat 6: Johnnyj0 ($107.22 in chips) 
Fake Lava: posts small blind $0.50
Pumuking: posts big blind $1
*** HOLE CARDS ***
Burlica2013: folds 
Johnnyj0: folds 
fabion557: folds 
Fake Lava: folds 
Uncalled bet ($0.50) returned to Pumuking
Pumuking collected $1 from pot
Pumuking: doesn't show hand 
*** SUMMARY ***
Total pot $1 | Rake $0 
Seat 4: peak joker33
Seat 1: fabion557 (button) folded before Flop (didn't bet)
Seat 2: Fake Lava (small blind) folded before Flop
Seat 3: Pumuking (big blind) collected ($1)
Seat 5: Burlica2013 folded before Flop (didn't bet)
Seat 6: Johnnyj0 folded before Flop (didn't bet)



PokerStars Hand #254292089030:  Hold'em No Limit ($0.50/$1.00 USD) - 2025/01/10 8:00:19 WET [2025/01/10 3:00:19 ET]
Table 'Cunitza II' 6-max Seat #2 is the button
Seat 4: peak joker33 ($145.15 in chips) is sitting out
Seat 1: fabion557 ($42.62 in chips) 
Seat 2: Fake Lava ($149.31 in chips) 
Seat 3: Pumuking ($139.24 in chips) 
Seat 5: Burlica2013 ($100 in chips) 
Seat 6: Johnnyj0 ($107.22 in chips) 
Pumuking: posts small blind $0.50
Burlica2013: posts big blind $1
*** HOLE CARDS ***
Johnnyj0: raises $1.50 to $2.50
fabion557: folds 
Fake Lava: folds 
Pumuking: folds 
Burlica2013: folds 
Uncalled bet ($1.50) returned to Johnnyj0
Johnnyj0 collected $2.50 from pot
Johnnyj0: doesn't show hand 
*** SUMMARY ***
Total pot $2.50 | Rake $0 
Seat 4: peak joker33
Seat 1: fabion557 folded before Flop (didn't bet)
Seat 2: Fake Lava (button) folded before Flop (didn't bet)
Seat 3: Pumuking (small blind) folded before Flop
Seat 5: Burlica2013 (big blind) folded before Flop
Seat 6: Johnnyj0 collected ($2.50)



PokerStars Hand #254292090190:  Hold'em No Limit ($0.50/$1.00 USD) - 2025/01/10 8:00:34 WET [2025/01/10 3:00:34 ET]
Table 'Cunitza II' 6-max Seat #3 is the button
Seat 4: peak joker33 ($145.15 in chips) is sitting out
Seat 1: fabion557 ($42.62 in chips) 
Seat 2: Fake Lava ($149.31 in chips) 
Seat 3: Pumuking ($138.74 in chips) 
Seat 5: Burlica2013 ($100 in chips) 
Seat 6: Johnnyj0 ($108.72 in chips) 
Burlica2013: posts small blind $0.50
Johnnyj0: posts big blind $1
*** HOLE CARDS ***
fabion557: folds 
Fake Lava: folds 
Pumuking: raises $1.50 to $2.50
Burlica2013: folds 
Johnnyj0: calls $1.50
*** FLOP *** [Jc Qd 3h]
Johnnyj0: checks 
Pumuking: bets $1.31
Johnnyj0: folds 
Uncalled bet ($1.31) returned to Pumuking
Pumuking collected $5.22 from pot
Pumuking: doesn't show hand 
*** SUMMARY ***
Total pot $5.50 | Rake $0.28 
Board [Jc Qd 3h]
Seat 4: peak joker33
Seat 1: fabion557 folded before Flop (didn't bet)
Seat 2: Fake Lava folded before Flop (didn't bet)
Seat 3: Pumuking (button) collected ($5.22)
Seat 5: Burlica2013 (small blind) folded before Flop
Seat 6: Johnnyj0 (big blind) folded on the Flop



PokerStars Hand #254292092939:  Hold'em No Limit ($0.50/$1.00 USD) - 2025/01/10 8:01:08 WET [2025/01/10 3:01:08 ET]
Table 'Cunitza II' 6-max Seat #5 is the button
Seat 4: peak joker33 ($145.15 in chips) is sitting out
Seat 1: fabion557 ($42.62 in chips) 
Seat 2: Fake Lava ($149.31 in chips) 
Seat 3: Pumuking ($141.46 in chips) 
Seat 5: Burlica2013 ($100 in chips) 
Seat 6: Johnnyj0 ($106.22 in chips) 
Johnnyj0: posts small blind $0.50
fabion557: posts big blind $1
peak joker33: sits out 
*** HOLE CARDS ***
Fake Lava: folds 
Pumuking: raises $1.25 to $2.25
Burlica2013: folds 
Johnnyj0: folds 
fabion557: folds 
Uncalled bet ($1.25) returned to Pumuking
Pumuking collected $2.50 from pot
Pumuking: doesn't show hand 
*** SUMMARY ***
Total pot $2.50 | Rake $0 
Seat 4: peak joker33
Seat 1: fabion557 (big blind) folded before Flop
Seat 2: Fake Lava folded before Flop (didn't bet)
Seat 3: Pumuking collected ($2.50)
Seat 5: Burlica2013 (button) folded before Flop (didn't bet)
Seat 6: Johnnyj0 (small blind) folded before Flop



PokerStars Hand #254292094707:  Hold'em No Limit ($0.50/$1.00 USD) - 2025/01/10 8:01:30 WET [2025/01/10 3:01:30 ET]
Table 'Cunitza II' 6-max Seat #6 is the button
Seat 4: peak joker33 ($145.15 in chips) is sitting out
Seat 1: fabion557 ($41.62 in chips) 
Seat 2: Fake Lava ($149.31 in chips) 
Seat 3: Pumuking ($142.96 in chips) 
Seat 5: Burlica2013 ($100 in chips) 
Seat 6: Johnnyj0 ($105.72 in chips) 
fabion557: posts small blind $0.50
Fake Lava: posts big blind $1
peak joker33: sits out 
*** HOLE CARDS ***
Pumuking: folds 
Burlica2013: folds 
Johnnyj0: folds 
fabion557: folds 
Uncalled bet ($0.50) returned to Fake Lava
Fake Lava collected $1 from pot
Fake Lava: doesn't show hand 
*** SUMMARY ***
Total pot $1 | Rake $0 
Seat 4: peak joker33
Seat 1: fabion557 (small blind) folded before Flop
Seat 2: Fake Lava (big blind) collected ($1)
Seat 3: Pumuking folded before Flop (didn't bet)
Seat 5: Burlica2013 folded before Flop (didn't bet)
Seat 6: Johnnyj0 (button) folded before Flop (didn't bet)



PokerStars Hand #254292095370:  Hold'em No Limit ($0.50/$1.00 USD) - 2025/01/10 8:01:38 WET [2025/01/10 3:01:38 ET]
Table 'Cunitza II' 6-max Seat #1 is the button
Seat 4: peak joker33 ($145.15 in chips) is sitting out
Seat 1: fabion557 ($41.12 in chips) 
Seat 2: Fake Lava ($149.81 in chips) 
Seat 3: Pumuking ($142.96 in chips) 
Seat 5: Burlica2013 ($100 in chips) 
Seat 6: Johnnyj0 ($105.72 in chips) 
Fake Lava: posts small blind $0.50
Pumuking: posts big blind $1
peak joker33: sits out 
*** HOLE CARDS ***
Burlica2013: folds 
Johnnyj0: raises $1.50 to $2.50
fabion557: folds 
Fake Lava: folds 
Pumuking: calls $1.50
*** FLOP *** [Qh 8d 7d]
Pumuking: checks 
Johnnyj0: bets $1.83
Pumuking: calls $1.83
*** TURN *** [Qh 8d 7d] [2c]
Pumuking: checks 
Johnnyj0: checks 
*** RIVER *** [Qh 8d 7d 2c] [Tc]
Pumuking: bets $1.50
Johnnyj0: folds 
Uncalled bet ($1.50) returned to Pumuking
Pumuking collected $8.70 from pot
Pumuking: doesn't show hand 
*** SUMMARY ***
Total pot $9.16 | Rake $0.46 
Board [Qh 8d 7d 2c Tc]
Seat 4: peak joker33
Seat 1: fabion557 (button) folded before Flop (didn't bet)
Seat 2: Fake Lava (small blind) folded before Flop
Seat 3: Pumuking (big blind) collected ($8.70)
Seat 5: Burlica2013 folded before Flop (didn't bet)
Seat 6: Johnnyj0 folded on the River



PokerStars Hand #254292100177:  Hold'em No Limit ($0.50/$1.00 USD) - 2025/01/10 8:02:38 WET [2025/01/10 3:02:38 ET]
Table 'Cunitza II' 6-max Seat #2 is the button
Seat 1: fabion557 ($41.12 in chips) 
Seat 2: Fake Lava ($149.31 in chips) 
Seat 3: Pumuking ($147.33 in chips) 
Seat 4: peak joker33 ($145.15 in chips) 
Seat 5: Burlica2013 ($100 in chips) 
Seat 6: Johnnyj0 ($101.39 in chips) 
Pumuking: posts small blind $0.50
peak joker33: posts big blind $1
*** HOLE CARDS ***
Burlica2013: folds 
Johnnyj0: raises $1.50 to $2.50
fabion557: folds 
Fake Lava: folds 
Pumuking: folds 
peak joker33: calls $1.50
*** FLOP *** [Qs As 3d]
peak joker33: checks 
Johnnyj0: bets $1.83
peak joker33: calls $1.83
*** TURN *** [Qs As 3d] [9c]
peak joker33: checks 
Johnnyj0: bets $4.35
peak joker33: calls $4.35
*** RIVER *** [Qs As 3d 9c] [Jc]
peak joker33: bets $12.73
Johnnyj0: calls $12.73
*** SHOW DOWN ***
peak joker33: shows [Jd Qc] (two pair, Queens and Jacks)
Johnnyj0: shows [Ad Qh] (two pair, Aces and Queens)
Johnnyj0 collected $41.15 from pot
*** SUMMARY ***
Total pot $43.32 | Rake $2.17 
Board [Qs As 3d 9c Jc]
Seat 1: fabion557 folded before Flop (didn't bet)
Seat 2: Fake Lava (button) folded before Flop (didn't bet)
Seat 3: Pumuking (small blind) folded before Flop
Seat 4: peak joker33 (big blind) showed [Jd Qc] and lost with two pair, Queens and Jacks
Seat 5: Burlica2013 folded before Flop (didn't bet)
Seat 6: Johnnyj0 showed [Ad Qh] and won ($41.15) with two pair, Aces and Queens



PokerStars Hand #254292105618:  Hold'em No Limit ($0.50/$1.00 USD) - 2025/01/10 8:03:47 WET [2025/01/10 3:03:47 ET]
Table 'Cunitza II' 6-max Seat #3 is the button
Seat 1: fabion557 ($41.12 in chips) 
Seat 2: Fake Lava ($149.31 in chips) 
Seat 3: Pumuking ($146.83 in chips) 
Seat 4: peak joker33 ($123.74 in chips) 
Seat 5: Burlica2013 ($100 in chips) 
Seat 6: Johnnyj0 ($121.13 in chips) 
peak joker33: posts small blind $0.50
Burlica2013: posts big blind $1
*** HOLE CARDS ***
Johnnyj0: folds 
fabion557: calls $1
Fake Lava: folds 
Pumuking: folds 
peak joker33: folds 
Burlica2013: checks 
*** FLOP *** [Kh Ks 8c]
Burlica2013: checks 
fabion557: checks 
*** TURN *** [Kh Ks 8c] [7h]
Burlica2013: bets $1.19
fabion557: folds 
Uncalled bet ($1.19) returned to Burlica2013
Burlica2013 collected $2.38 from pot
Burlica2013: doesn't show hand 
*** SUMMARY ***
Total pot $2.50 | Rake $0.12 
Board [Kh Ks 8c 7h]
Seat 1: fabion557 folded on the Turn
Seat 2: Fake Lava folded before Flop (didn't bet)
Seat 3: Pumuking (button) folded before Flop (didn't bet)
Seat 4: peak joker33 (small blind) folded before Flop
Seat 5: Burlica2013 (big blind) collected ($2.38)
Seat 6: Johnnyj0 folded before Flop (didn't bet)



PokerStars Hand #254292107833:  Hold'em No Limit ($0.50/$1.00 USD) - 2025/01/10 8:04:14 WET [2025/01/10 3:04:14 ET]
Table 'Cunitza II' 6-max Seat #4 is the button
Seat 1: fabion557 ($40.12 in chips) 
Seat 2: Fake Lava ($149.31 in chips) 
Seat 3: Pumuking ($146.83 in chips) 
Seat 4: peak joker33 ($123.24 in chips) 
Seat 5: Burlica2013 ($101.38 in chips) 
Seat 6: Johnnyj0 ($121.13 in chips) 
Burlica2013: posts small blind $0.50
Johnnyj0: posts big blind $1
*** HOLE CARDS ***
fabion557: folds 
Fake Lava: raises $1.50 to $2.50
Pumuking: folds 
peak joker33: folds 
Burlica2013: folds 
Johnnyj0: folds 
Uncalled bet ($1.50) returned to Fake Lava
Fake Lava collected $2.50 from pot
Fake Lava: doesn't show hand 
*** SUMMARY ***
Total pot $2.50 | Rake $0 
Seat 1: fabion557 folded before Flop (didn't bet)
Seat 2: Fake Lava collected ($2.50)
Seat 3: Pumuking folded before Flop (didn't bet)
Seat 4: peak joker33 (button) folded before Flop (didn't bet)
Seat 5: Burlica2013 (small blind) folded before Flop
Seat 6: Johnnyj0 (big blind) folded before Flop



PokerStars Hand #254292109023:  Hold'em No Limit ($0.50/$1.00 USD) - 2025/01/10 8:04:28 WET [2025/01/10 3:04:28 ET]
Table 'Cunitza II' 6-max Seat #5 is the button
Seat 1: fabion557 ($40.12 in chips) 
Seat 2: Fake Lava ($150.81 in chips) 
Seat 3: Pumuking ($146.83 in chips) 
Seat 4: peak joker33 ($123.24 in chips) 
Seat 5: Burlica2013 ($100.88 in chips) 
Seat 6: Johnnyj0 ($120.13 in chips) 
Johnnyj0: posts small blind $0.50
fabion557: posts big blind $1
*** HOLE CARDS ***
Fake Lava: folds 
Pumuking: raises $1.25 to $2.25
peak joker33: folds 
Burlica2013: folds 
Johnnyj0: calls $1.75
fabion557: folds 
*** FLOP *** [4h Kc Qd]
Johnnyj0: checks 
Pumuking: bets $1.72
Johnnyj0: folds 
Uncalled bet ($1.72) returned to Pumuking
Pumuking collected $5.22 from pot
Pumuking: doesn't show hand 
*** SUMMARY ***
Total pot $5.50 | Rake $0.28 
Board [4h Kc Qd]
Seat 1: fabion557 (big blind) folded before Flop
Seat 2: Fake Lava folded before Flop (didn't bet)
Seat 3: Pumuking collected ($5.22)
Seat 4: peak joker33 folded before Flop (didn't bet)
Seat 5: Burlica2013 (button) folded before Flop (didn't bet)
Seat 6: Johnnyj0 (small blind) folded on the Flop



PokerStars Hand #254292110858:  Hold'em No Limit ($0.50/$1.00 USD) - 2025/01/10 8:04:51 WET [2025/01/10 3:04:51 ET]
Table 'Cunitza II' 6-max Seat #6 is the button
Seat 1: fabion557 ($39.12 in chips) 
Seat 2: Fake Lava ($150.81 in chips) 
Seat 3: Pumuking ($149.80 in chips) 
Seat 4: peak joker33 ($123.24 in chips) 
Seat 5: Burlica2013 ($100.88 in chips) 
Seat 6: Johnnyj0 ($117.88 in chips) 
fabion557: posts small blind $0.50
Fake Lava: posts big blind $1
*** HOLE CARDS ***
Pumuking: folds 
peak joker33: folds 
Burlica2013: folds 
Johnnyj0: raises $1.50 to $2.50
fabion557: calls $2
Fake Lava: calls $1.50
*** FLOP *** [Qc 3s 5h]
fabion557: checks 
Fake Lava: checks 
Johnnyj0: bets $3.56
fabion557: raises $6.56 to $10.12
Fake Lava: folds 
Johnnyj0: calls $6.56
*** TURN *** [Qc 3s 5h] [3c]
fabion557: bets $26.50 and is all-in
Johnnyj0: folds 
Uncalled bet ($26.50) returned to fabion557
fabion557 collected $26.35 from pot
fabion557: doesn't show hand 
*** SUMMARY ***
Total pot $27.74 | Rake $1.39 
Board [Qc 3s 5h 3c]
Seat 1: fabion557 (small blind) collected ($26.35)
Seat 2: Fake Lava (big blind) folded on the Flop
Seat 3: Pumuking folded before Flop (didn't bet)
Seat 4: peak joker33 folded before Flop (didn't bet)
Seat 5: Burlica2013 folded before Flop (didn't bet)
Seat 6: Johnnyj0 (button) folded on the Turn



PokerStars Hand #254292117972:  Hold'em No Limit ($0.50/$1.00 USD) - 2025/01/10 8:06:18 WET [2025/01/10 3:06:18 ET]
Table 'Cunitza II' 6-max Seat #1 is the button
Seat 1: fabion557 ($52.85 in chips) 
Seat 2: Fake Lava ($148.31 in chips) 
Seat 3: Pumuking ($149.80 in chips) 
Seat 4: peak joker33 ($123.24 in chips) 
Seat 5: Burlica2013 ($100.88 in chips) 
Seat 6: Johnnyj0 ($105.26 in chips) 
Fake Lava: posts small blind $0.50
Pumuking: posts big blind $1
*** HOLE CARDS ***
peak joker33: folds 
Burlica2013: folds 
Johnnyj0: folds 
fabion557: folds 
Fake Lava: raises $2 to $3
Pumuking: folds 
Uncalled bet ($2) returned to Fake Lava
Fake Lava collected $2 from pot
Fake Lava: doesn't show hand 
*** SUMMARY ***
Total pot $2 | Rake $0 
Seat 1: fabion557 (button) folded before Flop (didn't bet)
Seat 2: Fake Lava (small blind) collected ($2)
Seat 3: Pumuking (big blind) folded before Flop
Seat 4: peak joker33 folded before Flop (didn't bet)
Seat 5: Burlica2013 folded before Flop (didn't bet)
Seat 6: Johnnyj0 folded before Flop (didn't bet)



PokerStars Hand #254292119363:  Hold'em No Limit ($0.50/$1.00 USD) - 2025/01/10 8:06:35 WET [2025/01/10 3:06:35 ET]
Table 'Cunitza II' 6-max Seat #2 is the button
Seat 1: fabion557 ($52.85 in chips) 
Seat 2: Fake Lava ($149.31 in chips) 
Seat 3: Pumuking ($148.80 in chips) 
Seat 4: peak joker33 ($123.24 in chips) 
Seat 5: Burlica2013 ($100.88 in chips) 
Seat 6: Johnnyj0 ($105.26 in chips) 
Pumuking: posts small blind $0.50
peak joker33: posts big blind $1
*** HOLE CARDS ***
Burlica2013: folds 
Johnnyj0: raises $1.50 to $2.50
fabion557: folds 
Fake Lava: folds 
Pumuking: folds 
peak joker33: calls $1.50
*** FLOP *** [Qd 3s Tc]
peak joker33: checks 
Johnnyj0: bets $2.83
peak joker33: folds 
Uncalled bet ($2.83) returned to Johnnyj0
Johnnyj0 collected $5.22 from pot
Johnnyj0: doesn't show hand 
*** SUMMARY ***
Total pot $5.50 | Rake $0.28 
Board [Qd 3s Tc]
Seat 1: fabion557 folded before Flop (didn't bet)
Seat 2: Fake Lava (button) folded before Flop (didn't bet)
Seat 3: Pumuking (small blind) folded before Flop
Seat 4: peak joker33 (big blind) folded on the Flop
Seat 5: Burlica2013 folded before Flop (didn't bet)
Seat 6: Johnnyj0 collected ($5.22)



PokerStars Hand #254292121619:  Hold'em No Limit ($0.50/$1.00 USD) - 2025/01/10 8:07:02 WET [2025/01/10 3:07:02 ET]
Table 'Cunitza II' 6-max Seat #3 is the button
Seat 1: fabion557 ($52.85 in chips) 
Seat 2: Fake Lava ($149.31 in chips) 
Seat 3: Pumuking ($148.30 in chips) 
Seat 4: peak joker33 ($120.74 in chips) 
Seat 5: Burlica2013 ($100.88 in chips) 
Seat 6: Johnnyj0 ($107.98 in chips) 
peak joker33: posts small blind $0.50
Burlica2013: posts big blind $1
*** HOLE CARDS ***
Johnnyj0: folds 
fabion557: folds 
Fake Lava: raises $1.50 to $2.50
Pumuking: raises $6 to $8.50
peak joker33: folds 
Burlica2013: folds 
Fake Lava: folds 
Uncalled bet ($6) returned to Pumuking
Pumuking collected $6.50 from pot
Pumuking: doesn't show hand 
*** SUMMARY ***
Total pot $6.50 | Rake $0 
Seat 1: fabion557 folded before Flop (didn't bet)
Seat 2: Fake Lava folded before Flop
Seat 3: Pumuking (button) collected ($6.50)
Seat 4: peak joker33 (small blind) folded before Flop
Seat 5: Burlica2013 (big blind) folded before Flop
Seat 6: Johnnyj0 folded before Flop (didn't bet)



PokerStars Hand #254292123569:  Hold'em No Limit ($0.50/$1.00 USD) - 2025/01/10 8:07:26 WET [2025/01/10 3:07:26 ET]
Table 'Cunitza II' 6-max Seat #4 is the button
Seat 1: fabion557 ($52.85 in chips) 
Seat 2: Fake Lava ($146.81 in chips) 
Seat 3: Pumuking ($152.30 in chips) 
Seat 4: peak joker33 ($120.24 in chips) 
Seat 5: Burlica2013 ($100 in chips) 
Seat 6: Johnnyj0 ($107.98 in chips) 
Burlica2013: posts small blind $0.50
Johnnyj0: posts big blind $1
*** HOLE CARDS ***
fabion557: folds 
Fake Lava: folds 
Pumuking: folds 
peak joker33: folds 
Burlica2013: raises $2 to $3
Johnnyj0: calls $2
*** FLOP *** [Th 3h 8c]
Burlica2013: checks 
Johnnyj0: bets $2
Burlica2013: folds 
Uncalled bet ($2) returned to Johnnyj0
Johnnyj0 collected $5.70 from pot
Johnnyj0: doesn't show hand 
*** SUMMARY ***
Total pot $6 | Rake $0.30 
Board [Th 3h 8c]
Seat 1: fabion557 folded before Flop (didn't bet)
Seat 2: Fake Lava folded before Flop (didn't bet)
Seat 3: Pumuking folded before Flop (didn't bet)
Seat 4: peak joker33 (button) folded before Flop (didn't bet)
Seat 5: Burlica2013 (small blind) folded on the Flop
Seat 6: Johnnyj0 (big blind) collected ($5.70)



PokerStars Hand #254292127602:  Hold'em No Limit ($0.50/$1.00 USD) - 2025/01/10 8:08:14 WET [2025/01/10 3:08:14 ET]
Table 'Cunitza II' 6-max Seat #5 is the button
Seat 1: fabion557 ($52.85 in chips) 
Seat 2: Fake Lava ($146.81 in chips) 
Seat 3: Pumuking ($152.30 in chips) 
Seat 4: peak joker33 ($120.24 in chips) 
Seat 5: Burlica2013 ($100 in chips) 
Seat 6: Johnnyj0 ($110.68 in chips) 
Johnnyj0: posts small blind $0.50
fabion557: posts big blind $1
*** HOLE CARDS ***
Fake Lava: raises $1.50 to $2.50
Pumuking: calls $2.50
peak joker33: folds 
Burlica2013: folds 
Johnnyj0: folds 
fabion557: folds 
*** FLOP *** [Ac 6c 7d]
Fake Lava: checks 
Pumuking: bets $7.73
Fake Lava: raises $12.27 to $20
Pumuking: calls $12.27
*** TURN *** [Ac 6c 7d] [9h]
Fake Lava: bets $33.14
Pumuking: raises $96.66 to $129.80 and is all-in
Fake Lava: calls $91.17 and is all-in
Uncalled bet ($5.49) returned to Pumuking
*** RIVER *** [Ac 6c 7d 9h] [Td]
*** SHOW DOWN ***
Fake Lava: shows [Ah As] (three of a kind, Aces)
Pumuking: shows [8c 7c] (a straight, Six to Ten)
Pumuking collected $292.62 from pot
*** SUMMARY ***
Total pot $295.12 | Rake $2.50 
Board [Ac 6c 7d 9h Td]
Seat 1: fabion557 (big blind) folded before Flop
Seat 2: Fake Lava showed [Ah As] and lost with three of a kind, Aces
Seat 3: Pumuking showed [8c 7c] and won ($292.62) with a straight, Six to Ten
Seat 4: peak joker33 folded before Flop (didn't bet)
Seat 5: Burlica2013 (button) folded before Flop (didn't bet)
Seat 6: Johnnyj0 (small blind) folded before Flop



PokerStars Hand #254292136306:  Hold'em No Limit ($0.50/$1.00 USD) - 2025/01/10 8:09:59 WET [2025/01/10 3:09:59 ET]
Table 'Cunitza II' 6-max Seat #6 is the button
Seat 1: fabion557 ($51.85 in chips) 
Seat 2: Fake Lava ($100 in chips) 
Seat 3: Pumuking ($298.11 in chips) 
Seat 4: peak joker33 ($120.24 in chips) 
Seat 5: Burlica2013 ($100 in chips) 
Seat 6: Johnnyj0 ($110.18 in chips) 
fabion557: posts small blind $0.50
Fake Lava: posts big blind $1
*** HOLE CARDS ***
Pumuking: folds 
peak joker33: raises $1.50 to $2.50
Burlica2013: folds 
Johnnyj0: calls $2.50
fabion557: folds 
Fake Lava: folds 
*** FLOP *** [Ah 2h Kc]
peak joker33: bets $4.64
Johnnyj0: calls $4.64
*** TURN *** [Ah 2h Kc] [2s]
peak joker33: bets $11.24
Johnnyj0: calls $11.24
*** RIVER *** [Ah 2h Kc 2s] [Qh]
peak joker33: checks 
Johnnyj0: checks 
*** SHOW DOWN ***
peak joker33: shows [Td Ad] (two pair, Aces and Deuces)
Johnnyj0: shows [5h As] (two pair, Aces and Deuces)
peak joker33 collected $18.18 from pot
Johnnyj0 collected $18.17 from pot
*** SUMMARY ***
Total pot $38.26 | Rake $1.91 
Board [Ah 2h Kc 2s Qh]
Seat 1: fabion557 (small blind) folded before Flop
Seat 2: Fake Lava (big blind) folded before Flop
Seat 3: Pumuking folded before Flop (didn't bet)
Seat 4: peak joker33 showed [Td Ad] and won ($18.18) with two pair, Aces and Deuces
Seat 5: Burlica2013 folded before Flop (didn't bet)
Seat 6: Johnnyj0 (button) showed [5h As] and won ($18.17) with two pair, Aces and Deuces



PokerStars Hand #254292141362:  Hold'em No Limit ($0.50/$1.00 USD) - 2025/01/10 8:10:59 WET [2025/01/10 3:10:59 ET]
Table 'Cunitza II' 6-max Seat #1 is the button
Seat 1: fabion557 ($51.35 in chips) 
Seat 2: Fake Lava ($100 in chips) 
Seat 3: Pumuking ($298.11 in chips) 
Seat 4: peak joker33 ($120.04 in chips) 
Seat 5: Burlica2013 ($100 in chips) 
Seat 6: Johnnyj0 ($109.97 in chips) 
Fake Lava: posts small blind $0.50
Pumuking: posts big blind $1
*** HOLE CARDS ***
peak joker33: folds 
Burlica2013: raises $1.20 to $2.20
Johnnyj0: folds 
fabion557: folds 
Fake Lava: folds 
Pumuking: folds 
Uncalled bet ($1.20) returned to Burlica2013
Burlica2013 collected $2.50 from pot
Burlica2013: doesn't show hand 
*** SUMMARY ***
Total pot $2.50 | Rake $0 
Seat 1: fabion557 (button) folded before Flop (didn't bet)
Seat 2: Fake Lava (small blind) folded before Flop
Seat 3: Pumuking (big blind) folded before Flop
Seat 4: peak joker33 folded before Flop (didn't bet)
Seat 5: Burlica2013 collected ($2.50)
Seat 6: Johnnyj0 folded before Flop (didn't bet)



PokerStars Hand #254292143382:  Hold'em No Limit ($0.50/$1.00 USD) - 2025/01/10 8:11:23 WET [2025/01/10 3:11:23 ET]
Table 'Cunitza II' 6-max Seat #2 is the button
Seat 1: fabion557 ($51.35 in chips) 
Seat 2: Fake Lava ($100 in chips) 
Seat 3: Pumuking ($297.11 in chips) 
Seat 4: peak joker33 ($120.04 in chips) 
Seat 5: Burlica2013 ($101.50 in chips) 
Seat 6: Johnnyj0 ($109.97 in chips) 
Pumuking: posts small blind $0.50
peak joker33: posts big blind $1
*** HOLE CARDS ***
Burlica2013: folds 
Johnnyj0: folds 
fabion557: folds 
Fake Lava: folds 
Pumuking: raises $2 to $3
peak joker33: folds 
Uncalled bet ($2) returned to Pumuking
Pumuking collected $2 from pot
Pumuking: doesn't show hand 
*** SUMMARY ***
Total pot $2 | Rake $0 
Seat 1: fabion557 folded before Flop (didn't bet)
Seat 2: Fake Lava (button) folded before Flop (didn't bet)
Seat 3: Pumuking (small blind) collected ($2)
Seat 4: peak joker33 (big blind) folded before Flop
Seat 5: Burlica2013 folded before Flop (didn't bet)
Seat 6: Johnnyj0 folded before Flop (didn't bet)



PokerStars Hand #254292145199:  Hold'em No Limit ($0.50/$1.00 USD) - 2025/01/10 8:11:45 WET [2025/01/10 3:11:45 ET]
Table 'Cunitza II' 6-max Seat #3 is the button
Seat 1: fabion557 ($51.35 in chips) 
Seat 2: Fake Lava ($100 in chips) 
Seat 3: Pumuking ($298.11 in chips) 
Seat 4: peak joker33 ($119.04 in chips) 
Seat 5: Burlica2013 ($101.50 in chips) 
Seat 6: Johnnyj0 ($109.97 in chips) 
peak joker33: posts small blind $0.50
Burlica2013: posts big blind $1
*** HOLE CARDS ***
Johnnyj0: folds 
fabion557: calls $1
Fake Lava: folds 
Pumuking: folds 
peak joker33: calls $0.50
Burlica2013: checks 
*** FLOP *** [6c 6s 9c]
peak joker33: checks 
Burlica2013: checks 
fabion557: checks 
*** TURN *** [6c 6s 9c] [Ts]
peak joker33: checks 
Burlica2013: bets $1
fabion557: calls $1
peak joker33: folds 
*** RIVER *** [6c 6s 9c Ts] [7h]
Burlica2013: bets $5.32
fabion557: folds 
Uncalled bet ($5.32) returned to Burlica2013
Burlica2013 collected $4.75 from pot
Burlica2013: doesn't show hand 
*** SUMMARY ***
Total pot $5 | Rake $0.25 
Board [6c 6s 9c Ts 7h]
Seat 1: fabion557 folded on the River
Seat 2: Fake Lava folded before Flop (didn't bet)
Seat 3: Pumuking (button) folded before Flop (didn't bet)
Seat 4: peak joker33 (small blind) folded on the Turn
Seat 5: Burlica2013 (big blind) collected ($4.75)
Seat 6: Johnnyj0 folded before Flop (didn't bet)



PokerStars Hand #254292149739:  Hold'em No Limit ($0.50/$1.00 USD) - 2025/01/10 8:12:39 WET [2025/01/10 3:12:39 ET]
Table 'Cunitza II' 6-max Seat #4 is the button
Seat 1: fabion557 ($49.35 in chips) 
Seat 2: Fake Lava ($100 in chips) 
Seat 3: Pumuking ($298.11 in chips) 
Seat 4: peak joker33 ($118.04 in chips) 
Seat 5: Burlica2013 ($104.25 in chips) 
Seat 6: Johnnyj0 ($109.97 in chips) 
Burlica2013: posts small blind $0.50
Johnnyj0: posts big blind $1
*** HOLE CARDS ***
fabion557: calls $1
Fake Lava: folds 
Pumuking: folds 
Pumuking leaves the table
peak joker33: raises $3 to $4
Burlica2013: folds 
Johnnyj0: folds 
fabion557: calls $3
*** FLOP *** [3s 9s Td]
fabion557: bets $5
peak joker33: raises $13 to $18
fabion557: calls $13
*** TURN *** [3s 9s Td] [Jc]
fabion557: checks 
peak joker33: bets $43.22
fabion557: calls $27.35 and is all-in
Uncalled bet ($15.87) returned to peak joker33
*** RIVER *** [3s 9s Td Jc] [7h]
*** SHOW DOWN ***
fabion557: shows [Jh Qc] (a pair of Jacks)
peak joker33: shows [Kc Ks] (a pair of Kings)
peak joker33 collected $97.70 from pot
*** SUMMARY ***
Total pot $100.20 | Rake $2.50 
Board [3s 9s Td Jc 7h]
Seat 1: fabion557 showed [Jh Qc] and lost with a pair of Jacks
Seat 2: Fake Lava folded before Flop (didn't bet)
Seat 3: Pumuking folded before Flop (didn't bet)
Seat 4: peak joker33 (button) showed [Kc Ks] and won ($97.70) with a pair of Kings
Seat 5: Burlica2013 (small blind) folded before Flop
Seat 6: Johnnyj0 (big blind) folded before Flop



PokerStars Hand #254292155417:  Hold'em No Limit ($0.50/$1.00 USD) - 2025/01/10 8:13:46 WET [2025/01/10 3:13:46 ET]
Table 'Cunitza II' 6-max Seat #5 is the button
Seat 2: Fake Lava ($100 in chips) 
Seat 4: peak joker33 ($166.39 in chips) 
Seat 5: Burlica2013 ($103.75 in chips) 
Seat 6: Johnnyj0 ($108.97 in chips) 
Johnnyj0: posts small blind $0.50
Fake Lava: posts big blind $1
*** HOLE CARDS ***
peak joker33: folds 
Burlica2013: raises $1.45 to $2.45
Lago Madjore joins the table at seat #1 
Johnnyj0: calls $1.95
Fake Lava: folds 
*** FLOP *** [5s 8c 6s]
Johnnyj0: checks 
Burlica2013: checks 
*** TURN *** [5s 8c 6s] [Tc]
Johnnyj0: checks 
Burlica2013: bets $2.80
Johnnyj0: calls $2.80
*** RIVER *** [5s 8c 6s Tc] [4h]
Johnnyj0: checks 
Burlica2013: checks 
*** SHOW DOWN ***
Johnnyj0: shows [Ks Qd] (high card King)
Burlica2013: shows [8h Ac] (a pair of Eights)
Burlica2013 collected $10.92 from pot
*** SUMMARY ***
Total pot $11.50 | Rake $0.58 
Board [5s 8c 6s Tc 4h]
Seat 2: Fake Lava (big blind) folded before Flop
Seat 4: peak joker33 folded before Flop (didn't bet)
Seat 5: Burlica2013 (button) showed [8h Ac] and won ($10.92) with a pair of Eights
Seat 6: Johnnyj0 (small blind) showed [Ks Qd] and lost with high card King



PokerStars Hand #254292158658:  Hold'em No Limit ($0.50/$1.00 USD) - 2025/01/10 8:14:24 WET [2025/01/10 3:14:24 ET]
Table 'Cunitza II' 6-max Seat #6 is the button
Seat 1: Lago Madjore ($100 in chips) is sitting out
Seat 2: Fake Lava ($100 in chips) 
Seat 4: peak joker33 ($166.39 in chips) 
Seat 5: Burlica2013 ($109.42 in chips) 
Seat 6: Johnnyj0 ($103.72 in chips) 
Fake Lava: posts small blind $0.50
peak joker33: posts big blind $1
*** HOLE CARDS ***
Burlica2013: folds 
Johnnyj0: folds 
Fake Lava: raises $2 to $3
peak joker33: folds 
Uncalled bet ($2) returned to Fake Lava
Fake Lava collected $2 from pot
Fake Lava: doesn't show hand 
*** SUMMARY ***
Total pot $2 | Rake $0 
Seat 1: Lago Madjore
Seat 2: Fake Lava (small blind) collected ($2)
Seat 4: peak joker33 (big blind) folded before Flop
Seat 5: Burlica2013 folded before Flop (didn't bet)
Seat 6: Johnnyj0 (button) folded before Flop (didn't bet)



PokerStars Hand #254292159842:  Hold'em No Limit ($0.50/$1.00 USD) - 2025/01/10 8:14:39 WET [2025/01/10 3:14:39 ET]
Table 'Cunitza II' 6-max Seat #2 is the button
Seat 1: Lago Madjore ($100 in chips) is sitting out
Seat 2: Fake Lava ($101 in chips) 
Seat 4: peak joker33 ($165.39 in chips) 
Seat 5: Burlica2013 ($109.42 in chips) 
Seat 6: Johnnyj0 ($103.72 in chips) 
peak joker33: posts small blind $0.50
Burlica2013: posts big blind $1
Lago Madjore: sits out 
*** HOLE CARDS ***
Johnnyj0: raises $1.50 to $2.50
Fake Lava: folds 
peak joker33: folds 
Burlica2013: folds 
Uncalled bet ($1.50) returned to Johnnyj0
Johnnyj0 collected $2.50 from pot
Johnnyj0: doesn't show hand 
*** SUMMARY ***
Total pot $2.50 | Rake $0 
Seat 1: Lago Madjore
Seat 2: Fake Lava (button) folded before Flop (didn't bet)
Seat 4: peak joker33 (small blind) folded before Flop
Seat 5: Burlica2013 (big blind) folded before Flop
Seat 6: Johnnyj0 collected ($2.50)



PokerStars Hand #254292160781:  Hold'em No Limit ($0.50/$1.00 USD) - 2025/01/10 8:14:50 WET [2025/01/10 3:14:50 ET]
Table 'Cunitza II' 6-max Seat #4 is the button
Seat 1: Lago Madjore ($100 in chips) is sitting out
Seat 2: Fake Lava ($101 in chips) 
Seat 4: peak joker33 ($164.89 in chips) 
Seat 5: Burlica2013 ($108.42 in chips) 
Seat 6: Johnnyj0 ($105.22 in chips) 
Burlica2013: posts small blind $0.50
Johnnyj0: posts big blind $1
Lago Madjore: sits out 
*** HOLE CARDS ***
Fake Lava: raises $1.50 to $2.50
peak joker33: raises $5 to $7.50
Burlica2013: folds 
Johnnyj0: folds 
Fake Lava: folds 
Uncalled bet ($5) returned to peak joker33
peak joker33 collected $6.50 from pot
peak joker33: doesn't show hand 
*** SUMMARY ***
Total pot $6.50 | Rake $0 
Seat 1: Lago Madjore
Seat 2: Fake Lava folded before Flop
Seat 4: peak joker33 (button) collected ($6.50)
Seat 5: Burlica2013 (small blind) folded before Flop
Seat 6: Johnnyj0 (big blind) folded before Flop



PokerStars Hand #254292162995:  Hold'em No Limit ($0.50/$1.00 USD) - 2025/01/10 8:15:16 WET [2025/01/10 3:15:16 ET]
Table 'Cunitza II' 6-max Seat #5 is the button
Seat 1: Lago Madjore ($100 in chips) 
Seat 2: Fake Lava ($100 in chips) 
Seat 4: peak joker33 ($168.89 in chips) 
Seat 5: Burlica2013 ($107.92 in chips) 
Seat 6: Johnnyj0 ($104.22 in chips) 
Johnnyj0: posts small blind $0.50
Lago Madjore: posts big blind $1
*** HOLE CARDS ***
Fake Lava: folds 
peak joker33: raises $1.50 to $2.50
Burlica2013: raises $5.53 to $8.03
Johnnyj0: folds 
Lago Madjore: folds 
peak joker33: raises $13.97 to $22
$triker_BLR joins the table at seat #3 
Burlica2013: raises $85.92 to $107.92 and is all-in
peak joker33: folds 
Uncalled bet ($85.92) returned to Burlica2013
Burlica2013 collected $45.50 from pot
Burlica2013: doesn't show hand 
*** SUMMARY ***
Total pot $45.50 | Rake $0 
Seat 1: Lago Madjore (big blind) folded before Flop
Seat 2: Fake Lava folded before Flop (didn't bet)
Seat 4: peak joker33 folded before Flop
Seat 5: Burlica2013 (button) collected ($45.50)
Seat 6: Johnnyj0 (small blind) folded before Flop



PokerStars Hand #254292169099:  Hold'em No Limit ($0.50/$1.00 USD) - 2025/01/10 8:16:27 WET [2025/01/10 3:16:27 ET]
Table 'Cunitza II' 6-max Seat #6 is the button
Seat 3: $triker_BLR ($100 in chips) is sitting out
Seat 1: Lago Madjore ($100 in chips) 
Seat 2: Fake Lava ($100 in chips) 
Seat 4: peak joker33 ($146.89 in chips) 
Seat 5: Burlica2013 ($131.42 in chips) 
Seat 6: Johnnyj0 ($103.72 in chips) 
Lago Madjore: posts small blind $0.50
Fake Lava: posts big blind $1
$triker_BLR: sits out 
*** HOLE CARDS ***
peak joker33: folds 
Burlica2013: raises $1.25 to $2.25
Johnnyj0: calls $2.25
Lago Madjore: folds 
Fake Lava: raises $10.25 to $12.50
Burlica2013: raises $12.50 to $25
Johnnyj0: folds 
Fake Lava: calls $12.50
*** FLOP *** [Jh 2c 5c]
Fake Lava: checks 
Burlica2013: checks 
*** TURN *** [Jh 2c 5c] [Td]
Fake Lava: checks 
Burlica2013: checks 
*** RIVER *** [Jh 2c 5c Td] [5h]
Fake Lava: bets $12.50
Burlica2013: folds 
Uncalled bet ($12.50) returned to Fake Lava
Fake Lava collected $50.25 from pot
Fake Lava: doesn't show hand 
*** SUMMARY ***
Total pot $52.75 | Rake $2.50 
Board [Jh 2c 5c Td 5h]
Seat 3: $triker_BLR
Seat 1: Lago Madjore (small blind) folded before Flop
Seat 2: Fake Lava (big blind) collected ($50.25)
Seat 4: peak joker33 folded before Flop (didn't bet)
Seat 5: Burlica2013 folded on the River
Seat 6: Johnnyj0 (button) folded before Flop



PokerStars Hand #254292178503:  Hold'em No Limit ($0.50/$1.00 USD) - 2025/01/10 8:18:18 WET [2025/01/10 3:18:18 ET]
Table 'Cunitza II' 6-max Seat #1 is the button
Seat 1: Lago Madjore ($100 in chips) 
Seat 2: Fake Lava ($125.25 in chips) 
Seat 3: $triker_BLR ($100 in chips) 
Seat 4: peak joker33 ($146.89 in chips) 
Seat 5: Burlica2013 ($106.42 in chips) 
Seat 6: Johnnyj0 ($101.47 in chips) 
Fake Lava: posts small blind $0.50
$triker_BLR: posts big blind $1
*** HOLE CARDS ***
peak joker33: folds 
Burlica2013: raises $1.20 to $2.20
Johnnyj0: raises $5.20 to $7.40
Lago Madjore: folds 
Fake Lava: raises $13.60 to $21
$triker_BLR: folds 
Burlica2013: folds 
Johnnyj0: calls $13.60
*** FLOP *** [4h Ad 6h]
Fake Lava: bets $10.50
Johnnyj0: calls $10.50
*** TURN *** [4h Ad 6h] [2c]
Fake Lava: checks 
Johnnyj0: bets $22.30
Fake Lava: folds 
Uncalled bet ($22.30) returned to Johnnyj0
Johnnyj0 collected $63.70 from pot
Johnnyj0: doesn't show hand 
*** SUMMARY ***
Total pot $66.20 | Rake $2.50 
Board [4h Ad 6h 2c]
Seat 1: Lago Madjore (button) folded before Flop (didn't bet)
Seat 2: Fake Lava (small blind) folded on the Turn
Seat 3: $triker_BLR (big blind) folded before Flop
Seat 4: peak joker33 folded before Flop (didn't bet)
Seat 5: Burlica2013 folded before Flop
Seat 6: Johnnyj0 collected ($63.70)



PokerStars Hand #254292185802:  Hold'em No Limit ($0.50/$1.00 USD) - 2025/01/10 8:19:43 WET [2025/01/10 3:19:43 ET]
Table 'Cunitza II' 6-max Seat #2 is the button
Seat 1: Lago Madjore ($100 in chips) 
Seat 2: Fake Lava ($100 in chips) 
Seat 3: $triker_BLR ($100 in chips) 
Seat 4: peak joker33 ($146.89 in chips) 
Seat 5: Burlica2013 ($104.22 in chips) 
Seat 6: Johnnyj0 ($133.67 in chips) 
$triker_BLR: posts small blind $0.50
peak joker33: posts big blind $1
*** HOLE CARDS ***
Burlica2013: folds 
Burlica2013 leaves the table
Johnnyj0: raises $1.50 to $2.50
Lago Madjore: folds 
Fake Lava: folds 
$triker_BLR: folds 
peak joker33: folds 
Uncalled bet ($1.50) returned to Johnnyj0
Johnnyj0 collected $2.50 from pot
Johnnyj0: doesn't show hand 
*** SUMMARY ***
Total pot $2.50 | Rake $0 
Seat 1: Lago Madjore folded before Flop (didn't bet)
Seat 2: Fake Lava (button) folded before Flop (didn't bet)
Seat 3: $triker_BLR (small blind) folded before Flop
Seat 4: peak joker33 (big blind) folded before Flop
Seat 5: Burlica2013 folded before Flop (didn't bet)
Seat 6: Johnnyj0 collected ($2.50)



PokerStars Hand #254292187238:  Hold'em No Limit ($0.50/$1.00 USD) - 2025/01/10 8:20:00 WET [2025/01/10 3:20:00 ET]
Table 'Cunitza II' 6-max Seat #3 is the button
Seat 1: Lago Madjore ($100 in chips) 
Seat 2: Fake Lava ($100 in chips) 
Seat 3: $triker_BLR ($100 in chips) 
Seat 4: peak joker33 ($145.89 in chips) 
Seat 6: Johnnyj0 ($135.17 in chips) 
peak joker33: posts small blind $0.50
Johnnyj0: posts big blind $1
*** HOLE CARDS ***
Lago Madjore: folds 
Fake Lava: folds 
$triker_BLR: folds 
peak joker33: raises $2 to $3
Johnnyj0: folds 
Uncalled bet ($2) returned to peak joker33
Johnnyj0 leaves the table
peak joker33 collected $2 from pot
peak joker33: doesn't show hand 
*** SUMMARY ***
Total pot $2 | Rake $0 
Seat 1: Lago Madjore folded before Flop (didn't bet)
Seat 2: Fake Lava folded before Flop (didn't bet)
Seat 3: $triker_BLR (button) folded before Flop (didn't bet)
Seat 4: peak joker33 (small blind) collected ($2)
Seat 6: Johnnyj0 (big blind) folded before Flop



PokerStars Hand #254292189011:  Hold'em No Limit ($0.50/$1.00 USD) - 2025/01/10 8:20:21 WET [2025/01/10 3:20:21 ET]
Table 'Cunitza II' 6-max Seat #4 is the button
Seat 1: Lago Madjore ($100 in chips) 
Seat 2: Fake Lava ($100 in chips) 
Seat 3: $triker_BLR ($100 in chips) 
Seat 4: peak joker33 ($146.89 in chips) 
Lago Madjore: posts small blind $0.50
Fake Lava: posts big blind $1
*** HOLE CARDS ***
$triker_BLR: folds 
peak joker33: folds 
Lago Madjore: folds 
Uncalled bet ($0.50) returned to Fake Lava
Fake Lava collected $1 from pot
Fake Lava: doesn't show hand 
*** SUMMARY ***
Total pot $1 | Rake $0 
Seat 1: Lago Madjore (small blind) folded before Flop
Seat 2: Fake Lava (big blind) collected ($1)
Seat 3: $triker_BLR folded before Flop (didn't bet)
Seat 4: peak joker33 (button) folded before Flop (didn't bet)



PokerStars Hand #254292189898:  Hold'em No Limit ($0.50/$1.00 USD) - 2025/01/10 8:20:31 WET [2025/01/10 3:20:31 ET]
Table 'Cunitza II' 6-max Seat #1 is the button
Seat 3: $triker_BLR ($100 in chips) is sitting out
Seat 1: Lago Madjore ($100 in chips) 
Seat 2: Fake Lava ($100.50 in chips) 
Seat 4: peak joker33 ($146.89 in chips) 
Fake Lava: posts small blind $0.50
$triker_BLR: is sitting out 
peak joker33: posts big blind $1
*** HOLE CARDS ***
Lago Madjore: folds 
Fake Lava: raises $2 to $3
$triker_BLR leaves the table
peak joker33: raises $6 to $9
Fake Lava: calls $6
*** FLOP *** [Ks Kh Ac]
Fake Lava: checks 
peak joker33: bets $5.64
Fake Lava: raises $10.36 to $16
peak joker33: folds 
Uncalled bet ($10.36) returned to Fake Lava
Fake Lava collected $28.28 from pot
Fake Lava: doesn't show hand 
*** SUMMARY ***
Total pot $29.28 | Rake $1 
Board [Ks Kh Ac]
Seat 3: $triker_BLR
Seat 1: Lago Madjore (button) folded before Flop (didn't bet)
Seat 2: Fake Lava (small blind) collected ($28.28)
Seat 4: peak joker33 (big blind) folded on the Flop



