PokerStars Hand #254306481847:  Hold'em No Limit ($0.50/$1.00 USD) - 2025/01/10 2:11:35 WET [2025/01/10 21:11:35 ET]
Table 'Tabit III' 6-max Seat #5 is the button
Seat 4: RT RT960 ($0 in chips) is sitting out
Seat 1: XneferX ($104.48 in chips) 
Seat 2: Rysiff ($127.68 in chips) 
Seat 3: equilibrium_tv ($76.50 in chips) 
Seat 5: Jaoid Oceima ($69.76 in chips) 
Seat 6: m0nTTu ($98.50 in chips) 
m0nTTu: posts small blind $0.50
XneferX: posts big blind $1
*** HOLE CARDS ***
Rysiff: folds 
equilibrium_tv: folds 
Jaoid Oceima: folds 
m0nTTu: folds 
Uncalled bet ($0.50) returned to XneferX
XneferX collected $1 from pot
XneferX: doesn't show hand 
*** SUMMARY ***
Total pot $1 | Rake $0 
Seat 4: RT RT960
Seat 1: XneferX (big blind) collected ($1)
Seat 2: Rysiff folded before Flop (didn't bet)
Seat 3: equilibrium_tv folded before Flop (didn't bet)
Seat 5: Jaoid Oceima (button) folded before Flop (didn't bet)
Seat 6: m0nTTu (small blind) folded before Flop



PokerStars Hand #254306484266:  Hold'em No Limit ($0.50/$1.00 USD) - 2025/01/10 2:11:48 WET [2025/01/10 21:11:48 ET]
Table 'Tabit III' 6-max Seat #6 is the button
Seat 4: RT RT960 ($0 in chips) is sitting out
Seat 1: XneferX ($104.98 in chips) 
Seat 2: Rysiff ($127.68 in chips) 
Seat 3: equilibrium_tv ($76.50 in chips) 
Seat 5: Jaoid Oceima ($69.76 in chips) 
Seat 6: m0nTTu ($98 in chips) 
XneferX: posts small blind $0.50
Rysiff: posts big blind $1
*** HOLE CARDS ***
equilibrium_tv: raises $1.50 to $2.50
Jaoid Oceima: calls $2.50
m0nTTu: folds 
XneferX: calls $2
Rysiff: folds 
*** FLOP *** [Ts 3c Jh]
XneferX: bets $4.12
equilibrium_tv: folds 
Jaoid Oceima: calls $4.12
*** TURN *** [Ts 3c Jh] [Td]
XneferX: checks 
Jaoid Oceima: checks 
*** RIVER *** [Ts 3c Jh Td] [3s]
XneferX: bets $98.36 and is all-in
Jaoid Oceima: folds 
Uncalled bet ($98.36) returned to XneferX
XneferX collected $15.90 from pot
XneferX: doesn't show hand 
*** SUMMARY ***
Total pot $16.74 | Rake $0.84 
Board [Ts 3c Jh Td 3s]
Seat 4: RT RT960
Seat 1: XneferX (small blind) collected ($15.90)
Seat 2: Rysiff (big blind) folded before Flop
Seat 3: equilibrium_tv folded on the Flop
Seat 5: Jaoid Oceima folded on the River
Seat 6: m0nTTu (button) folded before Flop (didn't bet)



PokerStars Hand #254306498844:  Hold'em No Limit ($0.50/$1.00 USD) - 2025/01/10 2:13:09 WET [2025/01/10 21:13:09 ET]
Table 'Tabit III' 6-max Seat #1 is the button
Seat 4: RT RT960 ($0 in chips) is sitting out
Seat 1: XneferX ($114.26 in chips) 
Seat 2: Rysiff ($126.68 in chips) 
Seat 3: equilibrium_tv ($74 in chips) 
Seat 5: Jaoid Oceima ($63.14 in chips) 
Seat 6: m0nTTu ($98 in chips) 
Rysiff: posts small blind $0.50
equilibrium_tv: posts big blind $1
*** HOLE CARDS ***
Jaoid Oceima: folds 
m0nTTu: folds 
XneferX: folds 
Rysiff: folds 
Uncalled bet ($0.50) returned to equilibrium_tv
Jaoid Oceima leaves the table
equilibrium_tv collected $1 from pot
*** SUMMARY ***
Total pot $1 | Rake $0 
Seat 4: RT RT960
Seat 1: XneferX (button) folded before Flop (didn't bet)
Seat 2: Rysiff (small blind) folded before Flop
Seat 3: equilibrium_tv (big blind) collected ($1)
Seat 5: Jaoid Oceima folded before Flop (didn't bet)
Seat 6: m0nTTu folded before Flop (didn't bet)



PokerStars Hand #254306501896:  Hold'em No Limit ($0.50/$1.00 USD) - 2025/01/10 2:13:26 WET [2025/01/10 21:13:26 ET]
Table 'Tabit III' 6-max Seat #2 is the button
Seat 4: RT RT960 ($0 in chips) is sitting out
Seat 1: XneferX ($114.26 in chips) 
Seat 2: Rysiff ($126.18 in chips) 
Seat 3: equilibrium_tv ($74.50 in chips) 
Seat 6: m0nTTu ($98 in chips) 
equilibrium_tv: posts small blind $0.50
m0nTTu: posts big blind $1
*** HOLE CARDS ***
XneferX: folds 
Rysiff: folds 
equilibrium_tv: folds 
Uncalled bet ($0.50) returned to m0nTTu
m0nTTu collected $1 from pot
m0nTTu: doesn't show hand 
*** SUMMARY ***
Total pot $1 | Rake $0 
Seat 4: RT RT960
Seat 1: XneferX folded before Flop (didn't bet)
Seat 2: Rysiff (button) folded before Flop (didn't bet)
Seat 3: equilibrium_tv (small blind) folded before Flop
Seat 6: m0nTTu (big blind) collected ($1)



PokerStars Hand #254306504182:  Hold'em No Limit ($0.50/$1.00 USD) - 2025/01/10 2:13:38 WET [2025/01/10 21:13:38 ET]
Table 'Tabit III' 6-max Seat #3 is the button
Seat 4: RT RT960 ($0 in chips) is sitting out
Seat 1: XneferX ($114.26 in chips) 
Seat 2: Rysiff ($126.18 in chips) 
Seat 3: equilibrium_tv ($74 in chips) 
Seat 6: m0nTTu ($98.50 in chips) 
m0nTTu: posts small blind $0.50
XneferX: posts big blind $1
*** HOLE CARDS ***
Rysiff: folds 
equilibrium_tv: folds 
m0nTTu: raises $2 to $3
XneferX: calls $2
*** FLOP *** [Qh 2s 3h]
mironchikvld joins the table at seat #5 
m0nTTu: checks 
XneferX: checks 
*** TURN *** [Qh 2s 3h] [9s]
m0nTTu: checks 
XneferX: checks 
*** RIVER *** [Qh 2s 3h 9s] [Jd]
m0nTTu: checks 
XneferX: checks 
*** SHOW DOWN ***
m0nTTu: shows [Jc Ah] (a pair of Jacks)
XneferX: mucks hand 
m0nTTu collected $5.70 from pot
*** SUMMARY ***
Total pot $6 | Rake $0.30 
Board [Qh 2s 3h 9s Jd]
Seat 4: RT RT960
Seat 1: XneferX (big blind) mucked
Seat 2: Rysiff folded before Flop (didn't bet)
Seat 3: equilibrium_tv (button) folded before Flop (didn't bet)
Seat 6: m0nTTu (small blind) showed [Jc Ah] and won ($5.70) with a pair of Jacks



PokerStars Hand #254306517849:  Hold'em No Limit ($0.50/$1.00 USD) - 2025/01/10 2:14:54 WET [2025/01/10 21:14:54 ET]
Table 'Tabit III' 6-max Seat #6 is the button
Seat 5: mironchikvld ($100 in chips) is sitting out
Seat 1: XneferX ($111.26 in chips) 
Seat 2: Rysiff ($126.18 in chips) 
Seat 3: equilibrium_tv ($74 in chips) 
Seat 4: RT RT960 ($46.56 in chips) 
Seat 6: m0nTTu ($101.20 in chips) 
XneferX: posts small blind $0.50
Rysiff: posts big blind $1
RT RT960: posts small & big blinds $1.50
mironchikvld: sits out 
*** HOLE CARDS ***
equilibrium_tv: folds 
RT RT960: checks 
m0nTTu: raises $4 to $5
XneferX: folds 
Rysiff: folds 
RT RT960: folds 
Uncalled bet ($4) returned to m0nTTu
m0nTTu collected $4 from pot
m0nTTu: doesn't show hand 
*** SUMMARY ***
Total pot $4 | Rake $0 
Seat 5: mironchikvld
Seat 1: XneferX (small blind) folded before Flop
Seat 2: Rysiff (big blind) folded before Flop
Seat 3: equilibrium_tv folded before Flop (didn't bet)
Seat 4: RT RT960 folded before Flop (didn't bet)
Seat 6: m0nTTu (button) collected ($4)



PokerStars Hand #254306525093:  Hold'em No Limit ($0.50/$1.00 USD) - 2025/01/10 2:15:35 WET [2025/01/10 21:15:35 ET]
Table 'Tabit III' 6-max Seat #1 is the button
Seat 3: equilibrium_tv ($74 in chips) is sitting out
Seat 5: mironchikvld ($100 in chips) is sitting out
Seat 1: XneferX ($110.76 in chips) 
Seat 2: Rysiff ($125.18 in chips) 
Seat 4: RT RT960 ($45.06 in chips) 
Seat 6: m0nTTu ($104.20 in chips) 
Rysiff: posts small blind $0.50
equilibrium_tv: is sitting out 
RT RT960: posts big blind $1
mironchikvld: sits out 
*** HOLE CARDS ***
m0nTTu: folds 
equilibrium_tv leaves the table
XneferX: folds 
Rysiff: raises $2 to $3
RT RT960: folds 
Uncalled bet ($2) returned to Rysiff
Rysiff collected $2 from pot
Rysiff: doesn't show hand 
*** SUMMARY ***
Total pot $2 | Rake $0 
Seat 3: equilibrium_tv
Seat 5: mironchikvld
Seat 1: XneferX (button) folded before Flop (didn't bet)
Seat 2: Rysiff (small blind) collected ($2)
Seat 4: RT RT960 (big blind) folded before Flop
Seat 6: m0nTTu folded before Flop (didn't bet)



PokerStars Hand #254306529172:  Hold'em No Limit ($0.50/$1.00 USD) - 2025/01/10 2:15:58 WET [2025/01/10 21:15:58 ET]
Table 'Tabit III' 6-max Seat #2 is the button
Seat 1: XneferX ($110.76 in chips) 
Seat 2: Rysiff ($126.18 in chips) 
Seat 4: RT RT960 ($44.06 in chips) 
Seat 5: mironchikvld ($100 in chips) 
Seat 6: m0nTTu ($104.20 in chips) 
RT RT960: posts small blind $0.50
mironchikvld: posts big blind $1
*** HOLE CARDS ***
m0nTTu: folds 
XneferX: folds 
Rysiff: raises $1.50 to $2.50
RT RT960: folds 
mironchikvld: folds 
Uncalled bet ($1.50) returned to Rysiff
Rysiff collected $2.50 from pot
Rysiff: doesn't show hand 
*** SUMMARY ***
Total pot $2.50 | Rake $0 
Seat 1: XneferX folded before Flop (didn't bet)
Seat 2: Rysiff (button) collected ($2.50)
Seat 4: RT RT960 (small blind) folded before Flop
Seat 5: mironchikvld (big blind) folded before Flop
Seat 6: m0nTTu folded before Flop (didn't bet)



PokerStars Hand #254306532320:  Hold'em No Limit ($0.50/$1.00 USD) - 2025/01/10 2:16:16 WET [2025/01/10 21:16:16 ET]
Table 'Tabit III' 6-max Seat #5 is the button
Seat 1: XneferX ($110.76 in chips) is sitting out
Seat 2: Rysiff ($127.68 in chips) is sitting out
Seat 6: m0nTTu ($104.20 in chips) is sitting out
Seat 4: RT RT960 ($43.56 in chips) 
Seat 5: mironchikvld ($100 in chips) 
mironchikvld: posts small blind $0.50
m0nTTu: is sitting out 
XneferX: is sitting out 
Rysiff: is sitting out 
RT RT960: posts big blind $1
*** HOLE CARDS ***
m0nTTu leaves the table
Rysiff leaves the table
XneferX leaves the table
mironchikvld: raises $1.50 to $2.50
RT RT960: calls $1.50
*** FLOP *** [3h Ad 4h]
RT RT960: checks 
mironchikvld: bets $1.57
RT RT960: folds 
Uncalled bet ($1.57) returned to mironchikvld
mironchikvld collected $4.75 from pot
mironchikvld: doesn't show hand 
*** SUMMARY ***
Total pot $5 | Rake $0.25 
Board [3h Ad 4h]
Seat 1: XneferX
Seat 2: Rysiff
Seat 6: m0nTTu
Seat 4: RT RT960 (big blind) folded on the Flop
Seat 5: mironchikvld (button) (small blind) collected ($4.75)



PokerStars Hand #254306539371:  Hold'em No Limit ($0.50/$1.00 USD) - 2025/01/10 2:16:56 WET [2025/01/10 21:16:56 ET]
Table 'Tabit III' 6-max Seat #4 is the button
Seat 4: RT RT960 ($41.06 in chips) 
Seat 5: mironchikvld ($102.25 in chips) 
RT RT960: posts small blind $0.50
mironchikvld: posts big blind $1
*** HOLE CARDS ***
RT RT960: folds 
Uncalled bet ($0.50) returned to mironchikvld
mironchikvld collected $1 from pot
mironchikvld: doesn't show hand 
*** SUMMARY ***
Total pot $1 | Rake $0 
Seat 4: RT RT960 (button) (small blind) folded before Flop
Seat 5: mironchikvld (big blind) collected ($1)



PokerStars Hand #254306540550:  Hold'em No Limit ($0.50/$1.00 USD) - 2025/01/10 2:17:03 WET [2025/01/10 21:17:03 ET]
Table 'Tabit III' 6-max Seat #5 is the button
Seat 4: RT RT960 ($40.56 in chips) 
Seat 5: mironchikvld ($102.75 in chips) 
mironchikvld: posts small blind $0.50
RT RT960: posts big blind $1
*** HOLE CARDS ***
mironchikvld: raises $1.50 to $2.50
RT RT960: raises $5 to $7.50
mironchikvld: folds 
Uncalled bet ($5) returned to RT RT960
RT RT960 collected $5 from pot
*** SUMMARY ***
Total pot $5 | Rake $0 
Seat 4: RT RT960 (big blind) collected ($5)
Seat 5: mironchikvld (button) (small blind) folded before Flop



PokerStars Hand #254306543538:  Hold'em No Limit ($0.50/$1.00 USD) - 2025/01/10 2:17:19 WET [2025/01/10 21:17:19 ET]
Table 'Tabit III' 6-max Seat #4 is the button
Seat 4: RT RT960 ($43.06 in chips) 
Seat 5: mironchikvld ($100.25 in chips) 
RT RT960: posts small blind $0.50
mironchikvld: posts big blind $1
*** HOLE CARDS ***
RT RT960: raises $2 to $3
mironchikvld: calls $2
*** FLOP *** [2d Ah 9h]
mironchikvld: checks 
RT RT960: bets $2.85
mironchikvld: calls $2.85
*** TURN *** [2d Ah 9h] [3c]
mironchikvld: checks 
RT RT960: checks 
*** RIVER *** [2d Ah 9h 3c] [Tc]
mironchikvld: bets $7.34
RT RT960: raises $25.80 to $33.14
PORCELLI joins the table at seat #1 
mironchikvld: folds 
Uncalled bet ($25.80) returned to RT RT960
RT RT960 collected $25.38 from pot
*** SUMMARY ***
Total pot $26.38 | Rake $1 
Board [2d Ah 9h 3c Tc]
Seat 4: RT RT960 (button) (small blind) collected ($25.38)
Seat 5: mironchikvld (big blind) folded on the River



PokerStars Hand #254306553926:  Hold'em No Limit ($0.50/$1.00 USD) - 2025/01/10 2:18:18 WET [2025/01/10 21:18:18 ET]
Table 'Tabit III' 6-max Seat #4 is the button
Seat 1: PORCELLI ($100 in chips) 
Seat 4: RT RT960 ($55.25 in chips) 
Seat 5: mironchikvld ($100 in chips) 
mironchikvld: posts small blind $0.50
PORCELLI: posts big blind $1
*** HOLE CARDS ***
RT RT960: raises $2 to $3
mironchikvld: raises $6 to $9
PORCELLI: folds 
RT RT960: calls $6
*** FLOP *** [Kd 3h 5d]
mironchikvld: checks 
RT RT960: checks 
*** TURN *** [Kd 3h 5d] [Js]
mironchikvld: bets $9.03
RT RT960: folds 
Uncalled bet ($9.03) returned to mironchikvld
mironchikvld collected $18.05 from pot
mironchikvld: doesn't show hand 
*** SUMMARY ***
Total pot $19 | Rake $0.95 
Board [Kd 3h 5d Js]
Seat 1: PORCELLI (big blind) folded before Flop
Seat 4: RT RT960 (button) folded on the Turn
Seat 5: mironchikvld (small blind) collected ($18.05)



PokerStars Hand #254306560069:  Hold'em No Limit ($0.50/$1.00 USD) - 2025/01/10 2:18:52 WET [2025/01/10 21:18:52 ET]
Table 'Tabit III' 6-max Seat #5 is the button
Seat 1: PORCELLI ($99 in chips) 
Seat 4: RT RT960 ($46.25 in chips) 
Seat 5: mironchikvld ($109.05 in chips) 
PORCELLI: posts small blind $0.50
RT RT960: posts big blind $1
*** HOLE CARDS ***
mironchikvld: raises $2 to $3
PORCELLI: raises $6 to $9
RT RT960: folds 
mironchikvld: calls $6
*** FLOP *** [Qd 8h 7h]
RT RT960 leaves the table
PORCELLI: checks 
mironchikvld: bets $5.96
PORCELLI: calls $5.96
*** TURN *** [Qd 8h 7h] [3s]
PORCELLI: checks 
ru_ruu_ru joins the table at seat #2 
mironchikvld: checks 
*** RIVER *** [Qd 8h 7h 3s] [Ad]
PORCELLI: bets $15
mironchikvld: folds 
Uncalled bet ($15) returned to PORCELLI
PORCELLI collected $29.92 from pot
PORCELLI: doesn't show hand 
*** SUMMARY ***
Total pot $30.92 | Rake $1 
Board [Qd 8h 7h 3s Ad]
Seat 1: PORCELLI (small blind) collected ($29.92)
Seat 4: RT RT960 (big blind) folded before Flop
Seat 5: mironchikvld (button) folded on the River



PokerStars Hand #254306571565:  Hold'em No Limit ($0.50/$1.00 USD) - 2025/01/10 2:19:58 WET [2025/01/10 21:19:58 ET]
Table 'Tabit III' 6-max Seat #1 is the button
Seat 2: ru_ruu_ru ($100 in chips) is sitting out
Seat 1: PORCELLI ($113.96 in chips) 
Seat 5: mironchikvld ($94.09 in chips) 
PORCELLI: posts small blind $0.50
mironchikvld: posts big blind $1
*** HOLE CARDS ***
PORCELLI: raises $9 to $10
mironchikvld: folds 
Uncalled bet ($9) returned to PORCELLI
PORCELLI collected $2 from pot
PORCELLI: doesn't show hand 
*** SUMMARY ***
Total pot $2 | Rake $0 
Seat 2: ru_ruu_ru
Seat 1: PORCELLI (button) (small blind) collected ($2)
Seat 5: mironchikvld (big blind) folded before Flop



PokerStars Hand #254306573627:  Hold'em No Limit ($0.50/$1.00 USD) - 2025/01/10 2:20:09 WET [2025/01/10 21:20:09 ET]
Table 'Tabit III' 6-max Seat #5 is the button
Seat 1: PORCELLI ($114.96 in chips) 
Seat 2: ru_ruu_ru ($100 in chips) 
Seat 5: mironchikvld ($93.09 in chips) 
PORCELLI: posts small blind $0.50
ru_ruu_ru: posts big blind $1
*** HOLE CARDS ***
mironchikvld: folds 
PORCELLI: calls $0.50
ru_ruu_ru: checks 
*** FLOP *** [Qh 5d Js]
PORCELLI: checks 
ru_ruu_ru: bets $1.25
PORCELLI: folds 
Uncalled bet ($1.25) returned to ru_ruu_ru
ru_ruu_ru collected $1.90 from pot
ru_ruu_ru: doesn't show hand 
*** SUMMARY ***
Total pot $2 | Rake $0.10 
Board [Qh 5d Js]
Seat 1: PORCELLI (small blind) folded on the Flop
Seat 2: ru_ruu_ru (big blind) collected ($1.90)
Seat 5: mironchikvld (button) folded before Flop (didn't bet)



PokerStars Hand #254306577325:  Hold'em No Limit ($0.50/$1.00 USD) - 2025/01/10 2:20:30 WET [2025/01/10 21:20:30 ET]
Table 'Tabit III' 6-max Seat #1 is the button
Seat 1: PORCELLI ($113.96 in chips) 
Seat 2: ru_ruu_ru ($100.90 in chips) 
Seat 5: mironchikvld ($93.09 in chips) 
ru_ruu_ru: posts small blind $0.50
mironchikvld: posts big blind $1
*** HOLE CARDS ***
PORCELLI: folds 
ru_ruu_ru: folds 
Uncalled bet ($0.50) returned to mironchikvld
mironchikvld collected $1 from pot
mironchikvld: doesn't show hand 
*** SUMMARY ***
Total pot $1 | Rake $0 
Seat 1: PORCELLI (button) folded before Flop (didn't bet)
Seat 2: ru_ruu_ru (small blind) folded before Flop
Seat 5: mironchikvld (big blind) collected ($1)



PokerStars Hand #254306579627:  Hold'em No Limit ($0.50/$1.00 USD) - 2025/01/10 2:20:43 WET [2025/01/10 21:20:43 ET]
Table 'Tabit III' 6-max Seat #2 is the button
Seat 1: PORCELLI ($113.96 in chips) 
Seat 2: ru_ruu_ru ($100.40 in chips) 
Seat 5: mironchikvld ($93.59 in chips) 
mironchikvld: posts small blind $0.50
PORCELLI: posts big blind $1
*** HOLE CARDS ***
ru_ruu_ru: folds 
mironchikvld: raises $2 to $3
PORCELLI: folds 
Uncalled bet ($2) returned to mironchikvld
rostickkin joins the table at seat #3 
mironchikvld collected $2 from pot
mironchikvld: doesn't show hand 
*** SUMMARY ***
Total pot $2 | Rake $0 
Seat 1: PORCELLI (big blind) folded before Flop
Seat 2: ru_ruu_ru (button) folded before Flop (didn't bet)
Seat 5: mironchikvld (small blind) collected ($2)



PokerStars Hand #254306582446:  Hold'em No Limit ($0.50/$1.00 USD) - 2025/01/10 2:20:59 WET [2025/01/10 21:20:59 ET]
Table 'Tabit III' 6-max Seat #5 is the button
Seat 3: rostickkin ($100 in chips) is sitting out
Seat 1: PORCELLI ($112.96 in chips) 
Seat 2: ru_ruu_ru ($100.40 in chips) 
Seat 5: mironchikvld ($94.59 in chips) 
PORCELLI: posts small blind $0.50
ru_ruu_ru: posts big blind $1
rostickkin: sits out 
*** HOLE CARDS ***
mironchikvld: folds 
PORCELLI: raises $3 to $4
ru_ruu_ru: calls $3
*** FLOP *** [Td 4h 6d]
PORCELLI: checks 
ru_ruu_ru: bets $3.80
PORCELLI: calls $3.80
*** TURN *** [Td 4h 6d] [2d]
PORCELLI: checks 
ru_ruu_ru: bets $9.78
PORCELLI: calls $9.78
*** RIVER *** [Td 4h 6d 2d] [3h]
PORCELLI: checks 
ru_ruu_ru: checks 
*** SHOW DOWN ***
PORCELLI: shows [9h 9s] (a pair of Nines)
ru_ruu_ru: shows [8c Tc] (a pair of Tens)
ru_ruu_ru collected $34.16 from pot
*** SUMMARY ***
Total pot $35.16 | Rake $1 
Board [Td 4h 6d 2d 3h]
Seat 3: rostickkin
Seat 1: PORCELLI (small blind) showed [9h 9s] and lost with a pair of Nines
Seat 2: ru_ruu_ru (big blind) showed [8c Tc] and won ($34.16) with a pair of Tens
Seat 5: mironchikvld (button) folded before Flop (didn't bet)



PokerStars Hand #254306588366:  Hold'em No Limit ($0.50/$1.00 USD) - 2025/01/10 2:21:32 WET [2025/01/10 21:21:32 ET]
Table 'Tabit III' 6-max Seat #1 is the button
Seat 1: PORCELLI ($95.38 in chips) 
Seat 2: ru_ruu_ru ($116.98 in chips) 
Seat 3: rostickkin ($100 in chips) 
Seat 5: mironchikvld ($94.59 in chips) 
ru_ruu_ru: posts small blind $0.50
rostickkin: posts big blind $1
*** HOLE CARDS ***
mironchikvld: folds 
PORCELLI: raises $2 to $3
ru_ruu_ru: folds 
rostickkin: folds 
Uncalled bet ($2) returned to PORCELLI
PORCELLI collected $2.50 from pot
PORCELLI: doesn't show hand 
*** SUMMARY ***
Total pot $2.50 | Rake $0 
Seat 1: PORCELLI (button) collected ($2.50)
Seat 2: ru_ruu_ru (small blind) folded before Flop
Seat 3: rostickkin (big blind) folded before Flop
Seat 5: mironchikvld folded before Flop (didn't bet)



PokerStars Hand #254306590975:  Hold'em No Limit ($0.50/$1.00 USD) - 2025/01/10 2:21:47 WET [2025/01/10 21:21:47 ET]
Table 'Tabit III' 6-max Seat #2 is the button
Seat 1: PORCELLI ($96.88 in chips) 
Seat 2: ru_ruu_ru ($116.48 in chips) 
Seat 3: rostickkin ($100 in chips) 
Seat 5: mironchikvld ($94.59 in chips) 
rostickkin: posts small blind $0.50
mironchikvld: posts big blind $1
*** HOLE CARDS ***
PORCELLI: folds 
ru_ruu_ru: raises $1.50 to $2.50
rostickkin: folds 
mironchikvld: folds 
Uncalled bet ($1.50) returned to ru_ruu_ru
ru_ruu_ru collected $2.50 from pot
ru_ruu_ru: doesn't show hand 
*** SUMMARY ***
Total pot $2.50 | Rake $0 
Seat 1: PORCELLI folded before Flop (didn't bet)
Seat 2: ru_ruu_ru (button) collected ($2.50)
Seat 3: rostickkin (small blind) folded before Flop
Seat 5: mironchikvld (big blind) folded before Flop



PokerStars Hand #254306593835:  Hold'em No Limit ($0.50/$1.00 USD) - 2025/01/10 2:22:04 WET [2025/01/10 21:22:04 ET]
Table 'Tabit III' 6-max Seat #3 is the button
Seat 1: PORCELLI ($96.88 in chips) 
Seat 2: ru_ruu_ru ($117.98 in chips) 
Seat 3: rostickkin ($100 in chips) 
Seat 5: mironchikvld ($93.59 in chips) 
mironchikvld: posts small blind $0.50
PORCELLI: posts big blind $1
*** HOLE CARDS ***
ru_ruu_ru: raises $2 to $3
rostickkin: folds 
mironchikvld: folds 
PORCELLI: folds 
Uncalled bet ($2) returned to ru_ruu_ru
ru_ruu_ru collected $2.50 from pot
ru_ruu_ru: doesn't show hand 
*** SUMMARY ***
Total pot $2.50 | Rake $0 
Seat 1: PORCELLI (big blind) folded before Flop
Seat 2: ru_ruu_ru collected ($2.50)
Seat 3: rostickkin (button) folded before Flop (didn't bet)
Seat 5: mironchikvld (small blind) folded before Flop



PokerStars Hand #254306597265:  Hold'em No Limit ($0.50/$1.00 USD) - 2025/01/10 2:22:23 WET [2025/01/10 21:22:23 ET]
Table 'Tabit III' 6-max Seat #5 is the button
Seat 1: PORCELLI ($95.88 in chips) 
Seat 2: ru_ruu_ru ($119.48 in chips) 
Seat 3: rostickkin ($100 in chips) 
Seat 5: mironchikvld ($93.09 in chips) 
PORCELLI: posts small blind $0.50
ru_ruu_ru: posts big blind $1
*** HOLE CARDS ***
RT RT960 joins the table at seat #6 
RT RT960 is disconnected 
rostickkin: folds 
mironchikvld: raises $2 to $3
7bekon7 joins the table at seat #4 
PORCELLI: raises $3 to $6
ru_ruu_ru: folds 
mironchikvld: calls $3
*** FLOP *** [2d 6s Ac]
PORCELLI: checks 
mironchikvld: checks 
*** TURN *** [2d 6s Ac] [Th]
PORCELLI: checks 
mironchikvld: checks 
*** RIVER *** [2d 6s Ac Th] [6d]
PORCELLI: checks 
mironchikvld: checks 
*** SHOW DOWN ***
PORCELLI: shows [Jc Qc] (a pair of Sixes)
mironchikvld: shows [Jd Kd] (a pair of Sixes - Ace+King kicker)
mironchikvld collected $12.35 from pot
*** SUMMARY ***
Total pot $13 | Rake $0.65 
Board [2d 6s Ac Th 6d]
Seat 1: PORCELLI (small blind) showed [Jc Qc] and lost with a pair of Sixes
Seat 2: ru_ruu_ru (big blind) folded before Flop
Seat 3: rostickkin folded before Flop (didn't bet)
Seat 5: mironchikvld (button) showed [Jd Kd] and won ($12.35) with a pair of Sixes



PokerStars Hand #254306605525:  Hold'em No Limit ($0.50/$1.00 USD) - 2025/01/10 2:23:10 WET [2025/01/10 21:23:10 ET]
Table 'Tabit III' 6-max Seat #1 is the button
Seat 4: 7bekon7 ($100 in chips) is sitting out
Seat 1: PORCELLI ($89.88 in chips) 
Seat 2: ru_ruu_ru ($118.48 in chips) 
Seat 3: rostickkin ($100 in chips) 
Seat 5: mironchikvld ($99.44 in chips) 
Seat 6: RT RT960 ($46.75 in chips) 
ru_ruu_ru: posts small blind $0.50
rostickkin: posts big blind $1
7bekon7: sits out 
RT RT960: posts big blind $1
*** HOLE CARDS ***
mironchikvld: folds 
RT RT960: raises $2 to $3
PORCELLI: calls $3
ru_ruu_ru: folds 
rostickkin: folds 
*** FLOP *** [Qc Qh Jc]
RT RT960: checks 
PORCELLI: bets $5
RT RT960: folds 
Uncalled bet ($5) returned to PORCELLI
PORCELLI collected $7.12 from pot
PORCELLI: doesn't show hand 
*** SUMMARY ***
Total pot $7.50 | Rake $0.38 
Board [Qc Qh Jc]
Seat 4: 7bekon7
Seat 1: PORCELLI (button) collected ($7.12)
Seat 2: ru_ruu_ru (small blind) folded before Flop
Seat 3: rostickkin (big blind) folded before Flop
Seat 5: mironchikvld folded before Flop (didn't bet)
Seat 6: RT RT960 folded on the Flop



PokerStars Hand #254306611011:  Hold'em No Limit ($0.50/$1.00 USD) - 2025/01/10 2:23:41 WET [2025/01/10 21:23:41 ET]
Table 'Tabit III' 6-max Seat #2 is the button
Seat 1: PORCELLI ($94 in chips) 
Seat 2: ru_ruu_ru ($117.98 in chips) 
Seat 3: rostickkin ($100 in chips) 
Seat 4: 7bekon7 ($100 in chips) 
Seat 5: mironchikvld ($99.44 in chips) 
Seat 6: RT RT960 ($43.75 in chips) 
rostickkin: posts small blind $0.50
7bekon7: posts big blind $1
*** HOLE CARDS ***
mironchikvld: folds 
RT RT960: folds 
PORCELLI: raises $3 to $4
ru_ruu_ru: folds 
rostickkin: folds 
7bekon7: folds 
Uncalled bet ($3) returned to PORCELLI
PORCELLI collected $2.50 from pot
PORCELLI: doesn't show hand 
*** SUMMARY ***
Total pot $2.50 | Rake $0 
Seat 1: PORCELLI collected ($2.50)
Seat 2: ru_ruu_ru (button) folded before Flop (didn't bet)
Seat 3: rostickkin (small blind) folded before Flop
Seat 4: 7bekon7 (big blind) folded before Flop
Seat 5: mironchikvld folded before Flop (didn't bet)
Seat 6: RT RT960 folded before Flop (didn't bet)



PokerStars Hand #254306614665:  Hold'em No Limit ($0.50/$1.00 USD) - 2025/01/10 2:24:02 WET [2025/01/10 21:24:02 ET]
Table 'Tabit III' 6-max Seat #3 is the button
Seat 1: PORCELLI ($95.50 in chips) 
Seat 2: ru_ruu_ru ($117.98 in chips) 
Seat 3: rostickkin ($100 in chips) 
Seat 4: 7bekon7 ($100 in chips) 
Seat 5: mironchikvld ($99.44 in chips) 
Seat 6: RT RT960 ($43.75 in chips) 
7bekon7: posts small blind $0.50
mironchikvld: posts big blind $1
*** HOLE CARDS ***
RT RT960: folds 
PORCELLI: folds 
ru_ruu_ru: folds 
rostickkin: folds 
7bekon7: calls $0.50
mironchikvld: checks 
*** FLOP *** [Jc Ad Qs]
7bekon7: checks 
mironchikvld: bets $1
7bekon7: folds 
Uncalled bet ($1) returned to mironchikvld
mironchikvld collected $1.90 from pot
mironchikvld: doesn't show hand 
*** SUMMARY ***
Total pot $2 | Rake $0.10 
Board [Jc Ad Qs]
Seat 1: PORCELLI folded before Flop (didn't bet)
Seat 2: ru_ruu_ru folded before Flop (didn't bet)
Seat 3: rostickkin (button) folded before Flop (didn't bet)
Seat 4: 7bekon7 (small blind) folded on the Flop
Seat 5: mironchikvld (big blind) collected ($1.90)
Seat 6: RT RT960 folded before Flop (didn't bet)



PokerStars Hand #254306625765:  Hold'em No Limit ($0.50/$1.00 USD) - 2025/01/10 2:25:06 WET [2025/01/10 21:25:06 ET]
Table 'Tabit III' 6-max Seat #4 is the button
Seat 1: PORCELLI ($95.50 in chips) 
Seat 2: ru_ruu_ru ($117.98 in chips) 
Seat 3: rostickkin ($100 in chips) 
Seat 4: 7bekon7 ($100 in chips) 
Seat 5: mironchikvld ($100.34 in chips) 
Seat 6: RT RT960 ($43.75 in chips) 
mironchikvld: posts small blind $0.50
RT RT960: posts big blind $1
*** HOLE CARDS ***
PORCELLI: folds 
ru_ruu_ru: folds 
rostickkin: raises $1.50 to $2.50
7bekon7: folds 
mironchikvld: folds 
RT RT960: raises $5.50 to $8
rostickkin: folds 
Uncalled bet ($5.50) returned to RT RT960
RT RT960 collected $5.50 from pot
*** SUMMARY ***
Total pot $5.50 | Rake $0 
Seat 1: PORCELLI folded before Flop (didn't bet)
Seat 2: ru_ruu_ru folded before Flop (didn't bet)
Seat 3: rostickkin folded before Flop
Seat 4: 7bekon7 (button) folded before Flop (didn't bet)
Seat 5: mironchikvld (small blind) folded before Flop
Seat 6: RT RT960 (big blind) collected ($5.50)



PokerStars Hand #254306630164:  Hold'em No Limit ($0.50/$1.00 USD) - 2025/01/10 2:25:31 WET [2025/01/10 21:25:31 ET]
Table 'Tabit III' 6-max Seat #5 is the button
Seat 1: PORCELLI ($95.50 in chips) 
Seat 2: ru_ruu_ru ($117.98 in chips) 
Seat 3: rostickkin ($100 in chips) 
Seat 4: 7bekon7 ($100 in chips) 
Seat 5: mironchikvld ($99.84 in chips) 
Seat 6: RT RT960 ($46.75 in chips) 
RT RT960: posts small blind $0.50
PORCELLI: posts big blind $1
*** HOLE CARDS ***
ru_ruu_ru: folds 
rostickkin: folds 
7bekon7: folds 
mironchikvld: folds 
RT RT960: raises $2 to $3
PORCELLI: folds 
Uncalled bet ($2) returned to RT RT960
RT RT960 collected $2 from pot
*** SUMMARY ***
Total pot $2 | Rake $0 
Seat 1: PORCELLI (big blind) folded before Flop
Seat 2: ru_ruu_ru folded before Flop (didn't bet)
Seat 3: rostickkin folded before Flop (didn't bet)
Seat 4: 7bekon7 folded before Flop (didn't bet)
Seat 5: mironchikvld (button) folded before Flop (didn't bet)
Seat 6: RT RT960 (small blind) collected ($2)



PokerStars Hand #254306636913:  Hold'em No Limit ($0.50/$1.00 USD) - 2025/01/10 2:26:11 WET [2025/01/10 21:26:11 ET]
Table 'Tabit III' 6-max Seat #6 is the button
Seat 1: PORCELLI ($94.50 in chips) 
Seat 2: ru_ruu_ru ($117.98 in chips) 
Seat 3: rostickkin ($100 in chips) 
Seat 4: 7bekon7 ($100 in chips) 
Seat 5: mironchikvld ($99.84 in chips) 
Seat 6: RT RT960 ($47.75 in chips) 
PORCELLI: posts small blind $0.50
ru_ruu_ru: posts big blind $1
*** HOLE CARDS ***
rostickkin: folds 
7bekon7: folds 
mironchikvld has timed out
mironchikvld: folds 
RT RT960: raises $2 to $3
PORCELLI: calls $2.50
ru_ruu_ru: folds 
*** FLOP *** [9d Jh 8s]
PORCELLI: checks 
RT RT960: bets $3.33
PORCELLI: calls $3.33
*** TURN *** [9d Jh 8s] [Kd]
PORCELLI: checks 
RT RT960: checks 
*** RIVER *** [9d Jh 8s Kd] [Ah]
PORCELLI: checks 
RT RT960: checks 
*** SHOW DOWN ***
PORCELLI: shows [7h Kc] (a pair of Kings)
RT RT960: mucks hand 
PORCELLI collected $12.98 from pot
*** SUMMARY ***
Total pot $13.66 | Rake $0.68 
Board [9d Jh 8s Kd Ah]
Seat 1: PORCELLI (small blind) showed [7h Kc] and won ($12.98) with a pair of Kings
Seat 2: ru_ruu_ru (big blind) folded before Flop
Seat 3: rostickkin folded before Flop (didn't bet)
Seat 4: 7bekon7 folded before Flop (didn't bet)
Seat 5: mironchikvld folded before Flop (didn't bet)
Seat 6: RT RT960 (button) mucked



PokerStars Hand #254306645578:  Hold'em No Limit ($0.50/$1.00 USD) - 2025/01/10 2:27:01 WET [2025/01/10 21:27:01 ET]
Table 'Tabit III' 6-max Seat #1 is the button
Seat 5: mironchikvld ($100 in chips) is sitting out
Seat 1: PORCELLI ($101.15 in chips) 
Seat 2: ru_ruu_ru ($116.98 in chips) 
Seat 3: rostickkin ($100 in chips) 
Seat 4: 7bekon7 ($100 in chips) 
Seat 6: RT RT960 ($41.42 in chips) 
ru_ruu_ru: posts small blind $0.50
rostickkin: posts big blind $1
*** HOLE CARDS ***
7bekon7: raises $1.25 to $2.25
RT RT960: calls $2.25
PORCELLI: calls $2.25
ru_ruu_ru: folds 
rostickkin: folds 
*** FLOP *** [Kh 9s 6s]
7bekon7: checks 
RT RT960: checks 
PORCELLI: checks 
*** TURN *** [Kh 9s 6s] [5s]
7bekon7: checks 
RT RT960: checks 
PORCELLI: checks 
*** RIVER *** [Kh 9s 6s 5s] [5d]
7bekon7: checks 
RT RT960: checks 
PORCELLI: bets $7
7bekon7: folds 
RT RT960: folds 
Uncalled bet ($7) returned to PORCELLI
PORCELLI collected $7.84 from pot
PORCELLI: doesn't show hand 
*** SUMMARY ***
Total pot $8.25 | Rake $0.41 
Board [Kh 9s 6s 5s 5d]
Seat 5: mironchikvld
Seat 1: PORCELLI (button) collected ($7.84)
Seat 2: ru_ruu_ru (small blind) folded before Flop
Seat 3: rostickkin (big blind) folded before Flop
Seat 4: 7bekon7 folded on the River
Seat 6: RT RT960 folded on the River



PokerStars Hand #254306660938:  Hold'em No Limit ($0.50/$1.00 USD) - 2025/01/10 2:28:31 WET [2025/01/10 21:28:31 ET]
Table 'Tabit III' 6-max Seat #2 is the button
Seat 1: PORCELLI ($106.74 in chips) 
Seat 2: ru_ruu_ru ($116.48 in chips) 
Seat 3: rostickkin ($100 in chips) 
Seat 4: 7bekon7 ($100 in chips) 
Seat 5: mironchikvld ($100 in chips) 
Seat 6: RT RT960 ($39.17 in chips) 
rostickkin: posts small blind $0.50
7bekon7: posts big blind $1
*** HOLE CARDS ***
mironchikvld: folds 
RT RT960: raises $2 to $3
PORCELLI: calls $3
ru_ruu_ru: folds 
rostickkin: folds 
7bekon7: folds 
*** FLOP *** [4c Ac 8d]
RT RT960: checks 
PORCELLI: checks 
*** TURN *** [4c Ac 8d] [Js]
RT RT960: bets $7.12
PORCELLI: calls $7.12
*** RIVER *** [4c Ac 8d Js] [7c]
RT RT960: bets $29.05 and is all-in
PORCELLI: folds 
Uncalled bet ($29.05) returned to RT RT960
RT RT960 collected $20.65 from pot
*** SUMMARY ***
Total pot $21.74 | Rake $1.09 
Board [4c Ac 8d Js 7c]
Seat 1: PORCELLI folded on the River
Seat 2: ru_ruu_ru (button) folded before Flop (didn't bet)
Seat 3: rostickkin (small blind) folded before Flop
Seat 4: 7bekon7 (big blind) folded before Flop
Seat 5: mironchikvld folded before Flop (didn't bet)
Seat 6: RT RT960 collected ($20.65)



PokerStars Hand #254306669422:  Hold'em No Limit ($0.50/$1.00 USD) - 2025/01/10 2:29:21 WET [2025/01/10 21:29:21 ET]
Table 'Tabit III' 6-max Seat #3 is the button
Seat 1: PORCELLI ($96.62 in chips) 
Seat 2: ru_ruu_ru ($116.48 in chips) 
Seat 3: rostickkin ($100 in chips) 
Seat 4: 7bekon7 ($100 in chips) 
Seat 5: mironchikvld ($100 in chips) 
Seat 6: RT RT960 ($49.70 in chips) 
7bekon7: posts small blind $0.50
mironchikvld: posts big blind $1
*** HOLE CARDS ***
RT RT960: folds 
PORCELLI: raises $5 to $6
ru_ruu_ru: folds 
rostickkin: folds 
7bekon7: folds 
mironchikvld: folds 
Uncalled bet ($5) returned to PORCELLI
PORCELLI collected $2.50 from pot
PORCELLI: doesn't show hand 
*** SUMMARY ***
Total pot $2.50 | Rake $0 
Seat 1: PORCELLI collected ($2.50)
Seat 2: ru_ruu_ru folded before Flop (didn't bet)
Seat 3: rostickkin (button) folded before Flop (didn't bet)
Seat 4: 7bekon7 (small blind) folded before Flop
Seat 5: mironchikvld (big blind) folded before Flop
Seat 6: RT RT960 folded before Flop (didn't bet)



PokerStars Hand #254306675019:  Hold'em No Limit ($0.50/$1.00 USD) - 2025/01/10 2:29:54 WET [2025/01/10 21:29:54 ET]
Table 'Tabit III' 6-max Seat #4 is the button
Seat 1: PORCELLI ($98.12 in chips) 
Seat 2: ru_ruu_ru ($116.48 in chips) 
Seat 3: rostickkin ($100 in chips) 
Seat 4: 7bekon7 ($100 in chips) 
Seat 5: mironchikvld ($100 in chips) 
Seat 6: RT RT960 ($49.70 in chips) 
mironchikvld: posts small blind $0.50
RT RT960: posts big blind $1
*** HOLE CARDS ***
PORCELLI: folds 
ru_ruu_ru: folds 
rostickkin: raises $1.50 to $2.50
7bekon7: folds 
mironchikvld: folds 
RT RT960: calls $1.50
*** FLOP *** [7d 4c 2d]
RT RT960: checks 
rostickkin: bets $3.97
RT RT960: calls $3.97
*** TURN *** [7d 4c 2d] [Js]
RT RT960: checks 
rostickkin: bets $11.41
RT RT960: calls $11.41
*** RIVER *** [7d 4c 2d Js] [Tc]
RT RT960: bets $17.23
rostickkin: raises $22.05 to $39.28
RT RT960: folds 
Uncalled bet ($22.05) returned to rostickkin
rostickkin collected $68.22 from pot
rostickkin: doesn't show hand 
*** SUMMARY ***
Total pot $70.72 | Rake $2.50 
Board [7d 4c 2d Js Tc]
Seat 1: PORCELLI folded before Flop (didn't bet)
Seat 2: ru_ruu_ru folded before Flop (didn't bet)
Seat 3: rostickkin collected ($68.22)
Seat 4: 7bekon7 (button) folded before Flop (didn't bet)
Seat 5: mironchikvld (small blind) folded before Flop
Seat 6: RT RT960 (big blind) folded on the River



PokerStars Hand #254306690419:  Hold'em No Limit ($0.50/$1.00 USD) - 2025/01/10 2:31:25 WET [2025/01/10 21:31:25 ET]
Table 'Tabit III' 6-max Seat #5 is the button
Seat 1: PORCELLI ($98.12 in chips) 
Seat 2: ru_ruu_ru ($116.48 in chips) 
Seat 3: rostickkin ($133.11 in chips) 
Seat 4: 7bekon7 ($100 in chips) 
Seat 5: mironchikvld ($100 in chips) 
Seat 6: RT RT960 ($14.59 in chips) 
RT RT960: posts small blind $0.50
PORCELLI: posts big blind $1
*** HOLE CARDS ***
ru_ruu_ru: folds 
rostickkin: raises $1.20 to $2.20
7bekon7: folds 
mironchikvld: folds 
RT RT960: folds 
PORCELLI: calls $1.20
*** FLOP *** [Ac Jc 6d]
PORCELLI: checks 
rostickkin: bets $3.54
PORCELLI: folds 
Uncalled bet ($3.54) returned to rostickkin
rostickkin collected $4.66 from pot
rostickkin: doesn't show hand 
*** SUMMARY ***
Total pot $4.90 | Rake $0.24 
Board [Ac Jc 6d]
Seat 1: PORCELLI (big blind) folded on the Flop
Seat 2: ru_ruu_ru folded before Flop (didn't bet)
Seat 3: rostickkin collected ($4.66)
Seat 4: 7bekon7 folded before Flop (didn't bet)
Seat 5: mironchikvld (button) folded before Flop (didn't bet)
Seat 6: RT RT960 (small blind) folded before Flop



PokerStars Hand #254306697520:  Hold'em No Limit ($0.50/$1.00 USD) - 2025/01/10 2:32:06 WET [2025/01/10 21:32:06 ET]
Table 'Tabit III' 6-max Seat #6 is the button
Seat 1: PORCELLI ($95.92 in chips) 
Seat 2: ru_ruu_ru ($116.48 in chips) 
Seat 3: rostickkin ($135.57 in chips) 
Seat 4: 7bekon7 ($100 in chips) 
Seat 5: mironchikvld ($100 in chips) 
Seat 6: RT RT960 ($14.09 in chips) 
PORCELLI: posts small blind $0.50
ru_ruu_ru: posts big blind $1
*** HOLE CARDS ***
rostickkin: folds 
7bekon7: folds 
mironchikvld: folds 
RT RT960: folds 
PORCELLI: folds 
Uncalled bet ($0.50) returned to ru_ruu_ru
ru_ruu_ru collected $1 from pot
ru_ruu_ru: doesn't show hand 
*** SUMMARY ***
Total pot $1 | Rake $0 
Seat 1: PORCELLI (small blind) folded before Flop
Seat 2: ru_ruu_ru (big blind) collected ($1)
Seat 3: rostickkin folded before Flop (didn't bet)
Seat 4: 7bekon7 folded before Flop (didn't bet)
Seat 5: mironchikvld folded before Flop (didn't bet)
Seat 6: RT RT960 (button) folded before Flop (didn't bet)



PokerStars Hand #254306701318:  Hold'em No Limit ($0.50/$1.00 USD) - 2025/01/10 2:32:28 WET [2025/01/10 21:32:28 ET]
Table 'Tabit III' 6-max Seat #1 is the button
Seat 1: PORCELLI ($95.42 in chips) 
Seat 2: ru_ruu_ru ($116.98 in chips) 
Seat 3: rostickkin ($135.57 in chips) 
Seat 4: 7bekon7 ($100 in chips) 
Seat 5: mironchikvld ($100 in chips) 
Seat 6: RT RT960 ($14.09 in chips) 
ru_ruu_ru: posts small blind $0.50
rostickkin: posts big blind $1
*** HOLE CARDS ***
7bekon7: folds 
mironchikvld: folds 
RT RT960: raises $2 to $3
PORCELLI: folds 
ru_ruu_ru: folds 
rostickkin: folds 
Uncalled bet ($2) returned to RT RT960
RT RT960 collected $2.50 from pot
*** SUMMARY ***
Total pot $2.50 | Rake $0 
Seat 1: PORCELLI (button) folded before Flop (didn't bet)
Seat 2: ru_ruu_ru (small blind) folded before Flop
Seat 3: rostickkin (big blind) folded before Flop
Seat 4: 7bekon7 folded before Flop (didn't bet)
Seat 5: mironchikvld folded before Flop (didn't bet)
Seat 6: RT RT960 collected ($2.50)



PokerStars Hand #254306705302:  Hold'em No Limit ($0.50/$1.00 USD) - 2025/01/10 2:32:52 WET [2025/01/10 21:32:52 ET]
Table 'Tabit III' 6-max Seat #2 is the button
Seat 1: PORCELLI ($95.42 in chips) 
Seat 2: ru_ruu_ru ($116.48 in chips) 
Seat 3: rostickkin ($134.57 in chips) 
Seat 4: 7bekon7 ($100 in chips) 
Seat 5: mironchikvld ($100 in chips) 
Seat 6: RT RT960 ($15.59 in chips) 
rostickkin: posts small blind $0.50
7bekon7: posts big blind $1
*** HOLE CARDS ***
mironchikvld: folds 
RT RT960: raises $14.59 to $15.59 and is all-in
PORCELLI: folds 
ru_ruu_ru: folds 
rostickkin: folds 
7bekon7: calls $14.59
*** FLOP *** [9d Th 7c]
*** TURN *** [9d Th 7c] [3c]
*** RIVER *** [9d Th 7c 3c] [3h]
*** SHOW DOWN ***
7bekon7: shows [5d Ad] (a pair of Threes)
RT RT960: shows [Qc 8c] (a pair of Threes - lower kicker)
7bekon7 collected $30.10 from pot
*** SUMMARY ***
Total pot $31.68 | Rake $1.58 
Board [9d Th 7c 3c 3h]
Seat 1: PORCELLI folded before Flop (didn't bet)
Seat 2: ru_ruu_ru (button) folded before Flop (didn't bet)
Seat 3: rostickkin (small blind) folded before Flop
Seat 4: 7bekon7 (big blind) showed [5d Ad] and won ($30.10) with a pair of Threes
Seat 5: mironchikvld folded before Flop (didn't bet)
Seat 6: RT RT960 showed [Qc 8c] and lost with a pair of Threes



PokerStars Hand #254306713418:  Hold'em No Limit ($0.50/$1.00 USD) - 2025/01/10 2:33:39 WET [2025/01/10 21:33:39 ET]
Table 'Tabit III' 6-max Seat #3 is the button
Seat 6: RT RT960 ($0 in chips) is sitting out
Seat 1: PORCELLI ($95.42 in chips) 
Seat 2: ru_ruu_ru ($116.48 in chips) 
Seat 3: rostickkin ($134.07 in chips) 
Seat 4: 7bekon7 ($114.51 in chips) 
Seat 5: mironchikvld ($100 in chips) 
7bekon7: posts small blind $0.50
mironchikvld: posts big blind $1
*** HOLE CARDS ***
PORCELLI: raises $4 to $5
ru_ruu_ru: folds 
rostickkin: folds 
7bekon7: folds 
mironchikvld: folds 
Uncalled bet ($4) returned to PORCELLI
PORCELLI collected $2.50 from pot
PORCELLI: doesn't show hand 
*** SUMMARY ***
Total pot $2.50 | Rake $0 
Seat 6: RT RT960
Seat 1: PORCELLI collected ($2.50)
Seat 2: ru_ruu_ru folded before Flop (didn't bet)
Seat 3: rostickkin (button) folded before Flop (didn't bet)
Seat 4: 7bekon7 (small blind) folded before Flop
Seat 5: mironchikvld (big blind) folded before Flop



PokerStars Hand #254306716239:  Hold'em No Limit ($0.50/$1.00 USD) - 2025/01/10 2:33:56 WET [2025/01/10 21:33:56 ET]
Table 'Tabit III' 6-max Seat #4 is the button
Seat 6: RT RT960 ($0 in chips) is sitting out
Seat 1: PORCELLI ($96.92 in chips) 
Seat 2: ru_ruu_ru ($116.48 in chips) 
Seat 3: rostickkin ($134.07 in chips) 
Seat 4: 7bekon7 ($114.01 in chips) 
Seat 5: mironchikvld ($100 in chips) 
mironchikvld: posts small blind $0.50
PORCELLI: posts big blind $1
*** HOLE CARDS ***
ru_ruu_ru: folds 
rostickkin: folds 
7bekon7: folds 
mironchikvld: raises $2 to $3
PORCELLI: folds 
Uncalled bet ($2) returned to mironchikvld
mironchikvld collected $2 from pot
mironchikvld: doesn't show hand 
*** SUMMARY ***
Total pot $2 | Rake $0 
Seat 6: RT RT960
Seat 1: PORCELLI (big blind) folded before Flop
Seat 2: ru_ruu_ru folded before Flop (didn't bet)
Seat 3: rostickkin folded before Flop (didn't bet)
Seat 4: 7bekon7 (button) folded before Flop (didn't bet)
Seat 5: mironchikvld (small blind) collected ($2)



PokerStars Hand #254306720068:  Hold'em No Limit ($0.50/$1.00 USD) - 2025/01/10 2:34:18 WET [2025/01/10 21:34:18 ET]
Table 'Tabit III' 6-max Seat #5 is the button
Seat 6: RT RT960 ($0 in chips) is sitting out
Seat 1: PORCELLI ($95.92 in chips) 
Seat 2: ru_ruu_ru ($116.48 in chips) 
Seat 3: rostickkin ($134.07 in chips) 
Seat 4: 7bekon7 ($114.01 in chips) 
Seat 5: mironchikvld ($101 in chips) 
PORCELLI: posts small blind $0.50
ru_ruu_ru: posts big blind $1
*** HOLE CARDS ***
rostickkin: folds 
7bekon7: folds 
mironchikvld: folds 
PORCELLI: folds 
Uncalled bet ($0.50) returned to ru_ruu_ru
ru_ruu_ru collected $1 from pot
ru_ruu_ru: doesn't show hand 
*** SUMMARY ***
Total pot $1 | Rake $0 
Seat 6: RT RT960
Seat 1: PORCELLI (small blind) folded before Flop
Seat 2: ru_ruu_ru (big blind) collected ($1)
Seat 3: rostickkin folded before Flop (didn't bet)
Seat 4: 7bekon7 folded before Flop (didn't bet)
Seat 5: mironchikvld (button) folded before Flop (didn't bet)



PokerStars Hand #254306723246:  Hold'em No Limit ($0.50/$1.00 USD) - 2025/01/10 2:34:37 WET [2025/01/10 21:34:37 ET]
Table 'Tabit III' 6-max Seat #1 is the button
Seat 6: RT RT960 ($0 in chips) is sitting out
Seat 1: PORCELLI ($95.42 in chips) 
Seat 2: ru_ruu_ru ($116.98 in chips) 
Seat 3: rostickkin ($134.07 in chips) 
Seat 4: 7bekon7 ($114.01 in chips) 
Seat 5: mironchikvld ($101 in chips) 
ru_ruu_ru: posts small blind $0.50
rostickkin: posts big blind $1
*** HOLE CARDS ***
7bekon7: folds 
mironchikvld: folds 
PORCELLI: raises $6 to $7
ru_ruu_ru: folds 
rostickkin: folds 
Uncalled bet ($6) returned to PORCELLI
PORCELLI collected $2.50 from pot
PORCELLI: doesn't show hand 
*** SUMMARY ***
Total pot $2.50 | Rake $0 
Seat 6: RT RT960
Seat 1: PORCELLI (button) collected ($2.50)
Seat 2: ru_ruu_ru (small blind) folded before Flop
Seat 3: rostickkin (big blind) folded before Flop
Seat 4: 7bekon7 folded before Flop (didn't bet)
Seat 5: mironchikvld folded before Flop (didn't bet)



PokerStars Hand #254306726451:  Hold'em No Limit ($0.50/$1.00 USD) - 2025/01/10 2:34:56 WET [2025/01/10 21:34:56 ET]
Table 'Tabit III' 6-max Seat #2 is the button
Seat 6: RT RT960 ($0 in chips) is sitting out
Seat 1: PORCELLI ($96.92 in chips) 
Seat 2: ru_ruu_ru ($116.48 in chips) 
Seat 3: rostickkin ($133.07 in chips) 
Seat 4: 7bekon7 ($114.01 in chips) 
Seat 5: mironchikvld ($101 in chips) 
rostickkin: posts small blind $0.50
7bekon7: posts big blind $1
*** HOLE CARDS ***
mironchikvld: folds 
PORCELLI: raises $3 to $4
ru_ruu_ru: folds 
rostickkin: folds 
7bekon7: calls $3
*** FLOP *** [9s 2s Ah]
7bekon7: checks 
PORCELLI: checks 
*** TURN *** [9s 2s Ah] [5d]
7bekon7: checks 
PORCELLI: checks 
*** RIVER *** [9s 2s Ah 5d] [2d]
7bekon7: bets $4.04
PORCELLI: folds 
Uncalled bet ($4.04) returned to 7bekon7
7bekon7 collected $8.08 from pot
7bekon7: doesn't show hand 
*** SUMMARY ***
Total pot $8.50 | Rake $0.42 
Board [9s 2s Ah 5d 2d]
Seat 6: RT RT960
Seat 1: PORCELLI folded on the River
Seat 2: ru_ruu_ru (button) folded before Flop (didn't bet)
Seat 3: rostickkin (small blind) folded before Flop
Seat 4: 7bekon7 (big blind) collected ($8.08)
Seat 5: mironchikvld folded before Flop (didn't bet)



PokerStars Hand #254306735376:  Hold'em No Limit ($0.50/$1.00 USD) - 2025/01/10 2:35:49 WET [2025/01/10 21:35:49 ET]
Table 'Tabit III' 6-max Seat #3 is the button
Seat 6: RT RT960 ($0 in chips) is sitting out
Seat 1: PORCELLI ($92.92 in chips) 
Seat 2: ru_ruu_ru ($116.48 in chips) 
Seat 3: rostickkin ($132.57 in chips) 
Seat 4: 7bekon7 ($118.09 in chips) 
Seat 5: mironchikvld ($101 in chips) 
7bekon7: posts small blind $0.50
mironchikvld: posts big blind $1
*** HOLE CARDS ***
PORCELLI: folds 
ru_ruu_ru: folds 
rostickkin: raises $1.50 to $2.50
7bekon7: raises $6 to $8.50
mironchikvld: folds 
rostickkin: folds 
Uncalled bet ($6) returned to 7bekon7
7bekon7 collected $6 from pot
7bekon7: doesn't show hand 
*** SUMMARY ***
Total pot $6 | Rake $0 
Seat 6: RT RT960
Seat 1: PORCELLI folded before Flop (didn't bet)
Seat 2: ru_ruu_ru folded before Flop (didn't bet)
Seat 3: rostickkin (button) folded before Flop
Seat 4: 7bekon7 (small blind) collected ($6)
Seat 5: mironchikvld (big blind) folded before Flop



PokerStars Hand #254306740702:  Hold'em No Limit ($0.50/$1.00 USD) - 2025/01/10 2:36:20 WET [2025/01/10 21:36:20 ET]
Table 'Tabit III' 6-max Seat #4 is the button
Seat 6: RT RT960 ($0 in chips) is sitting out
Seat 1: PORCELLI ($92.92 in chips) 
Seat 2: ru_ruu_ru ($116.48 in chips) 
Seat 3: rostickkin ($130.07 in chips) 
Seat 4: 7bekon7 ($121.59 in chips) 
Seat 5: mironchikvld ($100 in chips) 
mironchikvld: posts small blind $0.50
PORCELLI: posts big blind $1
*** HOLE CARDS ***
ru_ruu_ru: folds 
rostickkin: folds 
7bekon7: raises $1.50 to $2.50
mironchikvld: folds 
PORCELLI: raises $6.50 to $9
7bekon7: folds 
Uncalled bet ($6.50) returned to PORCELLI
PORCELLI collected $5.50 from pot
PORCELLI: doesn't show hand 
*** SUMMARY ***
Total pot $5.50 | Rake $0 
Seat 6: RT RT960
Seat 1: PORCELLI (big blind) collected ($5.50)
Seat 2: ru_ruu_ru folded before Flop (didn't bet)
Seat 3: rostickkin folded before Flop (didn't bet)
Seat 4: 7bekon7 (button) folded before Flop
Seat 5: mironchikvld (small blind) folded before Flop



PokerStars Hand #254306744619:  Hold'em No Limit ($0.50/$1.00 USD) - 2025/01/10 2:36:42 WET [2025/01/10 21:36:42 ET]
Table 'Tabit III' 6-max Seat #5 is the button
Seat 6: RT RT960 ($0 in chips) is sitting out
Seat 1: PORCELLI ($95.92 in chips) 
Seat 2: ru_ruu_ru ($116.48 in chips) 
Seat 3: rostickkin ($130.07 in chips) 
Seat 4: 7bekon7 ($119.09 in chips) 
Seat 5: mironchikvld ($100 in chips) 
PORCELLI: posts small blind $0.50
ru_ruu_ru: posts big blind $1
*** HOLE CARDS ***
rostickkin: folds 
7bekon7: folds 
mironchikvld: folds 
PORCELLI: folds 
Uncalled bet ($0.50) returned to ru_ruu_ru
ru_ruu_ru collected $1 from pot
ru_ruu_ru: doesn't show hand 
RT RT960 is disconnected 
*** SUMMARY ***
Total pot $1 | Rake $0 
Seat 6: RT RT960
Seat 1: PORCELLI (small blind) folded before Flop
Seat 2: ru_ruu_ru (big blind) collected ($1)
Seat 3: rostickkin folded before Flop (didn't bet)
Seat 4: 7bekon7 folded before Flop (didn't bet)
Seat 5: mironchikvld (button) folded before Flop (didn't bet)



PokerStars Hand #254306747729:  Hold'em No Limit ($0.50/$1.00 USD) - 2025/01/10 2:37:01 WET [2025/01/10 21:37:01 ET]
Table 'Tabit III' 6-max Seat #1 is the button
Seat 6: RT RT960 ($0 in chips) is sitting out
Seat 1: PORCELLI ($95.42 in chips) 
Seat 2: ru_ruu_ru ($116.98 in chips) 
Seat 3: rostickkin ($130.07 in chips) 
Seat 4: 7bekon7 ($119.09 in chips) 
Seat 5: mironchikvld ($100 in chips) 
ru_ruu_ru: posts small blind $0.50
rostickkin: posts big blind $1
*** HOLE CARDS ***
7bekon7: raises $1.25 to $2.25
mironchikvld: folds 
RT RT960 leaves the table
PORCELLI: raises $7.75 to $10
ru_ruu_ru: folds 
rostickkin: folds 
7bekon7: folds 
Uncalled bet ($7.75) returned to PORCELLI
PORCELLI collected $6 from pot
PORCELLI: doesn't show hand 
*** SUMMARY ***
Total pot $6 | Rake $0 
Seat 6: RT RT960
Seat 1: PORCELLI (button) collected ($6)
Seat 2: ru_ruu_ru (small blind) folded before Flop
Seat 3: rostickkin (big blind) folded before Flop
Seat 4: 7bekon7 folded before Flop
Seat 5: mironchikvld folded before Flop (didn't bet)



PokerStars Hand #254306755449:  Hold'em No Limit ($0.50/$1.00 USD) - 2025/01/10 2:37:46 WET [2025/01/10 21:37:46 ET]
Table 'Tabit III' 6-max Seat #2 is the button
Seat 1: PORCELLI ($99.17 in chips) 
Seat 2: ru_ruu_ru ($116.48 in chips) 
Seat 3: rostickkin ($129.07 in chips) 
Seat 4: 7bekon7 ($116.84 in chips) 
Seat 5: mironchikvld ($100 in chips) 
rostickkin: posts small blind $0.50
7bekon7: posts big blind $1
*** HOLE CARDS ***
mironchikvld: folds 
PORCELLI: folds 
LuckyShikari joins the table at seat #6 
ru_ruu_ru: raises $1.50 to $2.50
rostickkin: folds 
7bekon7: raises $5.50 to $8
ru_ruu_ru: calls $5.50
*** FLOP *** [Qh 5s 5h]
7bekon7: bets $7.84
ru_ruu_ru: calls $7.84
*** TURN *** [Qh 5s 5h] [7s]
7bekon7: bets $15.29
ru_ruu_ru: calls $15.29
*** RIVER *** [Qh 5s 5h 7s] [3h]
7bekon7: checks 
ru_ruu_ru: bets $85.35 and is all-in
7bekon7: folds 
Uncalled bet ($85.35) returned to ru_ruu_ru
ru_ruu_ru collected $60.26 from pot
ru_ruu_ru: doesn't show hand 
*** SUMMARY ***
Total pot $62.76 | Rake $2.50 
Board [Qh 5s 5h 7s 3h]
Seat 1: PORCELLI folded before Flop (didn't bet)
Seat 2: ru_ruu_ru (button) collected ($60.26)
Seat 3: rostickkin (small blind) folded before Flop
Seat 4: 7bekon7 (big blind) folded on the River
Seat 5: mironchikvld folded before Flop (didn't bet)



PokerStars Hand #254306775349:  Hold'em No Limit ($0.50/$1.00 USD) - 2025/01/10 2:39:43 WET [2025/01/10 21:39:43 ET]
Table 'Tabit III' 6-max Seat #3 is the button
Seat 6: LuckyShikari ($100 in chips) is sitting out
Seat 1: PORCELLI ($99.17 in chips) 
Seat 2: ru_ruu_ru ($145.61 in chips) 
Seat 3: rostickkin ($128.57 in chips) 
Seat 4: 7bekon7 ($100 in chips) 
Seat 5: mironchikvld ($100 in chips) 
7bekon7: posts small blind $0.50
mironchikvld: posts big blind $1
LuckyShikari: sits out 
*** HOLE CARDS ***
PORCELLI: folds 
ru_ruu_ru: folds 
rostickkin: raises $1.50 to $2.50
7bekon7: folds 
mironchikvld: folds 
Uncalled bet ($1.50) returned to rostickkin
rostickkin collected $2.50 from pot
rostickkin: doesn't show hand 
*** SUMMARY ***
Total pot $2.50 | Rake $0 
Seat 6: LuckyShikari
Seat 1: PORCELLI folded before Flop (didn't bet)
Seat 2: ru_ruu_ru folded before Flop (didn't bet)
Seat 3: rostickkin (button) collected ($2.50)
Seat 4: 7bekon7 (small blind) folded before Flop
Seat 5: mironchikvld (big blind) folded before Flop



PokerStars Hand #254306780065:  Hold'em No Limit ($0.50/$1.00 USD) - 2025/01/10 2:40:11 WET [2025/01/10 21:40:11 ET]
Table 'Tabit III' 6-max Seat #4 is the button
Seat 1: PORCELLI ($99.17 in chips) 
Seat 2: ru_ruu_ru ($145.61 in chips) 
Seat 3: rostickkin ($130.07 in chips) 
Seat 4: 7bekon7 ($100 in chips) 
Seat 5: mironchikvld ($100 in chips) 
Seat 6: LuckyShikari ($100 in chips) 
mironchikvld: posts small blind $0.50
LuckyShikari: posts big blind $1
*** HOLE CARDS ***
PORCELLI: raises $2 to $3
ru_ruu_ru: folds 
rostickkin: folds 
7bekon7: raises $7 to $10
mironchikvld: folds 
LuckyShikari: raises $90 to $100 and is all-in
PORCELLI: folds 
7bekon7: calls $90 and is all-in
*** FIRST FLOP *** [3h 4d 6h]
*** FIRST TURN *** [3h 4d 6h] [As]
*** FIRST RIVER *** [3h 4d 6h As] [8s]
*** SECOND FLOP *** [Qh Ts Jd]
*** SECOND TURN *** [Qh Ts Jd] [9h]
*** SECOND RIVER *** [Qh Ts Jd 9h] [7s]
*** FIRST SHOW DOWN ***
LuckyShikari: shows [Qc Kc] (high card Ace)
7bekon7: shows [Ad Ah] (three of a kind, Aces)
7bekon7 collected $100.50 from pot
*** SECOND SHOW DOWN ***
LuckyShikari: shows [Qc Kc] (a straight, Nine to King)
7bekon7: shows [Ad Ah] (a pair of Aces)
LuckyShikari collected $100.50 from pot
*** SUMMARY ***
Total pot $203.50 | Rake $2.50 
Hand was run twice
FIRST Board [3h 4d 6h As 8s]
SECOND Board [Qh Ts Jd 9h 7s]
Seat 1: PORCELLI folded before Flop
Seat 2: ru_ruu_ru folded before Flop (didn't bet)
Seat 3: rostickkin folded before Flop (didn't bet)
Seat 4: 7bekon7 (button) showed [Ad Ah] and won ($100.50) with three of a kind, Aces, and lost with a pair of Aces
Seat 5: mironchikvld (small blind) folded before Flop
Seat 6: LuckyShikari (big blind) showed [Qc Kc] and lost with high card Ace, and won ($100.50) with a straight, Nine to King



PokerStars Hand #254306788975:  Hold'em No Limit ($0.50/$1.00 USD) - 2025/01/10 2:41:03 WET [2025/01/10 21:41:03 ET]
Table 'Tabit III' 6-max Seat #5 is the button
Seat 1: PORCELLI ($96.17 in chips) 
Seat 2: ru_ruu_ru ($145.61 in chips) 
Seat 3: rostickkin ($130.07 in chips) 
Seat 4: 7bekon7 ($100.50 in chips) 
Seat 5: mironchikvld ($100 in chips) 
Seat 6: LuckyShikari ($100.50 in chips) 
LuckyShikari: posts small blind $0.50
PORCELLI: posts big blind $1
*** HOLE CARDS ***
ru_ruu_ru: folds 
rostickkin: folds 
7bekon7: raises $1.50 to $2.50
mironchikvld: folds 
LuckyShikari: raises $10 to $12.50
PORCELLI: folds 
7bekon7: calls $10
*** FLOP *** [Ah 6h Kc]
LuckyShikari: bets $8
7bekon7: calls $8
*** TURN *** [Ah 6h Kc] [4h]
LuckyShikari: checks 
7bekon7: bets $9.98
LuckyShikari: calls $9.98
*** RIVER *** [Ah 6h Kc 4h] [5s]
LuckyShikari: checks 
7bekon7: bets $70.02 and is all-in
LuckyShikari: calls $70.02 and is all-in
*** SHOW DOWN ***
7bekon7: shows [6c 6d] (three of a kind, Sixes)
LuckyShikari: shows [2s As] (a pair of Aces)
7bekon7 collected $199.50 from pot
*** SUMMARY ***
Total pot $202 | Rake $2.50 
Board [Ah 6h Kc 4h 5s]
Seat 1: PORCELLI (big blind) folded before Flop
Seat 2: ru_ruu_ru folded before Flop (didn't bet)
Seat 3: rostickkin folded before Flop (didn't bet)
Seat 4: 7bekon7 showed [6c 6d] and won ($199.50) with three of a kind, Sixes
Seat 5: mironchikvld (button) folded before Flop (didn't bet)
Seat 6: LuckyShikari (small blind) showed [2s As] and lost with a pair of Aces



PokerStars Hand #254306805258:  Hold'em No Limit ($0.50/$1.00 USD) - 2025/01/10 2:42:40 WET [2025/01/10 21:42:40 ET]
Table 'Tabit III' 6-max Seat #6 is the button
Seat 1: PORCELLI ($95.17 in chips) 
Seat 2: ru_ruu_ru ($145.61 in chips) 
Seat 3: rostickkin ($130.07 in chips) 
Seat 4: 7bekon7 ($199.50 in chips) 
Seat 5: mironchikvld ($100 in chips) 
Seat 6: LuckyShikari ($100 in chips) 
PORCELLI: posts small blind $0.50
ru_ruu_ru: posts big blind $1
*** HOLE CARDS ***
rostickkin: folds 
7bekon7: folds 
mironchikvld has timed out
mironchikvld: folds 
LuckyShikari: raises $1.50 to $2.50
PORCELLI: folds 
ru_ruu_ru: folds 
Uncalled bet ($1.50) returned to LuckyShikari
LuckyShikari collected $2.50 from pot
LuckyShikari: doesn't show hand 
*** SUMMARY ***
Total pot $2.50 | Rake $0 
Seat 1: PORCELLI (small blind) folded before Flop
Seat 2: ru_ruu_ru (big blind) folded before Flop
Seat 3: rostickkin folded before Flop (didn't bet)
Seat 4: 7bekon7 folded before Flop (didn't bet)
Seat 5: mironchikvld folded before Flop (didn't bet)
Seat 6: LuckyShikari (button) collected ($2.50)



PokerStars Hand #254306811760:  Hold'em No Limit ($0.50/$1.00 USD) - 2025/01/10 2:43:19 WET [2025/01/10 21:43:19 ET]
Table 'Tabit III' 6-max Seat #1 is the button
Seat 5: mironchikvld ($100 in chips) is sitting out
Seat 1: PORCELLI ($94.67 in chips) 
Seat 2: ru_ruu_ru ($144.61 in chips) 
Seat 3: rostickkin ($130.07 in chips) 
Seat 4: 7bekon7 ($199.50 in chips) 
Seat 6: LuckyShikari ($101.50 in chips) 
ru_ruu_ru: posts small blind $0.50
rostickkin: posts big blind $1
*** HOLE CARDS ***
7bekon7: folds 
LuckyShikari: folds 
PORCELLI: folds 
ru_ruu_ru: raises $2 to $3
rostickkin: raises $6 to $9
mironchikvld leaves the table
ru_ruu_ru: calls $6
*** FLOP *** [4s 3c 3d]
ru_ruu_ru: checks 
rostickkin: bets $5.81
ru_ruu_ru: calls $5.81
*** TURN *** [4s 3c 3d] [Td]
ru_ruu_ru: checks 
rostickkin: checks 
*** RIVER *** [4s 3c 3d Td] [9d]
ru_ruu_ru: bets $21.10
rostickkin: folds 
Uncalled bet ($21.10) returned to ru_ruu_ru
ru_ruu_ru collected $28.14 from pot
ru_ruu_ru: doesn't show hand 
*** SUMMARY ***
Total pot $29.62 | Rake $1.48 
Board [4s 3c 3d Td 9d]
Seat 5: mironchikvld
Seat 1: PORCELLI (button) folded before Flop (didn't bet)
Seat 2: ru_ruu_ru (small blind) collected ($28.14)
Seat 3: rostickkin (big blind) folded on the River
Seat 4: 7bekon7 folded before Flop (didn't bet)
Seat 6: LuckyShikari folded before Flop (didn't bet)



PokerStars Hand #254306821848:  Hold'em No Limit ($0.50/$1.00 USD) - 2025/01/10 2:44:19 WET [2025/01/10 21:44:19 ET]
Table 'Tabit III' 6-max Seat #2 is the button
Seat 1: PORCELLI ($94.67 in chips) 
Seat 2: ru_ruu_ru ($157.94 in chips) 
Seat 3: rostickkin ($115.26 in chips) 
Seat 4: 7bekon7 ($199.50 in chips) 
Seat 6: LuckyShikari ($101.50 in chips) 
rostickkin: posts small blind $0.50
7bekon7: posts big blind $1
*** HOLE CARDS ***
LuckyShikari: raises $1.50 to $2.50
PORCELLI: calls $2.50
ru_ruu_ru: folds 
rostickkin: folds 
7bekon7: folds 
*** FLOP *** [Jd Jh Th]
LuckyShikari: bets $2.50
PORCELLI: calls $2.50
*** TURN *** [Jd Jh Th] [Qh]
LuckyShikari: bets $10.92
PORCELLI: calls $10.92
*** RIVER *** [Jd Jh Th Qh] [5s]
LuckyShikari: checks 
PORCELLI: checks 
*** SHOW DOWN ***
LuckyShikari: shows [4c 5h] (two pair, Jacks and Fives)
PORCELLI: mucks hand 
LuckyShikari collected $31.67 from pot
*** SUMMARY ***
Total pot $33.34 | Rake $1.67 
Board [Jd Jh Th Qh 5s]
Seat 1: PORCELLI mucked
Seat 2: ru_ruu_ru (button) folded before Flop (didn't bet)
Seat 3: rostickkin (small blind) folded before Flop
Seat 4: 7bekon7 (big blind) folded before Flop
Seat 6: LuckyShikari showed [4c 5h] and won ($31.67) with two pair, Jacks and Fives



PokerStars Hand #254306831434:  Hold'em No Limit ($0.50/$1.00 USD) - 2025/01/10 2:45:16 WET [2025/01/10 21:45:16 ET]
Table 'Tabit III' 6-max Seat #3 is the button
Seat 1: PORCELLI ($78.75 in chips) 
Seat 2: ru_ruu_ru ($157.94 in chips) 
Seat 3: rostickkin ($114.76 in chips) 
Seat 4: 7bekon7 ($198.50 in chips) 
Seat 6: LuckyShikari ($117.25 in chips) 
7bekon7: posts small blind $0.50
LuckyShikari: posts big blind $1
*** HOLE CARDS ***
PORCELLI: folds 
ru_ruu_ru: raises $1.50 to $2.50
rostickkin: folds 
7bekon7: raises $6 to $8.50
LuckyShikari: folds 
ru_ruu_ru: calls $6
*** FLOP *** [3d 5h 3h]
7bekon7: bets $8.55
ru_ruu_ru: calls $8.55
*** TURN *** [3d 5h 3h] [2s]
7bekon7: bets $33.34
ru_ruu_ru: folds 
Uncalled bet ($33.34) returned to 7bekon7
cym10761 joins the table at seat #5 
7bekon7 collected $33.34 from pot
7bekon7: doesn't show hand 
*** SUMMARY ***
Total pot $35.10 | Rake $1.76 
Board [3d 5h 3h 2s]
Seat 1: PORCELLI folded before Flop (didn't bet)
Seat 2: ru_ruu_ru folded on the Turn
Seat 3: rostickkin (button) folded before Flop (didn't bet)
Seat 4: 7bekon7 (small blind) collected ($33.34)
Seat 6: LuckyShikari (big blind) folded before Flop



PokerStars Hand #254306839977:  Hold'em No Limit ($0.50/$1.00 USD) - 2025/01/10 2:46:07 WET [2025/01/10 21:46:07 ET]
Table 'Tabit III' 6-max Seat #4 is the button
Seat 5: cym10761 ($80 in chips) is sitting out
Seat 1: PORCELLI ($78.75 in chips) 
Seat 2: ru_ruu_ru ($140.89 in chips) 
Seat 3: rostickkin ($114.76 in chips) 
Seat 4: 7bekon7 ($214.79 in chips) 
Seat 6: LuckyShikari ($116.25 in chips) 
LuckyShikari: posts small blind $0.50
PORCELLI: posts big blind $1
*** HOLE CARDS ***
ru_ruu_ru: folds 
rostickkin: folds 
7bekon7: raises $2 to $3
LuckyShikari: raises $12 to $15
PORCELLI: calls $14
7bekon7: folds 
*** FLOP *** [Kc Ad 8c]
LuckyShikari: bets $2.50
PORCELLI: raises $8.50 to $11
LuckyShikari: calls $8.50
*** TURN *** [Kc Ad 8c] [9c]
LuckyShikari: checks 
PORCELLI: bets $20
LuckyShikari: folds 
Uncalled bet ($20) returned to PORCELLI
PORCELLI collected $52.50 from pot
PORCELLI: doesn't show hand 
*** SUMMARY ***
Total pot $55 | Rake $2.50 
Board [Kc Ad 8c 9c]
Seat 5: cym10761
Seat 1: PORCELLI (big blind) collected ($52.50)
Seat 2: ru_ruu_ru folded before Flop (didn't bet)
Seat 3: rostickkin folded before Flop (didn't bet)
Seat 4: 7bekon7 (button) folded before Flop
Seat 6: LuckyShikari (small blind) folded on the Turn



PokerStars Hand #254306848263:  Hold'em No Limit ($0.50/$1.00 USD) - 2025/01/10 2:46:58 WET [2025/01/10 21:46:58 ET]
Table 'Tabit III' 6-max Seat #6 is the button
Seat 1: PORCELLI ($105.25 in chips) 
Seat 2: ru_ruu_ru ($140.89 in chips) 
Seat 3: rostickkin ($114.76 in chips) 
Seat 4: 7bekon7 ($211.79 in chips) 
Seat 5: cym10761 ($80 in chips) 
Seat 6: LuckyShikari ($100 in chips) 
PORCELLI: posts small blind $0.50
ru_ruu_ru: posts big blind $1
cym10761: posts big blind $1
*** HOLE CARDS ***
rostickkin: folds 
7bekon7: folds 
cym10761: checks 
LuckyShikari: raises $9 to $10
PORCELLI: calls $9.50
ru_ruu_ru: folds 
cym10761: folds 
*** FLOP *** [6c 3h 4d]
PORCELLI: checks 
LuckyShikari: checks 
*** TURN *** [6c 3h 4d] [9d]
PORCELLI: checks 
LuckyShikari: checks 
*** RIVER *** [6c 3h 4d 9d] [Tc]
PORCELLI: checks 
LuckyShikari: checks 
*** SHOW DOWN ***
PORCELLI: shows [Qs Ac] (high card Ace)
LuckyShikari: mucks hand 
PORCELLI collected $20.90 from pot
*** SUMMARY ***
Total pot $22 | Rake $1.10 
Board [6c 3h 4d 9d Tc]
Seat 1: PORCELLI (small blind) showed [Qs Ac] and won ($20.90) with high card Ace
Seat 2: ru_ruu_ru (big blind) folded before Flop
Seat 3: rostickkin folded before Flop (didn't bet)
Seat 4: 7bekon7 folded before Flop (didn't bet)
Seat 5: cym10761 folded before Flop (didn't bet)
Seat 6: LuckyShikari (button) mucked



PokerStars Hand #254306857269:  Hold'em No Limit ($0.50/$1.00 USD) - 2025/01/10 2:47:52 WET [2025/01/10 21:47:52 ET]
Table 'Tabit III' 6-max Seat #1 is the button
Seat 1: PORCELLI ($116.15 in chips) 
Seat 2: ru_ruu_ru ($139.89 in chips) 
Seat 3: rostickkin ($114.76 in chips) 
Seat 4: 7bekon7 ($211.79 in chips) 
Seat 5: cym10761 ($79 in chips) 
Seat 6: LuckyShikari ($100 in chips) 
ru_ruu_ru: posts small blind $0.50
rostickkin: posts big blind $1
*** HOLE CARDS ***
7bekon7: raises $1.25 to $2.25
cym10761: calls $2.25
LuckyShikari: folds 
PORCELLI: calls $2.25
ru_ruu_ru: folds 
rostickkin: folds 
*** FLOP *** [6c Qd Qh]
7bekon7: bets $1.96
cym10761: calls $1.96
PORCELLI: raises $2.04 to $4
7bekon7: folds 
cym10761: calls $2.04
*** TURN *** [6c Qd Qh] [3h]
cym10761: checks 
PORCELLI: checks 
*** RIVER *** [6c Qd Qh 3h] [Jh]
cym10761: checks 
PORCELLI: checks 
*** SHOW DOWN ***
cym10761: shows [9s Ah] (a pair of Queens)
PORCELLI: mucks hand 
cym10761 collected $17.30 from pot
*** SUMMARY ***
Total pot $18.21 | Rake $0.91 
Board [6c Qd Qh 3h Jh]
Seat 1: PORCELLI (button) mucked
Seat 2: ru_ruu_ru (small blind) folded before Flop
Seat 3: rostickkin (big blind) folded before Flop
Seat 4: 7bekon7 folded on the Flop
Seat 5: cym10761 showed [9s Ah] and won ($17.30) with a pair of Queens
Seat 6: LuckyShikari folded before Flop (didn't bet)



PokerStars Hand #254306869878:  Hold'em No Limit ($0.50/$1.00 USD) - 2025/01/10 2:49:09 WET [2025/01/10 21:49:09 ET]
Table 'Tabit III' 6-max Seat #2 is the button
Seat 1: PORCELLI ($109.90 in chips) 
Seat 2: ru_ruu_ru ($139.39 in chips) 
Seat 3: rostickkin ($113.76 in chips) 
Seat 4: 7bekon7 ($207.58 in chips) 
Seat 5: cym10761 ($90.05 in chips) 
Seat 6: LuckyShikari ($100 in chips) 
rostickkin: posts small blind $0.50
7bekon7: posts big blind $1
*** HOLE CARDS ***
cym10761: folds 
LuckyShikari: folds 
PORCELLI: folds 
ru_ruu_ru: folds 
rostickkin: folds 
Uncalled bet ($0.50) returned to 7bekon7
7bekon7 collected $1 from pot
7bekon7: doesn't show hand 
*** SUMMARY ***
Total pot $1 | Rake $0 
Seat 1: PORCELLI folded before Flop (didn't bet)
Seat 2: ru_ruu_ru (button) folded before Flop (didn't bet)
Seat 3: rostickkin (small blind) folded before Flop
Seat 4: 7bekon7 (big blind) collected ($1)
Seat 5: cym10761 folded before Flop (didn't bet)
Seat 6: LuckyShikari folded before Flop (didn't bet)



PokerStars Hand #254306874550:  Hold'em No Limit ($0.50/$1.00 USD) - 2025/01/10 2:49:37 WET [2025/01/10 21:49:37 ET]
Table 'Tabit III' 6-max Seat #3 is the button
Seat 1: PORCELLI ($109.90 in chips) 
Seat 2: ru_ruu_ru ($139.39 in chips) 
Seat 3: rostickkin ($113.26 in chips) 
Seat 4: 7bekon7 ($208.08 in chips) 
Seat 5: cym10761 ($90.05 in chips) 
Seat 6: LuckyShikari ($100 in chips) 
7bekon7: posts small blind $0.50
cym10761: posts big blind $1
*** HOLE CARDS ***
LuckyShikari: raises $1.50 to $2.50
PORCELLI: calls $2.50
ru_ruu_ru: folds 
rostickkin: folds 
7bekon7: calls $2
cym10761: calls $1.50
*** FLOP *** [6d 7h 7d]
7bekon7: bets $2.38
cym10761: raises $2.38 to $4.76
LuckyShikari: folds 
PORCELLI: calls $4.76
7bekon7: calls $2.38
*** TURN *** [6d 7h 7d] [6s]
7bekon7: checks 
cym10761: bets $82.79 and is all-in
PORCELLI: folds 
7bekon7: folds 
Uncalled bet ($82.79) returned to cym10761
cym10761 collected $23.07 from pot
cym10761: doesn't show hand 
*** SUMMARY ***
Total pot $24.28 | Rake $1.21 
Board [6d 7h 7d 6s]
Seat 1: PORCELLI folded on the Turn
Seat 2: ru_ruu_ru folded before Flop (didn't bet)
Seat 3: rostickkin (button) folded before Flop (didn't bet)
Seat 4: 7bekon7 (small blind) folded on the Turn
Seat 5: cym10761 (big blind) collected ($23.07)
Seat 6: LuckyShikari folded on the Flop



PokerStars Hand #254306884621:  Hold'em No Limit ($0.50/$1.00 USD) - 2025/01/10 2:50:39 WET [2025/01/10 21:50:39 ET]
Table 'Tabit III' 6-max Seat #4 is the button
Seat 1: PORCELLI ($102.64 in chips) 
Seat 2: ru_ruu_ru ($139.39 in chips) 
Seat 3: rostickkin ($113.26 in chips) 
Seat 4: 7bekon7 ($200.82 in chips) 
Seat 5: cym10761 ($105.86 in chips) 
Seat 6: LuckyShikari ($100 in chips) 
cym10761: posts small blind $0.50
LuckyShikari: posts big blind $1
*** HOLE CARDS ***
PORCELLI: raises $3 to $4
ru_ruu_ru: raises $12 to $16
rostickkin: folds 
7bekon7: folds 
cym10761: folds 
LuckyShikari: folds 
PORCELLI: calls $12
*** FLOP *** [8h 4d 5d]
PORCELLI: checks 
ru_ruu_ru: checks 
*** TURN *** [8h 4d 5d] [6d]
PORCELLI: checks 
ru_ruu_ru: checks 
*** RIVER *** [8h 4d 5d 6d] [Ks]
PORCELLI: checks 
ru_ruu_ru: bets $15.91
PORCELLI: folds 
Uncalled bet ($15.91) returned to ru_ruu_ru
ru_ruu_ru collected $31.82 from pot
ru_ruu_ru: doesn't show hand 
*** SUMMARY ***
Total pot $33.50 | Rake $1.68 
Board [8h 4d 5d 6d Ks]
Seat 1: PORCELLI folded on the River
Seat 2: ru_ruu_ru collected ($31.82)
Seat 3: rostickkin folded before Flop (didn't bet)
Seat 4: 7bekon7 (button) folded before Flop (didn't bet)
Seat 5: cym10761 (small blind) folded before Flop
Seat 6: LuckyShikari (big blind) folded before Flop



PokerStars Hand #254306893688:  Hold'em No Limit ($0.50/$1.00 USD) - 2025/01/10 2:51:34 WET [2025/01/10 21:51:34 ET]
Table 'Tabit III' 6-max Seat #5 is the button
Seat 1: PORCELLI ($86.64 in chips) 
Seat 2: ru_ruu_ru ($155.21 in chips) 
Seat 3: rostickkin ($113.26 in chips) 
Seat 4: 7bekon7 ($200.82 in chips) 
Seat 5: cym10761 ($105.36 in chips) 
Seat 6: LuckyShikari ($100 in chips) 
LuckyShikari: posts small blind $0.50
PORCELLI: posts big blind $1
*** HOLE CARDS ***
ru_ruu_ru: folds 
rostickkin: folds 
7bekon7: folds 
cym10761: folds 
cym10761 leaves the table
LuckyShikari: raises $2 to $3
PORCELLI: raises $7 to $10
LuckyShikari: folds 
Uncalled bet ($7) returned to PORCELLI
PORCELLI collected $6 from pot
PORCELLI: doesn't show hand 
*** SUMMARY ***
Total pot $6 | Rake $0 
Seat 1: PORCELLI (big blind) collected ($6)
Seat 2: ru_ruu_ru folded before Flop (didn't bet)
Seat 3: rostickkin folded before Flop (didn't bet)
Seat 4: 7bekon7 folded before Flop (didn't bet)
Seat 5: cym10761 (button) folded before Flop (didn't bet)
Seat 6: LuckyShikari (small blind) folded before Flop



PokerStars Hand #254306897658:  Hold'em No Limit ($0.50/$1.00 USD) - 2025/01/10 2:51:58 WET [2025/01/10 21:51:58 ET]
Table 'Tabit III' 6-max Seat #6 is the button
Seat 1: PORCELLI ($89.64 in chips) 
Seat 2: ru_ruu_ru ($155.21 in chips) 
Seat 3: rostickkin ($113.26 in chips) 
Seat 4: 7bekon7 ($200.82 in chips) 
Seat 6: LuckyShikari ($100 in chips) 
PORCELLI: posts small blind $0.50
ru_ruu_ru: posts big blind $1
*** HOLE CARDS ***
Sadyhov V.V. joins the table at seat #5 
rostickkin: raises $1.20 to $2.20
7bekon7: folds 
LuckyShikari: folds 
PORCELLI: calls $1.70
ru_ruu_ru: folds 
*** FLOP *** [Qd Jc 4h]
PORCELLI: checks 
rostickkin: bets $2.62
PORCELLI: folds 
Uncalled bet ($2.62) returned to rostickkin
rostickkin collected $5.13 from pot
rostickkin: doesn't show hand 
*** SUMMARY ***
Total pot $5.40 | Rake $0.27 
Board [Qd Jc 4h]
Seat 1: PORCELLI (small blind) folded on the Flop
Seat 2: ru_ruu_ru (big blind) folded before Flop
Seat 3: rostickkin collected ($5.13)
Seat 4: 7bekon7 folded before Flop (didn't bet)
Seat 6: LuckyShikari (button) folded before Flop (didn't bet)



PokerStars Hand #254306901944:  Hold'em No Limit ($0.50/$1.00 USD) - 2025/01/10 2:52:24 WET [2025/01/10 21:52:24 ET]
Table 'Tabit III' 6-max Seat #1 is the button
Seat 5: Sadyhov V.V. ($100 in chips) is sitting out
Seat 1: PORCELLI ($87.44 in chips) 
Seat 2: ru_ruu_ru ($154.21 in chips) 
Seat 3: rostickkin ($116.19 in chips) 
Seat 4: 7bekon7 ($200.82 in chips) 
Seat 6: LuckyShikari ($100 in chips) 
ru_ruu_ru: posts small blind $0.50
rostickkin: posts big blind $1
Sadyhov V.V.: sits out 
*** HOLE CARDS ***
7bekon7: raises $1.25 to $2.25
LuckyShikari: folds 
PORCELLI: folds 
ru_ruu_ru: folds 
rostickkin: folds 
Uncalled bet ($1.25) returned to 7bekon7
7bekon7 collected $2.50 from pot
7bekon7: doesn't show hand 
*** SUMMARY ***
Total pot $2.50 | Rake $0 
Seat 5: Sadyhov V.V.
Seat 1: PORCELLI (button) folded before Flop (didn't bet)
Seat 2: ru_ruu_ru (small blind) folded before Flop
Seat 3: rostickkin (big blind) folded before Flop
Seat 4: 7bekon7 collected ($2.50)
Seat 6: LuckyShikari folded before Flop (didn't bet)



PokerStars Hand #254306905079:  Hold'em No Limit ($0.50/$1.00 USD) - 2025/01/10 2:52:43 WET [2025/01/10 21:52:43 ET]
Table 'Tabit III' 6-max Seat #2 is the button
Seat 5: Sadyhov V.V. ($100 in chips) is sitting out
Seat 1: PORCELLI ($100 in chips) 
Seat 2: ru_ruu_ru ($153.71 in chips) 
Seat 3: rostickkin ($115.19 in chips) 
Seat 4: 7bekon7 ($202.32 in chips) 
Seat 6: LuckyShikari ($100 in chips) 
rostickkin: posts small blind $0.50
7bekon7: posts big blind $1
Sadyhov V.V.: sits out 
*** HOLE CARDS ***
LuckyShikari: folds 
PORCELLI: folds 
ru_ruu_ru: folds 
rostickkin: raises $2 to $3
7bekon7: folds 
Uncalled bet ($2) returned to rostickkin
rostickkin collected $2 from pot
rostickkin: doesn't show hand 
*** SUMMARY ***
Total pot $2 | Rake $0 
Seat 5: Sadyhov V.V.
Seat 1: PORCELLI folded before Flop (didn't bet)
Seat 2: ru_ruu_ru (button) folded before Flop (didn't bet)
Seat 3: rostickkin (small blind) collected ($2)
Seat 4: 7bekon7 (big blind) folded before Flop
Seat 6: LuckyShikari folded before Flop (didn't bet)



PokerStars Hand #254306907913:  Hold'em No Limit ($0.50/$1.00 USD) - 2025/01/10 2:53:01 WET [2025/01/10 21:53:01 ET]
Table 'Tabit III' 6-max Seat #3 is the button
Seat 1: PORCELLI ($100 in chips) 
Seat 2: ru_ruu_ru ($153.71 in chips) 
Seat 3: rostickkin ($116.19 in chips) 
Seat 4: 7bekon7 ($201.32 in chips) 
Seat 5: Sadyhov V.V. ($100 in chips) 
Seat 6: LuckyShikari ($100 in chips) 
7bekon7: posts small blind $0.50
Sadyhov V.V.: posts big blind $1
*** HOLE CARDS ***
LuckyShikari: raises $1.50 to $2.50
PORCELLI: calls $2.50
ru_ruu_ru: folds 
rostickkin: folds 
7bekon7: folds 
Sadyhov V.V.: folds 
*** FLOP *** [4d 3h 2h]
LuckyShikari: bets $2.50
PORCELLI: calls $2.50
*** TURN *** [4d 3h 2h] [9d]
LuckyShikari: checks 
PORCELLI: bets $9
LuckyShikari: folds 
Uncalled bet ($9) returned to PORCELLI
PORCELLI collected $10.92 from pot
PORCELLI: doesn't show hand 
*** SUMMARY ***
Total pot $11.50 | Rake $0.58 
Board [4d 3h 2h 9d]
Seat 1: PORCELLI collected ($10.92)
Seat 2: ru_ruu_ru folded before Flop (didn't bet)
Seat 3: rostickkin (button) folded before Flop (didn't bet)
Seat 4: 7bekon7 (small blind) folded before Flop
Seat 5: Sadyhov V.V. (big blind) folded before Flop
Seat 6: LuckyShikari folded on the Turn



PokerStars Hand #254306914681:  Hold'em No Limit ($0.50/$1.00 USD) - 2025/01/10 2:53:42 WET [2025/01/10 21:53:42 ET]
Table 'Tabit III' 6-max Seat #4 is the button
Seat 1: PORCELLI ($105.92 in chips) 
Seat 2: ru_ruu_ru ($153.71 in chips) 
Seat 3: rostickkin ($116.19 in chips) 
Seat 4: 7bekon7 ($200.82 in chips) 
Seat 5: Sadyhov V.V. ($100 in chips) 
Seat 6: LuckyShikari ($100 in chips) 
Sadyhov V.V.: posts small blind $0.50
LuckyShikari: posts big blind $1
*** HOLE CARDS ***
PORCELLI: raises $3 to $4
ru_ruu_ru: folds 
rostickkin: folds 
7bekon7: folds 
Sadyhov V.V.: folds 
LuckyShikari: folds 
Uncalled bet ($3) returned to PORCELLI
PORCELLI collected $2.50 from pot
PORCELLI: doesn't show hand 
*** SUMMARY ***
Total pot $2.50 | Rake $0 
Seat 1: PORCELLI collected ($2.50)
Seat 2: ru_ruu_ru folded before Flop (didn't bet)
Seat 3: rostickkin folded before Flop (didn't bet)
Seat 4: 7bekon7 (button) folded before Flop (didn't bet)
Seat 5: Sadyhov V.V. (small blind) folded before Flop
Seat 6: LuckyShikari (big blind) folded before Flop



PokerStars Hand #254306917914:  Hold'em No Limit ($0.50/$1.00 USD) - 2025/01/10 2:54:02 WET [2025/01/10 21:54:02 ET]
Table 'Tabit III' 6-max Seat #5 is the button
Seat 1: PORCELLI ($107.42 in chips) 
Seat 2: ru_ruu_ru ($153.71 in chips) 
Seat 3: rostickkin ($116.19 in chips) 
Seat 4: 7bekon7 ($200.82 in chips) 
Seat 5: Sadyhov V.V. ($100 in chips) 
Seat 6: LuckyShikari ($100 in chips) 
LuckyShikari: posts small blind $0.50
PORCELLI: posts big blind $1
*** HOLE CARDS ***
ru_ruu_ru: folds 
rostickkin: folds 
7bekon7: folds 
Sadyhov V.V.: raises $1.50 to $2.50
LuckyShikari: folds 
PORCELLI: calls $1.50
*** FLOP *** [2s 7s Jh]
PORCELLI: bets $6
Sadyhov V.V.: folds 
Uncalled bet ($6) returned to PORCELLI
PORCELLI collected $5.22 from pot
PORCELLI: doesn't show hand 
*** SUMMARY ***
Total pot $5.50 | Rake $0.28 
Board [2s 7s Jh]
Seat 1: PORCELLI (big blind) collected ($5.22)
Seat 2: ru_ruu_ru folded before Flop (didn't bet)
Seat 3: rostickkin folded before Flop (didn't bet)
Seat 4: 7bekon7 folded before Flop (didn't bet)
Seat 5: Sadyhov V.V. (button) folded on the Flop
Seat 6: LuckyShikari (small blind) folded before Flop



PokerStars Hand #254306922408:  Hold'em No Limit ($0.50/$1.00 USD) - 2025/01/10 2:54:29 WET [2025/01/10 21:54:29 ET]
Table 'Tabit III' 6-max Seat #6 is the button
Seat 1: PORCELLI ($110.14 in chips) 
Seat 2: ru_ruu_ru ($153.71 in chips) 
Seat 3: rostickkin ($116.19 in chips) 
Seat 4: 7bekon7 ($200.82 in chips) 
Seat 5: Sadyhov V.V. ($100 in chips) 
Seat 6: LuckyShikari ($100 in chips) 
PORCELLI: posts small blind $0.50
ru_ruu_ru: posts big blind $1
*** HOLE CARDS ***
rostickkin: folds 
7bekon7: folds 
Sadyhov V.V.: folds 
LuckyShikari: raises $1.50 to $2.50
PORCELLI: raises $5.50 to $8
ru_ruu_ru: folds 
LuckyShikari: folds 
Uncalled bet ($5.50) returned to PORCELLI
PORCELLI collected $6 from pot
PORCELLI: doesn't show hand 
*** SUMMARY ***
Total pot $6 | Rake $0 
Seat 1: PORCELLI (small blind) collected ($6)
Seat 2: ru_ruu_ru (big blind) folded before Flop
Seat 3: rostickkin folded before Flop (didn't bet)
Seat 4: 7bekon7 folded before Flop (didn't bet)
Seat 5: Sadyhov V.V. folded before Flop (didn't bet)
Seat 6: LuckyShikari (button) folded before Flop



PokerStars Hand #254306926454:  Hold'em No Limit ($0.50/$1.00 USD) - 2025/01/10 2:54:54 WET [2025/01/10 21:54:54 ET]
Table 'Tabit III' 6-max Seat #1 is the button
Seat 1: PORCELLI ($113.64 in chips) 
Seat 2: ru_ruu_ru ($152.71 in chips) 
Seat 3: rostickkin ($116.19 in chips) 
Seat 4: 7bekon7 ($200.82 in chips) 
Seat 5: Sadyhov V.V. ($100 in chips) 
Seat 6: LuckyShikari ($100 in chips) 
ru_ruu_ru: posts small blind $0.50
rostickkin: posts big blind $1
*** HOLE CARDS ***
7bekon7: folds 
Sadyhov V.V.: folds 
LuckyShikari: folds 
PORCELLI: raises $4 to $5
ru_ruu_ru: folds 
rostickkin: folds 
Uncalled bet ($4) returned to PORCELLI
PORCELLI collected $2.50 from pot
PORCELLI: doesn't show hand 
*** SUMMARY ***
Total pot $2.50 | Rake $0 
Seat 1: PORCELLI (button) collected ($2.50)
Seat 2: ru_ruu_ru (small blind) folded before Flop
Seat 3: rostickkin (big blind) folded before Flop
Seat 4: 7bekon7 folded before Flop (didn't bet)
Seat 5: Sadyhov V.V. folded before Flop (didn't bet)
Seat 6: LuckyShikari folded before Flop (didn't bet)



PokerStars Hand #254306929805:  Hold'em No Limit ($0.50/$1.00 USD) - 2025/01/10 2:55:18 WET [2025/01/10 21:55:18 ET]
Table 'Tabit III' 6-max Seat #2 is the button
Seat 1: PORCELLI ($115.14 in chips) 
Seat 2: ru_ruu_ru ($152.21 in chips) 
Seat 3: rostickkin ($115.19 in chips) 
Seat 4: 7bekon7 ($200.82 in chips) 
Seat 5: Sadyhov V.V. ($100 in chips) 
Seat 6: LuckyShikari ($100 in chips) 
rostickkin: posts small blind $0.50
7bekon7: posts big blind $1
*** HOLE CARDS ***
Sadyhov V.V.: folds 
LuckyShikari: raises $1.50 to $2.50
PORCELLI: calls $2.50
ru_ruu_ru: folds 
rostickkin: raises $10 to $12.50
7bekon7: folds 
LuckyShikari: folds 
PORCELLI: folds 
Uncalled bet ($10) returned to rostickkin
rostickkin collected $8.50 from pot
rostickkin: doesn't show hand 
*** SUMMARY ***
Total pot $8.50 | Rake $0 
Seat 1: PORCELLI folded before Flop
Seat 2: ru_ruu_ru (button) folded before Flop (didn't bet)
Seat 3: rostickkin (small blind) collected ($8.50)
Seat 4: 7bekon7 (big blind) folded before Flop
Seat 5: Sadyhov V.V. folded before Flop (didn't bet)
Seat 6: LuckyShikari folded before Flop



PokerStars Hand #254306933051:  Hold'em No Limit ($0.50/$1.00 USD) - 2025/01/10 2:55:43 WET [2025/01/10 21:55:43 ET]
Table 'Tabit III' 6-max Seat #3 is the button
Seat 1: PORCELLI ($112.64 in chips) 
Seat 2: ru_ruu_ru ($152.21 in chips) 
Seat 3: rostickkin ($121.19 in chips) 
Seat 4: 7bekon7 ($199.82 in chips) 
Seat 5: Sadyhov V.V. ($100 in chips) 
Seat 6: LuckyShikari ($100 in chips) 
7bekon7: posts small blind $0.50
Sadyhov V.V.: posts big blind $1
*** HOLE CARDS ***
LuckyShikari: raises $1.50 to $2.50
PORCELLI: calls $2.50
ru_ruu_ru: folds 
rostickkin: raises $7.50 to $10
7bekon7: folds 
Sadyhov V.V.: folds 
LuckyShikari: folds 
PORCELLI: calls $7.50
*** FLOP *** [6c Ts 3s]
PORCELLI: checks 
rostickkin: checks 
*** TURN *** [6c Ts 3s] [Kd]
PORCELLI: checks 
rostickkin: bets $7.75
PORCELLI: folds 
Uncalled bet ($7.75) returned to rostickkin
rostickkin collected $22.80 from pot
rostickkin: doesn't show hand 
*** SUMMARY ***
Total pot $24 | Rake $1.20 
Board [6c Ts 3s Kd]
Seat 1: PORCELLI folded on the Turn
Seat 2: ru_ruu_ru folded before Flop (didn't bet)
Seat 3: rostickkin (button) collected ($22.80)
Seat 4: 7bekon7 (small blind) folded before Flop
Seat 5: Sadyhov V.V. (big blind) folded before Flop
Seat 6: LuckyShikari folded before Flop



PokerStars Hand #254306941402:  Hold'em No Limit ($0.50/$1.00 USD) - 2025/01/10 2:56:46 WET [2025/01/10 21:56:46 ET]
Table 'Tabit III' 6-max Seat #4 is the button
Seat 1: PORCELLI ($102.64 in chips) 
Seat 2: ru_ruu_ru ($152.21 in chips) 
Seat 3: rostickkin ($133.99 in chips) 
Seat 4: 7bekon7 ($199.32 in chips) 
Seat 5: Sadyhov V.V. ($100 in chips) 
Seat 6: LuckyShikari ($100 in chips) 
Sadyhov V.V.: posts small blind $0.50
LuckyShikari: posts big blind $1
*** HOLE CARDS ***
PORCELLI: folds 
ru_ruu_ru: folds 
rostickkin: folds 
7bekon7: folds 
Sadyhov V.V.: folds 
Uncalled bet ($0.50) returned to LuckyShikari
LuckyShikari collected $1 from pot
LuckyShikari: doesn't show hand 
*** SUMMARY ***
Total pot $1 | Rake $0 
Seat 1: PORCELLI folded before Flop (didn't bet)
Seat 2: ru_ruu_ru folded before Flop (didn't bet)
Seat 3: rostickkin folded before Flop (didn't bet)
Seat 4: 7bekon7 (button) folded before Flop (didn't bet)
Seat 5: Sadyhov V.V. (small blind) folded before Flop
Seat 6: LuckyShikari (big blind) collected ($1)



PokerStars Hand #254306943390:  Hold'em No Limit ($0.50/$1.00 USD) - 2025/01/10 2:57:01 WET [2025/01/10 21:57:01 ET]
Table 'Tabit III' 6-max Seat #5 is the button
Seat 1: PORCELLI ($102.64 in chips) 
Seat 2: ru_ruu_ru ($152.21 in chips) 
Seat 3: rostickkin ($133.99 in chips) 
Seat 4: 7bekon7 ($199.32 in chips) 
Seat 5: Sadyhov V.V. ($100 in chips) 
Seat 6: LuckyShikari ($100.50 in chips) 
LuckyShikari: posts small blind $0.50
PORCELLI: posts big blind $1
*** HOLE CARDS ***
ru_ruu_ru: folds 
rostickkin: raises $1.20 to $2.20
7bekon7: folds 
Sadyhov V.V.: folds 
LuckyShikari: raises $9.80 to $12
PORCELLI: folds 
rostickkin: calls $9.80
*** FLOP *** [4d Qd 2d]
LuckyShikari: checks 
rostickkin: checks 
*** TURN *** [4d Qd 2d] [5h]
LuckyShikari: checks 
rostickkin: bets $8.08
LuckyShikari: calls $8.08
*** RIVER *** [4d Qd 2d 5h] [7h]
LuckyShikari: checks 
rostickkin: checks 
*** SHOW DOWN ***
LuckyShikari: shows [6c 6d] (a pair of Sixes)
rostickkin: shows [9c 9d] (a pair of Nines)
rostickkin collected $39.10 from pot
*** SUMMARY ***
Total pot $41.16 | Rake $2.06 
Board [4d Qd 2d 5h 7h]
Seat 1: PORCELLI (big blind) folded before Flop
Seat 2: ru_ruu_ru folded before Flop (didn't bet)
Seat 3: rostickkin showed [9c 9d] and won ($39.10) with a pair of Nines
Seat 4: 7bekon7 folded before Flop (didn't bet)
Seat 5: Sadyhov V.V. (button) folded before Flop (didn't bet)
Seat 6: LuckyShikari (small blind) showed [6c 6d] and lost with a pair of Sixes



PokerStars Hand #254306950854:  Hold'em No Limit ($0.50/$1.00 USD) - 2025/01/10 2:57:57 WET [2025/01/10 21:57:57 ET]
Table 'Tabit III' 6-max Seat #6 is the button
Seat 1: PORCELLI ($101.64 in chips) 
Seat 2: ru_ruu_ru ($152.21 in chips) 
Seat 3: rostickkin ($153.01 in chips) 
Seat 4: 7bekon7 ($199.32 in chips) 
Seat 5: Sadyhov V.V. ($100 in chips) 
Seat 6: LuckyShikari ($100 in chips) 
PORCELLI: posts small blind $0.50
ru_ruu_ru: posts big blind $1
*** HOLE CARDS ***
rostickkin: folds 
7bekon7: folds 
Sadyhov V.V.: raises $1.50 to $2.50
LuckyShikari: folds 
PORCELLI: raises $8.50 to $11
ru_ruu_ru: folds 
Sadyhov V.V.: folds 
Uncalled bet ($8.50) returned to PORCELLI
PORCELLI collected $6 from pot
PORCELLI: doesn't show hand 
*** SUMMARY ***
Total pot $6 | Rake $0 
Seat 1: PORCELLI (small blind) collected ($6)
Seat 2: ru_ruu_ru (big blind) folded before Flop
Seat 3: rostickkin folded before Flop (didn't bet)
Seat 4: 7bekon7 folded before Flop (didn't bet)
Seat 5: Sadyhov V.V. folded before Flop
Seat 6: LuckyShikari (button) folded before Flop (didn't bet)



PokerStars Hand #254306955305:  Hold'em No Limit ($0.50/$1.00 USD) - 2025/01/10 2:58:31 WET [2025/01/10 21:58:31 ET]
Table 'Tabit III' 6-max Seat #1 is the button
Seat 1: PORCELLI ($105.14 in chips) 
Seat 2: ru_ruu_ru ($151.21 in chips) 
Seat 3: rostickkin ($153.01 in chips) 
Seat 4: 7bekon7 ($199.32 in chips) 
Seat 5: Sadyhov V.V. ($100 in chips) 
Seat 6: LuckyShikari ($100 in chips) 
ru_ruu_ru: posts small blind $0.50
rostickkin: posts big blind $1
*** HOLE CARDS ***
7bekon7: folds 
Sadyhov V.V.: folds 
LuckyShikari: raises $1.50 to $2.50
PORCELLI: folds 
ru_ruu_ru: folds 
rostickkin: folds 
Uncalled bet ($1.50) returned to LuckyShikari
LuckyShikari collected $2.50 from pot
LuckyShikari: doesn't show hand 
*** SUMMARY ***
Total pot $2.50 | Rake $0 
Seat 1: PORCELLI (button) folded before Flop (didn't bet)
Seat 2: ru_ruu_ru (small blind) folded before Flop
Seat 3: rostickkin (big blind) folded before Flop
Seat 4: 7bekon7 folded before Flop (didn't bet)
Seat 5: Sadyhov V.V. folded before Flop (didn't bet)
Seat 6: LuckyShikari collected ($2.50)



PokerStars Hand #254306957936:  Hold'em No Limit ($0.50/$1.00 USD) - 2025/01/10 2:58:50 WET [2025/01/10 21:58:50 ET]
Table 'Tabit III' 6-max Seat #2 is the button
Seat 1: PORCELLI ($105.14 in chips) 
Seat 2: ru_ruu_ru ($150.71 in chips) 
Seat 3: rostickkin ($152.01 in chips) 
Seat 4: 7bekon7 ($199.32 in chips) 
Seat 5: Sadyhov V.V. ($100 in chips) 
Seat 6: LuckyShikari ($101.50 in chips) 
rostickkin: posts small blind $0.50
7bekon7: posts big blind $1
*** HOLE CARDS ***
Sadyhov V.V.: raises $1.50 to $2.50
LuckyShikari: folds 
PORCELLI: calls $2.50
ru_ruu_ru: folds 
rostickkin: folds 
7bekon7: folds 
*** FLOP *** [Qc Kc 7c]
Sadyhov V.V.: checks 
PORCELLI: checks 
*** TURN *** [Qc Kc 7c] [7d]
Sadyhov V.V.: checks 
PORCELLI: checks 
*** RIVER *** [Qc Kc 7c 7d] [7s]
Sadyhov V.V.: checks 
PORCELLI: checks 
*** SHOW DOWN ***
Sadyhov V.V.: shows [8c 8s] (a full house, Sevens full of Eights)
PORCELLI: mucks hand 
Sadyhov V.V. collected $6.18 from pot
*** SUMMARY ***
Total pot $6.50 | Rake $0.32 
Board [Qc Kc 7c 7d 7s]
Seat 1: PORCELLI mucked
Seat 2: ru_ruu_ru (button) folded before Flop (didn't bet)
Seat 3: rostickkin (small blind) folded before Flop
Seat 4: 7bekon7 (big blind) folded before Flop
Seat 5: Sadyhov V.V. showed [8c 8s] and won ($6.18) with a full house, Sevens full of Eights
Seat 6: LuckyShikari folded before Flop (didn't bet)



PokerStars Hand #254306963045:  Hold'em No Limit ($0.50/$1.00 USD) - 2025/01/10 2:59:29 WET [2025/01/10 21:59:29 ET]
Table 'Tabit III' 6-max Seat #3 is the button
Seat 1: PORCELLI ($102.64 in chips) 
Seat 2: ru_ruu_ru ($150.71 in chips) 
Seat 3: rostickkin ($151.51 in chips) 
Seat 4: 7bekon7 ($198.32 in chips) 
Seat 5: Sadyhov V.V. ($103.68 in chips) 
Seat 6: LuckyShikari ($101.50 in chips) 
7bekon7: posts small blind $0.50
Sadyhov V.V.: posts big blind $1
*** HOLE CARDS ***
LuckyShikari: folds 
PORCELLI: folds 
ru_ruu_ru: folds 
rostickkin: folds 
7bekon7: folds 
Uncalled bet ($0.50) returned to Sadyhov V.V.
Sadyhov V.V. collected $1 from pot
Sadyhov V.V.: doesn't show hand 
*** SUMMARY ***
Total pot $1 | Rake $0 
Seat 1: PORCELLI folded before Flop (didn't bet)
Seat 2: ru_ruu_ru folded before Flop (didn't bet)
Seat 3: rostickkin (button) folded before Flop (didn't bet)
Seat 4: 7bekon7 (small blind) folded before Flop
Seat 5: Sadyhov V.V. (big blind) collected ($1)
Seat 6: LuckyShikari folded before Flop (didn't bet)



PokerStars Hand #254306965104:  Hold'em No Limit ($0.50/$1.00 USD) - 2025/01/10 2:59:44 WET [2025/01/10 21:59:44 ET]
Table 'Tabit III' 6-max Seat #4 is the button
Seat 1: PORCELLI ($102.64 in chips) 
Seat 2: ru_ruu_ru ($150.71 in chips) 
Seat 3: rostickkin ($151.51 in chips) 
Seat 4: 7bekon7 ($197.82 in chips) 
Seat 5: Sadyhov V.V. ($104.18 in chips) 
Seat 6: LuckyShikari ($101.50 in chips) 
Sadyhov V.V.: posts small blind $0.50
LuckyShikari: posts big blind $1
*** HOLE CARDS ***
PORCELLI: raises $2 to $3
ru_ruu_ru: folds 
rostickkin: folds 
7bekon7: folds 
Sadyhov V.V.: folds 
LuckyShikari: folds 
Uncalled bet ($2) returned to PORCELLI
PORCELLI collected $2.50 from pot
PORCELLI: doesn't show hand 
*** SUMMARY ***
Total pot $2.50 | Rake $0 
Seat 1: PORCELLI collected ($2.50)
Seat 2: ru_ruu_ru folded before Flop (didn't bet)
Seat 3: rostickkin folded before Flop (didn't bet)
Seat 4: 7bekon7 (button) folded before Flop (didn't bet)
Seat 5: Sadyhov V.V. (small blind) folded before Flop
Seat 6: LuckyShikari (big blind) folded before Flop



PokerStars Hand #254306967474:  Hold'em No Limit ($0.50/$1.00 USD) - 2025/01/10 3:00:02 WET [2025/01/10 22:00:02 ET]
Table 'Tabit III' 6-max Seat #5 is the button
Seat 1: PORCELLI ($104.14 in chips) 
Seat 2: ru_ruu_ru ($150.71 in chips) 
Seat 3: rostickkin ($151.51 in chips) 
Seat 4: 7bekon7 ($197.82 in chips) 
Seat 5: Sadyhov V.V. ($103.68 in chips) 
Seat 6: LuckyShikari ($100.50 in chips) 
LuckyShikari: posts small blind $0.50
PORCELLI: posts big blind $1
*** HOLE CARDS ***
ru_ruu_ru: folds 
rostickkin: folds 
7bekon7: folds 
Sadyhov V.V.: raises $1.50 to $2.50
LuckyShikari: folds 
PORCELLI: calls $1.50
*** FLOP *** [8c 4d 7h]
PORCELLI: bets $5
Sadyhov V.V.: folds 
Uncalled bet ($5) returned to PORCELLI
PORCELLI collected $5.22 from pot
PORCELLI: doesn't show hand 
*** SUMMARY ***
Total pot $5.50 | Rake $0.28 
Board [8c 4d 7h]
Seat 1: PORCELLI (big blind) collected ($5.22)
Seat 2: ru_ruu_ru folded before Flop (didn't bet)
Seat 3: rostickkin folded before Flop (didn't bet)
Seat 4: 7bekon7 folded before Flop (didn't bet)
Seat 5: Sadyhov V.V. (button) folded on the Flop
Seat 6: LuckyShikari (small blind) folded before Flop



PokerStars Hand #254306971789:  Hold'em No Limit ($0.50/$1.00 USD) - 2025/01/10 3:00:32 WET [2025/01/10 22:00:32 ET]
Table 'Tabit III' 6-max Seat #6 is the button
Seat 1: PORCELLI ($106.86 in chips) 
Seat 2: ru_ruu_ru ($150.71 in chips) 
Seat 3: rostickkin ($151.51 in chips) 
Seat 4: 7bekon7 ($197.82 in chips) 
Seat 5: Sadyhov V.V. ($101.18 in chips) 
Seat 6: LuckyShikari ($100 in chips) 
PORCELLI: posts small blind $0.50
ru_ruu_ru: posts big blind $1
*** HOLE CARDS ***
rostickkin: folds 
7bekon7: folds 
Sadyhov V.V.: folds 
LuckyShikari: raises $1.50 to $2.50
PORCELLI: folds 
ru_ruu_ru: folds 
Uncalled bet ($1.50) returned to LuckyShikari
LuckyShikari collected $2.50 from pot
LuckyShikari: doesn't show hand 
*** SUMMARY ***
Total pot $2.50 | Rake $0 
Seat 1: PORCELLI (small blind) folded before Flop
Seat 2: ru_ruu_ru (big blind) folded before Flop
Seat 3: rostickkin folded before Flop (didn't bet)
Seat 4: 7bekon7 folded before Flop (didn't bet)
Seat 5: Sadyhov V.V. folded before Flop (didn't bet)
Seat 6: LuckyShikari (button) collected ($2.50)



PokerStars Hand #254306974052:  Hold'em No Limit ($0.50/$1.00 USD) - 2025/01/10 3:00:48 WET [2025/01/10 22:00:48 ET]
Table 'Tabit III' 6-max Seat #1 is the button
Seat 1: PORCELLI ($106.36 in chips) 
Seat 2: ru_ruu_ru ($149.71 in chips) 
Seat 3: rostickkin ($151.51 in chips) 
Seat 4: 7bekon7 ($197.82 in chips) 
Seat 5: Sadyhov V.V. ($101.18 in chips) 
Seat 6: LuckyShikari ($101.50 in chips) 
ru_ruu_ru: posts small blind $0.50
rostickkin: posts big blind $1
*** HOLE CARDS ***
7bekon7: folds 
Sadyhov V.V.: folds 
LuckyShikari: folds 
PORCELLI: raises $2 to $3
ru_ruu_ru: folds 
rostickkin: calls $2
*** FLOP *** [Kd 2c 5d]
rostickkin: checks 
PORCELLI: checks 
*** TURN *** [Kd 2c 5d] [Qh]
rostickkin: checks 
PORCELLI: checks 
*** RIVER *** [Kd 2c 5d Qh] [4d]
rostickkin: bets $6.18
PORCELLI: folds 
Uncalled bet ($6.18) returned to rostickkin
rostickkin collected $6.18 from pot
rostickkin: doesn't show hand 
*** SUMMARY ***
Total pot $6.50 | Rake $0.32 
Board [Kd 2c 5d Qh 4d]
Seat 1: PORCELLI (button) folded on the River
Seat 2: ru_ruu_ru (small blind) folded before Flop
Seat 3: rostickkin (big blind) collected ($6.18)
Seat 4: 7bekon7 folded before Flop (didn't bet)
Seat 5: Sadyhov V.V. folded before Flop (didn't bet)
Seat 6: LuckyShikari folded before Flop (didn't bet)



PokerStars Hand #254306980931:  Hold'em No Limit ($0.50/$1.00 USD) - 2025/01/10 3:01:30 WET [2025/01/10 22:01:30 ET]
Table 'Tabit III' 6-max Seat #2 is the button
Seat 1: PORCELLI ($103.36 in chips) 
Seat 2: ru_ruu_ru ($149.21 in chips) 
Seat 3: rostickkin ($154.69 in chips) 
Seat 4: 7bekon7 ($197.82 in chips) 
Seat 5: Sadyhov V.V. ($101.18 in chips) 
Seat 6: LuckyShikari ($101.50 in chips) 
rostickkin: posts small blind $0.50
7bekon7: posts big blind $1
*** HOLE CARDS ***
Sadyhov V.V.: folds 
LuckyShikari: folds 
PORCELLI: raises $4 to $5
ru_ruu_ru: folds 
rostickkin: folds 
7bekon7: folds 
Uncalled bet ($4) returned to PORCELLI
PORCELLI collected $2.50 from pot
PORCELLI: doesn't show hand 
*** SUMMARY ***
Total pot $2.50 | Rake $0 
Seat 1: PORCELLI collected ($2.50)
Seat 2: ru_ruu_ru (button) folded before Flop (didn't bet)
Seat 3: rostickkin (small blind) folded before Flop
Seat 4: 7bekon7 (big blind) folded before Flop
Seat 5: Sadyhov V.V. folded before Flop (didn't bet)
Seat 6: LuckyShikari folded before Flop (didn't bet)



PokerStars Hand #254306984526:  Hold'em No Limit ($0.50/$1.00 USD) - 2025/01/10 3:01:52 WET [2025/01/10 22:01:52 ET]
Table 'Tabit III' 6-max Seat #3 is the button
Seat 1: PORCELLI ($104.86 in chips) 
Seat 2: ru_ruu_ru ($149.21 in chips) 
Seat 3: rostickkin ($154.19 in chips) 
Seat 4: 7bekon7 ($196.82 in chips) 
Seat 5: Sadyhov V.V. ($101.18 in chips) 
Seat 6: LuckyShikari ($101.50 in chips) 
7bekon7: posts small blind $0.50
Sadyhov V.V.: posts big blind $1
*** HOLE CARDS ***
LuckyShikari: raises $1.50 to $2.50
PORCELLI: folds 
ru_ruu_ru: folds 
rostickkin: raises $5 to $7.50
7bekon7: folds 
Sadyhov V.V.: folds 
LuckyShikari: raises $16.50 to $24
rostickkin: folds 
Uncalled bet ($16.50) returned to LuckyShikari
LuckyShikari collected $16.50 from pot
LuckyShikari: doesn't show hand 
*** SUMMARY ***
Total pot $16.50 | Rake $0 
Seat 1: PORCELLI folded before Flop (didn't bet)
Seat 2: ru_ruu_ru folded before Flop (didn't bet)
Seat 3: rostickkin (button) folded before Flop
Seat 4: 7bekon7 (small blind) folded before Flop
Seat 5: Sadyhov V.V. (big blind) folded before Flop
Seat 6: LuckyShikari collected ($16.50)



PokerStars Hand #254306988199:  Hold'em No Limit ($0.50/$1.00 USD) - 2025/01/10 3:02:15 WET [2025/01/10 22:02:15 ET]
Table 'Tabit III' 6-max Seat #4 is the button
Seat 1: PORCELLI ($104.86 in chips) 
Seat 2: ru_ruu_ru ($149.21 in chips) 
Seat 3: rostickkin ($146.69 in chips) 
Seat 4: 7bekon7 ($196.32 in chips) 
Seat 5: Sadyhov V.V. ($100.18 in chips) 
Seat 6: LuckyShikari ($110.50 in chips) 
Sadyhov V.V.: posts small blind $0.50
LuckyShikari: posts big blind $1
*** HOLE CARDS ***
PORCELLI: raises $2 to $3
ru_ruu_ru: folds 
rostickkin: folds 
7bekon7: folds 
Sadyhov V.V.: folds 
LuckyShikari: calls $2
*** FLOP *** [9d Qd Qh]
LuckyShikari: checks 
PORCELLI: checks 
*** TURN *** [9d Qd Qh] [2d]
LuckyShikari: checks 
PORCELLI: checks 
*** RIVER *** [9d Qd Qh 2d] [Ac]
LuckyShikari: checks 
PORCELLI: checks 
*** SHOW DOWN ***
LuckyShikari: shows [Ks Ts] (a pair of Queens)
PORCELLI: mucks hand 
LuckyShikari collected $6.18 from pot
*** SUMMARY ***
Total pot $6.50 | Rake $0.32 
Board [9d Qd Qh 2d Ac]
Seat 1: PORCELLI mucked
Seat 2: ru_ruu_ru folded before Flop (didn't bet)
Seat 3: rostickkin folded before Flop (didn't bet)
Seat 4: 7bekon7 (button) folded before Flop (didn't bet)
Seat 5: Sadyhov V.V. (small blind) folded before Flop
Seat 6: LuckyShikari (big blind) showed [Ks Ts] and won ($6.18) with a pair of Queens



PokerStars Hand #254306994163:  Hold'em No Limit ($0.50/$1.00 USD) - 2025/01/10 3:02:52 WET [2025/01/10 22:02:52 ET]
Table 'Tabit III' 6-max Seat #5 is the button
Seat 1: PORCELLI ($101.86 in chips) 
Seat 2: ru_ruu_ru ($149.21 in chips) 
Seat 3: rostickkin ($146.69 in chips) 
Seat 4: 7bekon7 ($196.32 in chips) 
Seat 5: Sadyhov V.V. ($100 in chips) 
Seat 6: LuckyShikari ($113.68 in chips) 
LuckyShikari: posts small blind $0.50
PORCELLI: posts big blind $1
*** HOLE CARDS ***
ru_ruu_ru: raises $1.20 to $2.20
rostickkin: folds 
7bekon7: folds 
Sadyhov V.V.: folds 
LuckyShikari: folds 
PORCELLI: folds 
Uncalled bet ($1.20) returned to ru_ruu_ru
ru_ruu_ru collected $2.50 from pot
ru_ruu_ru: doesn't show hand 
*** SUMMARY ***
Total pot $2.50 | Rake $0 
Seat 1: PORCELLI (big blind) folded before Flop
Seat 2: ru_ruu_ru collected ($2.50)
Seat 3: rostickkin folded before Flop (didn't bet)
Seat 4: 7bekon7 folded before Flop (didn't bet)
Seat 5: Sadyhov V.V. (button) folded before Flop (didn't bet)
Seat 6: LuckyShikari (small blind) folded before Flop



PokerStars Hand #254306996973:  Hold'em No Limit ($0.50/$1.00 USD) - 2025/01/10 3:03:09 WET [2025/01/10 22:03:09 ET]
Table 'Tabit III' 6-max Seat #6 is the button
Seat 1: PORCELLI ($100.86 in chips) 
Seat 2: ru_ruu_ru ($150.71 in chips) 
Seat 3: rostickkin ($146.69 in chips) 
Seat 4: 7bekon7 ($196.32 in chips) 
Seat 5: Sadyhov V.V. ($100 in chips) 
Seat 6: LuckyShikari ($113.18 in chips) 
PORCELLI: posts small blind $0.50
ru_ruu_ru: posts big blind $1
*** HOLE CARDS ***
rostickkin: folds 
7bekon7: folds 
Sadyhov V.V.: folds 
LuckyShikari: raises $1.50 to $2.50
PORCELLI: folds 
ru_ruu_ru: raises $9.50 to $12
LuckyShikari: calls $9.50
*** FLOP *** [Qs Kc Th]
ru_ruu_ru: bets $11.64
LuckyShikari: folds 
Uncalled bet ($11.64) returned to ru_ruu_ru
ru_ruu_ru collected $23.28 from pot
ru_ruu_ru: doesn't show hand 
*** SUMMARY ***
Total pot $24.50 | Rake $1.22 
Board [Qs Kc Th]
Seat 1: PORCELLI (small blind) folded before Flop
Seat 2: ru_ruu_ru (big blind) collected ($23.28)
Seat 3: rostickkin folded before Flop (didn't bet)
Seat 4: 7bekon7 folded before Flop (didn't bet)
Seat 5: Sadyhov V.V. folded before Flop (didn't bet)
Seat 6: LuckyShikari (button) folded on the Flop



PokerStars Hand #254307005313:  Hold'em No Limit ($0.50/$1.00 USD) - 2025/01/10 3:04:01 WET [2025/01/10 22:04:01 ET]
Table 'Tabit III' 6-max Seat #1 is the button
Seat 1: PORCELLI ($100.36 in chips) 
Seat 2: ru_ruu_ru ($161.99 in chips) 
Seat 3: rostickkin ($146.69 in chips) 
Seat 4: 7bekon7 ($196.32 in chips) 
Seat 5: Sadyhov V.V. ($100 in chips) 
Seat 6: LuckyShikari ($101.18 in chips) 
ru_ruu_ru: posts small blind $0.50
rostickkin: posts big blind $1
*** HOLE CARDS ***
7bekon7: folds 
Sadyhov V.V.: folds 
LuckyShikari: raises $1.50 to $2.50
PORCELLI: folds 
ru_ruu_ru: folds 
rostickkin: folds 
Uncalled bet ($1.50) returned to LuckyShikari
LuckyShikari collected $2.50 from pot
LuckyShikari: doesn't show hand 
*** SUMMARY ***
Total pot $2.50 | Rake $0 
Seat 1: PORCELLI (button) folded before Flop (didn't bet)
Seat 2: ru_ruu_ru (small blind) folded before Flop
Seat 3: rostickkin (big blind) folded before Flop
Seat 4: 7bekon7 folded before Flop (didn't bet)
Seat 5: Sadyhov V.V. folded before Flop (didn't bet)
Seat 6: LuckyShikari collected ($2.50)



PokerStars Hand #254307008653:  Hold'em No Limit ($0.50/$1.00 USD) - 2025/01/10 3:04:22 WET [2025/01/10 22:04:22 ET]
Table 'Tabit III' 6-max Seat #2 is the button
Seat 1: PORCELLI ($100.36 in chips) 
Seat 2: ru_ruu_ru ($161.49 in chips) 
Seat 3: rostickkin ($145.69 in chips) 
Seat 4: 7bekon7 ($196.32 in chips) 
Seat 5: Sadyhov V.V. ($100 in chips) 
Seat 6: LuckyShikari ($102.68 in chips) 
rostickkin: posts small blind $0.50
7bekon7: posts big blind $1
*** HOLE CARDS ***
Sadyhov V.V.: folds 
LuckyShikari: raises $1.50 to $2.50
PORCELLI: calls $2.50
ru_ruu_ru: folds 
rostickkin: calls $2
7bekon7: folds 
*** FLOP *** [Kh 3c 8s]
rostickkin: checks 
LuckyShikari: checks 
PORCELLI: checks 
*** TURN *** [Kh 3c 8s] [Js]
rostickkin: bets $6.14
LuckyShikari: folds 
PORCELLI: folds 
Uncalled bet ($6.14) returned to rostickkin
rostickkin collected $8.08 from pot
rostickkin: doesn't show hand 
*** SUMMARY ***
Total pot $8.50 | Rake $0.42 
Board [Kh 3c 8s Js]
Seat 1: PORCELLI folded on the Turn
Seat 2: ru_ruu_ru (button) folded before Flop (didn't bet)
Seat 3: rostickkin (small blind) collected ($8.08)
Seat 4: 7bekon7 (big blind) folded before Flop
Seat 5: Sadyhov V.V. folded before Flop (didn't bet)
Seat 6: LuckyShikari folded on the Turn



PokerStars Hand #254307229606:  Hold'em No Limit ($0.50/$1.00 USD) - 2025/01/10 3:28:16 WET [2025/01/10 22:28:16 ET]
Table 'Tabit III' 6-max Seat #1 is the button
Seat 1: G.HANSEN333 ($100 in chips) 
Seat 3: ddyyjj ($100 in chips) 
Seat 4: CEPTT ($100 in chips) 
ddyyjj: posts small blind $0.50
CEPTT: posts big blind $1
*** HOLE CARDS ***
G.HANSEN333: folds 
ddyyjj: folds 
Uncalled bet ($0.50) returned to CEPTT
CEPTT collected $1 from pot
CEPTT: doesn't show hand 
*** SUMMARY ***
Total pot $1 | Rake $0 
Seat 1: G.HANSEN333 (button) folded before Flop (didn't bet)
Seat 3: ddyyjj (small blind) folded before Flop
Seat 4: CEPTT (big blind) collected ($1)



PokerStars Hand #254307233926:  Hold'em No Limit ($0.50/$1.00 USD) - 2025/01/10 3:28:46 WET [2025/01/10 22:28:46 ET]
Table 'Tabit III' 6-max Seat #3 is the button
Seat 1: G.HANSEN333 ($100 in chips) 
Seat 3: ddyyjj ($99.50 in chips) 
Seat 4: CEPTT ($100.50 in chips) 
CEPTT: posts small blind $0.50
G.HANSEN333: posts big blind $1
*** HOLE CARDS ***
ddyyjj: folds 
CEPTT: folds 
Uncalled bet ($0.50) returned to G.HANSEN333
G.HANSEN333 collected $1 from pot
G.HANSEN333: doesn't show hand 
*** SUMMARY ***
Total pot $1 | Rake $0 
Seat 1: G.HANSEN333 (big blind) collected ($1)
Seat 3: ddyyjj (button) folded before Flop (didn't bet)
Seat 4: CEPTT (small blind) folded before Flop



PokerStars Hand #254307235829:  Hold'em No Limit ($0.50/$1.00 USD) - 2025/01/10 3:28:58 WET [2025/01/10 22:28:58 ET]
Table 'Tabit III' 6-max Seat #4 is the button
Seat 1: G.HANSEN333 ($100.50 in chips) 
Seat 3: ddyyjj ($99.50 in chips) 
Seat 4: CEPTT ($100 in chips) 
G.HANSEN333: posts small blind $0.50
ddyyjj: posts big blind $1
*** HOLE CARDS ***
CEPTT: folds 
G.HANSEN333: folds 
Uncalled bet ($0.50) returned to ddyyjj
ddyyjj collected $1 from pot
ddyyjj: doesn't show hand 
*** SUMMARY ***
Total pot $1 | Rake $0 
Seat 1: G.HANSEN333 (small blind) folded before Flop
Seat 3: ddyyjj (big blind) collected ($1)
Seat 4: CEPTT (button) folded before Flop (didn't bet)



PokerStars Hand #254307236821:  Hold'em No Limit ($0.50/$1.00 USD) - 2025/01/10 3:29:05 WET [2025/01/10 22:29:05 ET]
Table 'Tabit III' 6-max Seat #1 is the button
Seat 1: G.HANSEN333 ($100 in chips) 
Seat 3: ddyyjj ($100 in chips) 
Seat 4: CEPTT ($100 in chips) 
ddyyjj: posts small blind $0.50
CEPTT: posts big blind $1
*** HOLE CARDS ***
G.HANSEN333: folds 
ddyyjj: raises $2 to $3
CEPTT: raises $6 to $9
ddyyjj: calls $6
*** FLOP *** [5h 9h 7d]
ddyyjj: checks 
CEPTT: checks 
*** TURN *** [5h 9h 7d] [7h]
ddyyjj: bets $5.13
CEPTT: folds 
Uncalled bet ($5.13) returned to ddyyjj
ddyyjj collected $17.10 from pot
ddyyjj: doesn't show hand 
*** SUMMARY ***
Total pot $18 | Rake $0.90 
Board [5h 9h 7d 7h]
Seat 1: G.HANSEN333 (button) folded before Flop (didn't bet)
Seat 3: ddyyjj (small blind) collected ($17.10)
Seat 4: CEPTT (big blind) folded on the Turn



PokerStars Hand #254307243664:  Hold'em No Limit ($0.50/$1.00 USD) - 2025/01/10 3:29:52 WET [2025/01/10 22:29:52 ET]
Table 'Tabit III' 6-max Seat #3 is the button
Seat 1: G.HANSEN333 ($100 in chips) 
Seat 3: ddyyjj ($108.10 in chips) 
Seat 4: CEPTT ($100 in chips) 
CEPTT: posts small blind $0.50
G.HANSEN333: posts big blind $1
*** HOLE CARDS ***
ddyyjj: folds 
CEPTT: folds 
Uncalled bet ($0.50) returned to G.HANSEN333
G.HANSEN333 collected $1 from pot
G.HANSEN333: doesn't show hand 
*** SUMMARY ***
Total pot $1 | Rake $0 
Seat 1: G.HANSEN333 (big blind) collected ($1)
Seat 3: ddyyjj (button) folded before Flop (didn't bet)
Seat 4: CEPTT (small blind) folded before Flop



PokerStars Hand #254307244989:  Hold'em No Limit ($0.50/$1.00 USD) - 2025/01/10 3:30:01 WET [2025/01/10 22:30:01 ET]
Table 'Tabit III' 6-max Seat #4 is the button
Seat 1: G.HANSEN333 ($100.50 in chips) 
Seat 3: ddyyjj ($108.10 in chips) 
Seat 4: CEPTT ($100 in chips) 
G.HANSEN333: posts small blind $0.50
ddyyjj: posts big blind $1
*** HOLE CARDS ***
CEPTT: folds 
G.HANSEN333: folds 
Uncalled bet ($0.50) returned to ddyyjj
ddyyjj collected $1 from pot
ddyyjj: doesn't show hand 
*** SUMMARY ***
Total pot $1 | Rake $0 
Seat 1: G.HANSEN333 (small blind) folded before Flop
Seat 3: ddyyjj (big blind) collected ($1)
Seat 4: CEPTT (button) folded before Flop (didn't bet)



PokerStars Hand #254307246164:  Hold'em No Limit ($0.50/$1.00 USD) - 2025/01/10 3:30:09 WET [2025/01/10 22:30:09 ET]
Table 'Tabit III' 6-max Seat #1 is the button
Seat 1: G.HANSEN333 ($100 in chips) 
Seat 3: ddyyjj ($108.60 in chips) 
Seat 4: CEPTT ($100 in chips) 
ddyyjj: posts small blind $0.50
CEPTT: posts big blind $1
*** HOLE CARDS ***
G.HANSEN333: raises $1.50 to $2.50
ddyyjj: folds 
CEPTT: folds 
Uncalled bet ($1.50) returned to G.HANSEN333
G.HANSEN333 collected $2.50 from pot
G.HANSEN333: doesn't show hand 
*** SUMMARY ***
Total pot $2.50 | Rake $0 
Seat 1: G.HANSEN333 (button) collected ($2.50)
Seat 3: ddyyjj (small blind) folded before Flop
Seat 4: CEPTT (big blind) folded before Flop



PokerStars Hand #254307248494:  Hold'em No Limit ($0.50/$1.00 USD) - 2025/01/10 3:30:25 WET [2025/01/10 22:30:25 ET]
Table 'Tabit III' 6-max Seat #3 is the button
Seat 1: G.HANSEN333 ($101.50 in chips) 
Seat 3: ddyyjj ($108.10 in chips) 
Seat 4: CEPTT ($100 in chips) 
CEPTT: posts small blind $0.50
G.HANSEN333: posts big blind $1
*** HOLE CARDS ***
ddyyjj: folds 
CEPTT: raises $2 to $3
G.HANSEN333: calls $2
*** FLOP *** [7d Ac Qs]
CEPTT: checks 
G.HANSEN333: checks 
*** TURN *** [7d Ac Qs] [5h]
CEPTT: checks 
G.HANSEN333: bets $3.50
CEPTT: folds 
Uncalled bet ($3.50) returned to G.HANSEN333
G.HANSEN333 collected $5.70 from pot
G.HANSEN333: doesn't show hand 
*** SUMMARY ***
Total pot $6 | Rake $0.30 
Board [7d Ac Qs 5h]
Seat 1: G.HANSEN333 (big blind) collected ($5.70)
Seat 3: ddyyjj (button) folded before Flop (didn't bet)
Seat 4: CEPTT (small blind) folded on the Turn



PokerStars Hand #254307256972:  Hold'em No Limit ($0.50/$1.00 USD) - 2025/01/10 3:31:22 WET [2025/01/10 22:31:22 ET]
Table 'Tabit III' 6-max Seat #4 is the button
Seat 1: G.HANSEN333 ($104.20 in chips) 
Seat 3: ddyyjj ($108.10 in chips) 
Seat 4: CEPTT ($100 in chips) 
G.HANSEN333: posts small blind $0.50
ddyyjj: posts big blind $1
*** HOLE CARDS ***
CEPTT: raises $1.85 to $2.85
G.HANSEN333: raises $8.65 to $11.50
ddyyjj: folds 
CEPTT: folds 
Uncalled bet ($8.65) returned to G.HANSEN333
G.HANSEN333 collected $6.70 from pot
G.HANSEN333: doesn't show hand 
*** SUMMARY ***
Total pot $6.70 | Rake $0 
Seat 1: G.HANSEN333 (small blind) collected ($6.70)
Seat 3: ddyyjj (big blind) folded before Flop
Seat 4: CEPTT (button) folded before Flop



PokerStars Hand #254307262488:  Hold'em No Limit ($0.50/$1.00 USD) - 2025/01/10 3:31:59 WET [2025/01/10 22:31:59 ET]
Table 'Tabit III' 6-max Seat #1 is the button
Seat 1: G.HANSEN333 ($108.05 in chips) 
Seat 3: ddyyjj ($107.10 in chips) 
Seat 4: CEPTT ($100 in chips) 
ddyyjj: posts small blind $0.50
CEPTT: posts big blind $1
*** HOLE CARDS ***
G.HANSEN333: raises $1.50 to $2.50
ddyyjj: folds 
CEPTT: calls $1.50
*** FLOP *** [4h Ac Kc]
CEPTT: checks 
G.HANSEN333: bets $1.72
jeilsons joins the table at seat #6 
CEPTT: folds 
Uncalled bet ($1.72) returned to G.HANSEN333
G.HANSEN333 collected $5.22 from pot
G.HANSEN333: doesn't show hand 
*** SUMMARY ***
Total pot $5.50 | Rake $0.28 
Board [4h Ac Kc]
Seat 1: G.HANSEN333 (button) collected ($5.22)
Seat 3: ddyyjj (small blind) folded before Flop
Seat 4: CEPTT (big blind) folded on the Flop



PokerStars Hand #254307267041:  Hold'em No Limit ($0.50/$1.00 USD) - 2025/01/10 3:32:29 WET [2025/01/10 22:32:29 ET]
Table 'Tabit III' 6-max Seat #3 is the button
Seat 1: G.HANSEN333 ($110.77 in chips) 
Seat 3: ddyyjj ($106.60 in chips) 
Seat 4: CEPTT ($100 in chips) 
Seat 6: jeilsons ($100 in chips) 
CEPTT: posts small blind $0.50
jeilsons: posts big blind $1
*** HOLE CARDS ***
G.HANSEN333: raises $1.50 to $2.50
ddyyjj: folds 
CEPTT: folds 
jeilsons: folds 
Uncalled bet ($1.50) returned to G.HANSEN333
G.HANSEN333 collected $2.50 from pot
G.HANSEN333: doesn't show hand 
*** SUMMARY ***
Total pot $2.50 | Rake $0 
Seat 1: G.HANSEN333 collected ($2.50)
Seat 3: ddyyjj (button) folded before Flop (didn't bet)
Seat 4: CEPTT (small blind) folded before Flop
Seat 6: jeilsons (big blind) folded before Flop



PokerStars Hand #254307269501:  Hold'em No Limit ($0.50/$1.00 USD) - 2025/01/10 3:32:45 WET [2025/01/10 22:32:45 ET]
Table 'Tabit III' 6-max Seat #4 is the button
Seat 1: G.HANSEN333 ($112.27 in chips) 
Seat 3: ddyyjj ($106.60 in chips) 
Seat 4: CEPTT ($100 in chips) 
Seat 6: jeilsons ($100 in chips) 
jeilsons: posts small blind $0.50
G.HANSEN333: posts big blind $1
*** HOLE CARDS ***
ddyyjj: folds 
CEPTT: folds 
jeilsons: folds 
Uncalled bet ($0.50) returned to G.HANSEN333
G.HANSEN333 collected $1 from pot
G.HANSEN333: doesn't show hand 
*** SUMMARY ***
Total pot $1 | Rake $0 
Seat 1: G.HANSEN333 (big blind) collected ($1)
Seat 3: ddyyjj folded before Flop (didn't bet)
Seat 4: CEPTT (button) folded before Flop (didn't bet)
Seat 6: jeilsons (small blind) folded before Flop



PokerStars Hand #254307271311:  Hold'em No Limit ($0.50/$1.00 USD) - 2025/01/10 3:32:57 WET [2025/01/10 22:32:57 ET]
Table 'Tabit III' 6-max Seat #6 is the button
Seat 1: G.HANSEN333 ($112.77 in chips) 
Seat 3: ddyyjj ($106.60 in chips) 
Seat 4: CEPTT ($100 in chips) 
Seat 6: jeilsons ($100 in chips) 
G.HANSEN333: posts small blind $0.50
ddyyjj: posts big blind $1
*** HOLE CARDS ***
CEPTT: folds 
jeilsons: raises $1.50 to $2.50
G.HANSEN333: folds 
ddyyjj: folds 
Uncalled bet ($1.50) returned to jeilsons
jeilsons collected $2.50 from pot
jeilsons: doesn't show hand 
*** SUMMARY ***
Total pot $2.50 | Rake $0 
Seat 1: G.HANSEN333 (small blind) folded before Flop
Seat 3: ddyyjj (big blind) folded before Flop
Seat 4: CEPTT folded before Flop (didn't bet)
Seat 6: jeilsons (button) collected ($2.50)



PokerStars Hand #254307274833:  Hold'em No Limit ($0.50/$1.00 USD) - 2025/01/10 3:33:21 WET [2025/01/10 22:33:21 ET]
Table 'Tabit III' 6-max Seat #1 is the button
Seat 1: G.HANSEN333 ($112.27 in chips) 
Seat 3: ddyyjj ($105.60 in chips) 
Seat 4: CEPTT ($100 in chips) 
Seat 6: jeilsons ($101.50 in chips) 
ddyyjj: posts small blind $0.50
CEPTT: posts big blind $1
*** HOLE CARDS ***
jeilsons: raises $1.30 to $2.30
G.HANSEN333: folds 
ddyyjj: folds 
CEPTT: folds 
Uncalled bet ($1.30) returned to jeilsons
jeilsons collected $2.50 from pot
jeilsons: doesn't show hand 
*** SUMMARY ***
Total pot $2.50 | Rake $0 
Seat 1: G.HANSEN333 (button) folded before Flop (didn't bet)
Seat 3: ddyyjj (small blind) folded before Flop
Seat 4: CEPTT (big blind) folded before Flop
Seat 6: jeilsons collected ($2.50)



PokerStars Hand #254307277903:  Hold'em No Limit ($0.50/$1.00 USD) - 2025/01/10 3:33:41 WET [2025/01/10 22:33:41 ET]
Table 'Tabit III' 6-max Seat #3 is the button
Seat 1: G.HANSEN333 ($112.27 in chips) 
Seat 3: ddyyjj ($105.10 in chips) 
Seat 4: CEPTT ($100 in chips) 
Seat 6: jeilsons ($103 in chips) 
CEPTT: posts small blind $0.50
jeilsons: posts big blind $1
*** HOLE CARDS ***
G.HANSEN333: folds 
ddyyjj: folds 
CEPTT: raises $2 to $3
jeilsons: folds 
Uncalled bet ($2) returned to CEPTT
CEPTT collected $2 from pot
CEPTT: doesn't show hand 
*** SUMMARY ***
Total pot $2 | Rake $0 
Seat 1: G.HANSEN333 folded before Flop (didn't bet)
Seat 3: ddyyjj (button) folded before Flop (didn't bet)
Seat 4: CEPTT (small blind) collected ($2)
Seat 6: jeilsons (big blind) folded before Flop



PokerStars Hand #254307280352:  Hold'em No Limit ($0.50/$1.00 USD) - 2025/01/10 3:33:58 WET [2025/01/10 22:33:58 ET]
Table 'Tabit III' 6-max Seat #4 is the button
Seat 1: G.HANSEN333 ($112.27 in chips) 
Seat 3: ddyyjj ($105.10 in chips) 
Seat 4: CEPTT ($101 in chips) 
Seat 6: jeilsons ($102 in chips) 
jeilsons: posts small blind $0.50
G.HANSEN333: posts big blind $1
*** HOLE CARDS ***
ddyyjj: folds 
CEPTT: raises $1.85 to $2.85
jeilsons: folds 
G.HANSEN333: folds 
Uncalled bet ($1.85) returned to CEPTT
CEPTT collected $2.50 from pot
CEPTT: doesn't show hand 
*** SUMMARY ***
Total pot $2.50 | Rake $0 
Seat 1: G.HANSEN333 (big blind) folded before Flop
Seat 3: ddyyjj folded before Flop (didn't bet)
Seat 4: CEPTT (button) collected ($2.50)
Seat 6: jeilsons (small blind) folded before Flop



PokerStars Hand #254307282107:  Hold'em No Limit ($0.50/$1.00 USD) - 2025/01/10 3:34:09 WET [2025/01/10 22:34:09 ET]
Table 'Tabit III' 6-max Seat #6 is the button
Seat 1: G.HANSEN333 ($111.27 in chips) 
Seat 3: ddyyjj ($105.10 in chips) 
Seat 4: CEPTT ($102.50 in chips) 
Seat 6: jeilsons ($101.50 in chips) 
G.HANSEN333: posts small blind $0.50
ddyyjj: posts big blind $1
*** HOLE CARDS ***
CEPTT: folds 
jeilsons: folds 
G.HANSEN333: raises $2 to $3
ddyyjj: folds 
Uncalled bet ($2) returned to G.HANSEN333
G.HANSEN333 collected $2 from pot
G.HANSEN333: doesn't show hand 
*** SUMMARY ***
Total pot $2 | Rake $0 
Seat 1: G.HANSEN333 (small blind) collected ($2)
Seat 3: ddyyjj (big blind) folded before Flop
Seat 4: CEPTT folded before Flop (didn't bet)
Seat 6: jeilsons (button) folded before Flop (didn't bet)



PokerStars Hand #254307284081:  Hold'em No Limit ($0.50/$1.00 USD) - 2025/01/10 3:34:23 WET [2025/01/10 22:34:23 ET]
Table 'Tabit III' 6-max Seat #1 is the button
Seat 1: G.HANSEN333 ($112.27 in chips) 
Seat 3: ddyyjj ($104.10 in chips) 
Seat 4: CEPTT ($102.50 in chips) 
Seat 6: jeilsons ($101.50 in chips) 
ddyyjj: posts small blind $0.50
CEPTT: posts big blind $1
*** HOLE CARDS ***
jeilsons: raises $1.30 to $2.30
G.HANSEN333: folds 
ddyyjj: folds 
CEPTT: folds 
Uncalled bet ($1.30) returned to jeilsons
jeilsons collected $2.50 from pot
jeilsons: doesn't show hand 
*** SUMMARY ***
Total pot $2.50 | Rake $0 
Seat 1: G.HANSEN333 (button) folded before Flop (didn't bet)
Seat 3: ddyyjj (small blind) folded before Flop
Seat 4: CEPTT (big blind) folded before Flop
Seat 6: jeilsons collected ($2.50)



PokerStars Hand #254307287140:  Hold'em No Limit ($0.50/$1.00 USD) - 2025/01/10 3:34:44 WET [2025/01/10 22:34:44 ET]
Table 'Tabit III' 6-max Seat #3 is the button
Seat 1: G.HANSEN333 ($112.27 in chips) 
Seat 3: ddyyjj ($103.60 in chips) 
Seat 4: CEPTT ($101.50 in chips) 
Seat 6: jeilsons ($103 in chips) 
CEPTT: posts small blind $0.50
jeilsons: posts big blind $1
*** HOLE CARDS ***
G.HANSEN333: folds 
ddyyjj: folds 
ddyyjj leaves the table
CEPTT: raises $2 to $3
jeilsons: raises $7.50 to $10.50
CEPTT: calls $7.50
*** FLOP *** [2c 2d Qc]
CEPTT: checks 
jeilsons: bets $5.20
CEPTT: folds 
Uncalled bet ($5.20) returned to jeilsons
jeilsons collected $20 from pot
jeilsons: doesn't show hand 
*** SUMMARY ***
Total pot $21 | Rake $1 
Board [2c 2d Qc]
Seat 1: G.HANSEN333 folded before Flop (didn't bet)
Seat 3: ddyyjj (button) folded before Flop (didn't bet)
Seat 4: CEPTT (small blind) folded on the Flop
Seat 6: jeilsons (big blind) collected ($20)



PokerStars Hand #254307291414:  Hold'em No Limit ($0.50/$1.00 USD) - 2025/01/10 3:35:13 WET [2025/01/10 22:35:13 ET]
Table 'Tabit III' 6-max Seat #4 is the button
Seat 1: G.HANSEN333 ($112.27 in chips) 
Seat 4: CEPTT ($100 in chips) 
Seat 6: jeilsons ($112.50 in chips) 
jeilsons: posts small blind $0.50
G.HANSEN333: posts big blind $1
*** HOLE CARDS ***
CEPTT: raises $1.85 to $2.85
jeilsons: folds 
G.HANSEN333: raises $9.15 to $12
CEPTT: calls $9.15
*** FLOP *** [Ks Kd 4d]
G.HANSEN333: bets $7.76
CEPTT: calls $7.76
*** TURN *** [Ks Kd 4d] [8d]
G.HANSEN333: checks 
CEPTT: checks 
*** RIVER *** [Ks Kd 4d 8d] [3s]
G.HANSEN333: checks 
CEPTT: checks 
*** SHOW DOWN ***
G.HANSEN333: shows [Td Th] (two pair, Kings and Tens)
CEPTT: mucks hand 
G.HANSEN333 collected $39.02 from pot
*** SUMMARY ***
Total pot $40.02 | Rake $1 
Board [Ks Kd 4d 8d 3s]
Seat 1: G.HANSEN333 (big blind) showed [Td Th] and won ($39.02) with two pair, Kings and Tens
Seat 4: CEPTT (button) mucked
Seat 6: jeilsons (small blind) folded before Flop



PokerStars Hand #254307296347:  Hold'em No Limit ($0.50/$1.00 USD) - 2025/01/10 3:35:47 WET [2025/01/10 22:35:47 ET]
Table 'Tabit III' 6-max Seat #6 is the button
Seat 1: G.HANSEN333 ($131.53 in chips) 
Seat 4: CEPTT ($100 in chips) 
Seat 6: jeilsons ($112 in chips) 
G.HANSEN333: posts small blind $0.50
CEPTT: posts big blind $1
*** HOLE CARDS ***
jeilsons: raises $1.50 to $2.50
G.HANSEN333: folds 
CEPTT: folds 
Uncalled bet ($1.50) returned to jeilsons
jeilsons collected $2.50 from pot
jeilsons: doesn't show hand 
*** SUMMARY ***
Total pot $2.50 | Rake $0 
Seat 1: G.HANSEN333 (small blind) folded before Flop
Seat 4: CEPTT (big blind) folded before Flop
Seat 6: jeilsons (button) collected ($2.50)



PokerStars Hand #254307298013:  Hold'em No Limit ($0.50/$1.00 USD) - 2025/01/10 3:35:59 WET [2025/01/10 22:35:59 ET]
Table 'Tabit III' 6-max Seat #1 is the button
Seat 1: G.HANSEN333 ($131.03 in chips) 
Seat 4: CEPTT ($100 in chips) 
Seat 6: jeilsons ($113.50 in chips) 
CEPTT: posts small blind $0.50
jeilsons: posts big blind $1
*** HOLE CARDS ***
G.HANSEN333: folds 
CEPTT: folds 
Uncalled bet ($0.50) returned to jeilsons
jeilsons collected $1 from pot
jeilsons: doesn't show hand 
*** SUMMARY ***
Total pot $1 | Rake $0 
Seat 1: G.HANSEN333 (button) folded before Flop (didn't bet)
Seat 4: CEPTT (small blind) folded before Flop
Seat 6: jeilsons (big blind) collected ($1)



PokerStars Hand #254307299019:  Hold'em No Limit ($0.50/$1.00 USD) - 2025/01/10 3:36:06 WET [2025/01/10 22:36:06 ET]
Table 'Tabit III' 6-max Seat #4 is the button
Seat 1: G.HANSEN333 ($131.03 in chips) 
Seat 4: CEPTT ($100 in chips) 
Seat 6: jeilsons ($114 in chips) 
jeilsons: posts small blind $0.50
G.HANSEN333: posts big blind $1
*** HOLE CARDS ***
CEPTT: raises $1.85 to $2.85
jeilsons: folds 
G.HANSEN333: folds 
Uncalled bet ($1.85) returned to CEPTT
jeilsons leaves the table
CEPTT collected $2.50 from pot
CEPTT: doesn't show hand 
*** SUMMARY ***
Total pot $2.50 | Rake $0 
Seat 1: G.HANSEN333 (big blind) folded before Flop
Seat 4: CEPTT (button) collected ($2.50)
Seat 6: jeilsons (small blind) folded before Flop



PokerStars Hand #254307300436:  Hold'em No Limit ($0.50/$1.00 USD) - 2025/01/10 3:36:16 WET [2025/01/10 22:36:16 ET]
Table 'Tabit III' 6-max Seat #1 is the button
Seat 1: G.HANSEN333 ($130.03 in chips) 
Seat 4: CEPTT ($101.50 in chips) 
G.HANSEN333: posts small blind $0.50
CEPTT: posts big blind $1
*** HOLE CARDS ***
G.HANSEN333: folds 
Uncalled bet ($0.50) returned to CEPTT
CEPTT collected $1 from pot
CEPTT: doesn't show hand 
*** SUMMARY ***
Total pot $1 | Rake $0 
Seat 1: G.HANSEN333 (button) (small blind) folded before Flop
Seat 4: CEPTT (big blind) collected ($1)



PokerStars Hand #254307301224:  Hold'em No Limit ($0.50/$1.00 USD) - 2025/01/10 3:36:22 WET [2025/01/10 22:36:22 ET]
Table 'Tabit III' 6-max Seat #4 is the button
Seat 1: G.HANSEN333 ($129.53 in chips) 
Seat 4: CEPTT ($102 in chips) 
CEPTT: posts small blind $0.50
G.HANSEN333: posts big blind $1
*** HOLE CARDS ***
CEPTT: raises $1.50 to $2.50
G.HANSEN333: folds 
Uncalled bet ($1.50) returned to CEPTT
CEPTT collected $2 from pot
CEPTT: doesn't show hand 
*** SUMMARY ***
Total pot $2 | Rake $0 
Seat 1: G.HANSEN333 (big blind) folded before Flop
Seat 4: CEPTT (button) (small blind) collected ($2)



PokerStars Hand #254307302231:  Hold'em No Limit ($0.50/$1.00 USD) - 2025/01/10 3:36:29 WET [2025/01/10 22:36:29 ET]
Table 'Tabit III' 6-max Seat #1 is the button
Seat 1: G.HANSEN333 ($128.53 in chips) 
Seat 4: CEPTT ($103 in chips) 
G.HANSEN333: posts small blind $0.50
CEPTT: posts big blind $1
*** HOLE CARDS ***
G.HANSEN333: raises $2 to $3
CEPTT: raises $7 to $10
G.HANSEN333: calls $7
*** FLOP *** [2c Ad 3d]
CEPTT: checks 
G.HANSEN333: checks 
*** TURN *** [2c Ad 3d] [4c]
CEPTT: checks 
G.HANSEN333: checks 
*** RIVER *** [2c Ad 3d 4c] [Qs]
CEPTT: bets $9.50
G.HANSEN333: folds 
Uncalled bet ($9.50) returned to CEPTT
CEPTT collected $19 from pot
CEPTT: doesn't show hand 
*** SUMMARY ***
Total pot $20 | Rake $1 
Board [2c Ad 3d 4c Qs]
Seat 1: G.HANSEN333 (button) (small blind) folded on the River
Seat 4: CEPTT (big blind) collected ($19)



PokerStars Hand #254307306706:  Hold'em No Limit ($0.50/$1.00 USD) - 2025/01/10 3:37:00 WET [2025/01/10 22:37:00 ET]
Table 'Tabit III' 6-max Seat #4 is the button
Seat 1: G.HANSEN333 ($118.53 in chips) 
Seat 4: CEPTT ($112 in chips) 
CEPTT: posts small blind $0.50
G.HANSEN333: posts big blind $1
*** HOLE CARDS ***
CEPTT: folds 
Uncalled bet ($0.50) returned to G.HANSEN333
G.HANSEN333 collected $1 from pot
G.HANSEN333: doesn't show hand 
*** SUMMARY ***
Total pot $1 | Rake $0 
Seat 1: G.HANSEN333 (big blind) collected ($1)
Seat 4: CEPTT (button) (small blind) folded before Flop



PokerStars Hand #254307307566:  Hold'em No Limit ($0.50/$1.00 USD) - 2025/01/10 3:37:06 WET [2025/01/10 22:37:06 ET]
Table 'Tabit III' 6-max Seat #1 is the button
Seat 1: G.HANSEN333 ($119.03 in chips) 
Seat 4: CEPTT ($111.50 in chips) 
G.HANSEN333: posts small blind $0.50
CEPTT: posts big blind $1
*** HOLE CARDS ***
G.HANSEN333: raises $2 to $3
CEPTT: folds 
Uncalled bet ($2) returned to G.HANSEN333
G.HANSEN333 collected $2 from pot
G.HANSEN333: doesn't show hand 
*** SUMMARY ***
Total pot $2 | Rake $0 
Seat 1: G.HANSEN333 (button) (small blind) collected ($2)
Seat 4: CEPTT (big blind) folded before Flop



PokerStars Hand #254307309022:  Hold'em No Limit ($0.50/$1.00 USD) - 2025/01/10 3:37:16 WET [2025/01/10 22:37:16 ET]
Table 'Tabit III' 6-max Seat #4 is the button
Seat 1: G.HANSEN333 ($120.03 in chips) 
Seat 4: CEPTT ($110.50 in chips) 
CEPTT: posts small blind $0.50
G.HANSEN333: posts big blind $1
*** HOLE CARDS ***
CEPTT: raises $2 to $3
G.HANSEN333: folds 
Uncalled bet ($2) returned to CEPTT
CEPTT collected $2 from pot
CEPTT: doesn't show hand 
*** SUMMARY ***
Total pot $2 | Rake $0 
Seat 1: G.HANSEN333 (big blind) folded before Flop
Seat 4: CEPTT (button) (small blind) collected ($2)



PokerStars Hand #254307310609:  Hold'em No Limit ($0.50/$1.00 USD) - 2025/01/10 3:37:28 WET [2025/01/10 22:37:28 ET]
Table 'Tabit III' 6-max Seat #1 is the button
Seat 1: G.HANSEN333 ($119.03 in chips) 
Seat 4: CEPTT ($111.50 in chips) 
G.HANSEN333: posts small blind $0.50
CEPTT: posts big blind $1
*** HOLE CARDS ***
G.HANSEN333: folds 
Uncalled bet ($0.50) returned to CEPTT
CEPTT collected $1 from pot
CEPTT: doesn't show hand 
*** SUMMARY ***
Total pot $1 | Rake $0 
Seat 1: G.HANSEN333 (button) (small blind) folded before Flop
Seat 4: CEPTT (big blind) collected ($1)



PokerStars Hand #254307015698:  Hold'em No Limit ($0.50/$1.00 USD) - 2025/01/10 3:05:06 WET [2025/01/10 22:05:06 ET]
Table 'Tabit III' 6-max Seat #3 is the button
Seat 1: PORCELLI ($97.86 in chips) 
Seat 2: ru_ruu_ru ($161.49 in chips) 
Seat 3: rostickkin ($151.27 in chips) 
Seat 4: 7bekon7 ($195.32 in chips) 
Seat 5: Sadyhov V.V. ($100 in chips) 
Seat 6: LuckyShikari ($100.18 in chips) 
7bekon7: posts small blind $0.50
Sadyhov V.V.: posts big blind $1
*** HOLE CARDS ***
LuckyShikari: raises $1.50 to $2.50
PORCELLI: folds 
ru_ruu_ru: folds 
rostickkin: folds 
7bekon7: folds 
Sadyhov V.V.: folds 
Uncalled bet ($1.50) returned to LuckyShikari
LuckyShikari collected $2.50 from pot
*** SUMMARY ***
Total pot $2.50 | Rake $0 
Seat 1: PORCELLI folded before Flop (didn't bet)
Seat 2: ru_ruu_ru folded before Flop (didn't bet)
Seat 3: rostickkin (button) folded before Flop (didn't bet)
Seat 4: 7bekon7 (small blind) folded before Flop
Seat 5: Sadyhov V.V. (big blind) folded before Flop
Seat 6: LuckyShikari collected ($2.50)



PokerStars Hand #254307019220:  Hold'em No Limit ($0.50/$1.00 USD) - 2025/01/10 3:05:28 WET [2025/01/10 22:05:28 ET]
Table 'Tabit III' 6-max Seat #4 is the button
Seat 1: PORCELLI ($97.86 in chips) 
Seat 2: ru_ruu_ru ($161.49 in chips) 
Seat 3: rostickkin ($151.27 in chips) 
Seat 4: 7bekon7 ($194.82 in chips) 
Seat 5: Sadyhov V.V. ($100 in chips) 
Seat 6: LuckyShikari ($101.68 in chips) 
Sadyhov V.V.: posts small blind $0.50
LuckyShikari: posts big blind $1
*** HOLE CARDS ***
PORCELLI: folds 
ru_ruu_ru: folds 
rostickkin: folds 
7bekon7: folds 
Sadyhov V.V.: raises $2 to $3
LuckyShikari: raises $6 to $9
Sadyhov V.V.: raises $15 to $24
LuckyShikari: folds 
Uncalled bet ($15) returned to Sadyhov V.V.
Sadyhov V.V. collected $18 from pot
Sadyhov V.V.: doesn't show hand 
*** SUMMARY ***
Total pot $18 | Rake $0 
Seat 1: PORCELLI folded before Flop (didn't bet)
Seat 2: ru_ruu_ru folded before Flop (didn't bet)
Seat 3: rostickkin folded before Flop (didn't bet)
Seat 4: 7bekon7 (button) folded before Flop (didn't bet)
Seat 5: Sadyhov V.V. (small blind) collected ($18)
Seat 6: LuckyShikari (big blind) folded before Flop



PokerStars Hand #254307025205:  Hold'em No Limit ($0.50/$1.00 USD) - 2025/01/10 3:06:07 WET [2025/01/10 22:06:07 ET]
Table 'Tabit III' 6-max Seat #5 is the button
Seat 1: PORCELLI ($97.86 in chips) 
Seat 2: ru_ruu_ru ($161.49 in chips) 
Seat 3: rostickkin ($151.27 in chips) 
Seat 4: 7bekon7 ($194.82 in chips) 
Seat 5: Sadyhov V.V. ($109 in chips) 
Seat 6: LuckyShikari ($100 in chips) 
LuckyShikari: posts small blind $0.50
PORCELLI: posts big blind $1
*** HOLE CARDS ***
ru_ruu_ru: folds 
rostickkin: folds 
7bekon7: raises $1.50 to $2.50
Sadyhov V.V.: folds 
LuckyShikari: raises $12 to $14.50
PORCELLI: folds 
7bekon7: calls $12
*** FLOP *** [Ac Jc 9c]
LuckyShikari: bets $10
7bekon7: folds 
Uncalled bet ($10) returned to LuckyShikari
LuckyShikari collected $28.50 from pot
LuckyShikari: doesn't show hand 
*** SUMMARY ***
Total pot $30 | Rake $1.50 
Board [Ac Jc 9c]
Seat 1: PORCELLI (big blind) folded before Flop
Seat 2: ru_ruu_ru folded before Flop (didn't bet)
Seat 3: rostickkin folded before Flop (didn't bet)
Seat 4: 7bekon7 folded on the Flop
Seat 5: Sadyhov V.V. (button) folded before Flop (didn't bet)
Seat 6: LuckyShikari (small blind) collected ($28.50)



PokerStars Hand #254307034623:  Hold'em No Limit ($0.50/$1.00 USD) - 2025/01/10 3:07:08 WET [2025/01/10 22:07:08 ET]
Table 'Tabit III' 6-max Seat #6 is the button
Seat 1: PORCELLI ($96.86 in chips) 
Seat 2: ru_ruu_ru ($161.49 in chips) 
Seat 3: rostickkin ($151.27 in chips) 
Seat 4: 7bekon7 ($180.32 in chips) 
Seat 5: Sadyhov V.V. ($109 in chips) 
Seat 6: LuckyShikari ($114 in chips) 
PORCELLI: posts small blind $0.50
ru_ruu_ru: posts big blind $1
*** HOLE CARDS ***
rostickkin: folds 
7bekon7: folds 
Sadyhov V.V.: raises $1.50 to $2.50
LuckyShikari: folds 
PORCELLI: calls $2
ru_ruu_ru: calls $1.50
*** FLOP *** [8h 7h 6s]
PORCELLI: checks 
ru_ruu_ru: bets $3.56
Sadyhov V.V.: calls $3.56
PORCELLI: calls $3.56
*** TURN *** [8h 7h 6s] [6d]
PORCELLI: checks 
ru_ruu_ru: checks 
Sadyhov V.V.: bets $9.50
PORCELLI: calls $9.50
ru_ruu_ru: folds 
*** RIVER *** [8h 7h 6s 6d] [Jc]
PORCELLI: checks 
Sadyhov V.V.: checks 
*** SHOW DOWN ***
PORCELLI: shows [Qd 9h] (a pair of Sixes)
Sadyhov V.V.: shows [Ts Td] (two pair, Tens and Sixes)
Sadyhov V.V. collected $35.32 from pot
*** SUMMARY ***
Total pot $37.18 | Rake $1.86 
Board [8h 7h 6s 6d Jc]
Seat 1: PORCELLI (small blind) showed [Qd 9h] and lost with a pair of Sixes
Seat 2: ru_ruu_ru (big blind) folded on the Turn
Seat 3: rostickkin folded before Flop (didn't bet)
Seat 4: 7bekon7 folded before Flop (didn't bet)
Seat 5: Sadyhov V.V. showed [Ts Td] and won ($35.32) with two pair, Tens and Sixes
Seat 6: LuckyShikari (button) folded before Flop (didn't bet)



PokerStars Hand #254307045153:  Hold'em No Limit ($0.50/$1.00 USD) - 2025/01/10 3:08:14 WET [2025/01/10 22:08:14 ET]
Table 'Tabit III' 6-max Seat #1 is the button
Seat 1: PORCELLI ($81.30 in chips) 
Seat 2: ru_ruu_ru ($155.43 in chips) 
Seat 3: rostickkin ($151.27 in chips) 
Seat 4: 7bekon7 ($180.32 in chips) 
Seat 5: Sadyhov V.V. ($128.76 in chips) 
Seat 6: LuckyShikari ($114 in chips) 
ru_ruu_ru: posts small blind $0.50
rostickkin: posts big blind $1
*** HOLE CARDS ***
7bekon7: folds 
Sadyhov V.V.: folds 
LuckyShikari: folds 
PORCELLI: raises $6 to $7
ru_ruu_ru: folds 
rostickkin: folds 
Uncalled bet ($6) returned to PORCELLI
PORCELLI collected $2.50 from pot
PORCELLI: doesn't show hand 
*** SUMMARY ***
Total pot $2.50 | Rake $0 
Seat 1: PORCELLI (button) collected ($2.50)
Seat 2: ru_ruu_ru (small blind) folded before Flop
Seat 3: rostickkin (big blind) folded before Flop
Seat 4: 7bekon7 folded before Flop (didn't bet)
Seat 5: Sadyhov V.V. folded before Flop (didn't bet)
Seat 6: LuckyShikari folded before Flop (didn't bet)



PokerStars Hand #254307050413:  Hold'em No Limit ($0.50/$1.00 USD) - 2025/01/10 3:08:48 WET [2025/01/10 22:08:48 ET]
Table 'Tabit III' 6-max Seat #2 is the button
Seat 1: PORCELLI ($82.80 in chips) 
Seat 2: ru_ruu_ru ($154.93 in chips) 
Seat 3: rostickkin ($150.27 in chips) 
Seat 4: 7bekon7 ($180.32 in chips) 
Seat 5: Sadyhov V.V. ($128.76 in chips) 
Seat 6: LuckyShikari ($114 in chips) 
rostickkin: posts small blind $0.50
7bekon7: posts big blind $1
*** HOLE CARDS ***
Sadyhov V.V.: folds 
LuckyShikari: folds 
PORCELLI: raises $7 to $8
ru_ruu_ru: raises $17 to $25
rostickkin: folds 
7bekon7: folds 
PORCELLI: calls $17
*** FLOP *** [2c Ts 6h]
PORCELLI: checks 
ru_ruu_ru: checks 
*** TURN *** [2c Ts 6h] [3h]
PORCELLI: checks 
ru_ruu_ru: bets $16.17
PORCELLI: calls $16.17
*** RIVER *** [2c Ts 6h 3h] [8c]
PORCELLI: checks 
ru_ruu_ru: bets $40.67
PORCELLI: raises $0.96 to $41.63 and is all-in
ru_ruu_ru: calls $0.96
*** SHOW DOWN ***
PORCELLI: shows [7d As] (high card Ace)
ru_ruu_ru: shows [Td Th] (three of a kind, Tens)
ru_ruu_ru collected $164.60 from pot
*** SUMMARY ***
Total pot $167.10 | Rake $2.50 
Board [2c Ts 6h 3h 8c]
Seat 1: PORCELLI showed [7d As] and lost with high card Ace
Seat 2: ru_ruu_ru (button) showed [Td Th] and won ($164.60) with three of a kind, Tens
Seat 3: rostickkin (small blind) folded before Flop
Seat 4: 7bekon7 (big blind) folded before Flop
Seat 5: Sadyhov V.V. folded before Flop (didn't bet)
Seat 6: LuckyShikari folded before Flop (didn't bet)



PokerStars Hand #254307061731:  Hold'em No Limit ($0.50/$1.00 USD) - 2025/01/10 3:10:00 WET [2025/01/10 22:10:00 ET]
Table 'Tabit III' 6-max Seat #3 is the button
Seat 2: ru_ruu_ru ($236.73 in chips) 
Seat 3: rostickkin ($149.77 in chips) 
Seat 4: 7bekon7 ($179.32 in chips) 
Seat 5: Sadyhov V.V. ($128.76 in chips) 
Seat 6: LuckyShikari ($114 in chips) 
7bekon7: posts small blind $0.50
Sadyhov V.V.: posts big blind $1
*** HOLE CARDS ***
LuckyShikari: raises $1.50 to $2.50
ru_ruu_ru: folds 
rostickkin: folds 
7bekon7: folds 
Sadyhov V.V.: folds 
Uncalled bet ($1.50) returned to LuckyShikari
LuckyShikari collected $2.50 from pot
LuckyShikari: doesn't show hand 
*** SUMMARY ***
Total pot $2.50 | Rake $0 
Seat 2: ru_ruu_ru folded before Flop (didn't bet)
Seat 3: rostickkin (button) folded before Flop (didn't bet)
Seat 4: 7bekon7 (small blind) folded before Flop
Seat 5: Sadyhov V.V. (big blind) folded before Flop
Seat 6: LuckyShikari collected ($2.50)



PokerStars Hand #254307065254:  Hold'em No Limit ($0.50/$1.00 USD) - 2025/01/10 3:10:23 WET [2025/01/10 22:10:23 ET]
Table 'Tabit III' 6-max Seat #4 is the button
Seat 2: ru_ruu_ru ($236.73 in chips) 
Seat 3: rostickkin ($149.77 in chips) 
Seat 4: 7bekon7 ($178.82 in chips) 
Seat 5: Sadyhov V.V. ($127.76 in chips) 
Seat 6: LuckyShikari ($115.50 in chips) 
Sadyhov V.V.: posts small blind $0.50
LuckyShikari: posts big blind $1
*** HOLE CARDS ***
ru_ruu_ru: folds 
rostickkin: folds 
ru_ruu_ru leaves the table
7bekon7: raises $1.25 to $2.25
Sadyhov V.V.: folds 
LuckyShikari: raises $12.75 to $15
7bekon7: calls $12.75
*** FLOP *** [7h 6c 3s]
LuckyShikari: bets $25.21
7bekon7: raises $25.21 to $50.42
LuckyShikari: raises $50.08 to $100.50 and is all-in
7bekon7: calls $50.08
*** FIRST TURN *** [7h 6c 3s] [9d]
*** FIRST RIVER *** [7h 6c 3s 9d] [9s]
*** SECOND TURN *** [7h 6c 3s] [3c]
*** SECOND RIVER *** [7h 6c 3s 3c] [Qh]
*** FIRST SHOW DOWN ***
LuckyShikari: shows [5d 5c] (two pair, Nines and Fives)
7bekon7: shows [Jd Jh] (two pair, Jacks and Nines)
7bekon7 collected $114.50 from pot
*** SECOND SHOW DOWN ***
LuckyShikari: shows [5d 5c] (two pair, Fives and Threes)
7bekon7: shows [Jd Jh] (two pair, Jacks and Threes)
7bekon7 collected $114.50 from pot
*** SUMMARY ***
Total pot $231.50 | Rake $2.50 
Hand was run twice
FIRST Board [7h 6c 3s 9d 9s]
SECOND Board [7h 6c 3s 3c Qh]
Seat 2: ru_ruu_ru folded before Flop (didn't bet)
Seat 3: rostickkin folded before Flop (didn't bet)
Seat 4: 7bekon7 (button) showed [Jd Jh] and won ($114.50) with two pair, Jacks and Nines, and won ($114.50) with two pair, Jacks and Threes
Seat 5: Sadyhov V.V. (small blind) folded before Flop
Seat 6: LuckyShikari (big blind) showed [5d 5c] and lost with two pair, Nines and Fives, and lost with two pair, Fives and Threes



PokerStars Hand #254307076172:  Hold'em No Limit ($0.50/$1.00 USD) - 2025/01/10 3:11:33 WET [2025/01/10 22:11:33 ET]
Table 'Tabit III' 6-max Seat #5 is the button
Seat 3: rostickkin ($149.77 in chips) is sitting out
Seat 4: 7bekon7 ($292.32 in chips) 
Seat 5: Sadyhov V.V. ($127.26 in chips) 
Seat 6: LuckyShikari ($100 in chips) 
LuckyShikari: posts small blind $0.50
rostickkin: is sitting out 
7bekon7: posts big blind $1
*** HOLE CARDS ***
Sadyhov V.V.: raises $1.50 to $2.50
LuckyShikari: raises $10 to $12.50
7bekon7: folds 
Sadyhov V.V.: folds 
Uncalled bet ($10) returned to LuckyShikari
LuckyShikari collected $6 from pot
LuckyShikari: doesn't show hand 
*** SUMMARY ***
Total pot $6 | Rake $0 
Seat 3: rostickkin
Seat 4: 7bekon7 (big blind) folded before Flop
Seat 5: Sadyhov V.V. (button) folded before Flop
Seat 6: LuckyShikari (small blind) collected ($6)



PokerStars Hand #254307079381:  Hold'em No Limit ($0.50/$1.00 USD) - 2025/01/10 3:11:53 WET [2025/01/10 22:11:53 ET]
Table 'Tabit III' 6-max Seat #4 is the button
Seat 3: rostickkin ($149.77 in chips) is sitting out
Seat 5: Sadyhov V.V. ($124.76 in chips) is sitting out
Seat 4: 7bekon7 ($291.32 in chips) 
Seat 6: LuckyShikari ($103.50 in chips) 
7bekon7: posts small blind $0.50
Sadyhov V.V.: is sitting out 
LuckyShikari: posts big blind $1
*** HOLE CARDS ***
7bekon7: raises $2 to $3
LuckyShikari: raises $11 to $14
7bekon7: folds 
Uncalled bet ($11) returned to LuckyShikari
LuckyShikari collected $6 from pot
LuckyShikari: doesn't show hand 
*** SUMMARY ***
Total pot $6 | Rake $0 
Seat 3: rostickkin
Seat 5: Sadyhov V.V.
Seat 4: 7bekon7 (button) (small blind) folded before Flop
Seat 6: LuckyShikari (big blind) collected ($6)



