PokerStars Hand #254292078041:  Hold'em No Limit ($0.50/$1.00 USD) - 2025/01/10 7:57:47 WET [2025/01/10 2:57:47 ET]
Table 'Brunonia II' 6-max Seat #4 is the button
Seat 2: 3EPH ($100 in chips) 
Seat 3: ThemisIsNoMore ($10 in chips) 
Seat 4: Alinyr ($100 in chips) 
3EPH: posts small blind $0.50
ThemisIsNoMore: posts big blind $1
*** HOLE CARDS ***
Alinyr: raises $1.50 to $2.50
3EPH: folds 
ThemisIsNoMore: raises $7.50 to $10 and is all-in
Alinyr: calls $7.50
*** FLOP *** [3d 4c Kh]
*** TURN *** [3d 4c Kh] [4d]
*** RIVER *** [3d 4c Kh 4d] [8s]
*** SHOW DOWN ***
ThemisIsNoMore: shows [Qc 8c] (two pair, Eights and Fours)
Alinyr: shows [As Jh] (a pair of Fours)
ThemisIsNoMore collected $19.50 from pot
*** SUMMARY ***
Total pot $20.50 | Rake $1 
Board [3d 4c Kh 4d 8s]
Seat 2: 3EPH (small blind) folded before Flop
Seat 3: ThemisIsNoMore (big blind) showed [Qc 8c] and won ($19.50) with two pair, Eights and Fours
Seat 4: Alinyr (button) showed [As Jh] and lost with a pair of Fours



PokerStars Hand #254292080093:  Hold'em No Limit ($0.50/$1.00 USD) - 2025/01/10 7:58:16 WET [2025/01/10 2:58:16 ET]
Table 'Brunonia II' 6-max Seat #2 is the button
Seat 2: 3EPH ($100 in chips) 
Seat 3: ThemisIsNoMore ($19.50 in chips) 
Seat 4: Alinyr ($100 in chips) 
ThemisIsNoMore: posts small blind $0.50
Alinyr: posts big blind $1
*** HOLE CARDS ***
3EPH: folds 
ThemisIsNoMore: calls $0.50
Alinyr: checks 
*** FLOP *** [Js Ks As]
ThemisIsNoMore: checks 
Alinyr: bets $1
ThemisIsNoMore: folds 
Uncalled bet ($1) returned to Alinyr
steelNike joins the table at seat #5 
Alinyr collected $1.90 from pot
Alinyr: doesn't show hand 
*** SUMMARY ***
Total pot $2 | Rake $0.10 
Board [Js Ks As]
Seat 2: 3EPH (button) folded before Flop (didn't bet)
Seat 3: ThemisIsNoMore (small blind) folded on the Flop
Seat 4: Alinyr (big blind) collected ($1.90)



PokerStars Hand #254292081369:  Hold'em No Limit ($0.50/$1.00 USD) - 2025/01/10 7:58:34 WET [2025/01/10 2:58:34 ET]
Table 'Brunonia II' 6-max Seat #3 is the button
Seat 2: 3EPH ($100 in chips) 
Seat 3: ThemisIsNoMore ($18.50 in chips) 
Seat 4: Alinyr ($100.90 in chips) 
Seat 5: steelNike ($10 in chips) 
Alinyr: posts small blind $0.50
steelNike: posts big blind $1
*** HOLE CARDS ***
3EPH: folds 
ThemisIsNoMore: calls $1
Alinyr: folds 
steelNike: raises $9 to $10 and is all-in
ThemisIsNoMore: calls $9
*** FLOP *** [8h Qs 4h]
*** TURN *** [8h Qs 4h] [Qh]
*** RIVER *** [8h Qs 4h Qh] [5s]
*** SHOW DOWN ***
steelNike: shows [As 9d] (a pair of Queens)
ThemisIsNoMore: shows [9s Ad] (a pair of Queens)
steelNike collected $9.75 from pot
ThemisIsNoMore collected $9.75 from pot
*** SUMMARY ***
Total pot $20.50 | Rake $1 
Board [8h Qs 4h Qh 5s]
Seat 2: 3EPH folded before Flop (didn't bet)
Seat 3: ThemisIsNoMore (button) showed [9s Ad] and won ($9.75) with a pair of Queens
Seat 4: Alinyr (small blind) folded before Flop
Seat 5: steelNike (big blind) showed [As 9d] and won ($9.75) with a pair of Queens



PokerStars Hand #254292082812:  Hold'em No Limit ($0.50/$1.00 USD) - 2025/01/10 7:58:54 WET [2025/01/10 2:58:54 ET]
Table 'Brunonia II' 6-max Seat #4 is the button
Seat 2: 3EPH ($100 in chips) 
Seat 3: ThemisIsNoMore ($18.25 in chips) 
Seat 4: Alinyr ($100.40 in chips) 
Seat 5: steelNike ($9.75 in chips) 
steelNike: posts small blind $0.50
3EPH: posts big blind $1
*** HOLE CARDS ***
ThemisIsNoMore: calls $1
Alinyr: raises $3 to $4
steelNike: folds 
3EPH: folds 
Burlica2013 joins the table at seat #1 
ThemisIsNoMore: raises $3 to $7
Alinyr: raises $93.40 to $100.40 and is all-in
ThemisIsNoMore: calls $11.25 and is all-in
Uncalled bet ($82.15) returned to Alinyr
*** FLOP *** [8d Jh 2s]
*** TURN *** [8d Jh 2s] [7c]
*** RIVER *** [8d Jh 2s 7c] [Ts]
*** SHOW DOWN ***
ThemisIsNoMore: shows [Kd Ah] (high card Ace)
Alinyr: shows [5d 5c] (a pair of Fives)
Alinyr collected $37 from pot
*** SUMMARY ***
Total pot $38 | Rake $1 
Board [8d Jh 2s 7c Ts]
Seat 2: 3EPH (big blind) folded before Flop
Seat 3: ThemisIsNoMore showed [Kd Ah] and lost with high card Ace
Seat 4: Alinyr (button) showed [5d 5c] and won ($37) with a pair of Fives
Seat 5: steelNike (small blind) folded before Flop



PokerStars Hand #254292085200:  Hold'em No Limit ($0.50/$1.00 USD) - 2025/01/10 7:59:27 WET [2025/01/10 2:59:27 ET]
Table 'Brunonia II' 6-max Seat #2 is the button
Seat 1: Burlica2013 ($100 in chips) is sitting out
Seat 3: ThemisIsNoMore ($0 in chips) is sitting out
Seat 4: Alinyr ($119.15 in chips) is sitting out
Seat 2: 3EPH ($100 in chips) 
Seat 5: steelNike ($9.25 in chips) 
3EPH: posts small blind $0.50
Alinyr: is sitting out 
steelNike: posts big blind $1
*** HOLE CARDS ***
3EPH: folds 
Uncalled bet ($0.50) returned to steelNike
steelNike collected $1 from pot
ThemisIsNoMore is disconnected 
*** SUMMARY ***
Total pot $1 | Rake $0 
Seat 1: Burlica2013
Seat 3: ThemisIsNoMore
Seat 4: Alinyr
Seat 2: 3EPH (button) (small blind) folded before Flop
Seat 5: steelNike (big blind) collected ($1)



PokerStars Hand #254292085778:  Hold'em No Limit ($0.50/$1.00 USD) - 2025/01/10 7:59:35 WET [2025/01/10 2:59:35 ET]
Table 'Brunonia II' 6-max Seat #2 is the button
Seat 3: ThemisIsNoMore ($0 in chips) is sitting out
Seat 4: Alinyr ($119.15 in chips) is sitting out
Seat 1: Burlica2013 ($100 in chips) 
Seat 2: 3EPH ($100 in chips) 
Seat 5: steelNike ($9.75 in chips) 
steelNike: posts small blind $0.50
Burlica2013: posts big blind $1
*** HOLE CARDS ***
Alinyr leaves the table
3EPH: raises $1 to $2
steelNike: folds 
Burlica2013: calls $1
*** FLOP *** [3d 6h Tc]
Burlica2013: checks 
3EPH: checks 
*** TURN *** [3d 6h Tc] [2h]
Burlica2013: bets $2.14
3EPH: folds 
Uncalled bet ($2.14) returned to Burlica2013
Burlica2013 collected $4.28 from pot
Burlica2013: doesn't show hand 
*** SUMMARY ***
Total pot $4.50 | Rake $0.22 
Board [3d 6h Tc 2h]
Seat 3: ThemisIsNoMore
Seat 4: Alinyr
Seat 1: Burlica2013 (big blind) collected ($4.28)
Seat 2: 3EPH (button) folded on the Turn
Seat 5: steelNike (small blind) folded before Flop



PokerStars Hand #254292124515:  Hold'em No Limit ($0.50/$1.00 USD) - 2025/01/10 8:07:37 WET [2025/01/10 3:07:37 ET]
Table 'Brunonia II' 6-max Seat #5 is the button
Seat 3: ThemisIsNoMore ($0 in chips) is sitting out
Seat 2: rivizzigno18 ($10.27 in chips) 
Seat 5: steelNike ($9.25 in chips) 
steelNike: posts small blind $0.50
rivizzigno18: posts big blind $1
*** HOLE CARDS ***
Burlica2013 joins the table at seat #4 
3EPH joins the table at seat #6 
steelNike: calls $0.50
rivizzigno18: raises $2 to $3
steelNike: folds 
Uncalled bet ($2) returned to rivizzigno18
rivizzigno18 collected $2 from pot
rivizzigno18: doesn't show hand 
*** SUMMARY ***
Total pot $2 | Rake $0 
Seat 3: ThemisIsNoMore
Seat 2: rivizzigno18 (big blind) collected ($2)
Seat 5: steelNike (button) (small blind) folded before Flop



PokerStars Hand #254292126007:  Hold'em No Limit ($0.50/$1.00 USD) - 2025/01/10 8:07:55 WET [2025/01/10 3:07:55 ET]
Table 'Brunonia II' 6-max Seat #2 is the button
Seat 3: ThemisIsNoMore ($0 in chips) is sitting out
Seat 4: Burlica2013 ($102.28 in chips) is sitting out
Seat 2: rivizzigno18 ($11.27 in chips) 
Seat 5: steelNike ($8.25 in chips) 
Seat 6: 3EPH ($100 in chips) 
steelNike: posts small blind $0.50
3EPH: posts big blind $1
*** HOLE CARDS ***
rivizzigno18: folds 
steelNike: folds 
Uncalled bet ($0.50) returned to 3EPH
3EPH collected $1 from pot
3EPH: doesn't show hand 
*** SUMMARY ***
Total pot $1 | Rake $0 
Seat 3: ThemisIsNoMore
Seat 4: Burlica2013
Seat 2: rivizzigno18 (button) folded before Flop (didn't bet)
Seat 5: steelNike (small blind) folded before Flop
Seat 6: 3EPH (big blind) collected ($1)



PokerStars Hand #254292127087:  Hold'em No Limit ($0.50/$1.00 USD) - 2025/01/10 8:08:08 WET [2025/01/10 3:08:08 ET]
Table 'Brunonia II' 6-max Seat #5 is the button
Seat 3: ThemisIsNoMore ($0 in chips) is sitting out
Seat 4: Burlica2013 ($102.28 in chips) is sitting out
Seat 2: rivizzigno18 ($11.27 in chips) 
Seat 5: steelNike ($7.75 in chips) 
Seat 6: 3EPH ($100.50 in chips) 
3EPH: posts small blind $0.50
rivizzigno18: posts big blind $1
Burlica2013: sits out 
*** HOLE CARDS ***
steelNike: raises $6.75 to $7.75 and is all-in
3EPH: raises $6.75 to $14.50
rivizzigno18 is connected 
rivizzigno18: folds 
Uncalled bet ($6.75) returned to 3EPH
*** FIRST FLOP *** [Kd As Th]
*** FIRST TURN *** [Kd As Th] [7s]
*** FIRST RIVER *** [Kd As Th 7s] [6h]
*** SECOND FLOP *** [9d 7h 8h]
*** SECOND TURN *** [9d 7h 8h] [8c]
*** SECOND RIVER *** [9d 7h 8h 8c] [5d]
*** FIRST SHOW DOWN ***
3EPH: shows [Ac 9h] (a pair of Aces)
steelNike: shows [Js Tc] (a pair of Tens)
3EPH collected $7.84 from pot
*** SECOND SHOW DOWN ***
3EPH: shows [Ac 9h] (two pair, Nines and Eights)
steelNike: shows [Js Tc] (a straight, Seven to Jack)
steelNike collected $7.84 from pot
*** SUMMARY ***
Total pot $16.50 | Rake $0.82 
Hand was run twice
FIRST Board [Kd As Th 7s 6h]
SECOND Board [9d 7h 8h 8c 5d]
Seat 3: ThemisIsNoMore
Seat 4: Burlica2013
Seat 2: rivizzigno18 (big blind) folded before Flop
Seat 5: steelNike (button) showed [Js Tc] and lost with a pair of Tens, and won ($7.84) with a straight, Seven to Jack
Seat 6: 3EPH (small blind) showed [Ac 9h] and won ($7.84) with a pair of Aces, and lost with two pair, Nines and Eights



PokerStars Hand #254292131775:  Hold'em No Limit ($0.50/$1.00 USD) - 2025/01/10 8:09:05 WET [2025/01/10 3:09:05 ET]
Table 'Brunonia II' 6-max Seat #6 is the button
Seat 3: ThemisIsNoMore ($0 in chips) is sitting out
Seat 2: rivizzigno18 ($10.27 in chips) 
Seat 4: Burlica2013 ($102.28 in chips) 
Seat 5: steelNike ($7.84 in chips) 
Seat 6: 3EPH ($100.59 in chips) 
rivizzigno18: posts small blind $0.50
Burlica2013: posts big blind $1
*** HOLE CARDS ***
steelNike: raises $6.84 to $7.84 and is all-in
3EPH: calls $7.84
rivizzigno18: folds 
Burlica2013: folds 
*** FIRST FLOP *** [Qh 2d 7h]
*** FIRST TURN *** [Qh 2d 7h] [8d]
ThemisIsNoMore leaves the table
*** FIRST RIVER *** [Qh 2d 7h 8d] [Kh]
*** SECOND FLOP *** [As 5d 7d]
*** SECOND TURN *** [As 5d 7d] [Js]
*** SECOND RIVER *** [As 5d 7d Js] [4c]
*** FIRST SHOW DOWN ***
steelNike: shows [Ah 9s] (high card Ace)
3EPH: shows [Jd Ks] (a pair of Kings)
3EPH collected $8.16 from pot
*** SECOND SHOW DOWN ***
steelNike: shows [Ah 9s] (a pair of Aces)
3EPH: shows [Jd Ks] (a pair of Jacks)
steelNike collected $8.16 from pot
*** SUMMARY ***
Total pot $17.18 | Rake $0.86 
Hand was run twice
FIRST Board [Qh 2d 7h 8d Kh]
SECOND Board [As 5d 7d Js 4c]
Seat 3: ThemisIsNoMore
Seat 2: rivizzigno18 (small blind) folded before Flop
Seat 4: Burlica2013 (big blind) folded before Flop
Seat 5: steelNike showed [Ah 9s] and lost with high card Ace, and won ($8.16) with a pair of Aces
Seat 6: 3EPH (button) showed [Jd Ks] and won ($8.16) with a pair of Kings, and lost with a pair of Jacks



PokerStars Hand #254292135007:  Hold'em No Limit ($0.50/$1.00 USD) - 2025/01/10 8:09:43 WET [2025/01/10 3:09:43 ET]
Table 'Brunonia II' 6-max Seat #2 is the button
Seat 2: rivizzigno18 ($9.77 in chips) 
Seat 4: Burlica2013 ($101.28 in chips) 
Seat 5: steelNike ($8.16 in chips) 
Seat 6: 3EPH ($100.91 in chips) 
Burlica2013: posts small blind $0.50
steelNike: posts big blind $1
*** HOLE CARDS ***
3EPH: folds 
rivizzigno18: calls $1
Burlica2013: folds 
steelNike: checks 
*** FLOP *** [3s 8s Jd]
steelNike: checks 
rivizzigno18: bets $1.19
steelNike: folds 
Uncalled bet ($1.19) returned to rivizzigno18
rivizzigno18 collected $2.38 from pot
rivizzigno18: doesn't show hand 
*** SUMMARY ***
Total pot $2.50 | Rake $0.12 
Board [3s 8s Jd]
Seat 2: rivizzigno18 (button) collected ($2.38)
Seat 4: Burlica2013 (small blind) folded before Flop
Seat 5: steelNike (big blind) folded on the Flop
Seat 6: 3EPH folded before Flop (didn't bet)



PokerStars Hand #254292137029:  Hold'em No Limit ($0.50/$1.00 USD) - 2025/01/10 8:10:07 WET [2025/01/10 3:10:07 ET]
Table 'Brunonia II' 6-max Seat #4 is the button
Seat 2: rivizzigno18 ($11.15 in chips) 
Seat 4: Burlica2013 ($100.78 in chips) 
Seat 5: steelNike ($7.16 in chips) 
Seat 6: 3EPH ($100.91 in chips) 
steelNike: posts small blind $0.50
3EPH: posts big blind $1
*** HOLE CARDS ***
rivizzigno18: folds 
Burlica2013: folds 
steelNike: folds 
Uncalled bet ($0.50) returned to 3EPH
3EPH collected $1 from pot
3EPH: doesn't show hand 
*** SUMMARY ***
Total pot $1 | Rake $0 
Seat 2: rivizzigno18 folded before Flop (didn't bet)
Seat 4: Burlica2013 (button) folded before Flop (didn't bet)
Seat 5: steelNike (small blind) folded before Flop
Seat 6: 3EPH (big blind) collected ($1)



PokerStars Hand #254292138008:  Hold'em No Limit ($0.50/$1.00 USD) - 2025/01/10 8:10:19 WET [2025/01/10 3:10:19 ET]
Table 'Brunonia II' 6-max Seat #5 is the button
Seat 2: rivizzigno18 ($11.15 in chips) 
Seat 4: Burlica2013 ($100.78 in chips) 
Seat 5: steelNike ($6.66 in chips) 
Seat 6: 3EPH ($101.41 in chips) 
3EPH: posts small blind $0.50
rivizzigno18: posts big blind $1
*** HOLE CARDS ***
Burlica2013: folds 
steelNike: folds 
3EPH: folds 
Uncalled bet ($0.50) returned to rivizzigno18
rivizzigno18 collected $1 from pot
rivizzigno18: doesn't show hand 
*** SUMMARY ***
Total pot $1 | Rake $0 
Seat 2: rivizzigno18 (big blind) collected ($1)
Seat 4: Burlica2013 folded before Flop (didn't bet)
Seat 5: steelNike (button) folded before Flop (didn't bet)
Seat 6: 3EPH (small blind) folded before Flop



PokerStars Hand #254292138900:  Hold'em No Limit ($0.50/$1.00 USD) - 2025/01/10 8:10:30 WET [2025/01/10 3:10:30 ET]
Table 'Brunonia II' 6-max Seat #6 is the button
Seat 2: rivizzigno18 ($11.65 in chips) 
Seat 4: Burlica2013 ($100.78 in chips) 
Seat 5: steelNike ($6.66 in chips) 
Seat 6: 3EPH ($100.91 in chips) 
rivizzigno18: posts small blind $0.50
Burlica2013: posts big blind $1
*** HOLE CARDS ***
steelNike: folds 
3EPH: raises $1 to $2
rivizzigno18: folds 
Burlica2013: calls $1
*** FLOP *** [6s Kd Kc]
Burlica2013: checks 
3EPH: bets $1.41
Burlica2013: calls $1.41
*** TURN *** [6s Kd Kc] [6d]
Burlica2013: checks 
3EPH: checks 
*** RIVER *** [6s Kd Kc 6d] [Js]
Burlica2013: bets $2.29
3EPH: calls $2.29
*** SHOW DOWN ***
Burlica2013: shows [Ad Tc] (two pair, Kings and Sixes)
3EPH: shows [Kh 3h] (a full house, Kings full of Sixes)
3EPH collected $11.30 from pot
*** SUMMARY ***
Total pot $11.90 | Rake $0.60 
Board [6s Kd Kc 6d Js]
Seat 2: rivizzigno18 (small blind) folded before Flop
Seat 4: Burlica2013 (big blind) showed [Ad Tc] and lost with two pair, Kings and Sixes
Seat 5: steelNike folded before Flop (didn't bet)
Seat 6: 3EPH (button) showed [Kh 3h] and won ($11.30) with a full house, Kings full of Sixes



PokerStars Hand #254292143794:  Hold'em No Limit ($0.50/$1.00 USD) - 2025/01/10 8:11:28 WET [2025/01/10 3:11:28 ET]
Table 'Brunonia II' 6-max Seat #2 is the button
Seat 2: rivizzigno18 ($11.15 in chips) 
Seat 4: Burlica2013 ($100 in chips) 
Seat 5: steelNike ($11.66 in chips) 
Seat 6: 3EPH ($106.51 in chips) 
Burlica2013: posts small blind $0.50
steelNike: posts big blind $1
*** HOLE CARDS ***
3EPH: raises $1 to $2
rivizzigno18: calls $2
Burlica2013: folds 
steelNike: folds 
*** FLOP *** [5h Js 6c]
3EPH: bets $1.31
rivizzigno18: calls $1.31
*** TURN *** [5h Js 6c] [7c]
3EPH: checks 
rivizzigno18: bets $3.86
3EPH: folds 
Uncalled bet ($3.86) returned to rivizzigno18
rivizzigno18 collected $7.71 from pot
rivizzigno18: doesn't show hand 
*** SUMMARY ***
Total pot $8.12 | Rake $0.41 
Board [5h Js 6c 7c]
Seat 2: rivizzigno18 (button) collected ($7.71)
Seat 4: Burlica2013 (small blind) folded before Flop
Seat 5: steelNike (big blind) folded before Flop
Seat 6: 3EPH folded on the Turn



PokerStars Hand #254292146813:  Hold'em No Limit ($0.50/$1.00 USD) - 2025/01/10 8:12:04 WET [2025/01/10 3:12:04 ET]
Table 'Brunonia II' 6-max Seat #4 is the button
Seat 2: rivizzigno18 ($15.55 in chips) 
Seat 4: Burlica2013 ($100 in chips) 
Seat 5: steelNike ($10.66 in chips) 
Seat 6: 3EPH ($103.20 in chips) 
steelNike: posts small blind $0.50
3EPH: posts big blind $1
*** HOLE CARDS ***
rivizzigno18: folds 
Burlica2013: folds 
steelNike: raises $9.66 to $10.66 and is all-in
3EPH: calls $9.66
*** FIRST FLOP *** [9h Th 4s]
*** FIRST TURN *** [9h Th 4s] [5d]
*** FIRST RIVER *** [9h Th 4s 5d] [Ts]
*** SECOND FLOP *** [5c Js 7c]
*** SECOND TURN *** [5c Js 7c] [Qs]
*** SECOND RIVER *** [5c Js 7c Qs] [9d]
*** FIRST SHOW DOWN ***
steelNike: shows [Ac 3h] (a pair of Tens)
3EPH: shows [2d Ad] (a pair of Tens)
steelNike collected $5.08 from pot
3EPH collected $5.08 from pot
*** SECOND SHOW DOWN ***
steelNike: shows [Ac 3h] (high card Ace)
3EPH: shows [2d Ad] (high card Ace)
steelNike collected $5.08 from pot
3EPH collected $5.08 from pot
*** SUMMARY ***
Total pot $21.32 | Rake $1 
Hand was run twice
FIRST Board [9h Th 4s 5d Ts]
SECOND Board [5c Js 7c Qs 9d]
Seat 2: rivizzigno18 folded before Flop (didn't bet)
Seat 4: Burlica2013 (button) folded before Flop (didn't bet)
Seat 5: steelNike (small blind) showed [Ac 3h] and won ($5.08) with a pair of Tens, and won ($5.08) with high card Ace
Seat 6: 3EPH (big blind) showed [2d Ad] and won ($5.08) with a pair of Tens, and won ($5.08) with high card Ace



PokerStars Hand #254292148794:  Hold'em No Limit ($0.50/$1.00 USD) - 2025/01/10 8:12:28 WET [2025/01/10 3:12:28 ET]
Table 'Brunonia II' 6-max Seat #5 is the button
Seat 2: rivizzigno18 ($15.55 in chips) 
Seat 4: Burlica2013 ($100 in chips) 
Seat 5: steelNike ($10.16 in chips) 
Seat 6: 3EPH ($102.70 in chips) 
3EPH: posts small blind $0.50
rivizzigno18: posts big blind $1
*** HOLE CARDS ***
Burlica2013: folds 
steelNike: folds 
3EPH: calls $0.50
rivizzigno18: checks 
*** FLOP *** [Qh 8d 4d]
3EPH: bets $1
$triker_BLR joins the table at seat #3 
rivizzigno18: calls $1
*** TURN *** [Qh 8d 4d] [9c]
3EPH: bets $1
rivizzigno18: raises $2.90 to $3.90
3EPH: folds 
Uncalled bet ($2.90) returned to rivizzigno18
rivizzigno18 collected $5.70 from pot
rivizzigno18: doesn't show hand 
*** SUMMARY ***
Total pot $6 | Rake $0.30 
Board [Qh 8d 4d 9c]
Seat 2: rivizzigno18 (big blind) collected ($5.70)
Seat 4: Burlica2013 folded before Flop (didn't bet)
Seat 5: steelNike (button) folded before Flop (didn't bet)
Seat 6: 3EPH (small blind) folded on the Turn



PokerStars Hand #254292152325:  Hold'em No Limit ($0.50/$1.00 USD) - 2025/01/10 8:13:10 WET [2025/01/10 3:13:10 ET]
Table 'Brunonia II' 6-max Seat #6 is the button
Seat 2: rivizzigno18 ($18.25 in chips) 
Seat 3: $triker_BLR ($100 in chips) 
Seat 4: Burlica2013 ($100 in chips) 
Seat 5: steelNike ($10.16 in chips) 
Seat 6: 3EPH ($100 in chips) 
rivizzigno18: posts small blind $0.50
$triker_BLR: posts big blind $1
*** HOLE CARDS ***
Burlica2013: folds 
steelNike: raises $1 to $2
3EPH: folds 
rivizzigno18: calls $1.50
$triker_BLR: folds 
*** FLOP *** [4d 3h Td]
rivizzigno18: bets $4.75
steelNike: calls $4.75
*** TURN *** [4d 3h Td] [6c]
rivizzigno18: bets $6.89
steelNike: calls $3.41 and is all-in
Uncalled bet ($3.48) returned to rivizzigno18
*** RIVER *** [4d 3h Td 6c] [4h]
*** SHOW DOWN ***
rivizzigno18: shows [Tc Jd] (two pair, Tens and Fours)
steelNike: shows [Ac As] (two pair, Aces and Fours)
steelNike collected $20.25 from pot
*** SUMMARY ***
Total pot $21.32 | Rake $1.07 
Board [4d 3h Td 6c 4h]
Seat 2: rivizzigno18 (small blind) showed [Tc Jd] and lost with two pair, Tens and Fours
Seat 3: $triker_BLR (big blind) folded before Flop
Seat 4: Burlica2013 folded before Flop (didn't bet)
Seat 5: steelNike showed [Ac As] and won ($20.25) with two pair, Aces and Fours
Seat 6: 3EPH (button) folded before Flop (didn't bet)



PokerStars Hand #254292156976:  Hold'em No Limit ($0.50/$1.00 USD) - 2025/01/10 8:14:05 WET [2025/01/10 3:14:05 ET]
Table 'Brunonia II' 6-max Seat #2 is the button
Seat 2: rivizzigno18 ($8.09 in chips) 
Seat 3: $triker_BLR ($100 in chips) 
Seat 4: Burlica2013 ($100 in chips) 
Seat 5: steelNike ($20.25 in chips) 
Seat 6: 3EPH ($100 in chips) 
$triker_BLR: posts small blind $0.50
Burlica2013: posts big blind $1
*** HOLE CARDS ***
steelNike: folds 
3EPH: folds 
rivizzigno18: raises $1 to $2
$triker_BLR: folds 
Burlica2013: folds 
Uncalled bet ($1) returned to rivizzigno18
rivizzigno18 collected $2.50 from pot
rivizzigno18: doesn't show hand 
*** SUMMARY ***
Total pot $2.50 | Rake $0 
Seat 2: rivizzigno18 (button) collected ($2.50)
Seat 3: $triker_BLR (small blind) folded before Flop
Seat 4: Burlica2013 (big blind) folded before Flop
Seat 5: steelNike folded before Flop (didn't bet)
Seat 6: 3EPH folded before Flop (didn't bet)



PokerStars Hand #254292158207:  Hold'em No Limit ($0.50/$1.00 USD) - 2025/01/10 8:14:19 WET [2025/01/10 3:14:19 ET]
Table 'Brunonia II' 6-max Seat #3 is the button
Seat 2: rivizzigno18 ($9.59 in chips) 
Seat 3: $triker_BLR ($100 in chips) 
Seat 4: Burlica2013 ($100 in chips) 
Seat 5: steelNike ($20.25 in chips) 
Seat 6: 3EPH ($100 in chips) 
Burlica2013: posts small blind $0.50
steelNike: posts big blind $1
*** HOLE CARDS ***
3EPH: raises $1 to $2
rivizzigno18: folds 
$triker_BLR: folds 
Burlica2013: folds 
steelNike: calls $1
*** FLOP *** [3d 6d Qc]
steelNike: checks 
3EPH: bets $1.41
steelNike: raises $3.55 to $4.96
3EPH: calls $3.55
*** TURN *** [3d 6d Qc] [5c]
steelNike: bets $13.29 and is all-in
3EPH: calls $13.29
*** FIRST RIVER *** [3d 6d Qc 5c] [Kh]
*** SECOND RIVER *** [3d 6d Qc 5c] [9c]
*** FIRST SHOW DOWN ***
steelNike: shows [Td Ad] (high card Ace)
3EPH: shows [Jd Qh] (a pair of Queens)
3EPH collected $19.48 from pot
*** SECOND SHOW DOWN ***
steelNike: shows [Td Ad] (high card Ace)
3EPH: shows [Jd Qh] (a pair of Queens)
3EPH collected $19.47 from pot
*** SUMMARY ***
Total pot $41 | Rake $2.05 
Hand was run twice
FIRST Board [3d 6d Qc 5c Kh]
SECOND Board [3d 6d Qc 5c 9c]
Seat 2: rivizzigno18 folded before Flop (didn't bet)
Seat 3: $triker_BLR (button) folded before Flop (didn't bet)
Seat 4: Burlica2013 (small blind) folded before Flop
Seat 5: steelNike (big blind) showed [Td Ad] and lost with high card Ace, and lost with high card Ace
Seat 6: 3EPH showed [Jd Qh] and won ($19.48) with a pair of Queens, and won ($19.47) with a pair of Queens



PokerStars Hand #254292164424:  Hold'em No Limit ($0.50/$1.00 USD) - 2025/01/10 8:15:32 WET [2025/01/10 3:15:32 ET]
Table 'Brunonia II' 6-max Seat #4 is the button
Seat 2: rivizzigno18 ($9.59 in chips) 
Seat 3: $triker_BLR ($100 in chips) 
Seat 4: Burlica2013 ($100 in chips) 
Seat 5: steelNike ($10 in chips) 
Seat 6: 3EPH ($118.70 in chips) 
steelNike: posts small blind $0.50
3EPH: posts big blind $1
*** HOLE CARDS ***
rivizzigno18: calls $1
$triker_BLR: folds 
Burlica2013: raises $4 to $5
steelNike: folds 
3EPH: folds 
rivizzigno18: raises $4.59 to $9.59 and is all-in
Burlica2013: calls $4.59
*** FLOP *** [Ts 2c 6s]
*** TURN *** [Ts 2c 6s] [4h]
*** RIVER *** [Ts 2c 6s 4h] [Js]
*** SHOW DOWN ***
rivizzigno18: shows [5h Kd] (high card King)
Burlica2013: shows [6d Ad] (a pair of Sixes)
Burlica2013 collected $19.65 from pot
*** SUMMARY ***
Total pot $20.68 | Rake $1.03 
Board [Ts 2c 6s 4h Js]
Seat 2: rivizzigno18 showed [5h Kd] and lost with high card King
Seat 3: $triker_BLR folded before Flop (didn't bet)
Seat 4: Burlica2013 (button) showed [6d Ad] and won ($19.65) with a pair of Sixes
Seat 5: steelNike (small blind) folded before Flop
Seat 6: 3EPH (big blind) folded before Flop



PokerStars Hand #254292169418:  Hold'em No Limit ($0.50/$1.00 USD) - 2025/01/10 8:16:31 WET [2025/01/10 3:16:31 ET]
Table 'Brunonia II' 6-max Seat #5 is the button
Seat 2: rivizzigno18 ($0 in chips) is sitting out
Seat 3: $triker_BLR ($100 in chips) 
Seat 4: Burlica2013 ($110.06 in chips) 
Seat 5: steelNike ($9.50 in chips) 
Seat 6: 3EPH ($117.70 in chips) 
3EPH: posts small blind $0.50
$triker_BLR: posts big blind $1
*** HOLE CARDS ***
rivizzigno18 leaves the table
Burlica2013: raises $1.25 to $2.25
steelNike: folds 
3EPH: folds 
$triker_BLR: folds 
Uncalled bet ($1.25) returned to Burlica2013
Burlica2013 collected $2.50 from pot
Burlica2013: doesn't show hand 
*** SUMMARY ***
Total pot $2.50 | Rake $0 
Seat 2: rivizzigno18
Seat 3: $triker_BLR (big blind) folded before Flop
Seat 4: Burlica2013 collected ($2.50)
Seat 5: steelNike (button) folded before Flop (didn't bet)
Seat 6: 3EPH (small blind) folded before Flop



