PokerStars Hand #254293645744:  Hold'em No Limit ($0.50/$1.00 USD) - 2025/01/10 12:02:01 WET [2025/01/10 7:02:01 ET]
Table 'Oberon III' 6-max Seat #2 is the button
Seat 1: Pon4uk.ua ($102.07 in chips) 
Seat 2: ofipoker1001 ($82.28 in chips) 
ofipoker1001: posts small blind $0.50
Pon4uk.ua: posts big blind $1
*** HOLE CARDS ***
ofipoker1001: raises $2 to $3
Pon4uk.ua: folds 
Uncalled bet ($2) returned to ofipoker1001
ofipoker1001 collected $2 from pot
ofipoker1001: doesn't show hand 
*** SUMMARY ***
Total pot $2 | Rake $0 
Seat 1: Pon4uk.ua (big blind) folded before Flop
Seat 2: ofipoker1001 (button) (small blind) collected ($2)



PokerStars Hand #254293647060:  Hold'em No Limit ($0.50/$1.00 USD) - 2025/01/10 12:02:10 WET [2025/01/10 7:02:10 ET]
Table 'Oberon III' 6-max Seat #1 is the button
Seat 1: Pon4uk.ua ($101.07 in chips) 
Seat 2: ofipoker1001 ($83.28 in chips) 
Pon4uk.ua: posts small blind $0.50
ofipoker1001: posts big blind $1
*** HOLE CARDS ***
Pon4uk.ua: raises $1.50 to $2.50
ofipoker1001: calls $1.50
*** FLOP *** [9h 9d 6s]
ofipoker1001: checks 
Pon4uk.ua: bets $1.57
ofipoker1001: calls $1.57
*** TURN *** [9h 9d 6s] [5c]
ofipoker1001: checks 
Pon4uk.ua: bets $3.87
ofipoker1001: calls $3.87
*** RIVER *** [9h 9d 6s 5c] [3s]
ofipoker1001: checks 
Pon4uk.ua: checks 
*** SHOW DOWN ***
ofipoker1001: shows [6h Kd] (two pair, Nines and Sixes)
Pon4uk.ua: mucks hand 
ofipoker1001 collected $15.09 from pot
*** SUMMARY ***
Total pot $15.88 | Rake $0.79 
Board [9h 9d 6s 5c 3s]
Seat 1: Pon4uk.ua (button) (small blind) mucked
Seat 2: ofipoker1001 (big blind) showed [6h Kd] and won ($15.09) with two pair, Nines and Sixes



PokerStars Hand #254293651086:  Hold'em No Limit ($0.50/$1.00 USD) - 2025/01/10 12:02:40 WET [2025/01/10 7:02:40 ET]
Table 'Oberon III' 6-max Seat #2 is the button
Seat 1: Pon4uk.ua ($100 in chips) 
Seat 2: ofipoker1001 ($90.43 in chips) 
ofipoker1001: posts small blind $0.50
Pon4uk.ua: posts big blind $1
*** HOLE CARDS ***
ofipoker1001: folds 
Uncalled bet ($0.50) returned to Pon4uk.ua
Pon4uk.ua collected $1 from pot
Pon4uk.ua: doesn't show hand 
*** SUMMARY ***
Total pot $1 | Rake $0 
Seat 1: Pon4uk.ua (big blind) collected ($1)
Seat 2: ofipoker1001 (button) (small blind) folded before Flop



PokerStars Hand #254293652053:  Hold'em No Limit ($0.50/$1.00 USD) - 2025/01/10 12:02:47 WET [2025/01/10 7:02:47 ET]
Table 'Oberon III' 6-max Seat #1 is the button
Seat 1: Pon4uk.ua ($100.50 in chips) 
Seat 2: ofipoker1001 ($89.93 in chips) 
Pon4uk.ua: posts small blind $0.50
ofipoker1001: posts big blind $1
*** HOLE CARDS ***
Pon4uk.ua: raises $1.50 to $2.50
ofipoker1001: calls $1.50
*** FLOP *** [2s 7d 9h]
ofipoker1001: checks 
Pon4uk.ua: bets $2.38
ofipoker1001: folds 
Uncalled bet ($2.38) returned to Pon4uk.ua
Pon4uk.ua collected $4.75 from pot
Pon4uk.ua: doesn't show hand 
*** SUMMARY ***
Total pot $5 | Rake $0.25 
Board [2s 7d 9h]
Seat 1: Pon4uk.ua (button) (small blind) collected ($4.75)
Seat 2: ofipoker1001 (big blind) folded on the Flop



PokerStars Hand #254293654405:  Hold'em No Limit ($0.50/$1.00 USD) - 2025/01/10 12:03:04 WET [2025/01/10 7:03:04 ET]
Table 'Oberon III' 6-max Seat #2 is the button
Seat 1: Pon4uk.ua ($102.75 in chips) 
Seat 2: ofipoker1001 ($87.43 in chips) 
ofipoker1001: posts small blind $0.50
Pon4uk.ua: posts big blind $1
*** HOLE CARDS ***
ofipoker1001: folds 
Uncalled bet ($0.50) returned to Pon4uk.ua
Pon4uk.ua collected $1 from pot
Pon4uk.ua: doesn't show hand 
*** SUMMARY ***
Total pot $1 | Rake $0 
Seat 1: Pon4uk.ua (big blind) collected ($1)
Seat 2: ofipoker1001 (button) (small blind) folded before Flop



PokerStars Hand #254293655525:  Hold'em No Limit ($0.50/$1.00 USD) - 2025/01/10 12:03:12 WET [2025/01/10 7:03:12 ET]
Table 'Oberon III' 6-max Seat #1 is the button
Seat 1: Pon4uk.ua ($103.25 in chips) 
Seat 2: ofipoker1001 ($86.93 in chips) 
Pon4uk.ua: posts small blind $0.50
ofipoker1001: posts big blind $1
*** HOLE CARDS ***
Pon4uk.ua: raises $1.50 to $2.50
ofipoker1001: calls $1.50
*** FLOP *** [2c 5h Kd]
ofipoker1001: checks 
Pon4uk.ua: bets $1.57
ofipoker1001: calls $1.57
*** TURN *** [2c 5h Kd] [Ac]
ofipoker1001: checks 
Pon4uk.ua: bets $10
ofipoker1001: calls $10
*** RIVER *** [2c 5h Kd Ac] [9h]
yzuk joins the table at seat #3 
ofipoker1001: checks 
Pon4uk.ua: bets $20.36
ofipoker1001: raises $33.64 to $54
Pon4uk.ua: calls $33.64
*** SHOW DOWN ***
ofipoker1001: shows [3s 4d] (a straight, Ace to Five)
Pon4uk.ua: mucks hand 
ofipoker1001 collected $135.14 from pot
*** SUMMARY ***
Total pot $136.14 | Rake $1 
Board [2c 5h Kd Ac 9h]
Seat 1: Pon4uk.ua (button) (small blind) mucked
Seat 2: ofipoker1001 (big blind) showed [3s 4d] and won ($135.14) with a straight, Ace to Five



PokerStars Hand #254293667999:  Hold'em No Limit ($0.50/$1.00 USD) - 2025/01/10 12:04:42 WET [2025/01/10 7:04:42 ET]
Table 'Oberon III' 6-max Seat #1 is the button
Seat 1: Pon4uk.ua ($100 in chips) 
Seat 2: ofipoker1001 ($154 in chips) 
Seat 3: yzuk ($100 in chips) 
ofipoker1001: posts small blind $0.50
yzuk: posts big blind $1
*** HOLE CARDS ***
Pon4uk.ua: raises $1.50 to $2.50
ofipoker1001: folds 
yzuk: calls $1.50
*** FLOP *** [5s 6h Qh]
yzuk: checks 
Pon4uk.ua: checks 
*** TURN *** [5s 6h Qh] [5c]
yzuk: bets $1.77
Pon4uk.ua: calls $1.77
*** RIVER *** [5s 6h Qh 5c] [8c]
rafaelleadeb joins the table at seat #4 
rafaelleadeb is disconnected 
yzuk: bets $2.92
Pon4uk.ua: folds 
Uncalled bet ($2.92) returned to yzuk
Joker007r joins the table at seat #5 
yzuk collected $8.59 from pot
yzuk: doesn't show hand 
*** SUMMARY ***
Total pot $9.04 | Rake $0.45 
Board [5s 6h Qh 5c 8c]
Seat 1: Pon4uk.ua (button) folded on the River
Seat 2: ofipoker1001 (small blind) folded before Flop
Seat 3: yzuk (big blind) collected ($8.59)



PokerStars Hand #254293673463:  Hold'em No Limit ($0.50/$1.00 USD) - 2025/01/10 12:05:21 WET [2025/01/10 7:05:21 ET]
Table 'Oberon III' 6-max Seat #2 is the button
Seat 5: Joker007r ($100 in chips) is sitting out
Seat 1: Pon4uk.ua ($100 in chips) 
Seat 2: ofipoker1001 ($153.50 in chips) 
Seat 3: yzuk ($104.32 in chips) 
Seat 4: rafaelleadeb ($79.31 in chips) 
yzuk: posts small blind $0.50
rafaelleadeb: posts big blind $1
Joker007r: sits out 
*** HOLE CARDS ***
Pon4uk.ua: raises $1.50 to $2.50
ofipoker1001: folds 
yzuk: folds 
rafaelleadeb: calls $1.50
*** FLOP *** [6h 7h 2d]
rafaelleadeb: checks 
Pon4uk.ua: bets $2.61
rafaelleadeb: calls $2.61
*** TURN *** [6h 7h 2d] [Ts]
rafaelleadeb: checks 
Pon4uk.ua: bets $14
rafaelleadeb: calls $14
*** RIVER *** [6h 7h 2d Ts] [Kh]
rafaelleadeb: bets $18.86
Pon4uk.ua: folds 
Uncalled bet ($18.86) returned to rafaelleadeb
rafaelleadeb collected $37.72 from pot
*** SUMMARY ***
Total pot $38.72 | Rake $1 
Board [6h 7h 2d Ts Kh]
Seat 5: Joker007r
Seat 1: Pon4uk.ua folded on the River
Seat 2: ofipoker1001 (button) folded before Flop (didn't bet)
Seat 3: yzuk (small blind) folded before Flop
Seat 4: rafaelleadeb (big blind) collected ($37.72)



PokerStars Hand #254293679507:  Hold'em No Limit ($0.50/$1.00 USD) - 2025/01/10 12:06:05 WET [2025/01/10 7:06:05 ET]
Table 'Oberon III' 6-max Seat #3 is the button
Seat 1: Pon4uk.ua ($100 in chips) 
Seat 2: ofipoker1001 ($153.50 in chips) 
Seat 3: yzuk ($103.82 in chips) 
Seat 4: rafaelleadeb ($97.92 in chips) 
Seat 5: Joker007r ($100 in chips) 
rafaelleadeb: posts small blind $0.50
Joker007r: posts big blind $1
*** HOLE CARDS ***
Pon4uk.ua: raises $1 to $2
ofipoker1001: raises $4 to $6
yzuk: folds 
rafaelleadeb: folds 
Joker007r: folds 
Pon4uk.ua: calls $4
*** FLOP *** [Kc 6d 9h]
Pon4uk.ua: checks 
ofipoker1001: bets $8
Pon4uk.ua: calls $8
*** TURN *** [Kc 6d 9h] [3d]
Pon4uk.ua: checks 
ofipoker1001: bets $18.49
Pon4uk.ua: calls $18.49
*** RIVER *** [Kc 6d 9h 3d] [8h]
Pon4uk.ua: checks 
ofipoker1001: checks 
*** SHOW DOWN ***
Pon4uk.ua: shows [9d 8d] (two pair, Nines and Eights)
ofipoker1001: mucks hand 
Pon4uk.ua collected $63.98 from pot
*** SUMMARY ***
Total pot $66.48 | Rake $2.50 
Board [Kc 6d 9h 3d 8h]
Seat 1: Pon4uk.ua showed [9d 8d] and won ($63.98) with two pair, Nines and Eights
Seat 2: ofipoker1001 mucked
Seat 3: yzuk (button) folded before Flop (didn't bet)
Seat 4: rafaelleadeb (small blind) folded before Flop
Seat 5: Joker007r (big blind) folded before Flop



PokerStars Hand #254293688303:  Hold'em No Limit ($0.50/$1.00 USD) - 2025/01/10 12:07:08 WET [2025/01/10 7:07:08 ET]
Table 'Oberon III' 6-max Seat #4 is the button
Seat 1: Pon4uk.ua ($131.49 in chips) 
Seat 2: ofipoker1001 ($121.01 in chips) 
Seat 3: yzuk ($103.82 in chips) 
Seat 4: rafaelleadeb ($97.42 in chips) 
Seat 5: Joker007r ($100 in chips) 
Joker007r: posts small blind $0.50
Pon4uk.ua: posts big blind $1
*** HOLE CARDS ***
ofipoker1001 has timed out
ofipoker1001: folds 
yzuk: folds 
rafaelleadeb: calls $1
Joker007r: folds 
Pon4uk.ua: checks 
*** FLOP *** [Tc 6h 7d]
Pon4uk.ua: checks 
rafaelleadeb: checks 
*** TURN *** [Tc 6h 7d] [8h]
Pon4uk.ua: bets $1.19
rafaelleadeb: raises $2.38 to $3.57
Pon4uk.ua: folds 
Uncalled bet ($2.38) returned to rafaelleadeb
rafaelleadeb collected $4.64 from pot
*** SUMMARY ***
Total pot $4.88 | Rake $0.24 
Board [Tc 6h 7d 8h]
Seat 1: Pon4uk.ua (big blind) folded on the Turn
Seat 2: ofipoker1001 folded before Flop (didn't bet)
Seat 3: yzuk folded before Flop (didn't bet)
Seat 4: rafaelleadeb (button) collected ($4.64)
Seat 5: Joker007r (small blind) folded before Flop



PokerStars Hand #254293692917:  Hold'em No Limit ($0.50/$1.00 USD) - 2025/01/10 12:07:40 WET [2025/01/10 7:07:40 ET]
Table 'Oberon III' 6-max Seat #1 is the button
Seat 5: Joker007r ($100 in chips) is sitting out
Seat 1: Pon4uk.ua ($129.30 in chips) 
Seat 2: ofipoker1001 ($121.01 in chips) 
Seat 3: yzuk ($103.82 in chips) 
Seat 4: rafaelleadeb ($99.87 in chips) 
ofipoker1001: posts small blind $0.50
yzuk: posts big blind $1
*** HOLE CARDS ***
rafaelleadeb: folds 
Pon4uk.ua: folds 
ChuckNorrisQ joins the table at seat #6 
ofipoker1001: raises $2 to $3
yzuk: folds 
Uncalled bet ($2) returned to ofipoker1001
ofipoker1001 collected $2 from pot
ofipoker1001: doesn't show hand 
*** SUMMARY ***
Total pot $2 | Rake $0 
Seat 5: Joker007r
Seat 1: Pon4uk.ua (button) folded before Flop (didn't bet)
Seat 2: ofipoker1001 (small blind) collected ($2)
Seat 3: yzuk (big blind) folded before Flop
Seat 4: rafaelleadeb folded before Flop (didn't bet)



PokerStars Hand #254293695027:  Hold'em No Limit ($0.50/$1.00 USD) - 2025/01/10 12:07:56 WET [2025/01/10 7:07:56 ET]
Table 'Oberon III' 6-max Seat #2 is the button
Seat 5: Joker007r ($100 in chips) is sitting out
Seat 6: ChuckNorrisQ ($100 in chips) is sitting out
Seat 1: Pon4uk.ua ($129.30 in chips) 
Seat 2: ofipoker1001 ($122.01 in chips) 
Seat 3: yzuk ($102.82 in chips) 
Seat 4: rafaelleadeb ($99.87 in chips) 
yzuk: posts small blind $0.50
rafaelleadeb: posts big blind $1
ChuckNorrisQ: sits out 
*** HOLE CARDS ***
Pon4uk.ua: folds 
ofipoker1001: raises $2 to $3
yzuk: folds 
rafaelleadeb: calls $2
*** FLOP *** [Tc 4h 4c]
rafaelleadeb: checks 
ofipoker1001: bets $2.04
rafaelleadeb: calls $2.04
*** TURN *** [Tc 4h 4c] [Jc]
rafaelleadeb: checks 
ofipoker1001: checks 
*** RIVER *** [Tc 4h 4c Jc] [Ac]
rafaelleadeb: checks 
ofipoker1001: checks 
*** SHOW DOWN ***
rafaelleadeb: shows [As 6s] (two pair, Aces and Fours)
ofipoker1001: mucks hand 
rafaelleadeb collected $10.05 from pot
Joker007r leaves the table
*** SUMMARY ***
Total pot $10.58 | Rake $0.53 
Board [Tc 4h 4c Jc Ac]
Seat 5: Joker007r
Seat 6: ChuckNorrisQ
Seat 1: Pon4uk.ua folded before Flop (didn't bet)
Seat 2: ofipoker1001 (button) mucked
Seat 3: yzuk (small blind) folded before Flop
Seat 4: rafaelleadeb (big blind) showed [As 6s] and won ($10.05) with two pair, Aces and Fours



PokerStars Hand #254293700159:  Hold'em No Limit ($0.50/$1.00 USD) - 2025/01/10 12:08:32 WET [2025/01/10 7:08:32 ET]
Table 'Oberon III' 6-max Seat #3 is the button
Seat 1: Pon4uk.ua ($129.30 in chips) 
Seat 2: ofipoker1001 ($116.97 in chips) 
Seat 3: yzuk ($102.32 in chips) 
Seat 4: rafaelleadeb ($104.88 in chips) 
Seat 6: ChuckNorrisQ ($100 in chips) 
rafaelleadeb: posts small blind $0.50
ChuckNorrisQ: posts big blind $1
*** HOLE CARDS ***
Pon4uk.ua: folds 
ofipoker1001: folds 
Hxpux joins the table at seat #5 
yzuk: folds 
rafaelleadeb: folds 
Uncalled bet ($0.50) returned to ChuckNorrisQ
ChuckNorrisQ collected $1 from pot
ChuckNorrisQ: doesn't show hand 
*** SUMMARY ***
Total pot $1 | Rake $0 
Seat 1: Pon4uk.ua folded before Flop (didn't bet)
Seat 2: ofipoker1001 folded before Flop (didn't bet)
Seat 3: yzuk (button) folded before Flop (didn't bet)
Seat 4: rafaelleadeb (small blind) folded before Flop
Seat 6: ChuckNorrisQ (big blind) collected ($1)



PokerStars Hand #254293701558:  Hold'em No Limit ($0.50/$1.00 USD) - 2025/01/10 12:08:42 WET [2025/01/10 7:08:42 ET]
Table 'Oberon III' 6-max Seat #4 is the button
Seat 5: Hxpux ($65.55 in chips) is sitting out
Seat 1: Pon4uk.ua ($129.30 in chips) 
Seat 2: ofipoker1001 ($116.97 in chips) 
Seat 3: yzuk ($102.32 in chips) 
Seat 4: rafaelleadeb ($104.38 in chips) 
Seat 6: ChuckNorrisQ ($100.50 in chips) 
ChuckNorrisQ: posts small blind $0.50
Pon4uk.ua: posts big blind $1
*** HOLE CARDS ***
ofipoker1001: folds 
yzuk: raises $1.50 to $2.50
rafaelleadeb: folds 
ChuckNorrisQ: folds 
Pon4uk.ua: calls $1.50
*** FLOP *** [4h As 3h]
Pon4uk.ua: checks 
yzuk: checks 
*** TURN *** [4h As 3h] [2s]
Pon4uk.ua: checks 
yzuk: bets $4.02
Pon4uk.ua: folds 
Uncalled bet ($4.02) returned to yzuk
yzuk collected $5.22 from pot
yzuk: doesn't show hand 
*** SUMMARY ***
Total pot $5.50 | Rake $0.28 
Board [4h As 3h 2s]
Seat 5: Hxpux
Seat 1: Pon4uk.ua (big blind) folded on the Turn
Seat 2: ofipoker1001 folded before Flop (didn't bet)
Seat 3: yzuk collected ($5.22)
Seat 4: rafaelleadeb (button) folded before Flop (didn't bet)
Seat 6: ChuckNorrisQ (small blind) folded before Flop



PokerStars Hand #254293708051:  Hold'em No Limit ($0.50/$1.00 USD) - 2025/01/10 12:09:29 WET [2025/01/10 7:09:29 ET]
Table 'Oberon III' 6-max Seat #6 is the button
Seat 5: Hxpux ($65.55 in chips) is sitting out
Seat 1: Pon4uk.ua ($126.80 in chips) 
Seat 2: ofipoker1001 ($116.97 in chips) 
Seat 3: yzuk ($105.04 in chips) 
Seat 4: rafaelleadeb ($104.38 in chips) 
Seat 6: ChuckNorrisQ ($100 in chips) 
Pon4uk.ua: posts small blind $0.50
ofipoker1001: posts big blind $1
Hxpux: sits out 
*** HOLE CARDS ***
yzuk: folds 
rafaelleadeb: raises $3 to $4
ChuckNorrisQ: calls $4
Pon4uk.ua: folds 
ofipoker1001: raises $9 to $13
rafaelleadeb: calls $9
ChuckNorrisQ: calls $9
*** FLOP *** [Ks 6d 5d]
ofipoker1001: bets $12.38
rafaelleadeb: calls $12.38
ChuckNorrisQ: calls $12.38
*** TURN *** [Ks 6d 5d] [Td]
ofipoker1001: bets $24.47
rafaelleadeb: folds 
ChuckNorrisQ: folds 
Uncalled bet ($24.47) returned to ofipoker1001
ofipoker1001 collected $74.14 from pot
ofipoker1001: doesn't show hand 
*** SUMMARY ***
Total pot $76.64 | Rake $2.50 
Board [Ks 6d 5d Td]
Seat 5: Hxpux
Seat 1: Pon4uk.ua (small blind) folded before Flop
Seat 2: ofipoker1001 (big blind) collected ($74.14)
Seat 3: yzuk folded before Flop (didn't bet)
Seat 4: rafaelleadeb folded on the Turn
Seat 6: ChuckNorrisQ (button) folded on the Turn



PokerStars Hand #254293716521:  Hold'em No Limit ($0.50/$1.00 USD) - 2025/01/10 12:10:31 WET [2025/01/10 7:10:31 ET]
Table 'Oberon III' 6-max Seat #1 is the button
Seat 5: Hxpux ($65.55 in chips) is sitting out
Seat 1: Pon4uk.ua ($126.30 in chips) 
Seat 2: ofipoker1001 ($165.73 in chips) 
Seat 3: yzuk ($105.04 in chips) 
Seat 4: rafaelleadeb ($79 in chips) 
Seat 6: ChuckNorrisQ ($100 in chips) 
ofipoker1001: posts small blind $0.50
yzuk: posts big blind $1
Hxpux: sits out 
*** HOLE CARDS ***
rafaelleadeb: calls $1
ChuckNorrisQ: folds 
Pon4uk.ua: calls $1
ofipoker1001: raises $3 to $4
yzuk: folds 
rafaelleadeb: raises $8 to $12
Pon4uk.ua: folds 
Hxpux leaves the table
ofipoker1001: raises $19 to $31
rafaelleadeb: calls $19
*** FLOP *** [Kh 3h Qh]
erpaye joins the table at seat #5 
ofipoker1001: checks 
rafaelleadeb: bets $48 and is all-in
ofipoker1001: folds 
Uncalled bet ($48) returned to rafaelleadeb
rafaelleadeb collected $61.50 from pot
*** SUMMARY ***
Total pot $64 | Rake $2.50 
Board [Kh 3h Qh]
Seat 5: Hxpux
Seat 1: Pon4uk.ua (button) folded before Flop
Seat 2: ofipoker1001 (small blind) folded on the Flop
Seat 3: yzuk (big blind) folded before Flop
Seat 4: rafaelleadeb collected ($61.50)
Seat 6: ChuckNorrisQ folded before Flop (didn't bet)



PokerStars Hand #254293723952:  Hold'em No Limit ($0.50/$1.00 USD) - 2025/01/10 12:11:24 WET [2025/01/10 7:11:24 ET]
Table 'Oberon III' 6-max Seat #2 is the button
Seat 5: erpaye ($100 in chips) is sitting out
Seat 1: Pon4uk.ua ($125.30 in chips) 
Seat 2: ofipoker1001 ($134.73 in chips) 
Seat 3: yzuk ($104.04 in chips) 
Seat 4: rafaelleadeb ($109.50 in chips) 
Seat 6: ChuckNorrisQ ($100 in chips) 
yzuk: posts small blind $0.50
rafaelleadeb: posts big blind $1
erpaye: sits out 
*** HOLE CARDS ***
ChuckNorrisQ: folds 
Pon4uk.ua: folds 
ofipoker1001: folds 
yzuk: folds 
Uncalled bet ($0.50) returned to rafaelleadeb
rafaelleadeb collected $1 from pot
*** SUMMARY ***
Total pot $1 | Rake $0 
Seat 5: erpaye
Seat 1: Pon4uk.ua folded before Flop (didn't bet)
Seat 2: ofipoker1001 (button) folded before Flop (didn't bet)
Seat 3: yzuk (small blind) folded before Flop
Seat 4: rafaelleadeb (big blind) collected ($1)
Seat 6: ChuckNorrisQ folded before Flop (didn't bet)



PokerStars Hand #254293726367:  Hold'em No Limit ($0.50/$1.00 USD) - 2025/01/10 12:11:41 WET [2025/01/10 7:11:41 ET]
Table 'Oberon III' 6-max Seat #3 is the button
Seat 1: Pon4uk.ua ($125.30 in chips) 
Seat 2: ofipoker1001 ($134.73 in chips) 
Seat 3: yzuk ($103.54 in chips) 
Seat 4: rafaelleadeb ($110 in chips) 
Seat 5: erpaye ($100 in chips) 
Seat 6: ChuckNorrisQ ($100 in chips) 
rafaelleadeb: posts small blind $0.50
erpaye: posts big blind $1
*** HOLE CARDS ***
ChuckNorrisQ: folds 
Pon4uk.ua: raises $1 to $2
ofipoker1001: folds 
yzuk: folds 
rafaelleadeb: folds 
erpaye: calls $1
*** FLOP *** [6h 4h As]
erpaye: checks 
ofipoker1001 leaves the table
Pon4uk.ua: bets $1.41
erpaye: raises $5.69 to $7.10
Pon4uk.ua: folds 
Uncalled bet ($5.69) returned to erpaye
erpaye collected $6.95 from pot
erpaye: doesn't show hand 
*** SUMMARY ***
Total pot $7.32 | Rake $0.37 
Board [6h 4h As]
Seat 1: Pon4uk.ua folded on the Flop
Seat 2: ofipoker1001 folded before Flop (didn't bet)
Seat 3: yzuk (button) folded before Flop (didn't bet)
Seat 4: rafaelleadeb (small blind) folded before Flop
Seat 5: erpaye (big blind) collected ($6.95)
Seat 6: ChuckNorrisQ folded before Flop (didn't bet)



PokerStars Hand #254293730744:  Hold'em No Limit ($0.50/$1.00 USD) - 2025/01/10 12:12:14 WET [2025/01/10 7:12:14 ET]
Table 'Oberon III' 6-max Seat #4 is the button
Seat 1: Pon4uk.ua ($121.89 in chips) 
Seat 3: yzuk ($103.54 in chips) 
Seat 4: rafaelleadeb ($109.50 in chips) 
Seat 5: erpaye ($103.54 in chips) 
Seat 6: ChuckNorrisQ ($100 in chips) 
erpaye: posts small blind $0.50
ChuckNorrisQ: posts big blind $1
*** HOLE CARDS ***
Pon4uk.ua: folds 
yzuk: folds 
rafaelleadeb: folds 
erpaye: raises $1.50 to $2.50
ChuckNorrisQ: calls $1.50
*** FLOP *** [Jc 8h 9h]
erpaye: checks 
ChuckNorrisQ: bets $3.56
erpaye: calls $3.56
*** TURN *** [Jc 8h 9h] [5h]
erpaye: checks 
ChuckNorrisQ: bets $8.63
erpaye: folds 
Uncalled bet ($8.63) returned to ChuckNorrisQ
ChuckNorrisQ collected $11.51 from pot
ChuckNorrisQ: doesn't show hand 
*** SUMMARY ***
Total pot $12.12 | Rake $0.61 
Board [Jc 8h 9h 5h]
Seat 1: Pon4uk.ua folded before Flop (didn't bet)
Seat 3: yzuk folded before Flop (didn't bet)
Seat 4: rafaelleadeb (button) folded before Flop (didn't bet)
Seat 5: erpaye (small blind) folded on the Turn
Seat 6: ChuckNorrisQ (big blind) collected ($11.51)



PokerStars Hand #254293736069:  Hold'em No Limit ($0.50/$1.00 USD) - 2025/01/10 12:12:52 WET [2025/01/10 7:12:52 ET]
Table 'Oberon III' 6-max Seat #5 is the button
Seat 1: Pon4uk.ua ($121.89 in chips) 
Seat 3: yzuk ($103.54 in chips) 
Seat 4: rafaelleadeb ($109.50 in chips) 
Seat 5: erpaye ($100 in chips) 
Seat 6: ChuckNorrisQ ($105.45 in chips) 
ChuckNorrisQ: posts small blind $0.50
Pon4uk.ua: posts big blind $1
*** HOLE CARDS ***
yzuk: folds 
Heskey27 joins the table at seat #2 
rafaelleadeb: folds 
erpaye: folds 
ChuckNorrisQ: folds 
Uncalled bet ($0.50) returned to Pon4uk.ua
Pon4uk.ua collected $1 from pot
Pon4uk.ua: doesn't show hand 
*** SUMMARY ***
Total pot $1 | Rake $0 
Seat 1: Pon4uk.ua (big blind) collected ($1)
Seat 3: yzuk folded before Flop (didn't bet)
Seat 4: rafaelleadeb folded before Flop (didn't bet)
Seat 5: erpaye (button) folded before Flop (didn't bet)
Seat 6: ChuckNorrisQ (small blind) folded before Flop



PokerStars Hand #254293740169:  Hold'em No Limit ($0.50/$1.00 USD) - 2025/01/10 12:13:22 WET [2025/01/10 7:13:22 ET]
Table 'Oberon III' 6-max Seat #6 is the button
Seat 1: Pon4uk.ua ($122.39 in chips) 
Seat 2: Heskey27 ($100 in chips) 
Seat 3: yzuk ($103.54 in chips) 
Seat 4: rafaelleadeb ($109.50 in chips) 
Seat 5: erpaye ($100 in chips) 
Seat 6: ChuckNorrisQ ($104.95 in chips) 
Pon4uk.ua: posts small blind $0.50
Heskey27: posts big blind $1
*** HOLE CARDS ***
yzuk: folds 
rafaelleadeb: folds 
erpaye: folds 
ChuckNorrisQ: raises $1.50 to $2.50
Pon4uk.ua: raises $8.50 to $11
Heskey27: raises $13 to $24
ChuckNorrisQ: folds 
Pon4uk.ua: folds 
Uncalled bet ($13) returned to Heskey27
Heskey27 collected $24.50 from pot
Heskey27: doesn't show hand 
*** SUMMARY ***
Total pot $24.50 | Rake $0 
Seat 1: Pon4uk.ua (small blind) folded before Flop
Seat 2: Heskey27 (big blind) collected ($24.50)
Seat 3: yzuk folded before Flop (didn't bet)
Seat 4: rafaelleadeb folded before Flop (didn't bet)
Seat 5: erpaye folded before Flop (didn't bet)
Seat 6: ChuckNorrisQ (button) folded before Flop



PokerStars Hand #254293746634:  Hold'em No Limit ($0.50/$1.00 USD) - 2025/01/10 12:14:09 WET [2025/01/10 7:14:09 ET]
Table 'Oberon III' 6-max Seat #1 is the button
Seat 3: yzuk ($103.54 in chips) is sitting out
Seat 1: Pon4uk.ua ($111.39 in chips) 
Seat 2: Heskey27 ($113.50 in chips) 
Seat 4: rafaelleadeb ($109.50 in chips) 
Seat 5: erpaye ($100 in chips) 
Seat 6: ChuckNorrisQ ($102.45 in chips) 
Heskey27: posts small blind $0.50
yzuk: is sitting out 
rafaelleadeb: posts big blind $1
*** HOLE CARDS ***
yzuk leaves the table
erpaye: folds 
ChuckNorrisQ: folds 
iNeverBluff398 joins the table at seat #3 
Pon4uk.ua: folds 
Heskey27: raises $2 to $3
rafaelleadeb: folds 
Uncalled bet ($2) returned to Heskey27
Heskey27 collected $2 from pot
Heskey27: doesn't show hand 
*** SUMMARY ***
Total pot $2 | Rake $0 
Seat 3: yzuk
Seat 1: Pon4uk.ua (button) folded before Flop (didn't bet)
Seat 2: Heskey27 (small blind) collected ($2)
Seat 4: rafaelleadeb (big blind) folded before Flop
Seat 5: erpaye folded before Flop (didn't bet)
Seat 6: ChuckNorrisQ folded before Flop (didn't bet)



PokerStars Hand #254293750270:  Hold'em No Limit ($0.50/$1.00 USD) - 2025/01/10 12:14:35 WET [2025/01/10 7:14:35 ET]
Table 'Oberon III' 6-max Seat #2 is the button
Seat 3: iNeverBluff398 ($100 in chips) is sitting out
Seat 1: Pon4uk.ua ($111.39 in chips) 
Seat 2: Heskey27 ($114.50 in chips) 
Seat 4: rafaelleadeb ($108.50 in chips) 
Seat 5: erpaye ($100 in chips) 
Seat 6: ChuckNorrisQ ($102.45 in chips) 
rafaelleadeb: posts small blind $0.50
erpaye: posts big blind $1
*** HOLE CARDS ***
ChuckNorrisQ: folds 
Pon4uk.ua: folds 
Heskey27: folds 
rafaelleadeb: raises $2 to $3
erpaye: calls $2
*** FLOP *** [Jh 7c 3h]
rafaelleadeb: checks 
erpaye: checks 
*** TURN *** [Jh 7c 3h] [2c]
rafaelleadeb: bets $6
erpaye: folds 
Uncalled bet ($6) returned to rafaelleadeb
rafaelleadeb collected $5.70 from pot
*** SUMMARY ***
Total pot $6 | Rake $0.30 
Board [Jh 7c 3h 2c]
Seat 3: iNeverBluff398
Seat 1: Pon4uk.ua folded before Flop (didn't bet)
Seat 2: Heskey27 (button) folded before Flop (didn't bet)
Seat 4: rafaelleadeb (small blind) collected ($5.70)
Seat 5: erpaye (big blind) folded on the Turn
Seat 6: ChuckNorrisQ folded before Flop (didn't bet)



PokerStars Hand #254293757090:  Hold'em No Limit ($0.50/$1.00 USD) - 2025/01/10 12:15:24 WET [2025/01/10 7:15:24 ET]
Table 'Oberon III' 6-max Seat #4 is the button
Seat 3: iNeverBluff398 ($100 in chips) is sitting out
Seat 1: Pon4uk.ua ($111.39 in chips) 
Seat 2: Heskey27 ($114.50 in chips) 
Seat 4: rafaelleadeb ($111.20 in chips) 
Seat 5: erpaye ($100 in chips) 
Seat 6: ChuckNorrisQ ($102.45 in chips) 
erpaye: posts small blind $0.50
ChuckNorrisQ: posts big blind $1
iNeverBluff398: sits out 
*** HOLE CARDS ***
Pon4uk.ua: folds 
Heskey27: folds 
rafaelleadeb: folds 
erpaye: raises $1.50 to $2.50
ChuckNorrisQ: calls $1.50
*** FLOP *** [7s 8c Jc]
erpaye: checks 
ChuckNorrisQ: checks 
*** TURN *** [7s 8c Jc] [Js]
erpaye: checks 
ChuckNorrisQ: checks 
*** RIVER *** [7s 8c Jc Js] [9h]
erpaye: checks 
ChuckNorrisQ: checks 
*** SHOW DOWN ***
erpaye: shows [5h Ah] (a pair of Jacks)
ChuckNorrisQ: shows [6h 7c] (two pair, Jacks and Sevens)
ChuckNorrisQ collected $4.75 from pot
*** SUMMARY ***
Total pot $5 | Rake $0.25 
Board [7s 8c Jc Js 9h]
Seat 3: iNeverBluff398
Seat 1: Pon4uk.ua folded before Flop (didn't bet)
Seat 2: Heskey27 folded before Flop (didn't bet)
Seat 4: rafaelleadeb (button) folded before Flop (didn't bet)
Seat 5: erpaye (small blind) showed [5h Ah] and lost with a pair of Jacks
Seat 6: ChuckNorrisQ (big blind) showed [6h 7c] and won ($4.75) with two pair, Jacks and Sevens



PokerStars Hand #254293762620:  Hold'em No Limit ($0.50/$1.00 USD) - 2025/01/10 12:16:04 WET [2025/01/10 7:16:04 ET]
Table 'Oberon III' 6-max Seat #5 is the button
Seat 3: iNeverBluff398 ($100 in chips) is sitting out
Seat 1: Pon4uk.ua ($111.39 in chips) 
Seat 2: Heskey27 ($114.50 in chips) 
Seat 4: rafaelleadeb ($111.20 in chips) 
Seat 5: erpaye ($100 in chips) 
Seat 6: ChuckNorrisQ ($104.70 in chips) 
ChuckNorrisQ: posts small blind $0.50
Pon4uk.ua: posts big blind $1
iNeverBluff398: sits out 
*** HOLE CARDS ***
Heskey27: folds 
rafaelleadeb: folds 
erpaye: folds 
ChuckNorrisQ: raises $2 to $3
Pon4uk.ua: folds 
Uncalled bet ($2) returned to ChuckNorrisQ
ChuckNorrisQ collected $2 from pot
ChuckNorrisQ: doesn't show hand 
*** SUMMARY ***
Total pot $2 | Rake $0 
Seat 3: iNeverBluff398
Seat 1: Pon4uk.ua (big blind) folded before Flop
Seat 2: Heskey27 folded before Flop (didn't bet)
Seat 4: rafaelleadeb folded before Flop (didn't bet)
Seat 5: erpaye (button) folded before Flop (didn't bet)
Seat 6: ChuckNorrisQ (small blind) collected ($2)



PokerStars Hand #254293766176:  Hold'em No Limit ($0.50/$1.00 USD) - 2025/01/10 12:16:30 WET [2025/01/10 7:16:30 ET]
Table 'Oberon III' 6-max Seat #6 is the button
Seat 3: iNeverBluff398 ($100 in chips) is sitting out
Seat 1: Pon4uk.ua ($110.39 in chips) 
Seat 2: Heskey27 ($114.50 in chips) 
Seat 4: rafaelleadeb ($111.20 in chips) 
Seat 5: erpaye ($100 in chips) 
Seat 6: ChuckNorrisQ ($105.70 in chips) 
Pon4uk.ua: posts small blind $0.50
Heskey27: posts big blind $1
iNeverBluff398: sits out 
*** HOLE CARDS ***
rafaelleadeb: folds 
erpaye: raises $1.10 to $2.10
ChuckNorrisQ: folds 
Pon4uk.ua: folds 
Heskey27: folds 
Uncalled bet ($1.10) returned to erpaye
erpaye collected $2.50 from pot
erpaye: doesn't show hand 
*** SUMMARY ***
Total pot $2.50 | Rake $0 
Seat 3: iNeverBluff398
Seat 1: Pon4uk.ua (small blind) folded before Flop
Seat 2: Heskey27 (big blind) folded before Flop
Seat 4: rafaelleadeb folded before Flop (didn't bet)
Seat 5: erpaye collected ($2.50)
Seat 6: ChuckNorrisQ (button) folded before Flop (didn't bet)



PokerStars Hand #254293768739:  Hold'em No Limit ($0.50/$1.00 USD) - 2025/01/10 12:16:48 WET [2025/01/10 7:16:48 ET]
Table 'Oberon III' 6-max Seat #1 is the button
Seat 1: Pon4uk.ua ($109.89 in chips) 
Seat 2: Heskey27 ($113.50 in chips) 
Seat 3: iNeverBluff398 ($100 in chips) 
Seat 4: rafaelleadeb ($111.20 in chips) 
Seat 5: erpaye ($101.50 in chips) 
Seat 6: ChuckNorrisQ ($105.70 in chips) 
Heskey27: posts small blind $0.50
iNeverBluff398: posts big blind $1
*** HOLE CARDS ***
rafaelleadeb: folds 
erpaye: folds 
ChuckNorrisQ: folds 
Pon4uk.ua: folds 
Heskey27: raises $2 to $3
iNeverBluff398: raises $6 to $9
Heskey27: folds 
Uncalled bet ($6) returned to iNeverBluff398
iNeverBluff398 collected $6 from pot
iNeverBluff398: doesn't show hand 
*** SUMMARY ***
Total pot $6 | Rake $0 
Seat 1: Pon4uk.ua (button) folded before Flop (didn't bet)
Seat 2: Heskey27 (small blind) folded before Flop
Seat 3: iNeverBluff398 (big blind) collected ($6)
Seat 4: rafaelleadeb folded before Flop (didn't bet)
Seat 5: erpaye folded before Flop (didn't bet)
Seat 6: ChuckNorrisQ folded before Flop (didn't bet)



PokerStars Hand #254293771537:  Hold'em No Limit ($0.50/$1.00 USD) - 2025/01/10 12:17:09 WET [2025/01/10 7:17:09 ET]
Table 'Oberon III' 6-max Seat #2 is the button
Seat 1: Pon4uk.ua ($109.89 in chips) 
Seat 2: Heskey27 ($110.50 in chips) 
Seat 3: iNeverBluff398 ($103 in chips) 
Seat 4: rafaelleadeb ($111.20 in chips) 
Seat 5: erpaye ($101.50 in chips) 
Seat 6: ChuckNorrisQ ($105.70 in chips) 
iNeverBluff398: posts small blind $0.50
rafaelleadeb: posts big blind $1
*** HOLE CARDS ***
erpaye: raises $1.10 to $2.10
ChuckNorrisQ: folds 
Pon4uk.ua: folds 
Heskey27: folds 
iNeverBluff398: folds 
rafaelleadeb: folds 
Uncalled bet ($1.10) returned to erpaye
erpaye collected $2.50 from pot
erpaye: doesn't show hand 
*** SUMMARY ***
Total pot $2.50 | Rake $0 
Seat 1: Pon4uk.ua folded before Flop (didn't bet)
Seat 2: Heskey27 (button) folded before Flop (didn't bet)
Seat 3: iNeverBluff398 (small blind) folded before Flop
Seat 4: rafaelleadeb (big blind) folded before Flop
Seat 5: erpaye collected ($2.50)
Seat 6: ChuckNorrisQ folded before Flop (didn't bet)



PokerStars Hand #254293773921:  Hold'em No Limit ($0.50/$1.00 USD) - 2025/01/10 12:17:26 WET [2025/01/10 7:17:26 ET]
Table 'Oberon III' 6-max Seat #3 is the button
Seat 1: Pon4uk.ua ($109.89 in chips) 
Seat 2: Heskey27 ($110.50 in chips) 
Seat 3: iNeverBluff398 ($102.50 in chips) 
Seat 4: rafaelleadeb ($110.20 in chips) 
Seat 5: erpaye ($103 in chips) 
Seat 6: ChuckNorrisQ ($105.70 in chips) 
rafaelleadeb: posts small blind $0.50
erpaye: posts big blind $1
*** HOLE CARDS ***
ChuckNorrisQ: folds 
Pon4uk.ua: raises $1 to $2
Heskey27: folds 
iNeverBluff398: folds 
rafaelleadeb: raises $2 to $4
erpaye: folds 
Pon4uk.ua: calls $2
*** FLOP *** [9s Jd 5c]
rafaelleadeb: bets $7
Pon4uk.ua: folds 
Uncalled bet ($7) returned to rafaelleadeb
rafaelleadeb collected $8.55 from pot
rafaelleadeb: shows [Jc]
*** SUMMARY ***
Total pot $9 | Rake $0.45 
Board [9s Jd 5c]
Seat 1: Pon4uk.ua folded on the Flop
Seat 2: Heskey27 folded before Flop (didn't bet)
Seat 3: iNeverBluff398 (button) folded before Flop (didn't bet)
Seat 4: rafaelleadeb (small blind) collected ($8.55)
Seat 5: erpaye (big blind) folded before Flop
Seat 6: ChuckNorrisQ folded before Flop (didn't bet)



PokerStars Hand #254293779346:  Hold'em No Limit ($0.50/$1.00 USD) - 2025/01/10 12:18:05 WET [2025/01/10 7:18:05 ET]
Table 'Oberon III' 6-max Seat #4 is the button
Seat 1: Pon4uk.ua ($105.89 in chips) 
Seat 2: Heskey27 ($110.50 in chips) 
Seat 3: iNeverBluff398 ($102.50 in chips) 
Seat 4: rafaelleadeb ($114.75 in chips) 
Seat 5: erpaye ($102 in chips) 
Seat 6: ChuckNorrisQ ($105.70 in chips) 
erpaye: posts small blind $0.50
ChuckNorrisQ: posts big blind $1
*** HOLE CARDS ***
Pon4uk.ua: raises $1 to $2
Heskey27: folds 
iNeverBluff398: folds 
rafaelleadeb: raises $3 to $5
erpaye: folds 
ChuckNorrisQ: folds 
Pon4uk.ua: calls $3
*** FLOP *** [9d Tc Kc]
Pon4uk.ua: checks 
rafaelleadeb: bets $3
Pon4uk.ua: calls $3
*** TURN *** [9d Tc Kc] [As]
Pon4uk.ua: checks 
rafaelleadeb: bets $8.31
Pon4uk.ua: calls $8.31
*** RIVER *** [9d Tc Kc As] [Qc]
Pon4uk.ua: checks 
rafaelleadeb: checks 
*** SHOW DOWN ***
Pon4uk.ua: shows [Ad Qd] (two pair, Aces and Queens)
rafaelleadeb: shows [Qs Js] (a straight, Ten to Ace)
rafaelleadeb collected $32.41 from pot
*** SUMMARY ***
Total pot $34.12 | Rake $1.71 
Board [9d Tc Kc As Qc]
Seat 1: Pon4uk.ua showed [Ad Qd] and lost with two pair, Aces and Queens
Seat 2: Heskey27 folded before Flop (didn't bet)
Seat 3: iNeverBluff398 folded before Flop (didn't bet)
Seat 4: rafaelleadeb (button) showed [Qs Js] and won ($32.41) with a straight, Ten to Ace
Seat 5: erpaye (small blind) folded before Flop
Seat 6: ChuckNorrisQ (big blind) folded before Flop



PokerStars Hand #254293784348:  Hold'em No Limit ($0.50/$1.00 USD) - 2025/01/10 12:18:41 WET [2025/01/10 7:18:41 ET]
Table 'Oberon III' 6-max Seat #5 is the button
Seat 1: Pon4uk.ua ($100 in chips) 
Seat 2: Heskey27 ($110.50 in chips) 
Seat 3: iNeverBluff398 ($102.50 in chips) 
Seat 4: rafaelleadeb ($130.85 in chips) 
Seat 5: erpaye ($101.50 in chips) 
Seat 6: ChuckNorrisQ ($104.70 in chips) 
ChuckNorrisQ: posts small blind $0.50
Pon4uk.ua: posts big blind $1
*** HOLE CARDS ***
Heskey27: folds 
iNeverBluff398: folds 
rafaelleadeb: calls $1
erpaye: folds 
ChuckNorrisQ: calls $0.50
Pon4uk.ua: checks 
*** FLOP *** [Jh 5d 4s]
ChuckNorrisQ: checks 
Pon4uk.ua: checks 
rafaelleadeb: checks 
*** TURN *** [Jh 5d 4s] [3d]
ChuckNorrisQ: bets $2.14
Pon4uk.ua: folds 
rafaelleadeb: calls $2.14
*** RIVER *** [Jh 5d 4s 3d] [7h]
ChuckNorrisQ: checks 
rafaelleadeb: checks 
*** SHOW DOWN ***
ChuckNorrisQ: shows [5s 5h] (three of a kind, Fives)
rafaelleadeb: mucks hand 
ChuckNorrisQ collected $6.92 from pot
*** SUMMARY ***
Total pot $7.28 | Rake $0.36 
Board [Jh 5d 4s 3d 7h]
Seat 1: Pon4uk.ua (big blind) folded on the Turn
Seat 2: Heskey27 folded before Flop (didn't bet)
Seat 3: iNeverBluff398 folded before Flop (didn't bet)
Seat 4: rafaelleadeb mucked
Seat 5: erpaye (button) folded before Flop (didn't bet)
Seat 6: ChuckNorrisQ (small blind) showed [5s 5h] and won ($6.92) with three of a kind, Fives



PokerStars Hand #254293794845:  Hold'em No Limit ($0.50/$1.00 USD) - 2025/01/10 12:19:56 WET [2025/01/10 7:19:56 ET]
Table 'Oberon III' 6-max Seat #6 is the button
Seat 1: Pon4uk.ua ($100 in chips) 
Seat 2: Heskey27 ($110.50 in chips) 
Seat 3: iNeverBluff398 ($102.50 in chips) 
Seat 4: rafaelleadeb ($127.71 in chips) 
Seat 5: erpaye ($101.50 in chips) 
Seat 6: ChuckNorrisQ ($108.48 in chips) 
Pon4uk.ua: posts small blind $0.50
Heskey27: posts big blind $1
*** HOLE CARDS ***
iNeverBluff398: folds 
rafaelleadeb: folds 
erpaye: folds 
ChuckNorrisQ: folds 
Pon4uk.ua: raises $1.75 to $2.75
Heskey27: calls $1.75
*** FLOP *** [5d 4h Ac]
Pon4uk.ua: bets $1.72
Heskey27: folds 
Uncalled bet ($1.72) returned to Pon4uk.ua
Pon4uk.ua collected $5.22 from pot
Pon4uk.ua: doesn't show hand 
*** SUMMARY ***
Total pot $5.50 | Rake $0.28 
Board [5d 4h Ac]
Seat 1: Pon4uk.ua (small blind) collected ($5.22)
Seat 2: Heskey27 (big blind) folded on the Flop
Seat 3: iNeverBluff398 folded before Flop (didn't bet)
Seat 4: rafaelleadeb folded before Flop (didn't bet)
Seat 5: erpaye folded before Flop (didn't bet)
Seat 6: ChuckNorrisQ (button) folded before Flop (didn't bet)



PokerStars Hand #254293798293:  Hold'em No Limit ($0.50/$1.00 USD) - 2025/01/10 12:20:21 WET [2025/01/10 7:20:21 ET]
Table 'Oberon III' 6-max Seat #1 is the button
Seat 1: Pon4uk.ua ($102.47 in chips) 
Seat 2: Heskey27 ($107.75 in chips) 
Seat 3: iNeverBluff398 ($102.50 in chips) 
Seat 4: rafaelleadeb ($127.71 in chips) 
Seat 5: erpaye ($101.50 in chips) 
Seat 6: ChuckNorrisQ ($108.48 in chips) 
Heskey27: posts small blind $0.50
iNeverBluff398: posts big blind $1
*** HOLE CARDS ***
rafaelleadeb: folds 
erpaye: folds 
ChuckNorrisQ: folds 
Pon4uk.ua: raises $1.50 to $2.50
Heskey27: folds 
iNeverBluff398: calls $1.50
*** FLOP *** [Js Ts 2c]
iNeverBluff398: checks 
Pon4uk.ua: bets $1.72
iNeverBluff398: folds 
Uncalled bet ($1.72) returned to Pon4uk.ua
Pon4uk.ua collected $5.22 from pot
Pon4uk.ua: doesn't show hand 
*** SUMMARY ***
Total pot $5.50 | Rake $0.28 
Board [Js Ts 2c]
Seat 1: Pon4uk.ua (button) collected ($5.22)
Seat 2: Heskey27 (small blind) folded before Flop
Seat 3: iNeverBluff398 (big blind) folded on the Flop
Seat 4: rafaelleadeb folded before Flop (didn't bet)
Seat 5: erpaye folded before Flop (didn't bet)
Seat 6: ChuckNorrisQ folded before Flop (didn't bet)



PokerStars Hand #254293804204:  Hold'em No Limit ($0.50/$1.00 USD) - 2025/01/10 12:21:04 WET [2025/01/10 7:21:04 ET]
Table 'Oberon III' 6-max Seat #2 is the button
Seat 1: Pon4uk.ua ($105.19 in chips) 
Seat 2: Heskey27 ($107.25 in chips) 
Seat 3: iNeverBluff398 ($100 in chips) 
Seat 4: rafaelleadeb ($127.71 in chips) 
Seat 5: erpaye ($101.50 in chips) 
Seat 6: ChuckNorrisQ ($108.48 in chips) 
iNeverBluff398: posts small blind $0.50
rafaelleadeb: posts big blind $1
*** HOLE CARDS ***
erpaye: folds 
ChuckNorrisQ: raises $1 to $2
Pon4uk.ua: raises $5 to $7
Heskey27: folds 
iNeverBluff398: folds 
rafaelleadeb: calls $6
ChuckNorrisQ: folds 
*** FLOP *** [Td Kd 3c]
rafaelleadeb: checks 
Pon4uk.ua: bets $4.17
rafaelleadeb: calls $4.17
*** TURN *** [Td Kd 3c] [9d]
rafaelleadeb: checks 
Pon4uk.ua: checks 
*** RIVER *** [Td Kd 3c 9d] [Ah]
rafaelleadeb: checks 
Pon4uk.ua: checks 
*** SHOW DOWN ***
rafaelleadeb: shows [5d Ad] (a flush, Ace high)
Pon4uk.ua: mucks hand 
rafaelleadeb collected $23.60 from pot
*** SUMMARY ***
Total pot $24.84 | Rake $1.24 
Board [Td Kd 3c 9d Ah]
Seat 1: Pon4uk.ua mucked
Seat 2: Heskey27 (button) folded before Flop (didn't bet)
Seat 3: iNeverBluff398 (small blind) folded before Flop
Seat 4: rafaelleadeb (big blind) showed [5d Ad] and won ($23.60) with a flush, Ace high
Seat 5: erpaye folded before Flop (didn't bet)
Seat 6: ChuckNorrisQ folded before Flop



PokerStars Hand #254293813099:  Hold'em No Limit ($0.50/$1.00 USD) - 2025/01/10 12:22:07 WET [2025/01/10 7:22:07 ET]
Table 'Oberon III' 6-max Seat #3 is the button
Seat 1: Pon4uk.ua ($100 in chips) 
Seat 2: Heskey27 ($107.25 in chips) 
Seat 3: iNeverBluff398 ($100 in chips) 
Seat 4: rafaelleadeb ($140.14 in chips) 
Seat 5: erpaye ($101.50 in chips) 
Seat 6: ChuckNorrisQ ($106.48 in chips) 
rafaelleadeb: posts small blind $0.50
erpaye: posts big blind $1
*** HOLE CARDS ***
ChuckNorrisQ: folds 
Pon4uk.ua: raises $1 to $2
Heskey27: raises $5 to $7
iNeverBluff398: folds 
rafaelleadeb: folds 
erpaye: folds 
Pon4uk.ua: folds 
Uncalled bet ($5) returned to Heskey27
Heskey27 collected $5.50 from pot
Heskey27: doesn't show hand 
*** SUMMARY ***
Total pot $5.50 | Rake $0 
Seat 1: Pon4uk.ua folded before Flop
Seat 2: Heskey27 collected ($5.50)
Seat 3: iNeverBluff398 (button) folded before Flop (didn't bet)
Seat 4: rafaelleadeb (small blind) folded before Flop
Seat 5: erpaye (big blind) folded before Flop
Seat 6: ChuckNorrisQ folded before Flop (didn't bet)



PokerStars Hand #254293631001:  Hold'em No Limit ($0.50/$1.00 USD) - 2025/01/10 12:00:10 WET [2025/01/10 7:00:10 ET]
Table 'Oberon III' 6-max Seat #2 is the button
Seat 1: Pon4uk.ua ($100.57 in chips) 
Seat 2: ofipoker1001 ($93.28 in chips) 
Seat 3: avlee1 ($105 in chips) 
avlee1: posts small blind $0.50
Pon4uk.ua: posts big blind $1
*** HOLE CARDS ***
ofipoker1001: folds 
avlee1: folds 
Uncalled bet ($0.50) returned to Pon4uk.ua
Pon4uk.ua collected $1 from pot
Pon4uk.ua: doesn't show hand 
*** SUMMARY ***
Total pot $1 | Rake $0 
Seat 1: Pon4uk.ua (big blind) collected ($1)
Seat 2: ofipoker1001 (button) folded before Flop (didn't bet)
Seat 3: avlee1 (small blind) folded before Flop



PokerStars Hand #254293632087:  Hold'em No Limit ($0.50/$1.00 USD) - 2025/01/10 12:00:19 WET [2025/01/10 7:00:19 ET]
Table 'Oberon III' 6-max Seat #3 is the button
Seat 1: Pon4uk.ua ($101.07 in chips) 
Seat 2: ofipoker1001 ($93.28 in chips) 
Seat 3: avlee1 ($104.50 in chips) 
Pon4uk.ua: posts small blind $0.50
ofipoker1001: posts big blind $1
*** HOLE CARDS ***
avlee1: raises $1.50 to $2.50
Pon4uk.ua: folds 
ofipoker1001: calls $1.50
*** FLOP *** [2s Jd 2d]
ofipoker1001: checks 
avlee1: checks 
*** TURN *** [2s Jd 2d] [Ah]
ofipoker1001: bets $3
avlee1: calls $3
*** RIVER *** [2s Jd 2d Ah] [Ks]
ofipoker1001: bets $4
avlee1: raises $9.46 to $13.46
ofipoker1001: folds 
Uncalled bet ($9.46) returned to avlee1
avlee1 collected $18.52 from pot
avlee1: doesn't show hand 
*** SUMMARY ***
Total pot $19.50 | Rake $0.98 
Board [2s Jd 2d Ah Ks]
Seat 1: Pon4uk.ua (small blind) folded before Flop
Seat 2: ofipoker1001 (big blind) folded on the River
Seat 3: avlee1 (button) collected ($18.52)



PokerStars Hand #254293642566:  Hold'em No Limit ($0.50/$1.00 USD) - 2025/01/10 12:01:38 WET [2025/01/10 7:01:38 ET]
Table 'Oberon III' 6-max Seat #2 is the button
Seat 3: avlee1 ($113.52 in chips) is sitting out
Seat 1: Pon4uk.ua ($100.57 in chips) 
Seat 2: ofipoker1001 ($83.78 in chips) 
ofipoker1001: posts small blind $0.50
avlee1: is sitting out 
Pon4uk.ua: posts big blind $1
*** HOLE CARDS ***
ofipoker1001: folds 
Uncalled bet ($0.50) returned to Pon4uk.ua
avlee1 leaves the table
Pon4uk.ua collected $1 from pot
Pon4uk.ua: doesn't show hand 
*** SUMMARY ***
Total pot $1 | Rake $0 
Seat 3: avlee1
Seat 1: Pon4uk.ua (big blind) collected ($1)
Seat 2: ofipoker1001 (button) (small blind) folded before Flop



PokerStars Hand #254293643620:  Hold'em No Limit ($0.50/$1.00 USD) - 2025/01/10 12:01:45 WET [2025/01/10 7:01:45 ET]
Table 'Oberon III' 6-max Seat #1 is the button
Seat 1: Pon4uk.ua ($101.07 in chips) 
Seat 2: ofipoker1001 ($83.28 in chips) 
Pon4uk.ua: posts small blind $0.50
ofipoker1001: posts big blind $1
*** HOLE CARDS ***
Pon4uk.ua: raises $1.50 to $2.50
ofipoker1001: folds 
Uncalled bet ($1.50) returned to Pon4uk.ua
Pon4uk.ua collected $2 from pot
Pon4uk.ua: doesn't show hand 
*** SUMMARY ***
Total pot $2 | Rake $0 
Seat 1: Pon4uk.ua (button) (small blind) collected ($2)
Seat 2: ofipoker1001 (big blind) folded before Flop



PokerStars Hand #254293999067:  Hold'em No Limit ($0.50/$1.00 USD) - 2025/01/10 12:43:11 WET [2025/01/10 7:43:11 ET]
Table 'Oberon III' 6-max Seat #6 is the button
Seat 1: Pon4uk.ua ($163.53 in chips) 
Seat 2: Heskey27 ($118.10 in chips) 
Seat 3: janarr5 ($102.50 in chips) 
Seat 4: rafaelleadeb ($183.21 in chips) 
Seat 5: erpaye ($100 in chips) 
Seat 6: ChuckNorrisQ ($103.93 in chips) 
Pon4uk.ua: posts small blind $0.50
Heskey27: posts big blind $1
*** HOLE CARDS ***
janarr5: folds 
rafaelleadeb: folds 
erpaye: raises $1.10 to $2.10
ChuckNorrisQ: raises $5.40 to $7.50
Pon4uk.ua: folds 
Heskey27: folds 
erpaye: raises $15.30 to $22.80
ChuckNorrisQ: folds 
Uncalled bet ($15.30) returned to erpaye
erpaye collected $16.50 from pot
erpaye: doesn't show hand 
*** SUMMARY ***
Total pot $16.50 | Rake $0 
Seat 1: Pon4uk.ua (small blind) folded before Flop
Seat 2: Heskey27 (big blind) folded before Flop
Seat 3: janarr5 folded before Flop (didn't bet)
Seat 4: rafaelleadeb folded before Flop (didn't bet)
Seat 5: erpaye collected ($16.50)
Seat 6: ChuckNorrisQ (button) folded before Flop



PokerStars Hand #254294009037:  Hold'em No Limit ($0.50/$1.00 USD) - 2025/01/10 12:44:16 WET [2025/01/10 7:44:16 ET]
Table 'Oberon III' 6-max Seat #1 is the button
Seat 1: Pon4uk.ua ($163.03 in chips) 
Seat 2: Heskey27 ($117.10 in chips) 
Seat 3: janarr5 ($102.50 in chips) 
Seat 4: rafaelleadeb ($183.21 in chips) 
Seat 5: erpaye ($109 in chips) 
Seat 6: ChuckNorrisQ ($100 in chips) 
Heskey27: posts small blind $0.50
janarr5: posts big blind $1
*** HOLE CARDS ***
rafaelleadeb: folds 
erpaye: folds 
ChuckNorrisQ: folds 
Pon4uk.ua: folds 
Heskey27: folds 
Uncalled bet ($0.50) returned to janarr5
janarr5 collected $1 from pot
janarr5: doesn't show hand 
*** SUMMARY ***
Total pot $1 | Rake $0 
Seat 1: Pon4uk.ua (button) folded before Flop (didn't bet)
Seat 2: Heskey27 (small blind) folded before Flop
Seat 3: janarr5 (big blind) collected ($1)
Seat 4: rafaelleadeb folded before Flop (didn't bet)
Seat 5: erpaye folded before Flop (didn't bet)
Seat 6: ChuckNorrisQ folded before Flop (didn't bet)



PokerStars Hand #254294010417:  Hold'em No Limit ($0.50/$1.00 USD) - 2025/01/10 12:44:25 WET [2025/01/10 7:44:25 ET]
Table 'Oberon III' 6-max Seat #2 is the button
Seat 1: Pon4uk.ua ($163.03 in chips) 
Seat 2: Heskey27 ($116.60 in chips) 
Seat 3: janarr5 ($103 in chips) 
Seat 4: rafaelleadeb ($183.21 in chips) 
Seat 5: erpaye ($109 in chips) 
Seat 6: ChuckNorrisQ ($100 in chips) 
janarr5: posts small blind $0.50
rafaelleadeb: posts big blind $1
*** HOLE CARDS ***
erpaye: raises $1.80 to $2.80
ChuckNorrisQ: folds 
Pon4uk.ua: folds 
Heskey27: folds 
janarr5: folds 
rafaelleadeb: folds 
Uncalled bet ($1.80) returned to erpaye
erpaye collected $2.50 from pot
erpaye: doesn't show hand 
*** SUMMARY ***
Total pot $2.50 | Rake $0 
Seat 1: Pon4uk.ua folded before Flop (didn't bet)
Seat 2: Heskey27 (button) folded before Flop (didn't bet)
Seat 3: janarr5 (small blind) folded before Flop
Seat 4: rafaelleadeb (big blind) folded before Flop
Seat 5: erpaye collected ($2.50)
Seat 6: ChuckNorrisQ folded before Flop (didn't bet)



PokerStars Hand #254294013554:  Hold'em No Limit ($0.50/$1.00 USD) - 2025/01/10 12:44:45 WET [2025/01/10 7:44:45 ET]
Table 'Oberon III' 6-max Seat #3 is the button
Seat 1: Pon4uk.ua ($163.03 in chips) 
Seat 2: Heskey27 ($116.60 in chips) 
Seat 3: janarr5 ($102.50 in chips) 
Seat 4: rafaelleadeb ($182.21 in chips) 
Seat 5: erpaye ($110.50 in chips) 
Seat 6: ChuckNorrisQ ($100 in chips) 
rafaelleadeb: posts small blind $0.50
erpaye: posts big blind $1
*** HOLE CARDS ***
ChuckNorrisQ: folds 
Pon4uk.ua: raises $1 to $2
Heskey27: folds 
janarr5: folds 
rafaelleadeb: calls $1.50
erpaye: calls $1
*** FLOP *** [3s Qs Ac]
rafaelleadeb: checks 
erpaye: checks 
Pon4uk.ua: bets $2.85
rafaelleadeb: folds 
erpaye: folds 
Uncalled bet ($2.85) returned to Pon4uk.ua
Pon4uk.ua collected $5.70 from pot
Pon4uk.ua: doesn't show hand 
*** SUMMARY ***
Total pot $6 | Rake $0.30 
Board [3s Qs Ac]
Seat 1: Pon4uk.ua collected ($5.70)
Seat 2: Heskey27 folded before Flop (didn't bet)
Seat 3: janarr5 (button) folded before Flop (didn't bet)
Seat 4: rafaelleadeb (small blind) folded on the Flop
Seat 5: erpaye (big blind) folded on the Flop
Seat 6: ChuckNorrisQ folded before Flop (didn't bet)



PokerStars Hand #254294024019:  Hold'em No Limit ($0.50/$1.00 USD) - 2025/01/10 12:45:53 WET [2025/01/10 7:45:53 ET]
Table 'Oberon III' 6-max Seat #4 is the button
Seat 1: Pon4uk.ua ($166.73 in chips) 
Seat 2: Heskey27 ($116.60 in chips) 
Seat 3: janarr5 ($102.50 in chips) 
Seat 4: rafaelleadeb ($180.21 in chips) 
Seat 5: erpaye ($108.50 in chips) 
Seat 6: ChuckNorrisQ ($100 in chips) 
erpaye: posts small blind $0.50
ChuckNorrisQ: posts big blind $1
*** HOLE CARDS ***
Pon4uk.ua: folds 
Heskey27: folds 
janarr5: raises $1.25 to $2.25
rafaelleadeb: folds 
erpaye: folds 
ChuckNorrisQ: folds 
Uncalled bet ($1.25) returned to janarr5
janarr5 collected $2.50 from pot
janarr5: doesn't show hand 
*** SUMMARY ***
Total pot $2.50 | Rake $0 
Seat 1: Pon4uk.ua folded before Flop (didn't bet)
Seat 2: Heskey27 folded before Flop (didn't bet)
Seat 3: janarr5 collected ($2.50)
Seat 4: rafaelleadeb (button) folded before Flop (didn't bet)
Seat 5: erpaye (small blind) folded before Flop
Seat 6: ChuckNorrisQ (big blind) folded before Flop



PokerStars Hand #254294026533:  Hold'em No Limit ($0.50/$1.00 USD) - 2025/01/10 12:46:09 WET [2025/01/10 7:46:09 ET]
Table 'Oberon III' 6-max Seat #5 is the button
Seat 1: Pon4uk.ua ($166.73 in chips) 
Seat 2: Heskey27 ($116.60 in chips) 
Seat 3: janarr5 ($104 in chips) 
Seat 4: rafaelleadeb ($180.21 in chips) 
Seat 5: erpaye ($108 in chips) 
Seat 6: ChuckNorrisQ ($100 in chips) 
ChuckNorrisQ: posts small blind $0.50
Pon4uk.ua: posts big blind $1
*** HOLE CARDS ***
Heskey27: folds 
janarr5: folds 
rafaelleadeb: folds 
erpaye: folds 
ChuckNorrisQ: raises $2 to $3
Pon4uk.ua: calls $2
*** FLOP *** [8d 2s Ad]
ChuckNorrisQ: checks 
Pon4uk.ua: bets $2.85
ChuckNorrisQ: calls $2.85
*** TURN *** [8d 2s Ad] [3s]
ChuckNorrisQ: checks 
Pon4uk.ua: bets $8.34
ChuckNorrisQ: calls $8.34
*** RIVER *** [8d 2s Ad 3s] [2d]
ChuckNorrisQ: checks 
Pon4uk.ua: checks 
*** SHOW DOWN ***
ChuckNorrisQ: shows [Ah As] (a full house, Aces full of Deuces)
Pon4uk.ua: mucks hand 
ChuckNorrisQ collected $26.96 from pot
*** SUMMARY ***
Total pot $28.38 | Rake $1.42 
Board [8d 2s Ad 3s 2d]
Seat 1: Pon4uk.ua (big blind) mucked
Seat 2: Heskey27 folded before Flop (didn't bet)
Seat 3: janarr5 folded before Flop (didn't bet)
Seat 4: rafaelleadeb folded before Flop (didn't bet)
Seat 5: erpaye (button) folded before Flop (didn't bet)
Seat 6: ChuckNorrisQ (small blind) showed [Ah As] and won ($26.96) with a full house, Aces full of Deuces



PokerStars Hand #254294037748:  Hold'em No Limit ($0.50/$1.00 USD) - 2025/01/10 12:47:21 WET [2025/01/10 7:47:21 ET]
Table 'Oberon III' 6-max Seat #6 is the button
Seat 1: Pon4uk.ua ($152.54 in chips) 
Seat 2: Heskey27 ($116.60 in chips) 
Seat 3: janarr5 ($104 in chips) 
Seat 4: rafaelleadeb ($180.21 in chips) 
Seat 5: erpaye ($108 in chips) 
Seat 6: ChuckNorrisQ ($112.77 in chips) 
Pon4uk.ua: posts small blind $0.50
Heskey27: posts big blind $1
*** HOLE CARDS ***
janarr5: folds 
rafaelleadeb: folds 
erpaye: folds 
ChuckNorrisQ: folds 
Pon4uk.ua: folds 
Uncalled bet ($0.50) returned to Heskey27
Heskey27 collected $1 from pot
Heskey27: doesn't show hand 
*** SUMMARY ***
Total pot $1 | Rake $0 
Seat 1: Pon4uk.ua (small blind) folded before Flop
Seat 2: Heskey27 (big blind) collected ($1)
Seat 3: janarr5 folded before Flop (didn't bet)
Seat 4: rafaelleadeb folded before Flop (didn't bet)
Seat 5: erpaye folded before Flop (didn't bet)
Seat 6: ChuckNorrisQ (button) folded before Flop (didn't bet)



PokerStars Hand #254294039837:  Hold'em No Limit ($0.50/$1.00 USD) - 2025/01/10 12:47:35 WET [2025/01/10 7:47:35 ET]
Table 'Oberon III' 6-max Seat #1 is the button
Seat 1: Pon4uk.ua ($152.04 in chips) 
Seat 2: Heskey27 ($117.10 in chips) 
Seat 3: janarr5 ($104 in chips) 
Seat 4: rafaelleadeb ($180.21 in chips) 
Seat 5: erpaye ($108 in chips) 
Seat 6: ChuckNorrisQ ($112.77 in chips) 
Heskey27: posts small blind $0.50
janarr5: posts big blind $1
*** HOLE CARDS ***
rafaelleadeb: folds 
erpaye: folds 
ChuckNorrisQ: folds 
Pon4uk.ua: folds 
Heskey27: raises $2 to $3
janarr5: calls $2
*** FLOP *** [3s 7c 6h]
Heskey27: bets $2.85
janarr5: folds 
Uncalled bet ($2.85) returned to Heskey27
Heskey27 collected $5.70 from pot
Heskey27: doesn't show hand 
*** SUMMARY ***
Total pot $6 | Rake $0.30 
Board [3s 7c 6h]
Seat 1: Pon4uk.ua (button) folded before Flop (didn't bet)
Seat 2: Heskey27 (small blind) collected ($5.70)
Seat 3: janarr5 (big blind) folded on the Flop
Seat 4: rafaelleadeb folded before Flop (didn't bet)
Seat 5: erpaye folded before Flop (didn't bet)
Seat 6: ChuckNorrisQ folded before Flop (didn't bet)



PokerStars Hand #254294044758:  Hold'em No Limit ($0.50/$1.00 USD) - 2025/01/10 12:48:06 WET [2025/01/10 7:48:06 ET]
Table 'Oberon III' 6-max Seat #2 is the button
Seat 1: Pon4uk.ua ($152.04 in chips) 
Seat 2: Heskey27 ($119.80 in chips) 
Seat 3: janarr5 ($101 in chips) 
Seat 4: rafaelleadeb ($180.21 in chips) 
Seat 5: erpaye ($108 in chips) 
Seat 6: ChuckNorrisQ ($112.77 in chips) 
janarr5: posts small blind $0.50
rafaelleadeb: posts big blind $1
*** HOLE CARDS ***
erpaye: folds 
ChuckNorrisQ: folds 
Pon4uk.ua: folds 
Heskey27: raises $1.50 to $2.50
janarr5: folds 
rafaelleadeb: folds 
Uncalled bet ($1.50) returned to Heskey27
Heskey27 collected $2.50 from pot
Heskey27: doesn't show hand 
*** SUMMARY ***
Total pot $2.50 | Rake $0 
Seat 1: Pon4uk.ua folded before Flop (didn't bet)
Seat 2: Heskey27 (button) collected ($2.50)
Seat 3: janarr5 (small blind) folded before Flop
Seat 4: rafaelleadeb (big blind) folded before Flop
Seat 5: erpaye folded before Flop (didn't bet)
Seat 6: ChuckNorrisQ folded before Flop (didn't bet)



PokerStars Hand #254294047089:  Hold'em No Limit ($0.50/$1.00 USD) - 2025/01/10 12:48:21 WET [2025/01/10 7:48:21 ET]
Table 'Oberon III' 6-max Seat #3 is the button
Seat 1: Pon4uk.ua ($152.04 in chips) 
Seat 2: Heskey27 ($121.30 in chips) 
Seat 3: janarr5 ($100.50 in chips) 
Seat 4: rafaelleadeb ($179.21 in chips) 
Seat 5: erpaye ($108 in chips) 
Seat 6: ChuckNorrisQ ($112.77 in chips) 
rafaelleadeb: posts small blind $0.50
erpaye: posts big blind $1
*** HOLE CARDS ***
ChuckNorrisQ: raises $1 to $2
Pon4uk.ua: folds 
Heskey27: folds 
janarr5: folds 
rafaelleadeb: raises $3 to $5
erpaye: folds 
ChuckNorrisQ: raises $11 to $16
rafaelleadeb: calls $11
*** FLOP *** [Js 4s 6c]
rafaelleadeb: checks 
ChuckNorrisQ: checks 
*** TURN *** [Js 4s 6c] [Qd]
rafaelleadeb: checks 
ChuckNorrisQ: checks 
*** RIVER *** [Js 4s 6c Qd] [8h]
rafaelleadeb: bets $15.68
ChuckNorrisQ: folds 
Uncalled bet ($15.68) returned to rafaelleadeb
rafaelleadeb collected $31.35 from pot
*** SUMMARY ***
Total pot $33 | Rake $1.65 
Board [Js 4s 6c Qd 8h]
Seat 1: Pon4uk.ua folded before Flop (didn't bet)
Seat 2: Heskey27 folded before Flop (didn't bet)
Seat 3: janarr5 (button) folded before Flop (didn't bet)
Seat 4: rafaelleadeb (small blind) collected ($31.35)
Seat 5: erpaye (big blind) folded before Flop
Seat 6: ChuckNorrisQ folded on the River



PokerStars Hand #254294059155:  Hold'em No Limit ($0.50/$1.00 USD) - 2025/01/10 12:49:38 WET [2025/01/10 7:49:38 ET]
Table 'Oberon III' 6-max Seat #4 is the button
Seat 1: Pon4uk.ua ($152.04 in chips) 
Seat 2: Heskey27 ($121.30 in chips) 
Seat 3: janarr5 ($100.50 in chips) 
Seat 4: rafaelleadeb ($194.56 in chips) 
Seat 5: erpaye ($107 in chips) 
Seat 6: ChuckNorrisQ ($100 in chips) 
erpaye: posts small blind $0.50
ChuckNorrisQ: posts big blind $1
*** HOLE CARDS ***
Pon4uk.ua: folds 
Heskey27: folds 
janarr5: folds 
rafaelleadeb: calls $1
erpaye: calls $0.50
ChuckNorrisQ: checks 
*** FLOP *** [Kc 4h 4s]
erpaye: checks 
ChuckNorrisQ: checks 
rafaelleadeb: checks 
*** TURN *** [Kc 4h 4s] [3c]
erpaye: bets $1.14
ChuckNorrisQ: folds 
rafaelleadeb: folds 
Uncalled bet ($1.14) returned to erpaye
erpaye collected $2.85 from pot
erpaye: doesn't show hand 
*** SUMMARY ***
Total pot $3 | Rake $0.15 
Board [Kc 4h 4s 3c]
Seat 1: Pon4uk.ua folded before Flop (didn't bet)
Seat 2: Heskey27 folded before Flop (didn't bet)
Seat 3: janarr5 folded before Flop (didn't bet)
Seat 4: rafaelleadeb (button) folded on the Turn
Seat 5: erpaye (small blind) collected ($2.85)
Seat 6: ChuckNorrisQ (big blind) folded on the Turn



PokerStars Hand #254294063776:  Hold'em No Limit ($0.50/$1.00 USD) - 2025/01/10 12:50:08 WET [2025/01/10 7:50:08 ET]
Table 'Oberon III' 6-max Seat #5 is the button
Seat 1: Pon4uk.ua ($152.04 in chips) 
Seat 2: Heskey27 ($121.30 in chips) 
Seat 3: janarr5 ($100.50 in chips) 
Seat 4: rafaelleadeb ($193.56 in chips) 
Seat 5: erpaye ($108.85 in chips) 
Seat 6: ChuckNorrisQ ($100 in chips) 
ChuckNorrisQ: posts small blind $0.50
Pon4uk.ua: posts big blind $1
*** HOLE CARDS ***
Heskey27: folds 
janarr5: folds 
rafaelleadeb: folds 
erpaye: raises $1.30 to $2.30
ChuckNorrisQ: folds 
Pon4uk.ua: raises $8.70 to $11
erpaye: calls $8.70
*** FLOP *** [Qc 3h 9d]
Pon4uk.ua: bets $7.06
erpaye: calls $7.06
*** TURN *** [Qc 3h 9d] [3s]
Pon4uk.ua: bets $22
rafaelleadeb leaves the table
erpaye: calls $22
*** RIVER *** [Qc 3h 9d 3s] [Qd]
Pon4uk.ua: checks 
erpaye: bets $68.79 and is all-in
Pon4uk.ua: folds 
Uncalled bet ($68.79) returned to erpaye
erpaye collected $78.12 from pot
erpaye: doesn't show hand 
*** SUMMARY ***
Total pot $80.62 | Rake $2.50 
Board [Qc 3h 9d 3s Qd]
Seat 1: Pon4uk.ua (big blind) folded on the River
Seat 2: Heskey27 folded before Flop (didn't bet)
Seat 3: janarr5 folded before Flop (didn't bet)
Seat 4: rafaelleadeb folded before Flop (didn't bet)
Seat 5: erpaye (button) collected ($78.12)
Seat 6: ChuckNorrisQ (small blind) folded before Flop



PokerStars Hand #254294087042:  Hold'em No Limit ($0.50/$1.00 USD) - 2025/01/10 12:52:37 WET [2025/01/10 7:52:37 ET]
Table 'Oberon III' 6-max Seat #6 is the button
Seat 2: Heskey27 ($121.30 in chips) is sitting out
Seat 1: Pon4uk.ua ($111.98 in chips) 
Seat 3: janarr5 ($100.50 in chips) 
Seat 5: erpaye ($146.91 in chips) 
Seat 6: ChuckNorrisQ ($100 in chips) 
Pon4uk.ua: posts small blind $0.50
Heskey27: is sitting out 
janarr5: posts big blind $1
*** HOLE CARDS ***
erpaye: folds 
ChuckNorrisQ: folds 
Heskey27 leaves the table
Pon4uk.ua: raises $1.75 to $2.75
janarr5: folds 
Uncalled bet ($1.75) returned to Pon4uk.ua
Pon4uk.ua collected $2 from pot
Pon4uk.ua: doesn't show hand 
*** SUMMARY ***
Total pot $2 | Rake $0 
Seat 2: Heskey27
Seat 1: Pon4uk.ua (small blind) collected ($2)
Seat 3: janarr5 (big blind) folded before Flop
Seat 5: erpaye folded before Flop (didn't bet)
Seat 6: ChuckNorrisQ (button) folded before Flop (didn't bet)



PokerStars Hand #254294088969:  Hold'em No Limit ($0.50/$1.00 USD) - 2025/01/10 12:52:49 WET [2025/01/10 7:52:49 ET]
Table 'Oberon III' 6-max Seat #1 is the button
Seat 1: Pon4uk.ua ($112.98 in chips) 
Seat 3: janarr5 ($100 in chips) 
Seat 5: erpaye ($146.91 in chips) 
Seat 6: ChuckNorrisQ ($100 in chips) 
janarr5: posts small blind $0.50
erpaye: posts big blind $1
*** HOLE CARDS ***
ChuckNorrisQ: folds 
Pon4uk.ua: raises $1.50 to $2.50
janarr5: folds 
erpaye: calls $1.50
*** FLOP *** [Qc 9c 5d]
erpaye: checks 
Pon4uk.ua: bets $2.61
erpaye: calls $2.61
*** TURN *** [Qc 9c 5d] [2h]
erpaye: checks 
Pon4uk.ua: checks 
*** RIVER *** [Qc 9c 5d 2h] [9s]
erpaye: bets $7.63
Pon4uk.ua: folds 
Uncalled bet ($7.63) returned to erpaye
erpaye collected $10.18 from pot
erpaye: doesn't show hand 
*** SUMMARY ***
Total pot $10.72 | Rake $0.54 
Board [Qc 9c 5d 2h 9s]
Seat 1: Pon4uk.ua (button) folded on the River
Seat 3: janarr5 (small blind) folded before Flop
Seat 5: erpaye (big blind) collected ($10.18)
Seat 6: ChuckNorrisQ folded before Flop (didn't bet)



PokerStars Hand #254294098697:  Hold'em No Limit ($0.50/$1.00 USD) - 2025/01/10 12:53:51 WET [2025/01/10 7:53:51 ET]
Table 'Oberon III' 6-max Seat #5 is the button
Seat 1: Pon4uk.ua ($107.87 in chips) is sitting out
Seat 6: ChuckNorrisQ ($100 in chips) is sitting out
Seat 3: janarr5 ($100 in chips) 
Seat 5: erpaye ($151.98 in chips) 
erpaye: posts small blind $0.50
ChuckNorrisQ: is sitting out 
Pon4uk.ua: is sitting out 
janarr5: posts big blind $1
*** HOLE CARDS ***
Pon4uk.ua leaves the table
ChuckNorrisQ leaves the table
erpaye: raises $1.20 to $2.20
janarr5: folds 
Uncalled bet ($1.20) returned to erpaye
erpaye collected $2 from pot
erpaye: doesn't show hand 
*** SUMMARY ***
Total pot $2 | Rake $0 
Seat 1: Pon4uk.ua
Seat 6: ChuckNorrisQ
Seat 3: janarr5 (big blind) folded before Flop
Seat 5: erpaye (button) (small blind) collected ($2)



PokerStars Hand #254294100323:  Hold'em No Limit ($0.50/$1.00 USD) - 2025/01/10 12:54:01 WET [2025/01/10 7:54:01 ET]
Table 'Oberon III' 6-max Seat #3 is the button
Seat 3: janarr5 ($100 in chips) 
Seat 5: erpaye ($152.98 in chips) 
janarr5: posts small blind $0.50
erpaye: posts big blind $1
*** HOLE CARDS ***
janarr5: raises $2 to $3
erpaye: raises $8 to $11
janarr5: folds 
Uncalled bet ($8) returned to erpaye
erpaye collected $6 from pot
erpaye: doesn't show hand 
*** SUMMARY ***
Total pot $6 | Rake $0 
Seat 3: janarr5 (button) (small blind) folded before Flop
Seat 5: erpaye (big blind) collected ($6)



PokerStars Hand #254294103194:  Hold'em No Limit ($0.50/$1.00 USD) - 2025/01/10 12:54:19 WET [2025/01/10 7:54:19 ET]
Table 'Oberon III' 6-max Seat #5 is the button
Seat 3: janarr5 ($100 in chips) 
Seat 5: erpaye ($155.98 in chips) 
erpaye: posts small blind $0.50
janarr5: posts big blind $1
*** HOLE CARDS ***
erpaye: raises $1.20 to $2.20
janarr5: folds 
Uncalled bet ($1.20) returned to erpaye
erpaye collected $2 from pot
erpaye: doesn't show hand 
janarr5 leaves the table
*** SUMMARY ***
Total pot $2 | Rake $0 
Seat 3: janarr5 (big blind) folded before Flop
Seat 5: erpaye (button) (small blind) collected ($2)



PokerStars Hand #254294177209:  Hold'em No Limit ($0.50/$1.00 USD) - 2025/01/10 13:03:07 WET [2025/01/10 8:03:07 ET]
Table 'Oberon III' 6-max Seat #6 is the button
Seat 1: scaifey147 ($77.96 in chips) 
Seat 2: Gfoer ($100 in chips) 
Seat 3: Burlica2013 ($100 in chips) 
Seat 4: v.sting ($100 in chips) 
Seat 5: blistein ($100 in chips) 
Seat 6: iNeverBluff398 ($103 in chips) 
scaifey147: posts small blind $0.50
Gfoer: posts big blind $1
*** HOLE CARDS ***
Burlica2013: folds 
v.sting: folds 
blistein: raises $1.30 to $2.30
iNeverBluff398: raises $5.20 to $7.50
scaifey147: folds 
Gfoer: folds 
blistein: folds 
Uncalled bet ($5.20) returned to iNeverBluff398
iNeverBluff398 collected $6.10 from pot
iNeverBluff398: doesn't show hand 
*** SUMMARY ***
Total pot $6.10 | Rake $0 
Seat 1: scaifey147 (small blind) folded before Flop
Seat 2: Gfoer (big blind) folded before Flop
Seat 3: Burlica2013 folded before Flop (didn't bet)
Seat 4: v.sting folded before Flop (didn't bet)
Seat 5: blistein folded before Flop
Seat 6: iNeverBluff398 (button) collected ($6.10)



PokerStars Hand #254294180102:  Hold'em No Limit ($0.50/$1.00 USD) - 2025/01/10 13:03:25 WET [2025/01/10 8:03:25 ET]
Table 'Oberon III' 6-max Seat #1 is the button
Seat 1: scaifey147 ($77.46 in chips) 
Seat 2: Gfoer ($100 in chips) 
Seat 3: Burlica2013 ($100 in chips) 
Seat 4: v.sting ($100 in chips) 
Seat 5: blistein ($100 in chips) 
Seat 6: iNeverBluff398 ($106.80 in chips) 
Gfoer: posts small blind $0.50
Burlica2013: posts big blind $1
*** HOLE CARDS ***
v.sting: folds 
blistein: raises $1.20 to $2.20
iNeverBluff398: folds 
scaifey147: calls $2.20
Gfoer: folds 
Burlica2013: folds 
*** FLOP *** [7h Kc 9d]
blistein: checks 
scaifey147: checks 
*** TURN *** [7h Kc 9d] [Jh]
blistein: checks 
scaifey147: bets $2.80
blistein: folds 
Uncalled bet ($2.80) returned to scaifey147
scaifey147 collected $5.60 from pot
*** SUMMARY ***
Total pot $5.90 | Rake $0.30 
Board [7h Kc 9d Jh]
Seat 1: scaifey147 (button) collected ($5.60)
Seat 2: Gfoer (small blind) folded before Flop
Seat 3: Burlica2013 (big blind) folded before Flop
Seat 4: v.sting folded before Flop (didn't bet)
Seat 5: blistein folded on the Turn
Seat 6: iNeverBluff398 folded before Flop (didn't bet)



PokerStars Hand #254294187777:  Hold'em No Limit ($0.50/$1.00 USD) - 2025/01/10 13:04:13 WET [2025/01/10 8:04:13 ET]
Table 'Oberon III' 6-max Seat #2 is the button
Seat 1: scaifey147 ($80.86 in chips) 
Seat 2: Gfoer ($100 in chips) 
Seat 3: Burlica2013 ($100 in chips) 
Seat 4: v.sting ($100 in chips) 
Seat 5: blistein ($100 in chips) 
Seat 6: iNeverBluff398 ($106.80 in chips) 
Burlica2013: posts small blind $0.50
v.sting: posts big blind $1
*** HOLE CARDS ***
blistein: raises $1.20 to $2.20
iNeverBluff398: folds 
scaifey147: raises $5.90 to $8.10
Gfoer: folds 
Burlica2013: folds 
v.sting: folds 
blistein: folds 
Uncalled bet ($5.90) returned to scaifey147
scaifey147 collected $5.90 from pot
*** SUMMARY ***
Total pot $5.90 | Rake $0 
Seat 1: scaifey147 collected ($5.90)
Seat 2: Gfoer (button) folded before Flop (didn't bet)
Seat 3: Burlica2013 (small blind) folded before Flop
Seat 4: v.sting (big blind) folded before Flop
Seat 5: blistein folded before Flop
Seat 6: iNeverBluff398 folded before Flop (didn't bet)



PokerStars Hand #254294192014:  Hold'em No Limit ($0.50/$1.00 USD) - 2025/01/10 13:04:39 WET [2025/01/10 8:04:39 ET]
Table 'Oberon III' 6-max Seat #3 is the button
Seat 1: scaifey147 ($84.56 in chips) 
Seat 2: Gfoer ($100 in chips) 
Seat 3: Burlica2013 ($100 in chips) 
Seat 4: v.sting ($100 in chips) 
Seat 5: blistein ($100 in chips) 
Seat 6: iNeverBluff398 ($106.80 in chips) 
v.sting: posts small blind $0.50
blistein: posts big blind $1
*** HOLE CARDS ***
iNeverBluff398: folds 
scaifey147: folds 
Gfoer: raises $1.20 to $2.20
Burlica2013: folds 
v.sting: raises $10.05 to $12.25
blistein: folds 
Gfoer: folds 
Uncalled bet ($10.05) returned to v.sting
v.sting collected $5.40 from pot
v.sting: doesn't show hand 
*** SUMMARY ***
Total pot $5.40 | Rake $0 
Seat 1: scaifey147 folded before Flop (didn't bet)
Seat 2: Gfoer folded before Flop
Seat 3: Burlica2013 (button) folded before Flop (didn't bet)
Seat 4: v.sting (small blind) collected ($5.40)
Seat 5: blistein (big blind) folded before Flop
Seat 6: iNeverBluff398 folded before Flop (didn't bet)



PokerStars Hand #254293817114:  Hold'em No Limit ($0.50/$1.00 USD) - 2025/01/10 12:22:36 WET [2025/01/10 7:22:36 ET]
Table 'Oberon III' 6-max Seat #4 is the button
Seat 1: Pon4uk.ua ($100 in chips) 
Seat 2: Heskey27 ($110.75 in chips) 
Seat 3: iNeverBluff398 ($100 in chips) 
Seat 4: rafaelleadeb ($139.64 in chips) 
Seat 5: erpaye ($100.50 in chips) 
Seat 6: ChuckNorrisQ ($106.48 in chips) 
erpaye: posts small blind $0.50
ChuckNorrisQ: posts big blind $1
*** HOLE CARDS ***
Pon4uk.ua: folds 
Heskey27: folds 
iNeverBluff398: raises $1.20 to $2.20
rafaelleadeb: folds 
erpaye: folds 
ChuckNorrisQ: folds 
Uncalled bet ($1.20) returned to iNeverBluff398
iNeverBluff398 collected $2.50 from pot
iNeverBluff398: doesn't show hand 
*** SUMMARY ***
Total pot $2.50 | Rake $0 
Seat 1: Pon4uk.ua folded before Flop (didn't bet)
Seat 2: Heskey27 folded before Flop (didn't bet)
Seat 3: iNeverBluff398 collected ($2.50)
Seat 4: rafaelleadeb (button) folded before Flop (didn't bet)
Seat 5: erpaye (small blind) folded before Flop
Seat 6: ChuckNorrisQ (big blind) folded before Flop



PokerStars Hand #254293822619:  Hold'em No Limit ($0.50/$1.00 USD) - 2025/01/10 12:23:15 WET [2025/01/10 7:23:15 ET]
Table 'Oberon III' 6-max Seat #5 is the button
Seat 1: Pon4uk.ua ($100 in chips) 
Seat 2: Heskey27 ($110.75 in chips) 
Seat 3: iNeverBluff398 ($101.50 in chips) 
Seat 4: rafaelleadeb ($139.64 in chips) 
Seat 5: erpaye ($100 in chips) 
Seat 6: ChuckNorrisQ ($105.48 in chips) 
ChuckNorrisQ: posts small blind $0.50
Pon4uk.ua: posts big blind $1
*** HOLE CARDS ***
Heskey27: folds 
iNeverBluff398: folds 
rafaelleadeb: folds 
erpaye: folds 
ChuckNorrisQ: raises $2 to $3
Pon4uk.ua: calls $2
*** FLOP *** [2c 8d Kd]
ChuckNorrisQ: checks 
Pon4uk.ua: checks 
*** TURN *** [2c 8d Kd] [6s]
ChuckNorrisQ: checks 
Pon4uk.ua: bets $4.28
ChuckNorrisQ: folds 
Uncalled bet ($4.28) returned to Pon4uk.ua
Pon4uk.ua collected $5.70 from pot
Pon4uk.ua: doesn't show hand 
*** SUMMARY ***
Total pot $6 | Rake $0.30 
Board [2c 8d Kd 6s]
Seat 1: Pon4uk.ua (big blind) collected ($5.70)
Seat 2: Heskey27 folded before Flop (didn't bet)
Seat 3: iNeverBluff398 folded before Flop (didn't bet)
Seat 4: rafaelleadeb folded before Flop (didn't bet)
Seat 5: erpaye (button) folded before Flop (didn't bet)
Seat 6: ChuckNorrisQ (small blind) folded on the Turn



PokerStars Hand #254293833040:  Hold'em No Limit ($0.50/$1.00 USD) - 2025/01/10 12:24:27 WET [2025/01/10 7:24:27 ET]
Table 'Oberon III' 6-max Seat #6 is the button
Seat 1: Pon4uk.ua ($102.70 in chips) 
Seat 2: Heskey27 ($110.75 in chips) 
Seat 3: iNeverBluff398 ($101.50 in chips) 
Seat 4: rafaelleadeb ($139.64 in chips) 
Seat 5: erpaye ($100 in chips) 
Seat 6: ChuckNorrisQ ($102.48 in chips) 
Pon4uk.ua: posts small blind $0.50
Heskey27: posts big blind $1
*** HOLE CARDS ***
iNeverBluff398: raises $1.20 to $2.20
rafaelleadeb: folds 
erpaye: folds 
ChuckNorrisQ: folds 
Pon4uk.ua: folds 
Heskey27: folds 
Uncalled bet ($1.20) returned to iNeverBluff398
iNeverBluff398 collected $2.50 from pot
iNeverBluff398: doesn't show hand 
*** SUMMARY ***
Total pot $2.50 | Rake $0 
Seat 1: Pon4uk.ua (small blind) folded before Flop
Seat 2: Heskey27 (big blind) folded before Flop
Seat 3: iNeverBluff398 collected ($2.50)
Seat 4: rafaelleadeb folded before Flop (didn't bet)
Seat 5: erpaye folded before Flop (didn't bet)
Seat 6: ChuckNorrisQ (button) folded before Flop (didn't bet)



PokerStars Hand #254293837569:  Hold'em No Limit ($0.50/$1.00 USD) - 2025/01/10 12:24:58 WET [2025/01/10 7:24:58 ET]
Table 'Oberon III' 6-max Seat #1 is the button
Seat 3: iNeverBluff398 ($103 in chips) is sitting out
Seat 1: Pon4uk.ua ($102.20 in chips) 
Seat 2: Heskey27 ($109.75 in chips) 
Seat 4: rafaelleadeb ($139.64 in chips) 
Seat 5: erpaye ($100 in chips) 
Seat 6: ChuckNorrisQ ($102.48 in chips) 
Heskey27: posts small blind $0.50
iNeverBluff398: is sitting out 
rafaelleadeb: posts big blind $1
*** HOLE CARDS ***
iNeverBluff398 leaves the table
erpaye: folds 
ChuckNorrisQ: folds 
Pon4uk.ua: folds 
Heskey27: folds 
Uncalled bet ($0.50) returned to rafaelleadeb
rafaelleadeb collected $1 from pot
*** SUMMARY ***
Total pot $1 | Rake $0 
Seat 3: iNeverBluff398
Seat 1: Pon4uk.ua (button) folded before Flop (didn't bet)
Seat 2: Heskey27 (small blind) folded before Flop
Seat 4: rafaelleadeb (big blind) collected ($1)
Seat 5: erpaye folded before Flop (didn't bet)
Seat 6: ChuckNorrisQ folded before Flop (didn't bet)



PokerStars Hand #254293839717:  Hold'em No Limit ($0.50/$1.00 USD) - 2025/01/10 12:25:13 WET [2025/01/10 7:25:13 ET]
Table 'Oberon III' 6-max Seat #2 is the button
Seat 1: Pon4uk.ua ($102.20 in chips) 
Seat 2: Heskey27 ($109.25 in chips) 
Seat 4: rafaelleadeb ($140.14 in chips) 
Seat 5: erpaye ($100 in chips) 
Seat 6: ChuckNorrisQ ($102.48 in chips) 
rafaelleadeb: posts small blind $0.50
erpaye: posts big blind $1
*** HOLE CARDS ***
ChuckNorrisQ: folds 
Pon4uk.ua: raises $1.50 to $2.50
Heskey27: folds 
rafaelleadeb: calls $2
janarr5 joins the table at seat #3 
erpaye: folds 
*** FLOP *** [2c 7s Tc]
rafaelleadeb: bets $6
Pon4uk.ua: folds 
Uncalled bet ($6) returned to rafaelleadeb
rafaelleadeb collected $5.70 from pot
*** SUMMARY ***
Total pot $6 | Rake $0.30 
Board [2c 7s Tc]
Seat 1: Pon4uk.ua folded on the Flop
Seat 2: Heskey27 (button) folded before Flop (didn't bet)
Seat 4: rafaelleadeb (small blind) collected ($5.70)
Seat 5: erpaye (big blind) folded before Flop
Seat 6: ChuckNorrisQ folded before Flop (didn't bet)



PokerStars Hand #254293845616:  Hold'em No Limit ($0.50/$1.00 USD) - 2025/01/10 12:25:54 WET [2025/01/10 7:25:54 ET]
Table 'Oberon III' 6-max Seat #4 is the button
Seat 3: janarr5 ($100 in chips) is sitting out
Seat 1: Pon4uk.ua ($100 in chips) 
Seat 2: Heskey27 ($109.25 in chips) 
Seat 4: rafaelleadeb ($143.34 in chips) 
Seat 5: erpaye ($100 in chips) 
Seat 6: ChuckNorrisQ ($102.48 in chips) 
erpaye: posts small blind $0.50
ChuckNorrisQ: posts big blind $1
janarr5: sits out 
*** HOLE CARDS ***
Pon4uk.ua: folds 
Heskey27: folds 
rafaelleadeb: raises $3 to $4
erpaye: calls $3.50
ChuckNorrisQ: raises $13 to $17
rafaelleadeb: folds 
erpaye: folds 
Uncalled bet ($13) returned to ChuckNorrisQ
ChuckNorrisQ collected $12 from pot
ChuckNorrisQ: doesn't show hand 
*** SUMMARY ***
Total pot $12 | Rake $0 
Seat 3: janarr5
Seat 1: Pon4uk.ua folded before Flop (didn't bet)
Seat 2: Heskey27 folded before Flop (didn't bet)
Seat 4: rafaelleadeb (button) folded before Flop
Seat 5: erpaye (small blind) folded before Flop
Seat 6: ChuckNorrisQ (big blind) collected ($12)



PokerStars Hand #254293852728:  Hold'em No Limit ($0.50/$1.00 USD) - 2025/01/10 12:26:43 WET [2025/01/10 7:26:43 ET]
Table 'Oberon III' 6-max Seat #5 is the button
Seat 3: janarr5 ($100 in chips) is sitting out
Seat 1: Pon4uk.ua ($100 in chips) 
Seat 2: Heskey27 ($109.25 in chips) 
Seat 4: rafaelleadeb ($139.34 in chips) 
Seat 5: erpaye ($100 in chips) 
Seat 6: ChuckNorrisQ ($110.48 in chips) 
ChuckNorrisQ: posts small blind $0.50
Pon4uk.ua: posts big blind $1
janarr5: sits out 
*** HOLE CARDS ***
Heskey27: folds 
rafaelleadeb: folds 
erpaye: folds 
ChuckNorrisQ: raises $2 to $3
Pon4uk.ua: calls $2
*** FLOP *** [Ts 7d 2d]
ChuckNorrisQ: bets $1
Pon4uk.ua: calls $1
*** TURN *** [Ts 7d 2d] [6d]
ChuckNorrisQ: bets $3.80
Pon4uk.ua: raises $11.40 to $15.20
ChuckNorrisQ: folds 
Uncalled bet ($11.40) returned to Pon4uk.ua
Pon4uk.ua collected $14.82 from pot
Pon4uk.ua: doesn't show hand 
*** SUMMARY ***
Total pot $15.60 | Rake $0.78 
Board [Ts 7d 2d 6d]
Seat 3: janarr5
Seat 1: Pon4uk.ua (big blind) collected ($14.82)
Seat 2: Heskey27 folded before Flop (didn't bet)
Seat 4: rafaelleadeb folded before Flop (didn't bet)
Seat 5: erpaye (button) folded before Flop (didn't bet)
Seat 6: ChuckNorrisQ (small blind) folded on the Turn



PokerStars Hand #254293859551:  Hold'em No Limit ($0.50/$1.00 USD) - 2025/01/10 12:27:30 WET [2025/01/10 7:27:30 ET]
Table 'Oberon III' 6-max Seat #6 is the button
Seat 3: janarr5 ($100 in chips) is sitting out
Seat 1: Pon4uk.ua ($107.02 in chips) 
Seat 2: Heskey27 ($109.25 in chips) 
Seat 4: rafaelleadeb ($139.34 in chips) 
Seat 5: erpaye ($100 in chips) 
Seat 6: ChuckNorrisQ ($102.68 in chips) 
Pon4uk.ua: posts small blind $0.50
Heskey27: posts big blind $1
janarr5: sits out 
*** HOLE CARDS ***
rafaelleadeb: folds 
erpaye: folds 
ChuckNorrisQ: folds 
Pon4uk.ua: folds 
Uncalled bet ($0.50) returned to Heskey27
Heskey27 collected $1 from pot
Heskey27: doesn't show hand 
*** SUMMARY ***
Total pot $1 | Rake $0 
Seat 3: janarr5
Seat 1: Pon4uk.ua (small blind) folded before Flop
Seat 2: Heskey27 (big blind) collected ($1)
Seat 4: rafaelleadeb folded before Flop (didn't bet)
Seat 5: erpaye folded before Flop (didn't bet)
Seat 6: ChuckNorrisQ (button) folded before Flop (didn't bet)



PokerStars Hand #254293861501:  Hold'em No Limit ($0.50/$1.00 USD) - 2025/01/10 12:27:44 WET [2025/01/10 7:27:44 ET]
Table 'Oberon III' 6-max Seat #1 is the button
Seat 1: Pon4uk.ua ($106.52 in chips) 
Seat 2: Heskey27 ($109.75 in chips) 
Seat 3: janarr5 ($100 in chips) 
Seat 4: rafaelleadeb ($139.34 in chips) 
Seat 5: erpaye ($100 in chips) 
Seat 6: ChuckNorrisQ ($102.68 in chips) 
Heskey27: posts small blind $0.50
janarr5: posts big blind $1
*** HOLE CARDS ***
rafaelleadeb: folds 
erpaye: folds 
ChuckNorrisQ: folds 
Pon4uk.ua: folds 
Heskey27: raises $2 to $3
janarr5: raises $6 to $9
Heskey27: raises $16 to $25
janarr5: folds 
Uncalled bet ($16) returned to Heskey27
Heskey27 collected $18 from pot
Heskey27: doesn't show hand 
*** SUMMARY ***
Total pot $18 | Rake $0 
Seat 1: Pon4uk.ua (button) folded before Flop (didn't bet)
Seat 2: Heskey27 (small blind) collected ($18)
Seat 3: janarr5 (big blind) folded before Flop
Seat 4: rafaelleadeb folded before Flop (didn't bet)
Seat 5: erpaye folded before Flop (didn't bet)
Seat 6: ChuckNorrisQ folded before Flop (didn't bet)



PokerStars Hand #254293868186:  Hold'em No Limit ($0.50/$1.00 USD) - 2025/01/10 12:28:30 WET [2025/01/10 7:28:30 ET]
Table 'Oberon III' 6-max Seat #2 is the button
Seat 1: Pon4uk.ua ($106.52 in chips) 
Seat 2: Heskey27 ($118.75 in chips) 
Seat 3: janarr5 ($100 in chips) 
Seat 4: rafaelleadeb ($139.34 in chips) 
Seat 5: erpaye ($100 in chips) 
Seat 6: ChuckNorrisQ ($102.68 in chips) 
janarr5: posts small blind $0.50
rafaelleadeb: posts big blind $1
*** HOLE CARDS ***
erpaye: folds 
ChuckNorrisQ: raises $1 to $2
Pon4uk.ua: raises $5.50 to $7.50
Heskey27: folds 
janarr5: folds 
rafaelleadeb: folds 
ChuckNorrisQ: calls $5.50
*** FLOP *** [Th Qd Ad]
ChuckNorrisQ: checks 
Pon4uk.ua: bets $7.84
ChuckNorrisQ: calls $7.84
*** TURN *** [Th Qd Ad] [9s]
ChuckNorrisQ: checks 
Pon4uk.ua: bets $22.93
ChuckNorrisQ: calls $22.93
*** RIVER *** [Th Qd Ad 9s] [3c]
ChuckNorrisQ: checks 
Pon4uk.ua: bets $68.25 and is all-in
ChuckNorrisQ: folds 
Uncalled bet ($68.25) returned to Pon4uk.ua
Pon4uk.ua collected $75.54 from pot
Pon4uk.ua: doesn't show hand 
*** SUMMARY ***
Total pot $78.04 | Rake $2.50 
Board [Th Qd Ad 9s 3c]
Seat 1: Pon4uk.ua collected ($75.54)
Seat 2: Heskey27 (button) folded before Flop (didn't bet)
Seat 3: janarr5 (small blind) folded before Flop
Seat 4: rafaelleadeb (big blind) folded before Flop
Seat 5: erpaye folded before Flop (didn't bet)
Seat 6: ChuckNorrisQ folded on the River



PokerStars Hand #254293883816:  Hold'em No Limit ($0.50/$1.00 USD) - 2025/01/10 12:30:19 WET [2025/01/10 7:30:19 ET]
Table 'Oberon III' 6-max Seat #3 is the button
Seat 1: Pon4uk.ua ($143.79 in chips) 
Seat 2: Heskey27 ($118.75 in chips) 
Seat 3: janarr5 ($100 in chips) 
Seat 4: rafaelleadeb ($138.34 in chips) 
Seat 5: erpaye ($100 in chips) 
Seat 6: ChuckNorrisQ ($100 in chips) 
rafaelleadeb: posts small blind $0.50
erpaye: posts big blind $1
*** HOLE CARDS ***
ChuckNorrisQ: raises $1 to $2
Pon4uk.ua has timed out
Pon4uk.ua: folds 
Heskey27: folds 
janarr5: folds 
rafaelleadeb: raises $5 to $7
erpaye: folds 
ChuckNorrisQ: calls $5
*** FLOP *** [5s 6h 7s]
rafaelleadeb: bets $11
ChuckNorrisQ: calls $11
*** TURN *** [5s 6h 7s] [Jc]
rafaelleadeb: bets $11
ChuckNorrisQ: calls $11
*** RIVER *** [5s 6h 7s Jc] [3s]
rafaelleadeb: checks 
ChuckNorrisQ: bets $28.25
rafaelleadeb: calls $28.25
*** SHOW DOWN ***
ChuckNorrisQ: shows [8d Qd] (high card Queen)
rafaelleadeb: shows [8c 8s] (a pair of Eights)
rafaelleadeb collected $113 from pot
*** SUMMARY ***
Total pot $115.50 | Rake $2.50 
Board [5s 6h 7s Jc 3s]
Seat 1: Pon4uk.ua folded before Flop (didn't bet)
Seat 2: Heskey27 folded before Flop (didn't bet)
Seat 3: janarr5 (button) folded before Flop (didn't bet)
Seat 4: rafaelleadeb (small blind) showed [8c 8s] and won ($113) with a pair of Eights
Seat 5: erpaye (big blind) folded before Flop
Seat 6: ChuckNorrisQ showed [8d Qd] and lost with high card Queen



PokerStars Hand #254293893119:  Hold'em No Limit ($0.50/$1.00 USD) - 2025/01/10 12:31:24 WET [2025/01/10 7:31:24 ET]
Table 'Oberon III' 6-max Seat #4 is the button
Seat 1: Pon4uk.ua ($143.79 in chips) 
Seat 2: Heskey27 ($118.75 in chips) 
Seat 3: janarr5 ($100 in chips) 
Seat 4: rafaelleadeb ($194.09 in chips) 
Seat 5: erpaye ($100 in chips) 
Seat 6: ChuckNorrisQ ($100 in chips) 
erpaye: posts small blind $0.50
ChuckNorrisQ: posts big blind $1
*** HOLE CARDS ***
Pon4uk.ua: folds 
Heskey27: folds 
janarr5: folds 
rafaelleadeb: folds 
erpaye: calls $0.50
ChuckNorrisQ: checks 
*** FLOP *** [9s Ah 4c]
erpaye: bets $1
ChuckNorrisQ: calls $1
*** TURN *** [9s Ah 4c] [9h]
erpaye: checks 
ChuckNorrisQ: bets $5.70
erpaye: folds 
Uncalled bet ($5.70) returned to ChuckNorrisQ
ChuckNorrisQ collected $3.80 from pot
ChuckNorrisQ: doesn't show hand 
*** SUMMARY ***
Total pot $4 | Rake $0.20 
Board [9s Ah 4c 9h]
Seat 1: Pon4uk.ua folded before Flop (didn't bet)
Seat 2: Heskey27 folded before Flop (didn't bet)
Seat 3: janarr5 folded before Flop (didn't bet)
Seat 4: rafaelleadeb (button) folded before Flop (didn't bet)
Seat 5: erpaye (small blind) folded on the Turn
Seat 6: ChuckNorrisQ (big blind) collected ($3.80)



PokerStars Hand #254293901194:  Hold'em No Limit ($0.50/$1.00 USD) - 2025/01/10 12:32:19 WET [2025/01/10 7:32:19 ET]
Table 'Oberon III' 6-max Seat #5 is the button
Seat 1: Pon4uk.ua ($143.79 in chips) 
Seat 2: Heskey27 ($118.75 in chips) 
Seat 3: janarr5 ($100 in chips) 
Seat 4: rafaelleadeb ($194.09 in chips) 
Seat 5: erpaye ($100 in chips) 
Seat 6: ChuckNorrisQ ($101.80 in chips) 
ChuckNorrisQ: posts small blind $0.50
Pon4uk.ua: posts big blind $1
*** HOLE CARDS ***
Heskey27: folds 
janarr5: raises $1.25 to $2.25
rafaelleadeb: folds 
erpaye: folds 
ChuckNorrisQ: folds 
Pon4uk.ua: folds 
Uncalled bet ($1.25) returned to janarr5
janarr5 collected $2.50 from pot
janarr5: doesn't show hand 
*** SUMMARY ***
Total pot $2.50 | Rake $0 
Seat 1: Pon4uk.ua (big blind) folded before Flop
Seat 2: Heskey27 folded before Flop (didn't bet)
Seat 3: janarr5 collected ($2.50)
Seat 4: rafaelleadeb folded before Flop (didn't bet)
Seat 5: erpaye (button) folded before Flop (didn't bet)
Seat 6: ChuckNorrisQ (small blind) folded before Flop



PokerStars Hand #254293905360:  Hold'em No Limit ($0.50/$1.00 USD) - 2025/01/10 12:32:48 WET [2025/01/10 7:32:48 ET]
Table 'Oberon III' 6-max Seat #6 is the button
Seat 1: Pon4uk.ua ($142.79 in chips) 
Seat 2: Heskey27 ($118.75 in chips) 
Seat 3: janarr5 ($101.50 in chips) 
Seat 4: rafaelleadeb ($194.09 in chips) 
Seat 5: erpaye ($100 in chips) 
Seat 6: ChuckNorrisQ ($101.30 in chips) 
Pon4uk.ua: posts small blind $0.50
Heskey27: posts big blind $1
*** HOLE CARDS ***
janarr5: raises $1.25 to $2.25
rafaelleadeb: folds 
erpaye: folds 
ChuckNorrisQ: folds 
Pon4uk.ua: folds 
Heskey27: calls $1.25
*** FLOP *** [Th 4c 5s]
Heskey27: checks 
janarr5: bets $1.57
Heskey27: raises $5.21 to $6.78
janarr5: folds 
Uncalled bet ($5.21) returned to Heskey27
Heskey27 collected $7.73 from pot
Heskey27: doesn't show hand 
*** SUMMARY ***
Total pot $8.14 | Rake $0.41 
Board [Th 4c 5s]
Seat 1: Pon4uk.ua (small blind) folded before Flop
Seat 2: Heskey27 (big blind) collected ($7.73)
Seat 3: janarr5 folded on the Flop
Seat 4: rafaelleadeb folded before Flop (didn't bet)
Seat 5: erpaye folded before Flop (didn't bet)
Seat 6: ChuckNorrisQ (button) folded before Flop (didn't bet)



PokerStars Hand #254293912906:  Hold'em No Limit ($0.50/$1.00 USD) - 2025/01/10 12:33:39 WET [2025/01/10 7:33:39 ET]
Table 'Oberon III' 6-max Seat #1 is the button
Seat 1: Pon4uk.ua ($142.29 in chips) 
Seat 2: Heskey27 ($122.66 in chips) 
Seat 3: janarr5 ($100 in chips) 
Seat 4: rafaelleadeb ($194.09 in chips) 
Seat 5: erpaye ($100 in chips) 
Seat 6: ChuckNorrisQ ($101.30 in chips) 
Heskey27: posts small blind $0.50
janarr5: posts big blind $1
*** HOLE CARDS ***
rafaelleadeb: calls $1
erpaye: folds 
ChuckNorrisQ: folds 
Pon4uk.ua: folds 
Heskey27: calls $0.50
janarr5: checks 
*** FLOP *** [Jd As 5s]
Heskey27: checks 
janarr5: checks 
rafaelleadeb: bets $3
Heskey27: calls $3
janarr5: folds 
*** TURN *** [Jd As 5s] [2d]
Heskey27: checks 
rafaelleadeb: bets $7
Heskey27: calls $7
*** RIVER *** [Jd As 5s 2d] [6s]
Heskey27: checks 
rafaelleadeb: checks 
*** SHOW DOWN ***
Heskey27: shows [Ah 3h] (a pair of Aces)
rafaelleadeb: shows [5h 5d] (three of a kind, Fives)
rafaelleadeb collected $21.85 from pot
*** SUMMARY ***
Total pot $23 | Rake $1.15 
Board [Jd As 5s 2d 6s]
Seat 1: Pon4uk.ua (button) folded before Flop (didn't bet)
Seat 2: Heskey27 (small blind) showed [Ah 3h] and lost with a pair of Aces
Seat 3: janarr5 (big blind) folded on the Flop
Seat 4: rafaelleadeb showed [5h 5d] and won ($21.85) with three of a kind, Fives
Seat 5: erpaye folded before Flop (didn't bet)
Seat 6: ChuckNorrisQ folded before Flop (didn't bet)



PokerStars Hand #254293919944:  Hold'em No Limit ($0.50/$1.00 USD) - 2025/01/10 12:34:26 WET [2025/01/10 7:34:26 ET]
Table 'Oberon III' 6-max Seat #2 is the button
Seat 1: Pon4uk.ua ($142.29 in chips) 
Seat 2: Heskey27 ($111.66 in chips) 
Seat 3: janarr5 ($100 in chips) 
Seat 4: rafaelleadeb ($204.94 in chips) 
Seat 5: erpaye ($100 in chips) 
Seat 6: ChuckNorrisQ ($101.30 in chips) 
janarr5: posts small blind $0.50
rafaelleadeb: posts big blind $1
*** HOLE CARDS ***
erpaye: folds 
ChuckNorrisQ: folds 
Pon4uk.ua: raises $1.50 to $2.50
Heskey27: folds 
janarr5: folds 
rafaelleadeb: calls $1.50
*** FLOP *** [6d Ad 2h]
rafaelleadeb: checks 
Pon4uk.ua: bets $2.61
rafaelleadeb: calls $2.61
*** TURN *** [6d Ad 2h] [3d]
rafaelleadeb: checks 
Pon4uk.ua: checks 
*** RIVER *** [6d Ad 2h 3d] [9s]
rafaelleadeb: bets $3
Pon4uk.ua: folds 
Uncalled bet ($3) returned to rafaelleadeb
rafaelleadeb collected $10.18 from pot
*** SUMMARY ***
Total pot $10.72 | Rake $0.54 
Board [6d Ad 2h 3d 9s]
Seat 1: Pon4uk.ua folded on the River
Seat 2: Heskey27 (button) folded before Flop (didn't bet)
Seat 3: janarr5 (small blind) folded before Flop
Seat 4: rafaelleadeb (big blind) collected ($10.18)
Seat 5: erpaye folded before Flop (didn't bet)
Seat 6: ChuckNorrisQ folded before Flop (didn't bet)



PokerStars Hand #254293926863:  Hold'em No Limit ($0.50/$1.00 USD) - 2025/01/10 12:35:13 WET [2025/01/10 7:35:13 ET]
Table 'Oberon III' 6-max Seat #3 is the button
Seat 1: Pon4uk.ua ($137.18 in chips) 
Seat 2: Heskey27 ($111.66 in chips) 
Seat 3: janarr5 ($100 in chips) 
Seat 4: rafaelleadeb ($210.01 in chips) 
Seat 5: erpaye ($100 in chips) 
Seat 6: ChuckNorrisQ ($101.30 in chips) 
rafaelleadeb: posts small blind $0.50
erpaye: posts big blind $1
*** HOLE CARDS ***
ChuckNorrisQ: folds 
Pon4uk.ua: folds 
Heskey27: folds 
janarr5: folds 
rafaelleadeb: folds 
Uncalled bet ($0.50) returned to erpaye
erpaye collected $1 from pot
erpaye: doesn't show hand 
*** SUMMARY ***
Total pot $1 | Rake $0 
Seat 1: Pon4uk.ua folded before Flop (didn't bet)
Seat 2: Heskey27 folded before Flop (didn't bet)
Seat 3: janarr5 (button) folded before Flop (didn't bet)
Seat 4: rafaelleadeb (small blind) folded before Flop
Seat 5: erpaye (big blind) collected ($1)
Seat 6: ChuckNorrisQ folded before Flop (didn't bet)



PokerStars Hand #254293928391:  Hold'em No Limit ($0.50/$1.00 USD) - 2025/01/10 12:35:23 WET [2025/01/10 7:35:23 ET]
Table 'Oberon III' 6-max Seat #4 is the button
Seat 1: Pon4uk.ua ($137.18 in chips) 
Seat 2: Heskey27 ($111.66 in chips) 
Seat 3: janarr5 ($100 in chips) 
Seat 4: rafaelleadeb ($209.51 in chips) 
Seat 5: erpaye ($100.50 in chips) 
Seat 6: ChuckNorrisQ ($101.30 in chips) 
erpaye: posts small blind $0.50
ChuckNorrisQ: posts big blind $1
*** HOLE CARDS ***
Pon4uk.ua: folds 
Heskey27: raises $1.50 to $2.50
janarr5: folds 
rafaelleadeb: folds 
erpaye: folds 
ChuckNorrisQ: folds 
Uncalled bet ($1.50) returned to Heskey27
Heskey27 collected $2.50 from pot
Heskey27: doesn't show hand 
*** SUMMARY ***
Total pot $2.50 | Rake $0 
Seat 1: Pon4uk.ua folded before Flop (didn't bet)
Seat 2: Heskey27 collected ($2.50)
Seat 3: janarr5 folded before Flop (didn't bet)
Seat 4: rafaelleadeb (button) folded before Flop (didn't bet)
Seat 5: erpaye (small blind) folded before Flop
Seat 6: ChuckNorrisQ (big blind) folded before Flop



PokerStars Hand #254293931869:  Hold'em No Limit ($0.50/$1.00 USD) - 2025/01/10 12:35:47 WET [2025/01/10 7:35:47 ET]
Table 'Oberon III' 6-max Seat #5 is the button
Seat 1: Pon4uk.ua ($137.18 in chips) 
Seat 2: Heskey27 ($113.16 in chips) 
Seat 3: janarr5 ($100 in chips) 
Seat 4: rafaelleadeb ($209.51 in chips) 
Seat 5: erpaye ($100 in chips) 
Seat 6: ChuckNorrisQ ($100.30 in chips) 
ChuckNorrisQ: posts small blind $0.50
Pon4uk.ua: posts big blind $1
*** HOLE CARDS ***
Heskey27: folds 
janarr5: folds 
rafaelleadeb: raises $3 to $4
erpaye: folds 
ChuckNorrisQ: folds 
Pon4uk.ua: folds 
Uncalled bet ($3) returned to rafaelleadeb
rafaelleadeb collected $2.50 from pot
*** SUMMARY ***
Total pot $2.50 | Rake $0 
Seat 1: Pon4uk.ua (big blind) folded before Flop
Seat 2: Heskey27 folded before Flop (didn't bet)
Seat 3: janarr5 folded before Flop (didn't bet)
Seat 4: rafaelleadeb collected ($2.50)
Seat 5: erpaye (button) folded before Flop (didn't bet)
Seat 6: ChuckNorrisQ (small blind) folded before Flop



PokerStars Hand #254293934695:  Hold'em No Limit ($0.50/$1.00 USD) - 2025/01/10 12:36:05 WET [2025/01/10 7:36:05 ET]
Table 'Oberon III' 6-max Seat #6 is the button
Seat 1: Pon4uk.ua ($136.18 in chips) 
Seat 2: Heskey27 ($113.16 in chips) 
Seat 3: janarr5 ($100 in chips) 
Seat 4: rafaelleadeb ($211.01 in chips) 
Seat 5: erpaye ($100 in chips) 
Seat 6: ChuckNorrisQ ($100 in chips) 
Pon4uk.ua: posts small blind $0.50
Heskey27: posts big blind $1
*** HOLE CARDS ***
janarr5: raises $1.25 to $2.25
rafaelleadeb: folds 
erpaye: folds 
ChuckNorrisQ: raises $5.25 to $7.50
Pon4uk.ua: folds 
Heskey27: folds 
janarr5: calls $5.25
*** FLOP *** [6c 7c Ah]
janarr5: checks 
ChuckNorrisQ: checks 
*** TURN *** [6c 7c Ah] [4s]
janarr5: checks 
ChuckNorrisQ: bets $5.17
janarr5: folds 
Uncalled bet ($5.17) returned to ChuckNorrisQ
ChuckNorrisQ collected $15.68 from pot
ChuckNorrisQ: doesn't show hand 
*** SUMMARY ***
Total pot $16.50 | Rake $0.82 
Board [6c 7c Ah 4s]
Seat 1: Pon4uk.ua (small blind) folded before Flop
Seat 2: Heskey27 (big blind) folded before Flop
Seat 3: janarr5 folded on the Turn
Seat 4: rafaelleadeb folded before Flop (didn't bet)
Seat 5: erpaye folded before Flop (didn't bet)
Seat 6: ChuckNorrisQ (button) collected ($15.68)



PokerStars Hand #254293941385:  Hold'em No Limit ($0.50/$1.00 USD) - 2025/01/10 12:36:51 WET [2025/01/10 7:36:51 ET]
Table 'Oberon III' 6-max Seat #1 is the button
Seat 1: Pon4uk.ua ($135.68 in chips) 
Seat 2: Heskey27 ($112.16 in chips) 
Seat 3: janarr5 ($100 in chips) 
Seat 4: rafaelleadeb ($211.01 in chips) 
Seat 5: erpaye ($100 in chips) 
Seat 6: ChuckNorrisQ ($108.18 in chips) 
Heskey27: posts small blind $0.50
janarr5: posts big blind $1
*** HOLE CARDS ***
rafaelleadeb: calls $1
erpaye: folds 
ChuckNorrisQ: folds 
Pon4uk.ua: folds 
Heskey27: calls $0.50
janarr5: checks 
*** FLOP *** [Td 4h 5d]
Heskey27: checks 
janarr5: checks 
rafaelleadeb: bets $4.43
Heskey27: folds 
janarr5: folds 
Uncalled bet ($4.43) returned to rafaelleadeb
rafaelleadeb collected $2.85 from pot
*** SUMMARY ***
Total pot $3 | Rake $0.15 
Board [Td 4h 5d]
Seat 1: Pon4uk.ua (button) folded before Flop (didn't bet)
Seat 2: Heskey27 (small blind) folded on the Flop
Seat 3: janarr5 (big blind) folded on the Flop
Seat 4: rafaelleadeb collected ($2.85)
Seat 5: erpaye folded before Flop (didn't bet)
Seat 6: ChuckNorrisQ folded before Flop (didn't bet)



PokerStars Hand #254293946273:  Hold'em No Limit ($0.50/$1.00 USD) - 2025/01/10 12:37:24 WET [2025/01/10 7:37:24 ET]
Table 'Oberon III' 6-max Seat #2 is the button
Seat 1: Pon4uk.ua ($135.68 in chips) 
Seat 2: Heskey27 ($111.16 in chips) 
Seat 3: janarr5 ($100 in chips) 
Seat 4: rafaelleadeb ($212.86 in chips) 
Seat 5: erpaye ($100 in chips) 
Seat 6: ChuckNorrisQ ($108.18 in chips) 
janarr5: posts small blind $0.50
rafaelleadeb: posts big blind $1
*** HOLE CARDS ***
erpaye: folds 
ChuckNorrisQ: folds 
Pon4uk.ua: folds 
Heskey27: folds 
janarr5: folds 
Uncalled bet ($0.50) returned to rafaelleadeb
rafaelleadeb collected $1 from pot
*** SUMMARY ***
Total pot $1 | Rake $0 
Seat 1: Pon4uk.ua folded before Flop (didn't bet)
Seat 2: Heskey27 (button) folded before Flop (didn't bet)
Seat 3: janarr5 (small blind) folded before Flop
Seat 4: rafaelleadeb (big blind) collected ($1)
Seat 5: erpaye folded before Flop (didn't bet)
Seat 6: ChuckNorrisQ folded before Flop (didn't bet)



PokerStars Hand #254293949138:  Hold'em No Limit ($0.50/$1.00 USD) - 2025/01/10 12:37:43 WET [2025/01/10 7:37:43 ET]
Table 'Oberon III' 6-max Seat #3 is the button
Seat 1: Pon4uk.ua ($135.68 in chips) 
Seat 2: Heskey27 ($111.16 in chips) 
Seat 3: janarr5 ($100 in chips) 
Seat 4: rafaelleadeb ($213.36 in chips) 
Seat 5: erpaye ($100 in chips) 
Seat 6: ChuckNorrisQ ($108.18 in chips) 
rafaelleadeb: posts small blind $0.50
erpaye: posts big blind $1
*** HOLE CARDS ***
ChuckNorrisQ: folds 
Pon4uk.ua: folds 
Heskey27: folds 
janarr5: raises $1.50 to $2.50
rafaelleadeb: folds 
erpaye: calls $1.50
*** FLOP *** [6d 6s 3h]
erpaye: checks 
janarr5: bets $1.31
erpaye: raises $4.67 to $5.98
janarr5: folds 
Uncalled bet ($4.67) returned to erpaye
erpaye collected $7.71 from pot
erpaye: doesn't show hand 
*** SUMMARY ***
Total pot $8.12 | Rake $0.41 
Board [6d 6s 3h]
Seat 1: Pon4uk.ua folded before Flop (didn't bet)
Seat 2: Heskey27 folded before Flop (didn't bet)
Seat 3: janarr5 (button) folded on the Flop
Seat 4: rafaelleadeb (small blind) folded before Flop
Seat 5: erpaye (big blind) collected ($7.71)
Seat 6: ChuckNorrisQ folded before Flop (didn't bet)



PokerStars Hand #254293956789:  Hold'em No Limit ($0.50/$1.00 USD) - 2025/01/10 12:38:34 WET [2025/01/10 7:38:34 ET]
Table 'Oberon III' 6-max Seat #4 is the button
Seat 1: Pon4uk.ua ($135.68 in chips) 
Seat 2: Heskey27 ($111.16 in chips) 
Seat 3: janarr5 ($100 in chips) 
Seat 4: rafaelleadeb ($212.86 in chips) 
Seat 5: erpaye ($103.90 in chips) 
Seat 6: ChuckNorrisQ ($108.18 in chips) 
erpaye: posts small blind $0.50
ChuckNorrisQ: posts big blind $1
*** HOLE CARDS ***
Pon4uk.ua: folds 
Heskey27: folds 
janarr5: raises $1.25 to $2.25
rafaelleadeb: folds 
erpaye: folds 
ChuckNorrisQ: folds 
Uncalled bet ($1.25) returned to janarr5
janarr5 collected $2.50 from pot
janarr5: doesn't show hand 
*** SUMMARY ***
Total pot $2.50 | Rake $0 
Seat 1: Pon4uk.ua folded before Flop (didn't bet)
Seat 2: Heskey27 folded before Flop (didn't bet)
Seat 3: janarr5 collected ($2.50)
Seat 4: rafaelleadeb (button) folded before Flop (didn't bet)
Seat 5: erpaye (small blind) folded before Flop
Seat 6: ChuckNorrisQ (big blind) folded before Flop



PokerStars Hand #254293958863:  Hold'em No Limit ($0.50/$1.00 USD) - 2025/01/10 12:38:48 WET [2025/01/10 7:38:48 ET]
Table 'Oberon III' 6-max Seat #5 is the button
Seat 1: Pon4uk.ua ($135.68 in chips) 
Seat 2: Heskey27 ($111.16 in chips) 
Seat 3: janarr5 ($101.50 in chips) 
Seat 4: rafaelleadeb ($212.86 in chips) 
Seat 5: erpaye ($103.40 in chips) 
Seat 6: ChuckNorrisQ ($107.18 in chips) 
ChuckNorrisQ: posts small blind $0.50
Pon4uk.ua: posts big blind $1
*** HOLE CARDS ***
Heskey27: folds 
janarr5: folds 
rafaelleadeb: folds 
erpaye: raises $1.30 to $2.30
ChuckNorrisQ: folds 
Pon4uk.ua: calls $1.30
*** FLOP *** [Ks Qh 9c]
Pon4uk.ua: checks 
erpaye: checks 
*** TURN *** [Ks Qh 9c] [Th]
Pon4uk.ua: checks 
erpaye: bets $4.84
Pon4uk.ua: folds 
Uncalled bet ($4.84) returned to erpaye
erpaye collected $4.84 from pot
erpaye: doesn't show hand 
*** SUMMARY ***
Total pot $5.10 | Rake $0.26 
Board [Ks Qh 9c Th]
Seat 1: Pon4uk.ua (big blind) folded on the Turn
Seat 2: Heskey27 folded before Flop (didn't bet)
Seat 3: janarr5 folded before Flop (didn't bet)
Seat 4: rafaelleadeb folded before Flop (didn't bet)
Seat 5: erpaye (button) collected ($4.84)
Seat 6: ChuckNorrisQ (small blind) folded before Flop



PokerStars Hand #254293967014:  Hold'em No Limit ($0.50/$1.00 USD) - 2025/01/10 12:39:43 WET [2025/01/10 7:39:43 ET]
Table 'Oberon III' 6-max Seat #6 is the button
Seat 1: Pon4uk.ua ($133.38 in chips) 
Seat 2: Heskey27 ($111.16 in chips) 
Seat 3: janarr5 ($101.50 in chips) 
Seat 4: rafaelleadeb ($212.86 in chips) 
Seat 5: erpaye ($105.94 in chips) 
Seat 6: ChuckNorrisQ ($106.68 in chips) 
Pon4uk.ua: posts small blind $0.50
Heskey27: posts big blind $1
*** HOLE CARDS ***
janarr5: folds 
rafaelleadeb: folds 
erpaye: folds 
ChuckNorrisQ: folds 
Pon4uk.ua: raises $1.75 to $2.75
Heskey27: folds 
Uncalled bet ($1.75) returned to Pon4uk.ua
Pon4uk.ua collected $2 from pot
Pon4uk.ua: doesn't show hand 
*** SUMMARY ***
Total pot $2 | Rake $0 
Seat 1: Pon4uk.ua (small blind) collected ($2)
Seat 2: Heskey27 (big blind) folded before Flop
Seat 3: janarr5 folded before Flop (didn't bet)
Seat 4: rafaelleadeb folded before Flop (didn't bet)
Seat 5: erpaye folded before Flop (didn't bet)
Seat 6: ChuckNorrisQ (button) folded before Flop (didn't bet)



PokerStars Hand #254293969562:  Hold'em No Limit ($0.50/$1.00 USD) - 2025/01/10 12:40:00 WET [2025/01/10 7:40:00 ET]
Table 'Oberon III' 6-max Seat #1 is the button
Seat 1: Pon4uk.ua ($134.38 in chips) 
Seat 2: Heskey27 ($110.16 in chips) 
Seat 3: janarr5 ($101.50 in chips) 
Seat 4: rafaelleadeb ($212.86 in chips) 
Seat 5: erpaye ($105.94 in chips) 
Seat 6: ChuckNorrisQ ($106.68 in chips) 
Heskey27: posts small blind $0.50
janarr5: posts big blind $1
*** HOLE CARDS ***
rafaelleadeb: folds 
erpaye: folds 
ChuckNorrisQ: folds 
Pon4uk.ua: raises $1.50 to $2.50
Heskey27: folds 
janarr5: folds 
Uncalled bet ($1.50) returned to Pon4uk.ua
Pon4uk.ua collected $2.50 from pot
Pon4uk.ua: doesn't show hand 
*** SUMMARY ***
Total pot $2.50 | Rake $0 
Seat 1: Pon4uk.ua (button) collected ($2.50)
Seat 2: Heskey27 (small blind) folded before Flop
Seat 3: janarr5 (big blind) folded before Flop
Seat 4: rafaelleadeb folded before Flop (didn't bet)
Seat 5: erpaye folded before Flop (didn't bet)
Seat 6: ChuckNorrisQ folded before Flop (didn't bet)



PokerStars Hand #254293971650:  Hold'em No Limit ($0.50/$1.00 USD) - 2025/01/10 12:40:14 WET [2025/01/10 7:40:14 ET]
Table 'Oberon III' 6-max Seat #2 is the button
Seat 1: Pon4uk.ua ($135.88 in chips) 
Seat 2: Heskey27 ($109.66 in chips) 
Seat 3: janarr5 ($100.50 in chips) 
Seat 4: rafaelleadeb ($212.86 in chips) 
Seat 5: erpaye ($105.94 in chips) 
Seat 6: ChuckNorrisQ ($106.68 in chips) 
janarr5: posts small blind $0.50
rafaelleadeb: posts big blind $1
*** HOLE CARDS ***
erpaye: folds 
ChuckNorrisQ: folds 
Pon4uk.ua: folds 
Heskey27: folds 
janarr5: folds 
Uncalled bet ($0.50) returned to rafaelleadeb
rafaelleadeb collected $1 from pot
*** SUMMARY ***
Total pot $1 | Rake $0 
Seat 1: Pon4uk.ua folded before Flop (didn't bet)
Seat 2: Heskey27 (button) folded before Flop (didn't bet)
Seat 3: janarr5 (small blind) folded before Flop
Seat 4: rafaelleadeb (big blind) collected ($1)
Seat 5: erpaye folded before Flop (didn't bet)
Seat 6: ChuckNorrisQ folded before Flop (didn't bet)



PokerStars Hand #254293973988:  Hold'em No Limit ($0.50/$1.00 USD) - 2025/01/10 12:40:29 WET [2025/01/10 7:40:29 ET]
Table 'Oberon III' 6-max Seat #3 is the button
Seat 1: Pon4uk.ua ($135.88 in chips) 
Seat 2: Heskey27 ($109.66 in chips) 
Seat 3: janarr5 ($100 in chips) 
Seat 4: rafaelleadeb ($213.36 in chips) 
Seat 5: erpaye ($105.94 in chips) 
Seat 6: ChuckNorrisQ ($106.68 in chips) 
rafaelleadeb: posts small blind $0.50
erpaye: posts big blind $1
*** HOLE CARDS ***
ChuckNorrisQ: folds 
Pon4uk.ua: folds 
Heskey27: raises $1.20 to $2.20
janarr5: folds 
rafaelleadeb: folds 
erpaye: calls $1.20
*** FLOP *** [2s Kh 5s]
erpaye: checks 
Heskey27: bets $1.54
erpaye: raises $5.11 to $6.65
Heskey27: calls $5.11
*** TURN *** [2s Kh 5s] [Jh]
erpaye: checks 
Heskey27: bets $11
erpaye: folds 
Uncalled bet ($11) returned to Heskey27
Heskey27 collected $17.29 from pot
Heskey27: doesn't show hand 
*** SUMMARY ***
Total pot $18.20 | Rake $0.91 
Board [2s Kh 5s Jh]
Seat 1: Pon4uk.ua folded before Flop (didn't bet)
Seat 2: Heskey27 collected ($17.29)
Seat 3: janarr5 (button) folded before Flop (didn't bet)
Seat 4: rafaelleadeb (small blind) folded before Flop
Seat 5: erpaye (big blind) folded on the Turn
Seat 6: ChuckNorrisQ folded before Flop (didn't bet)



PokerStars Hand #254293987440:  Hold'em No Limit ($0.50/$1.00 USD) - 2025/01/10 12:41:57 WET [2025/01/10 7:41:57 ET]
Table 'Oberon III' 6-max Seat #4 is the button
Seat 1: Pon4uk.ua ($135.88 in chips) 
Seat 2: Heskey27 ($118.10 in chips) 
Seat 3: janarr5 ($100 in chips) 
Seat 4: rafaelleadeb ($212.86 in chips) 
Seat 5: erpaye ($100 in chips) 
Seat 6: ChuckNorrisQ ($106.68 in chips) 
erpaye: posts small blind $0.50
ChuckNorrisQ: posts big blind $1
*** HOLE CARDS ***
Pon4uk.ua: folds 
Heskey27: folds 
janarr5: raises $1.25 to $2.25
rafaelleadeb: folds 
erpaye: folds 
ChuckNorrisQ: calls $1.25
*** FLOP *** [9s Qh 3h]
ChuckNorrisQ: checks 
janarr5: checks 
*** TURN *** [9s Qh 3h] [Ks]
ChuckNorrisQ: checks 
janarr5: bets $3.14
ChuckNorrisQ: folds 
Uncalled bet ($3.14) returned to janarr5
janarr5 collected $4.75 from pot
janarr5: doesn't show hand 
*** SUMMARY ***
Total pot $5 | Rake $0.25 
Board [9s Qh 3h Ks]
Seat 1: Pon4uk.ua folded before Flop (didn't bet)
Seat 2: Heskey27 folded before Flop (didn't bet)
Seat 3: janarr5 collected ($4.75)
Seat 4: rafaelleadeb (button) folded before Flop (didn't bet)
Seat 5: erpaye (small blind) folded before Flop
Seat 6: ChuckNorrisQ (big blind) folded on the Turn



PokerStars Hand #254293993403:  Hold'em No Limit ($0.50/$1.00 USD) - 2025/01/10 12:42:35 WET [2025/01/10 7:42:35 ET]
Table 'Oberon III' 6-max Seat #5 is the button
Seat 1: Pon4uk.ua ($135.88 in chips) 
Seat 2: Heskey27 ($118.10 in chips) 
Seat 3: janarr5 ($102.50 in chips) 
Seat 4: rafaelleadeb ($212.86 in chips) 
Seat 5: erpaye ($100 in chips) 
Seat 6: ChuckNorrisQ ($104.43 in chips) 
ChuckNorrisQ: posts small blind $0.50
Pon4uk.ua: posts big blind $1
*** HOLE CARDS ***
Heskey27: folds 
janarr5: folds 
rafaelleadeb: raises $3 to $4
erpaye: folds 
ChuckNorrisQ: folds 
Pon4uk.ua: calls $3
*** FLOP *** [Jh 5h Kh]
Pon4uk.ua: checks 
rafaelleadeb: checks 
*** TURN *** [Jh 5h Kh] [Js]
Pon4uk.ua: bets $6.06
rafaelleadeb: calls $6.06
*** RIVER *** [Jh 5h Kh Js] [9c]
Pon4uk.ua: bets $19.59
rafaelleadeb: calls $19.59
*** SHOW DOWN ***
Pon4uk.ua: shows [4h 7h] (a flush, King high)
rafaelleadeb: mucks hand 
Pon4uk.ua collected $57.30 from pot
*** SUMMARY ***
Total pot $59.80 | Rake $2.50 
Board [Jh 5h Kh Js 9c]
Seat 1: Pon4uk.ua (big blind) showed [4h 7h] and won ($57.30) with a flush, King high
Seat 2: Heskey27 folded before Flop (didn't bet)
Seat 3: janarr5 folded before Flop (didn't bet)
Seat 4: rafaelleadeb mucked
Seat 5: erpaye (button) folded before Flop (didn't bet)
Seat 6: ChuckNorrisQ (small blind) folded before Flop



PokerStars Hand #254294196723:  Hold'em No Limit ($0.50/$1.00 USD) - 2025/01/10 13:05:08 WET [2025/01/10 8:05:08 ET]
Table 'Oberon III' 6-max Seat #4 is the button
Seat 1: scaifey147 ($84.56 in chips) 
Seat 2: Gfoer ($100 in chips) 
Seat 3: Burlica2013 ($100 in chips) 
Seat 4: v.sting ($103.20 in chips) 
Seat 5: blistein ($100 in chips) 
Seat 6: iNeverBluff398 ($106.80 in chips) 
blistein: posts small blind $0.50
iNeverBluff398: posts big blind $1
*** HOLE CARDS ***
scaifey147: folds 
Gfoer: folds 
Burlica2013: folds 
v.sting: folds 
blistein: raises $2 to $3
iNeverBluff398: calls $2
*** FLOP *** [4h 8d 6c]
blistein: checks 
iNeverBluff398: checks 
*** TURN *** [4h 8d 6c] [6s]
blistein: bets $1.94
iNeverBluff398: calls $1.94
*** RIVER *** [4h 8d 6c 6s] [8h]
blistein: bets $3.19
iNeverBluff398: calls $3.19
*** SHOW DOWN ***
blistein: shows [6h Ac] (a full house, Sixes full of Eights)
iNeverBluff398: mucks hand 
blistein collected $15.45 from pot
*** SUMMARY ***
Total pot $16.26 | Rake $0.81 
Board [4h 8d 6c 6s 8h]
Seat 1: scaifey147 folded before Flop (didn't bet)
Seat 2: Gfoer folded before Flop (didn't bet)
Seat 3: Burlica2013 folded before Flop (didn't bet)
Seat 4: v.sting (button) folded before Flop (didn't bet)
Seat 5: blistein (small blind) showed [6h Ac] and won ($15.45) with a full house, Sixes full of Eights
Seat 6: iNeverBluff398 (big blind) mucked



PokerStars Hand #254294205568:  Hold'em No Limit ($0.50/$1.00 USD) - 2025/01/10 13:06:02 WET [2025/01/10 8:06:02 ET]
Table 'Oberon III' 6-max Seat #5 is the button
Seat 1: scaifey147 ($84.56 in chips) 
Seat 2: Gfoer ($100 in chips) 
Seat 3: Burlica2013 ($100 in chips) 
Seat 4: v.sting ($103.20 in chips) 
Seat 5: blistein ($107.32 in chips) 
Seat 6: iNeverBluff398 ($100 in chips) 
iNeverBluff398: posts small blind $0.50
scaifey147: posts big blind $1
*** HOLE CARDS ***
Gfoer: raises $1.20 to $2.20
Burlica2013: folds 
v.sting: folds 
blistein: folds 
iNeverBluff398: folds 
scaifey147: folds 
Uncalled bet ($1.20) returned to Gfoer
Gfoer collected $2.50 from pot
Gfoer: doesn't show hand 
*** SUMMARY ***
Total pot $2.50 | Rake $0 
Seat 1: scaifey147 (big blind) folded before Flop
Seat 2: Gfoer collected ($2.50)
Seat 3: Burlica2013 folded before Flop (didn't bet)
Seat 4: v.sting folded before Flop (didn't bet)
Seat 5: blistein (button) folded before Flop (didn't bet)
Seat 6: iNeverBluff398 (small blind) folded before Flop



PokerStars Hand #254294206944:  Hold'em No Limit ($0.50/$1.00 USD) - 2025/01/10 13:06:11 WET [2025/01/10 8:06:11 ET]
Table 'Oberon III' 6-max Seat #6 is the button
Seat 1: scaifey147 ($83.56 in chips) 
Seat 2: Gfoer ($101.50 in chips) 
Seat 3: Burlica2013 ($100 in chips) 
Seat 4: v.sting ($103.20 in chips) 
Seat 5: blistein ($107.32 in chips) 
Seat 6: iNeverBluff398 ($100 in chips) 
scaifey147: posts small blind $0.50
Gfoer: posts big blind $1
*** HOLE CARDS ***
Burlica2013: folds 
v.sting: folds 
blistein: folds 
iNeverBluff398: raises $1.20 to $2.20
scaifey147: folds 
Gfoer: raises $10.30 to $12.50
iNeverBluff398: folds 
Uncalled bet ($10.30) returned to Gfoer
Gfoer collected $4.90 from pot
Gfoer: doesn't show hand 
*** SUMMARY ***
Total pot $4.90 | Rake $0 
Seat 1: scaifey147 (small blind) folded before Flop
Seat 2: Gfoer (big blind) collected ($4.90)
Seat 3: Burlica2013 folded before Flop (didn't bet)
Seat 4: v.sting folded before Flop (didn't bet)
Seat 5: blistein folded before Flop (didn't bet)
Seat 6: iNeverBluff398 (button) folded before Flop



PokerStars Hand #254294210481:  Hold'em No Limit ($0.50/$1.00 USD) - 2025/01/10 13:06:33 WET [2025/01/10 8:06:33 ET]
Table 'Oberon III' 6-max Seat #1 is the button
Seat 1: scaifey147 ($83.06 in chips) 
Seat 2: Gfoer ($104.20 in chips) 
Seat 3: Burlica2013 ($100 in chips) 
Seat 4: v.sting ($103.20 in chips) 
Seat 5: blistein ($107.32 in chips) 
Seat 6: iNeverBluff398 ($100 in chips) 
Gfoer: posts small blind $0.50
Burlica2013: posts big blind $1
*** HOLE CARDS ***
v.sting: folds 
blistein: folds 
iNeverBluff398: folds 
scaifey147: raises $1 to $2
Gfoer: folds 
Burlica2013: calls $1
*** FLOP *** [3c 7h Qs]
Burlica2013: checks 
scaifey147: bets $2.14
Burlica2013: folds 
Uncalled bet ($2.14) returned to scaifey147
scaifey147 collected $4.28 from pot
*** SUMMARY ***
Total pot $4.50 | Rake $0.22 
Board [3c 7h Qs]
Seat 1: scaifey147 (button) collected ($4.28)
Seat 2: Gfoer (small blind) folded before Flop
Seat 3: Burlica2013 (big blind) folded on the Flop
Seat 4: v.sting folded before Flop (didn't bet)
Seat 5: blistein folded before Flop (didn't bet)
Seat 6: iNeverBluff398 folded before Flop (didn't bet)



PokerStars Hand #254294214915:  Hold'em No Limit ($0.50/$1.00 USD) - 2025/01/10 13:07:00 WET [2025/01/10 8:07:00 ET]
Table 'Oberon III' 6-max Seat #2 is the button
Seat 1: scaifey147 ($85.34 in chips) 
Seat 2: Gfoer ($103.70 in chips) 
Seat 3: Burlica2013 ($100 in chips) 
Seat 4: v.sting ($103.20 in chips) 
Seat 5: blistein ($107.32 in chips) 
Seat 6: iNeverBluff398 ($100 in chips) 
Burlica2013: posts small blind $0.50
v.sting: posts big blind $1
*** HOLE CARDS ***
blistein: folds 
iNeverBluff398: folds 
scaifey147: folds 
Gfoer: raises $1 to $2
Burlica2013: folds 
v.sting: calls $1
*** FLOP *** [4d Jh 6s]
v.sting: checks 
Gfoer: checks 
*** TURN *** [4d Jh 6s] [Kd]
v.sting: checks 
Gfoer: bets $1.53
v.sting: folds 
Uncalled bet ($1.53) returned to Gfoer
Gfoer collected $4.28 from pot
Gfoer: doesn't show hand 
*** SUMMARY ***
Total pot $4.50 | Rake $0.22 
Board [4d Jh 6s Kd]
Seat 1: scaifey147 folded before Flop (didn't bet)
Seat 2: Gfoer (button) collected ($4.28)
Seat 3: Burlica2013 (small blind) folded before Flop
Seat 4: v.sting (big blind) folded on the Turn
Seat 5: blistein folded before Flop (didn't bet)
Seat 6: iNeverBluff398 folded before Flop (didn't bet)



PokerStars Hand #254294223173:  Hold'em No Limit ($0.50/$1.00 USD) - 2025/01/10 13:07:51 WET [2025/01/10 8:07:51 ET]
Table 'Oberon III' 6-max Seat #3 is the button
Seat 1: scaifey147 ($85.34 in chips) 
Seat 2: Gfoer ($105.98 in chips) 
Seat 3: Burlica2013 ($100 in chips) 
Seat 4: v.sting ($101.20 in chips) 
Seat 5: blistein ($107.32 in chips) 
Seat 6: iNeverBluff398 ($100 in chips) 
v.sting: posts small blind $0.50
blistein: posts big blind $1
*** HOLE CARDS ***
iNeverBluff398: folds 
scaifey147: folds 
Gfoer: folds 
Burlica2013: folds 
v.sting: raises $2 to $3
blistein: raises $7 to $10
v.sting: calls $7
*** FLOP *** [6d Ad 3c]
v.sting: checks 
blistein: bets $4.75
v.sting: folds 
Uncalled bet ($4.75) returned to blistein
blistein collected $19 from pot
blistein: doesn't show hand 
*** SUMMARY ***
Total pot $20 | Rake $1 
Board [6d Ad 3c]
Seat 1: scaifey147 folded before Flop (didn't bet)
Seat 2: Gfoer folded before Flop (didn't bet)
Seat 3: Burlica2013 (button) folded before Flop (didn't bet)
Seat 4: v.sting (small blind) folded on the Flop
Seat 5: blistein (big blind) collected ($19)
Seat 6: iNeverBluff398 folded before Flop (didn't bet)



PokerStars Hand #254294230972:  Hold'em No Limit ($0.50/$1.00 USD) - 2025/01/10 13:08:39 WET [2025/01/10 8:08:39 ET]
Table 'Oberon III' 6-max Seat #4 is the button
Seat 1: scaifey147 ($85.34 in chips) 
Seat 2: Gfoer ($105.98 in chips) 
Seat 3: Burlica2013 ($100 in chips) 
Seat 4: v.sting ($100 in chips) 
Seat 5: blistein ($116.32 in chips) 
Seat 6: iNeverBluff398 ($100 in chips) 
blistein: posts small blind $0.50
iNeverBluff398: posts big blind $1
*** HOLE CARDS ***
scaifey147: folds 
Gfoer: folds 
Burlica2013: folds 
v.sting: raises $1.10 to $2.10
blistein: folds 
iNeverBluff398: calls $1.10
*** FLOP *** [7d Js Jh]
iNeverBluff398: checks 
v.sting: bets $1.47
iNeverBluff398: folds 
Uncalled bet ($1.47) returned to v.sting
v.sting collected $4.46 from pot
v.sting: doesn't show hand 
*** SUMMARY ***
Total pot $4.70 | Rake $0.24 
Board [7d Js Jh]
Seat 1: scaifey147 folded before Flop (didn't bet)
Seat 2: Gfoer folded before Flop (didn't bet)
Seat 3: Burlica2013 folded before Flop (didn't bet)
Seat 4: v.sting (button) collected ($4.46)
Seat 5: blistein (small blind) folded before Flop
Seat 6: iNeverBluff398 (big blind) folded on the Flop



PokerStars Hand #254294234290:  Hold'em No Limit ($0.50/$1.00 USD) - 2025/01/10 13:09:00 WET [2025/01/10 8:09:00 ET]
Table 'Oberon III' 6-max Seat #5 is the button
Seat 1: scaifey147 ($85.34 in chips) 
Seat 2: Gfoer ($105.98 in chips) 
Seat 3: Burlica2013 ($100 in chips) 
Seat 4: v.sting ($102.36 in chips) 
Seat 5: blistein ($115.82 in chips) 
Seat 6: iNeverBluff398 ($100 in chips) 
iNeverBluff398: posts small blind $0.50
scaifey147: posts big blind $1
*** HOLE CARDS ***
Gfoer: folds 
Gfoer leaves the table
Burlica2013: folds 
v.sting: folds 
blistein: raises $1.50 to $2.50
iNeverBluff398: folds 
scaifey147: calls $1.50
*** FLOP *** [4s Kh 5d]
scaifey147: checks 
blistein: bets $1.31
scaifey147: calls $1.31
*** TURN *** [4s Kh 5d] [7s]
scaifey147: checks 
blistein: checks 
*** RIVER *** [4s Kh 5d 7s] [3d]
scaifey147: bets $3.86
blistein: folds 
Uncalled bet ($3.86) returned to scaifey147
scaifey147 collected $7.71 from pot
*** SUMMARY ***
Total pot $8.12 | Rake $0.41 
Board [4s Kh 5d 7s 3d]
Seat 1: scaifey147 (big blind) collected ($7.71)
Seat 2: Gfoer folded before Flop (didn't bet)
Seat 3: Burlica2013 folded before Flop (didn't bet)
Seat 4: v.sting folded before Flop (didn't bet)
Seat 5: blistein (button) folded on the River
Seat 6: iNeverBluff398 (small blind) folded before Flop



PokerStars Hand #254294244153:  Hold'em No Limit ($0.50/$1.00 USD) - 2025/01/10 13:10:01 WET [2025/01/10 8:10:01 ET]
Table 'Oberon III' 6-max Seat #6 is the button
Seat 1: scaifey147 ($89.24 in chips) 
Seat 3: Burlica2013 ($100 in chips) 
Seat 4: v.sting ($102.36 in chips) 
Seat 5: blistein ($112.01 in chips) 
Seat 6: iNeverBluff398 ($100 in chips) 
scaifey147: posts small blind $0.50
Burlica2013: posts big blind $1
*** HOLE CARDS ***
v.sting: folds 
Joe_Li7 joins the table at seat #2 
blistein: folds 
iNeverBluff398: raises $1.20 to $2.20
scaifey147: folds 
Burlica2013: calls $1.20
*** FLOP *** [Jc Ad 9c]
Burlica2013: checks 
iNeverBluff398: bets $3.50
Burlica2013: folds 
Uncalled bet ($3.50) returned to iNeverBluff398
iNeverBluff398 collected $4.66 from pot
iNeverBluff398: doesn't show hand 
*** SUMMARY ***
Total pot $4.90 | Rake $0.24 
Board [Jc Ad 9c]
Seat 1: scaifey147 (small blind) folded before Flop
Seat 3: Burlica2013 (big blind) folded on the Flop
Seat 4: v.sting folded before Flop (didn't bet)
Seat 5: blistein folded before Flop (didn't bet)
Seat 6: iNeverBluff398 (button) collected ($4.66)



PokerStars Hand #254294248393:  Hold'em No Limit ($0.50/$1.00 USD) - 2025/01/10 13:10:27 WET [2025/01/10 8:10:27 ET]
Table 'Oberon III' 6-max Seat #1 is the button
Seat 2: Joe_Li7 ($100 in chips) is sitting out
Seat 1: scaifey147 ($88.74 in chips) 
Seat 3: Burlica2013 ($100 in chips) 
Seat 4: v.sting ($102.36 in chips) 
Seat 5: blistein ($112.01 in chips) 
Seat 6: iNeverBluff398 ($102.46 in chips) 
Burlica2013: posts small blind $0.50
v.sting: posts big blind $1
*** HOLE CARDS ***
blistein: folds 
iNeverBluff398: folds 
scaifey147: folds 
Burlica2013: raises $2 to $3
v.sting: folds 
Uncalled bet ($2) returned to Burlica2013
Burlica2013 collected $2 from pot
Burlica2013: doesn't show hand 
*** SUMMARY ***
Total pot $2 | Rake $0 
Seat 2: Joe_Li7
Seat 1: scaifey147 (button) folded before Flop (didn't bet)
Seat 3: Burlica2013 (small blind) collected ($2)
Seat 4: v.sting (big blind) folded before Flop
Seat 5: blistein folded before Flop (didn't bet)
Seat 6: iNeverBluff398 folded before Flop (didn't bet)



PokerStars Hand #254294250191:  Hold'em No Limit ($0.50/$1.00 USD) - 2025/01/10 13:10:38 WET [2025/01/10 8:10:38 ET]
Table 'Oberon III' 6-max Seat #3 is the button
Seat 2: Joe_Li7 ($100 in chips) is sitting out
Seat 1: scaifey147 ($88.74 in chips) 
Seat 3: Burlica2013 ($101 in chips) 
Seat 4: v.sting ($101.36 in chips) 
Seat 5: blistein ($112.01 in chips) 
Seat 6: iNeverBluff398 ($102.46 in chips) 
v.sting: posts small blind $0.50
blistein: posts big blind $1
Joe_Li7: sits out 
*** HOLE CARDS ***
iNeverBluff398: folds 
scaifey147: folds 
Burlica2013: folds 
v.sting: raises $2 to $3
blistein: folds 
Uncalled bet ($2) returned to v.sting
v.sting collected $2 from pot
v.sting: doesn't show hand 
*** SUMMARY ***
Total pot $2 | Rake $0 
Seat 2: Joe_Li7
Seat 1: scaifey147 folded before Flop (didn't bet)
Seat 3: Burlica2013 (button) folded before Flop (didn't bet)
Seat 4: v.sting (small blind) collected ($2)
Seat 5: blistein (big blind) folded before Flop
Seat 6: iNeverBluff398 folded before Flop (didn't bet)



PokerStars Hand #254294252821:  Hold'em No Limit ($0.50/$1.00 USD) - 2025/01/10 13:10:54 WET [2025/01/10 8:10:54 ET]
Table 'Oberon III' 6-max Seat #4 is the button
Seat 2: Joe_Li7 ($100 in chips) is sitting out
Seat 1: scaifey147 ($88.74 in chips) 
Seat 3: Burlica2013 ($101 in chips) 
Seat 4: v.sting ($102.36 in chips) 
Seat 5: blistein ($111.01 in chips) 
Seat 6: iNeverBluff398 ($102.46 in chips) 
blistein: posts small blind $0.50
iNeverBluff398: posts big blind $1
Joe_Li7: sits out 
*** HOLE CARDS ***
scaifey147: folds 
Burlica2013: folds 
v.sting: folds 
blistein: raises $2 to $3
iNeverBluff398: folds 
Uncalled bet ($2) returned to blistein
blistein collected $2 from pot
blistein: doesn't show hand 
*** SUMMARY ***
Total pot $2 | Rake $0 
Seat 2: Joe_Li7
Seat 1: scaifey147 folded before Flop (didn't bet)
Seat 3: Burlica2013 folded before Flop (didn't bet)
Seat 4: v.sting (button) folded before Flop (didn't bet)
Seat 5: blistein (small blind) collected ($2)
Seat 6: iNeverBluff398 (big blind) folded before Flop



PokerStars Hand #254294256452:  Hold'em No Limit ($0.50/$1.00 USD) - 2025/01/10 13:11:16 WET [2025/01/10 8:11:16 ET]
Table 'Oberon III' 6-max Seat #5 is the button
Seat 2: Joe_Li7 ($100 in chips) is sitting out
Seat 1: scaifey147 ($88.74 in chips) 
Seat 3: Burlica2013 ($101 in chips) 
Seat 4: v.sting ($102.36 in chips) 
Seat 5: blistein ($112.01 in chips) 
Seat 6: iNeverBluff398 ($101.46 in chips) 
iNeverBluff398: posts small blind $0.50
scaifey147: posts big blind $1
Joe_Li7: sits out 
*** HOLE CARDS ***
Burlica2013: raises $1.20 to $2.20
v.sting: folds 
blistein: folds 
iNeverBluff398: folds 
scaifey147: calls $1.20
*** FLOP *** [7s 9d 2h]
scaifey147: checks 
Burlica2013: bets $1.54
scaifey147: calls $1.54
*** TURN *** [7s 9d 2h] [4h]
scaifey147: checks 
Burlica2013: checks 
*** RIVER *** [7s 9d 2h 4h] [4s]
scaifey147: bets $3.79
Burlica2013: calls $3.79
*** SHOW DOWN ***
scaifey147: shows [Qh Ts] (a pair of Fours)
Burlica2013: mucks hand 
scaifey147 collected $14.78 from pot
*** SUMMARY ***
Total pot $15.56 | Rake $0.78 
Board [7s 9d 2h 4h 4s]
Seat 2: Joe_Li7
Seat 1: scaifey147 (big blind) showed [Qh Ts] and won ($14.78) with a pair of Fours
Seat 3: Burlica2013 mucked
Seat 4: v.sting folded before Flop (didn't bet)
Seat 5: blistein (button) folded before Flop (didn't bet)
Seat 6: iNeverBluff398 (small blind) folded before Flop



PokerStars Hand #254294264122:  Hold'em No Limit ($0.50/$1.00 USD) - 2025/01/10 13:12:04 WET [2025/01/10 8:12:04 ET]
Table 'Oberon III' 6-max Seat #6 is the button
Seat 1: scaifey147 ($95.99 in chips) 
Seat 2: Joe_Li7 ($100 in chips) 
Seat 3: Burlica2013 ($100 in chips) 
Seat 4: v.sting ($102.36 in chips) 
Seat 5: blistein ($112.01 in chips) 
Seat 6: iNeverBluff398 ($100.96 in chips) 
scaifey147: posts small blind $0.50
Joe_Li7: posts big blind $1
*** HOLE CARDS ***
Burlica2013: folds 
v.sting: folds 
blistein: folds 
iNeverBluff398: raises $1.20 to $2.20
scaifey147: calls $1.70
Joe_Li7: raises $10.80 to $13
iNeverBluff398: folds 
scaifey147: folds 
Uncalled bet ($10.80) returned to Joe_Li7
Joe_Li7 collected $6.60 from pot
*** SUMMARY ***
Total pot $6.60 | Rake $0 
Seat 1: scaifey147 (small blind) folded before Flop
Seat 2: Joe_Li7 (big blind) collected ($6.60)
Seat 3: Burlica2013 folded before Flop (didn't bet)
Seat 4: v.sting folded before Flop (didn't bet)
Seat 5: blistein folded before Flop (didn't bet)
Seat 6: iNeverBluff398 (button) folded before Flop



PokerStars Hand #254294269359:  Hold'em No Limit ($0.50/$1.00 USD) - 2025/01/10 13:12:36 WET [2025/01/10 8:12:36 ET]
Table 'Oberon III' 6-max Seat #1 is the button
Seat 1: scaifey147 ($93.79 in chips) 
Seat 2: Joe_Li7 ($104.40 in chips) 
Seat 3: Burlica2013 ($100 in chips) 
Seat 4: v.sting ($102.36 in chips) 
Seat 5: blistein ($112.01 in chips) 
Seat 6: iNeverBluff398 ($100 in chips) 
Joe_Li7: posts small blind $0.50
Burlica2013: posts big blind $1
*** HOLE CARDS ***
v.sting: folds 
blistein: raises $1.20 to $2.20
iNeverBluff398: folds 
scaifey147: calls $2.20
Joe_Li7: folds 
Burlica2013: raises $11.01 to $13.21
blistein: calls $11.01
scaifey147: folds 
*** FLOP *** [Qs Tc 9c]
Burlica2013: checks 
blistein: bets $9.40
Burlica2013: calls $9.40
*** TURN *** [Qs Tc 9c] [Ks]
Burlica2013: checks 
blistein: checks 
*** RIVER *** [Qs Tc 9c Ks] [5c]
Burlica2013: checks 
blistein: bets $22.76
Burlica2013: folds 
Uncalled bet ($22.76) returned to blistein
blistein collected $45.52 from pot
blistein: doesn't show hand 
*** SUMMARY ***
Total pot $47.92 | Rake $2.40 
Board [Qs Tc 9c Ks 5c]
Seat 1: scaifey147 (button) folded before Flop
Seat 2: Joe_Li7 (small blind) folded before Flop
Seat 3: Burlica2013 (big blind) folded on the River
Seat 4: v.sting folded before Flop (didn't bet)
Seat 5: blistein collected ($45.52)
Seat 6: iNeverBluff398 folded before Flop (didn't bet)



PokerStars Hand #254294291855:  Hold'em No Limit ($0.50/$1.00 USD) - 2025/01/10 13:14:51 WET [2025/01/10 8:14:51 ET]
Table 'Oberon III' 6-max Seat #2 is the button
Seat 1: scaifey147 ($91.59 in chips) 
Seat 2: Joe_Li7 ($103.90 in chips) 
Seat 3: Burlica2013 ($100 in chips) 
Seat 4: v.sting ($102.36 in chips) 
Seat 5: blistein ($134.92 in chips) 
Seat 6: iNeverBluff398 ($100 in chips) 
Burlica2013: posts small blind $0.50
v.sting: posts big blind $1
*** HOLE CARDS ***
blistein: folds 
iNeverBluff398: folds 
scaifey147: folds 
Joe_Li7: raises $1.50 to $2.50
Burlica2013: folds 
v.sting: calls $1.50
*** FLOP *** [Ac Ad 5d]
v.sting: checks 
Joe_Li7: bets $1.31
v.sting: folds 
Uncalled bet ($1.31) returned to Joe_Li7
Joe_Li7 collected $5.22 from pot
*** SUMMARY ***
Total pot $5.50 | Rake $0.28 
Board [Ac Ad 5d]
Seat 1: scaifey147 folded before Flop (didn't bet)
Seat 2: Joe_Li7 (button) collected ($5.22)
Seat 3: Burlica2013 (small blind) folded before Flop
Seat 4: v.sting (big blind) folded on the Flop
Seat 5: blistein folded before Flop (didn't bet)
Seat 6: iNeverBluff398 folded before Flop (didn't bet)



PokerStars Hand #254294299290:  Hold'em No Limit ($0.50/$1.00 USD) - 2025/01/10 13:15:36 WET [2025/01/10 8:15:36 ET]
Table 'Oberon III' 6-max Seat #3 is the button
Seat 1: scaifey147 ($91.59 in chips) 
Seat 2: Joe_Li7 ($106.62 in chips) 
Seat 3: Burlica2013 ($100 in chips) 
Seat 4: v.sting ($100 in chips) 
Seat 5: blistein ($134.92 in chips) 
Seat 6: iNeverBluff398 ($100 in chips) 
v.sting: posts small blind $0.50
blistein: posts big blind $1
*** HOLE CARDS ***
iNeverBluff398: folds 
scaifey147: folds 
Joe_Li7: folds 
Burlica2013: folds 
v.sting: folds 
Uncalled bet ($0.50) returned to blistein
blistein collected $1 from pot
blistein: doesn't show hand 
*** SUMMARY ***
Total pot $1 | Rake $0 
Seat 1: scaifey147 folded before Flop (didn't bet)
Seat 2: Joe_Li7 folded before Flop (didn't bet)
Seat 3: Burlica2013 (button) folded before Flop (didn't bet)
Seat 4: v.sting (small blind) folded before Flop
Seat 5: blistein (big blind) collected ($1)
Seat 6: iNeverBluff398 folded before Flop (didn't bet)



PokerStars Hand #254294302755:  Hold'em No Limit ($0.50/$1.00 USD) - 2025/01/10 13:15:56 WET [2025/01/10 8:15:56 ET]
Table 'Oberon III' 6-max Seat #4 is the button
Seat 1: scaifey147 ($91.59 in chips) 
Seat 2: Joe_Li7 ($106.62 in chips) 
Seat 3: Burlica2013 ($100 in chips) 
Seat 4: v.sting ($100 in chips) 
Seat 5: blistein ($135.42 in chips) 
Seat 6: iNeverBluff398 ($100 in chips) 
blistein: posts small blind $0.50
iNeverBluff398: posts big blind $1
*** HOLE CARDS ***
scaifey147: raises $1 to $2
Joe_Li7: folds 
Burlica2013: raises $4.68 to $6.68
v.sting: folds 
blistein: folds 
iNeverBluff398: folds 
scaifey147: calls $4.68
*** FLOP *** [Jd Tc Kd]
scaifey147: checks 
Burlica2013: bets $4.66
scaifey147: calls $4.66
*** TURN *** [Jd Tc Kd] [5d]
scaifey147: checks 
Burlica2013: checks 
*** RIVER *** [Jd Tc Kd 5d] [Qs]
scaifey147: bets $5
Burlica2013: raises $24.73 to $29.73
scaifey147: folds [Th Qc]
Uncalled bet ($24.73) returned to Burlica2013
Burlica2013 collected $32.47 from pot
Burlica2013: doesn't show hand 
*** SUMMARY ***
Total pot $34.18 | Rake $1.71 
Board [Jd Tc Kd 5d Qs]
Seat 1: scaifey147 folded on the River
Seat 2: Joe_Li7 folded before Flop (didn't bet)
Seat 3: Burlica2013 collected ($32.47)
Seat 4: v.sting (button) folded before Flop (didn't bet)
Seat 5: blistein (small blind) folded before Flop
Seat 6: iNeverBluff398 (big blind) folded before Flop



PokerStars Hand #254294311393:  Hold'em No Limit ($0.50/$1.00 USD) - 2025/01/10 13:16:48 WET [2025/01/10 8:16:48 ET]
Table 'Oberon III' 6-max Seat #5 is the button
Seat 1: scaifey147 ($75.25 in chips) 
Seat 2: Joe_Li7 ($106.62 in chips) 
Seat 3: Burlica2013 ($116.13 in chips) 
Seat 4: v.sting ($100 in chips) 
Seat 5: blistein ($134.92 in chips) 
Seat 6: iNeverBluff398 ($100 in chips) 
iNeverBluff398: posts small blind $0.50
scaifey147: posts big blind $1
*** HOLE CARDS ***
Joe_Li7: raises $1.20 to $2.20
Burlica2013: folds 
v.sting: folds 
blistein: folds 
iNeverBluff398: folds 
scaifey147: calls $1.20
*** FLOP *** [3d 2d Qs]
scaifey147: checks 
Joe_Li7: bets $1.54
scaifey147: calls $1.54
*** TURN *** [3d 2d Qs] [9c]
scaifey147: checks 
Joe_Li7: bets $3.79
scaifey147: calls $3.79
*** RIVER *** [3d 2d Qs 9c] [Jd]
scaifey147: checks 
Joe_Li7: checks 
*** SHOW DOWN ***
scaifey147: shows [8s 9s] (a pair of Nines)
Joe_Li7: shows [Ts Th] (a pair of Tens)
Joe_Li7 collected $14.78 from pot
*** SUMMARY ***
Total pot $15.56 | Rake $0.78 
Board [3d 2d Qs 9c Jd]
Seat 1: scaifey147 (big blind) showed [8s 9s] and lost with a pair of Nines
Seat 2: Joe_Li7 showed [Ts Th] and won ($14.78) with a pair of Tens
Seat 3: Burlica2013 folded before Flop (didn't bet)
Seat 4: v.sting folded before Flop (didn't bet)
Seat 5: blistein (button) folded before Flop (didn't bet)
Seat 6: iNeverBluff398 (small blind) folded before Flop



PokerStars Hand #254294318820:  Hold'em No Limit ($0.50/$1.00 USD) - 2025/01/10 13:17:32 WET [2025/01/10 8:17:32 ET]
Table 'Oberon III' 6-max Seat #6 is the button
Seat 1: scaifey147 ($67.72 in chips) 
Seat 2: Joe_Li7 ($113.87 in chips) 
Seat 3: Burlica2013 ($116.13 in chips) 
Seat 4: v.sting ($100 in chips) 
Seat 5: blistein ($134.92 in chips) 
Seat 6: iNeverBluff398 ($100 in chips) 
scaifey147: posts small blind $0.50
Joe_Li7: posts big blind $1
*** HOLE CARDS ***
Burlica2013: folds 
v.sting: raises $1.50 to $2.50
blistein: folds 
iNeverBluff398: folds 
scaifey147: folds 
Joe_Li7: folds 
Uncalled bet ($1.50) returned to v.sting
v.sting collected $2.50 from pot
v.sting: doesn't show hand 
*** SUMMARY ***
Total pot $2.50 | Rake $0 
Seat 1: scaifey147 (small blind) folded before Flop
Seat 2: Joe_Li7 (big blind) folded before Flop
Seat 3: Burlica2013 folded before Flop (didn't bet)
Seat 4: v.sting collected ($2.50)
Seat 5: blistein folded before Flop (didn't bet)
Seat 6: iNeverBluff398 (button) folded before Flop (didn't bet)



PokerStars Hand #254294321404:  Hold'em No Limit ($0.50/$1.00 USD) - 2025/01/10 13:17:48 WET [2025/01/10 8:17:48 ET]
Table 'Oberon III' 6-max Seat #1 is the button
Seat 1: scaifey147 ($67.22 in chips) 
Seat 2: Joe_Li7 ($112.87 in chips) 
Seat 3: Burlica2013 ($116.13 in chips) 
Seat 4: v.sting ($101.50 in chips) 
Seat 5: blistein ($134.92 in chips) 
Seat 6: iNeverBluff398 ($100 in chips) 
Joe_Li7: posts small blind $0.50
Burlica2013: posts big blind $1
*** HOLE CARDS ***
v.sting: folds 
blistein: folds 
iNeverBluff398: folds 
scaifey147: raises $2.50 to $3.50
Joe_Li7: folds 
Burlica2013: raises $11.63 to $15.13
scaifey147: calls $11.63
*** FLOP *** [6s 5c 7c]
Burlica2013: bets $14.61
scaifey147: raises $37.48 to $52.09 and is all-in
Burlica2013: calls $37.48
*** FIRST TURN *** [6s 5c 7c] [7s]
*** FIRST RIVER *** [6s 5c 7c 7s] [2d]
*** SECOND TURN *** [6s 5c 7c] [Js]
*** SECOND RIVER *** [6s 5c 7c Js] [Jh]
*** FIRST SHOW DOWN ***
Burlica2013: shows [Kc Kd] (two pair, Kings and Sevens)
scaifey147: shows [Ts Td] (two pair, Tens and Sevens)
Burlica2013 collected $66.22 from pot
*** SECOND SHOW DOWN ***
Burlica2013: shows [Kc Kd] (two pair, Kings and Jacks)
scaifey147: shows [Ts Td] (two pair, Jacks and Tens)
Burlica2013 collected $66.22 from pot
*** SUMMARY ***
Total pot $134.94 | Rake $2.50 
Hand was run twice
FIRST Board [6s 5c 7c 7s 2d]
SECOND Board [6s 5c 7c Js Jh]
Seat 1: scaifey147 (button) showed [Ts Td] and lost with two pair, Tens and Sevens, and lost with two pair, Jacks and Tens
Seat 2: Joe_Li7 (small blind) folded before Flop
Seat 3: Burlica2013 (big blind) showed [Kc Kd] and won ($66.22) with two pair, Kings and Sevens, and won ($66.22) with two pair, Kings and Jacks
Seat 4: v.sting folded before Flop (didn't bet)
Seat 5: blistein folded before Flop (didn't bet)
Seat 6: iNeverBluff398 folded before Flop (didn't bet)



PokerStars Hand #254294329296:  Hold'em No Limit ($0.50/$1.00 USD) - 2025/01/10 13:18:35 WET [2025/01/10 8:18:35 ET]
Table 'Oberon III' 6-max Seat #2 is the button
Seat 1: scaifey147 ($0 in chips) is sitting out
Seat 4: v.sting ($101.50 in chips) is sitting out
Seat 2: Joe_Li7 ($112.37 in chips) 
Seat 3: Burlica2013 ($181.35 in chips) 
Seat 5: blistein ($134.92 in chips) 
Seat 6: iNeverBluff398 ($100 in chips) 
Burlica2013: posts small blind $0.50
v.sting: is sitting out 
blistein: posts big blind $1
*** HOLE CARDS ***
iNeverBluff398: folds 
Joe_Li7: folds 
v.sting leaves the table
Burlica2013: raises $2 to $3
scaifey147 is disconnected 
blistein: folds 
Uncalled bet ($2) returned to Burlica2013
Burlica2013 collected $2 from pot
Burlica2013: doesn't show hand 
*** SUMMARY ***
Total pot $2 | Rake $0 
Seat 1: scaifey147
Seat 4: v.sting
Seat 2: Joe_Li7 (button) folded before Flop (didn't bet)
Seat 3: Burlica2013 (small blind) collected ($2)
Seat 5: blistein (big blind) folded before Flop
Seat 6: iNeverBluff398 folded before Flop (didn't bet)



PokerStars Hand #254294331853:  Hold'em No Limit ($0.50/$1.00 USD) - 2025/01/10 13:18:50 WET [2025/01/10 8:18:50 ET]
Table 'Oberon III' 6-max Seat #3 is the button
Seat 1: scaifey147 ($0 in chips) is sitting out
Seat 2: Joe_Li7 ($112.37 in chips) 
Seat 3: Burlica2013 ($182.35 in chips) 
Seat 5: blistein ($133.92 in chips) 
Seat 6: iNeverBluff398 ($100 in chips) 
blistein: posts small blind $0.50
iNeverBluff398: posts big blind $1
*** HOLE CARDS ***
Joe_Li7: folds 
Burlica2013: raises $1.45 to $2.45
blistein: folds 
iNeverBluff398: folds 
Uncalled bet ($1.45) returned to Burlica2013
Burlica2013 collected $2.50 from pot
Burlica2013: doesn't show hand 
*** SUMMARY ***
Total pot $2.50 | Rake $0 
Seat 1: scaifey147
Seat 2: Joe_Li7 folded before Flop (didn't bet)
Seat 3: Burlica2013 (button) collected ($2.50)
Seat 5: blistein (small blind) folded before Flop
Seat 6: iNeverBluff398 (big blind) folded before Flop



PokerStars Hand #254294333659:  Hold'em No Limit ($0.50/$1.00 USD) - 2025/01/10 13:19:01 WET [2025/01/10 8:19:01 ET]
Table 'Oberon III' 6-max Seat #5 is the button
Seat 1: scaifey147 ($0 in chips) is sitting out
Seat 2: Joe_Li7 ($112.37 in chips) is sitting out
Seat 3: Burlica2013 ($183.85 in chips) 
Seat 5: blistein ($133.42 in chips) 
Seat 6: iNeverBluff398 ($100 in chips) 
iNeverBluff398: posts small blind $0.50
Joe_Li7: is sitting out 
Burlica2013: posts big blind $1
*** HOLE CARDS ***
blistein: folds 
iNeverBluff398: raises $2 to $3
Burlica2013: folds 
Uncalled bet ($2) returned to iNeverBluff398
iNeverBluff398 collected $2 from pot
iNeverBluff398: doesn't show hand 
*** SUMMARY ***
Total pot $2 | Rake $0 
Seat 1: scaifey147
Seat 2: Joe_Li7
Seat 3: Burlica2013 (big blind) folded before Flop
Seat 5: blistein (button) folded before Flop (didn't bet)
Seat 6: iNeverBluff398 (small blind) collected ($2)



PokerStars Hand #254294401826:  Hold'em No Limit ($0.50/$1.00 USD) - 2025/01/10 13:25:47 WET [2025/01/10 8:25:47 ET]
Table 'Oberon III' 6-max Seat #6 is the button
Seat 1: scaifey147 ($0 in chips) is sitting out
Seat 5: erpaye ($156.98 in chips) 
Seat 6: Pe-T ($100 in chips) 
Pe-T: posts small blind $0.50
erpaye: posts big blind $1
*** HOLE CARDS ***
Pe-T: raises $1.50 to $2.50
erpaye: calls $1.50
*** FLOP *** [2s Jd 7c]
erpaye: checks 
Pe-T: bets $1.57
erpaye: calls $1.57
*** TURN *** [2s Jd 7c] [9s]
erpaye: checks 
Pe-T: checks 
*** RIVER *** [2s Jd 7c 9s] [6d]
erpaye: bets $3.09
Pe-T: calls $3.09
*** SHOW DOWN ***
erpaye: shows [7d Qh] (a pair of Sevens)
Pe-T: shows [Ah 7s] (a pair of Sevens - Ace kicker)
Pe-T collected $13.60 from pot
*** SUMMARY ***
Total pot $14.32 | Rake $0.72 
Board [2s Jd 7c 9s 6d]
Seat 1: scaifey147
Seat 5: erpaye (big blind) showed [7d Qh] and lost with a pair of Sevens
Seat 6: Pe-T (button) (small blind) showed [Ah 7s] and won ($13.60) with a pair of Sevens



PokerStars Hand #254294411774:  Hold'em No Limit ($0.50/$1.00 USD) - 2025/01/10 13:26:45 WET [2025/01/10 8:26:45 ET]
Table 'Oberon III' 6-max Seat #5 is the button
Seat 1: scaifey147 ($0 in chips) is sitting out
Seat 5: erpaye ($149.82 in chips) 
Seat 6: Pe-T ($106.44 in chips) 
erpaye: posts small blind $0.50
Pe-T: posts big blind $1
*** HOLE CARDS ***
erpaye: raises $1.20 to $2.20
Pe-T: raises $9.80 to $12
erpaye: folds 
Uncalled bet ($9.80) returned to Pe-T
Pe-T collected $4.40 from pot
*** SUMMARY ***
Total pot $4.40 | Rake $0 
Seat 1: scaifey147
Seat 5: erpaye (button) (small blind) folded before Flop
Seat 6: Pe-T (big blind) collected ($4.40)



PokerStars Hand #254294415382:  Hold'em No Limit ($0.50/$1.00 USD) - 2025/01/10 13:27:07 WET [2025/01/10 8:27:07 ET]
Table 'Oberon III' 6-max Seat #6 is the button
Seat 1: scaifey147 ($0 in chips) is sitting out
Seat 5: erpaye ($147.62 in chips) 
Seat 6: Pe-T ($108.64 in chips) 
Pe-T: posts small blind $0.50
erpaye: posts big blind $1
*** HOLE CARDS ***
Pe-T: raises $1.50 to $2.50
erpaye: raises $7.80 to $10.30
Pe-T: folds 
Uncalled bet ($7.80) returned to erpaye
erpaye collected $5 from pot
erpaye: doesn't show hand 
*** SUMMARY ***
Total pot $5 | Rake $0 
Seat 1: scaifey147
Seat 5: erpaye (big blind) collected ($5)
Seat 6: Pe-T (button) (small blind) folded before Flop



PokerStars Hand #254294418552:  Hold'em No Limit ($0.50/$1.00 USD) - 2025/01/10 13:27:25 WET [2025/01/10 8:27:25 ET]
Table 'Oberon III' 6-max Seat #5 is the button
Seat 1: scaifey147 ($0 in chips) is sitting out
Seat 5: erpaye ($150.12 in chips) 
Seat 6: Pe-T ($106.14 in chips) 
erpaye: posts small blind $0.50
Pe-T: posts big blind $1
*** HOLE CARDS ***
erpaye: raises $1.20 to $2.20
Pe-T: calls $1.20
*** FLOP *** [7h 2h 5s]
Pe-T: checks 
erpaye: bets $2.76
Pe-T: calls $2.76
*** TURN *** [7h 2h 5s] [8c]
Pe-T: checks 
erpaye: checks 
*** RIVER *** [7h 2h 5s 8c] [Th]
Pe-T: bets $6.41
erpaye: folds 
Uncalled bet ($6.41) returned to Pe-T
Pe-T collected $9.42 from pot
*** SUMMARY ***
Total pot $9.92 | Rake $0.50 
Board [7h 2h 5s 8c Th]
Seat 1: scaifey147
Seat 5: erpaye (button) (small blind) folded on the River
Seat 6: Pe-T (big blind) collected ($9.42)



PokerStars Hand #254294428939:  Hold'em No Limit ($0.50/$1.00 USD) - 2025/01/10 13:28:27 WET [2025/01/10 8:28:27 ET]
Table 'Oberon III' 6-max Seat #6 is the button
Seat 1: scaifey147 ($0 in chips) is sitting out
Seat 5: erpaye ($145.16 in chips) 
Seat 6: Pe-T ($110.60 in chips) 
Pe-T: posts small blind $0.50
erpaye: posts big blind $1
*** HOLE CARDS ***
Pe-T: raises $1.50 to $2.50
scaifey147 leaves the table
erpaye: calls $1.50
*** FLOP *** [2h 4d Ks]
erpaye: checks 
Pe-T: bets $1.57
erpaye: calls $1.57
*** TURN *** [2h 4d Ks] [Qc]
erpaye: checks 
Pe-T: checks 
*** RIVER *** [2h 4d Ks Qc] [9h]
erpaye: bets $5.80
Pe-T: calls $5.80
*** SHOW DOWN ***
erpaye: shows [Qh 6d] (a pair of Queens)
Pe-T: shows [Ah Qd] (a pair of Queens - Ace kicker)
Pe-T collected $18.75 from pot
*** SUMMARY ***
Total pot $19.74 | Rake $0.99 
Board [2h 4d Ks Qc 9h]
Seat 1: scaifey147
Seat 5: erpaye (big blind) showed [Qh 6d] and lost with a pair of Queens
Seat 6: Pe-T (button) (small blind) showed [Ah Qd] and won ($18.75) with a pair of Queens



PokerStars Hand #254294440034:  Hold'em No Limit ($0.50/$1.00 USD) - 2025/01/10 13:29:33 WET [2025/01/10 8:29:33 ET]
Table 'Oberon III' 6-max Seat #5 is the button
Seat 5: erpaye ($135.29 in chips) 
Seat 6: Pe-T ($119.48 in chips) 
erpaye: posts small blind $0.50
Pe-T: posts big blind $1
*** HOLE CARDS ***
erpaye: raises $1.20 to $2.20
Pe-T: folds 
Uncalled bet ($1.20) returned to erpaye
erpaye collected $2 from pot
erpaye: doesn't show hand 
*** SUMMARY ***
Total pot $2 | Rake $0 
Seat 5: erpaye (button) (small blind) collected ($2)
Seat 6: Pe-T (big blind) folded before Flop



PokerStars Hand #254294441904:  Hold'em No Limit ($0.50/$1.00 USD) - 2025/01/10 13:29:44 WET [2025/01/10 8:29:44 ET]
Table 'Oberon III' 6-max Seat #6 is the button
Seat 5: erpaye ($136.29 in chips) 
Seat 6: Pe-T ($118.48 in chips) 
Pe-T: posts small blind $0.50
erpaye: posts big blind $1
*** HOLE CARDS ***
Pe-T: raises $1.50 to $2.50
erpaye: calls $1.50
*** FLOP *** [Ac 3s Kh]
erpaye: checks 
Pe-T: bets $1.57
erpaye: folds 
Uncalled bet ($1.57) returned to Pe-T
Pe-T collected $4.75 from pot
*** SUMMARY ***
Total pot $5 | Rake $0.25 
Board [Ac 3s Kh]
Seat 5: erpaye (big blind) folded on the Flop
Seat 6: Pe-T (button) (small blind) collected ($4.75)



PokerStars Hand #254294450016:  Hold'em No Limit ($0.50/$1.00 USD) - 2025/01/10 13:30:31 WET [2025/01/10 8:30:31 ET]
Table 'Oberon III' 6-max Seat #5 is the button
Seat 5: erpaye ($133.79 in chips) 
Seat 6: Pe-T ($120.73 in chips) 
erpaye: posts small blind $0.50
Pe-T: posts big blind $1
*** HOLE CARDS ***
erpaye: raises $1.20 to $2.20
Pe-T: folds 
Uncalled bet ($1.20) returned to erpaye
erpaye collected $2 from pot
erpaye: doesn't show hand 
*** SUMMARY ***
Total pot $2 | Rake $0 
Seat 5: erpaye (button) (small blind) collected ($2)
Seat 6: Pe-T (big blind) folded before Flop



PokerStars Hand #254294451837:  Hold'em No Limit ($0.50/$1.00 USD) - 2025/01/10 13:30:42 WET [2025/01/10 8:30:42 ET]
Table 'Oberon III' 6-max Seat #6 is the button
Seat 5: erpaye ($134.79 in chips) 
Seat 6: Pe-T ($119.73 in chips) 
Pe-T: posts small blind $0.50
erpaye: posts big blind $1
*** HOLE CARDS ***
Pe-T: raises $1.50 to $2.50
erpaye: calls $1.50
*** FLOP *** [2d Ah 4d]
erpaye: checks 
Pe-T: bets $1.57
erpaye: calls $1.57
*** TURN *** [2d Ah 4d] [Jh]
erpaye: checks 
Pe-T: checks 
*** RIVER *** [2d Ah 4d Jh] [Js]
erpaye: checks 
Pe-T: bets $3.79
erpaye: folds 
Uncalled bet ($3.79) returned to Pe-T
Pe-T collected $7.73 from pot
*** SUMMARY ***
Total pot $8.14 | Rake $0.41 
Board [2d Ah 4d Jh Js]
Seat 5: erpaye (big blind) folded on the River
Seat 6: Pe-T (button) (small blind) collected ($7.73)



