PokerStars Hand #254294638682:  Hold'em No Limit ($0.50/$1.00 USD) - 2025/01/10 13:48:22 WET [2025/01/10 8:48:22 ET]
Table 'Clarissa III' 6-max Seat #6 is the button
Seat 5: PhoenixAssassin ($100 in chips) 
Seat 6: Felete1981 ($10 in chips) 
Felete1981: posts small blind $0.50
PhoenixAssassin: posts big blind $1
*** HOLE CARDS ***
Felete1981: calls $0.50
PhoenixAssassin: checks 
*** FLOP *** [Jh 4s 3s]
PhoenixAssassin: bets $1
Felete1981: folds 
Uncalled bet ($1) returned to PhoenixAssassin
PhoenixAssassin collected $1.90 from pot
PhoenixAssassin: doesn't show hand 
*** SUMMARY ***
Total pot $2 | Rake $0.10 
Board [Jh 4s 3s]
Seat 5: PhoenixAssassin (big blind) collected ($1.90)
Seat 6: Felete1981 (button) (small blind) folded on the Flop



PokerStars Hand #254294640965:  Hold'em No Limit ($0.50/$1.00 USD) - 2025/01/10 13:48:35 WET [2025/01/10 8:48:35 ET]
Table 'Clarissa III' 6-max Seat #5 is the button
Seat 5: PhoenixAssassin ($100.90 in chips) 
Seat 6: Felete1981 ($9 in chips) 
PhoenixAssassin: posts small blind $0.50
Felete1981: posts big blind $1
*** HOLE CARDS ***
PhoenixAssassin: folds 
Uncalled bet ($0.50) returned to Felete1981
Felete1981 collected $1 from pot
*** SUMMARY ***
Total pot $1 | Rake $0 
Seat 5: PhoenixAssassin (button) (small blind) folded before Flop
Seat 6: Felete1981 (big blind) collected ($1)



PokerStars Hand #254294642545:  Hold'em No Limit ($0.50/$1.00 USD) - 2025/01/10 13:48:44 WET [2025/01/10 8:48:44 ET]
Table 'Clarissa III' 6-max Seat #6 is the button
Seat 5: PhoenixAssassin ($100.40 in chips) 
Seat 6: Felete1981 ($9.50 in chips) 
Felete1981: posts small blind $0.50
PhoenixAssassin: posts big blind $1
*** HOLE CARDS ***
Felete1981: folds 
Uncalled bet ($0.50) returned to PhoenixAssassin
PhoenixAssassin collected $1 from pot
PhoenixAssassin: doesn't show hand 
*** SUMMARY ***
Total pot $1 | Rake $0 
Seat 5: PhoenixAssassin (big blind) collected ($1)
Seat 6: Felete1981 (button) (small blind) folded before Flop



PokerStars Hand #254294644231:  Hold'em No Limit ($0.50/$1.00 USD) - 2025/01/10 13:48:53 WET [2025/01/10 8:48:53 ET]
Table 'Clarissa III' 6-max Seat #5 is the button
Seat 5: PhoenixAssassin ($100.90 in chips) 
Seat 6: Felete1981 ($9 in chips) 
PhoenixAssassin: posts small blind $0.50
Felete1981: posts big blind $1
*** HOLE CARDS ***
PhoenixAssassin: raises $9 to $10
Felete1981: folds 
Uncalled bet ($9) returned to PhoenixAssassin
PhoenixAssassin collected $2 from pot
PhoenixAssassin: doesn't show hand 
*** SUMMARY ***
Total pot $2 | Rake $0 
Seat 5: PhoenixAssassin (button) (small blind) collected ($2)
Seat 6: Felete1981 (big blind) folded before Flop



PokerStars Hand #254294645736:  Hold'em No Limit ($0.50/$1.00 USD) - 2025/01/10 13:49:02 WET [2025/01/10 8:49:02 ET]
Table 'Clarissa III' 6-max Seat #6 is the button
Seat 5: PhoenixAssassin ($101.90 in chips) 
Seat 6: Felete1981 ($8 in chips) 
Felete1981: posts small blind $0.50
PhoenixAssassin: posts big blind $1
*** HOLE CARDS ***
Felete1981: folds 
Uncalled bet ($0.50) returned to PhoenixAssassin
PhoenixAssassin collected $1 from pot
PhoenixAssassin: doesn't show hand 
*** SUMMARY ***
Total pot $1 | Rake $0 
Seat 5: PhoenixAssassin (big blind) collected ($1)
Seat 6: Felete1981 (button) (small blind) folded before Flop



PokerStars Hand #254294647091:  Hold'em No Limit ($0.50/$1.00 USD) - 2025/01/10 13:49:09 WET [2025/01/10 8:49:09 ET]
Table 'Clarissa III' 6-max Seat #5 is the button
Seat 5: PhoenixAssassin ($102.40 in chips) 
Seat 6: Felete1981 ($7.50 in chips) 
PhoenixAssassin: posts small blind $0.50
Felete1981: posts big blind $1
*** HOLE CARDS ***
PhoenixAssassin: raises $8 to $9
Felete1981: calls $6.50 and is all-in
Uncalled bet ($1.50) returned to PhoenixAssassin
*** FLOP *** [Jd Kh 2d]
*** TURN *** [Jd Kh 2d] [Jh]
*** RIVER *** [Jd Kh 2d Jh] [7h]
*** SHOW DOWN ***
Felete1981: shows [Kd Ts] (two pair, Kings and Jacks)
PhoenixAssassin: shows [5c Ad] (a pair of Jacks)
Felete1981 cashed out the hand for $5.92 | Cash Out Fee $0.12
*** SUMMARY ***
Total pot $15 | Rake $0.75 
Board [Jd Kh 2d Jh 7h]
Seat 5: PhoenixAssassin (button) (small blind) showed [5c Ad] and lost with a pair of Jacks
Seat 6: Felete1981 (big blind) showed [Kd Ts] and won ($14.25) with two pair, Kings and Jacks (pot not awarded as player cashed out)



PokerStars Hand #254294650106:  Hold'em No Limit ($0.50/$1.00 USD) - 2025/01/10 13:49:26 WET [2025/01/10 8:49:26 ET]
Table 'Clarissa III' 6-max Seat #6 is the button
Seat 5: PhoenixAssassin ($100 in chips) 
Seat 6: Felete1981 ($5.92 in chips) 
Felete1981: posts small blind $0.50
PhoenixAssassin: posts big blind $1
*** HOLE CARDS ***
Felete1981: folds 
Uncalled bet ($0.50) returned to PhoenixAssassin
PhoenixAssassin collected $1 from pot
PhoenixAssassin: doesn't show hand 
*** SUMMARY ***
Total pot $1 | Rake $0 
Seat 5: PhoenixAssassin (big blind) collected ($1)
Seat 6: Felete1981 (button) (small blind) folded before Flop



PokerStars Hand #254294651290:  Hold'em No Limit ($0.50/$1.00 USD) - 2025/01/10 13:49:33 WET [2025/01/10 8:49:33 ET]
Table 'Clarissa III' 6-max Seat #5 is the button
Seat 5: PhoenixAssassin ($100.50 in chips) 
Seat 6: Felete1981 ($5.42 in chips) 
PhoenixAssassin: posts small blind $0.50
Felete1981: posts big blind $1
*** HOLE CARDS ***
PhoenixAssassin: raises $8 to $9
Felete1981: folds 
Uncalled bet ($8) returned to PhoenixAssassin
PhoenixAssassin collected $2 from pot
PhoenixAssassin: doesn't show hand 
*** SUMMARY ***
Total pot $2 | Rake $0 
Seat 5: PhoenixAssassin (button) (small blind) collected ($2)
Seat 6: Felete1981 (big blind) folded before Flop



PokerStars Hand #254294655122:  Hold'em No Limit ($0.50/$1.00 USD) - 2025/01/10 13:49:54 WET [2025/01/10 8:49:54 ET]
Table 'Clarissa III' 6-max Seat #6 is the button
Seat 5: PhoenixAssassin ($101.50 in chips) 
Seat 6: Felete1981 ($10.43 in chips) 
Felete1981: posts small blind $0.50
PhoenixAssassin: posts big blind $1
*** HOLE CARDS ***
Felete1981: raises $9.43 to $10.43 and is all-in
PhoenixAssassin: folds 
Uncalled bet ($9.43) returned to Felete1981
Felete1981 collected $2 from pot
*** SUMMARY ***
Total pot $2 | Rake $0 
Seat 5: PhoenixAssassin (big blind) folded before Flop
Seat 6: Felete1981 (button) (small blind) collected ($2)



PokerStars Hand #254294656754:  Hold'em No Limit ($0.50/$1.00 USD) - 2025/01/10 13:50:04 WET [2025/01/10 8:50:04 ET]
Table 'Clarissa III' 6-max Seat #5 is the button
Seat 5: PhoenixAssassin ($100.50 in chips) 
Seat 6: Felete1981 ($11.43 in chips) 
PhoenixAssassin: posts small blind $0.50
Felete1981: posts big blind $1
*** HOLE CARDS ***
PhoenixAssassin: raises $10 to $11
Felete1981: raises $0.43 to $11.43 and is all-in
PhoenixAssassin: calls $0.43
*** FLOP *** [2c 6c 8h]
*** TURN *** [2c 6c 8h] [5s]
*** RIVER *** [2c 6c 8h 5s] [3d]
*** SHOW DOWN ***
Felete1981: shows [Ks 4s] (a straight, Deuce to Six)
PhoenixAssassin: shows [3c Ac] (a pair of Threes)
Felete1981 cashed out the hand for $8.63 | Cash Out Fee $0.18
*** SUMMARY ***
Total pot $22.86 | Rake $1 
Board [2c 6c 8h 5s 3d]
Seat 5: PhoenixAssassin (button) (small blind) showed [3c Ac] and lost with a pair of Threes
Seat 6: Felete1981 (big blind) showed [Ks 4s] and won ($21.86) with a straight, Deuce to Six (pot not awarded as player cashed out)



PokerStars Hand #254294660057:  Hold'em No Limit ($0.50/$1.00 USD) - 2025/01/10 13:50:22 WET [2025/01/10 8:50:22 ET]
Table 'Clarissa III' 6-max Seat #6 is the button
Seat 5: PhoenixAssassin ($100 in chips) 
Seat 6: Felete1981 ($8.63 in chips) 
Felete1981: posts small blind $0.50
PhoenixAssassin: posts big blind $1
*** HOLE CARDS ***
Felete1981: raises $7.63 to $8.63 and is all-in
PhoenixAssassin: folds 
Uncalled bet ($7.63) returned to Felete1981
Felete1981 collected $2 from pot
*** SUMMARY ***
Total pot $2 | Rake $0 
Seat 5: PhoenixAssassin (big blind) folded before Flop
Seat 6: Felete1981 (button) (small blind) collected ($2)



PokerStars Hand #254294661660:  Hold'em No Limit ($0.50/$1.00 USD) - 2025/01/10 13:50:32 WET [2025/01/10 8:50:32 ET]
Table 'Clarissa III' 6-max Seat #5 is the button
Seat 5: PhoenixAssassin ($100 in chips) 
Seat 6: Felete1981 ($9.63 in chips) 
PhoenixAssassin: posts small blind $0.50
Felete1981: posts big blind $1
*** HOLE CARDS ***
PhoenixAssassin: raises $10 to $11
Felete1981: calls $8.63 and is all-in
Uncalled bet ($1.37) returned to PhoenixAssassin
*** FLOP *** [2d 8d 2c]
*** TURN *** [2d 8d 2c] [Qc]
*** RIVER *** [2d 8d 2c Qc] [5c]
*** SHOW DOWN ***
Felete1981: shows [Ac 9s] (a pair of Deuces)
PhoenixAssassin: shows [6h 5h] (two pair, Fives and Deuces)
PhoenixAssassin collected $18.30 from pot
Felete1981 cashed out the hand for $10.40 | Cash Out Fee $0.21
*** SUMMARY ***
Total pot $19.26 | Rake $0.96 
Board [2d 8d 2c Qc 5c]
Seat 5: PhoenixAssassin (button) (small blind) showed [6h 5h] and won ($18.30) with two pair, Fives and Deuces
Seat 6: Felete1981 (big blind) showed [Ac 9s] and lost with a pair of Deuces (cashed out).



PokerStars Hand #254294664793:  Hold'em No Limit ($0.50/$1.00 USD) - 2025/01/10 13:50:49 WET [2025/01/10 8:50:49 ET]
Table 'Clarissa III' 6-max Seat #6 is the button
Seat 5: PhoenixAssassin ($108.67 in chips) 
Seat 6: Felete1981 ($10.40 in chips) 
Felete1981: posts small blind $0.50
PhoenixAssassin: posts big blind $1
*** HOLE CARDS ***
Felete1981: folds 
Uncalled bet ($0.50) returned to PhoenixAssassin
PhoenixAssassin collected $1 from pot
PhoenixAssassin: doesn't show hand 
*** SUMMARY ***
Total pot $1 | Rake $0 
Seat 5: PhoenixAssassin (big blind) collected ($1)
Seat 6: Felete1981 (button) (small blind) folded before Flop



PokerStars Hand #254294666219:  Hold'em No Limit ($0.50/$1.00 USD) - 2025/01/10 13:50:57 WET [2025/01/10 8:50:57 ET]
Table 'Clarissa III' 6-max Seat #5 is the button
Seat 5: PhoenixAssassin ($109.17 in chips) 
Seat 6: Felete1981 ($9.90 in chips) 
PhoenixAssassin: posts small blind $0.50
Felete1981: posts big blind $1
*** HOLE CARDS ***
PhoenixAssassin: raises $10 to $11
Felete1981: calls $8.90 and is all-in
Uncalled bet ($1.10) returned to PhoenixAssassin
*** FLOP *** [6s Qc Td]
*** TURN *** [6s Qc Td] [9h]
*** RIVER *** [6s Qc Td 9h] [9c]
*** SHOW DOWN ***
Felete1981: shows [Jc Ad] (a pair of Nines)
PhoenixAssassin: shows [2c 3c] (a pair of Nines - lower kicker)
Felete1981 cashed out the hand for $11.63 | Cash Out Fee $0.24
*** SUMMARY ***
Total pot $19.80 | Rake $0.99 
Board [6s Qc Td 9h 9c]
Seat 5: PhoenixAssassin (button) (small blind) showed [2c 3c] and lost with a pair of Nines
Seat 6: Felete1981 (big blind) showed [Jc Ad] and won ($18.81) with a pair of Nines (pot not awarded as player cashed out)



PokerStars Hand #254294669505:  Hold'em No Limit ($0.50/$1.00 USD) - 2025/01/10 13:51:16 WET [2025/01/10 8:51:16 ET]
Table 'Clarissa III' 6-max Seat #6 is the button
Seat 5: PhoenixAssassin ($100 in chips) 
Seat 6: Felete1981 ($11.63 in chips) 
Felete1981: posts small blind $0.50
PhoenixAssassin: posts big blind $1
*** HOLE CARDS ***
Felete1981: folds 
Uncalled bet ($0.50) returned to PhoenixAssassin
PhoenixAssassin collected $1 from pot
PhoenixAssassin: doesn't show hand 
*** SUMMARY ***
Total pot $1 | Rake $0 
Seat 5: PhoenixAssassin (big blind) collected ($1)
Seat 6: Felete1981 (button) (small blind) folded before Flop



PokerStars Hand #254294670641:  Hold'em No Limit ($0.50/$1.00 USD) - 2025/01/10 13:51:22 WET [2025/01/10 8:51:22 ET]
Table 'Clarissa III' 6-max Seat #5 is the button
Seat 5: PhoenixAssassin ($100.50 in chips) 
Seat 6: Felete1981 ($11.13 in chips) 
PhoenixAssassin: posts small blind $0.50
Felete1981: posts big blind $1
*** HOLE CARDS ***
PhoenixAssassin: raises $11 to $12
Felete1981: calls $10.13 and is all-in
Uncalled bet ($0.87) returned to PhoenixAssassin
*** FLOP *** [3d 4d 2c]
*** TURN *** [3d 4d 2c] [Ts]
*** RIVER *** [3d 4d 2c Ts] [Ad]
*** SHOW DOWN ***
Felete1981: shows [4s Kh] (a pair of Fours)
PhoenixAssassin: shows [7h Ah] (a pair of Aces)
PhoenixAssassin collected $21.26 from pot
Felete1981 cashed out the hand for $7.19 | Cash Out Fee $0.15
*** SUMMARY ***
Total pot $22.26 | Rake $1 
Board [3d 4d 2c Ts Ad]
Seat 5: PhoenixAssassin (button) (small blind) showed [7h Ah] and won ($21.26) with a pair of Aces
Seat 6: Felete1981 (big blind) showed [4s Kh] and lost with a pair of Fours (cashed out).



PokerStars Hand #254294673535:  Hold'em No Limit ($0.50/$1.00 USD) - 2025/01/10 13:51:39 WET [2025/01/10 8:51:39 ET]
Table 'Clarissa III' 6-max Seat #6 is the button
Seat 5: PhoenixAssassin ($110.63 in chips) 
Seat 6: Felete1981 ($7.19 in chips) 
Felete1981: posts small blind $0.50
PhoenixAssassin: posts big blind $1
*** HOLE CARDS ***
Felete1981: folds 
Uncalled bet ($0.50) returned to PhoenixAssassin
PhoenixAssassin collected $1 from pot
PhoenixAssassin: doesn't show hand 
*** SUMMARY ***
Total pot $1 | Rake $0 
Seat 5: PhoenixAssassin (big blind) collected ($1)
Seat 6: Felete1981 (button) (small blind) folded before Flop



PokerStars Hand #254294674874:  Hold'em No Limit ($0.50/$1.00 USD) - 2025/01/10 13:51:46 WET [2025/01/10 8:51:46 ET]
Table 'Clarissa III' 6-max Seat #5 is the button
Seat 5: PhoenixAssassin ($111.13 in chips) 
Seat 6: Felete1981 ($6.69 in chips) 
PhoenixAssassin: posts small blind $0.50
Felete1981: posts big blind $1
*** HOLE CARDS ***
PhoenixAssassin: raises $8 to $9
Felete1981: calls $5.69 and is all-in
Uncalled bet ($2.31) returned to PhoenixAssassin
*** FLOP *** [Jd 2s 2h]
*** TURN *** [Jd 2s 2h] [Qs]
*** RIVER *** [Jd 2s 2h Qs] [5c]
*** SHOW DOWN ***
Felete1981: shows [3c Qd] (two pair, Queens and Deuces)
PhoenixAssassin: shows [Ah 8s] (a pair of Deuces)
Felete1981 cashed out the hand for $4.51 | Cash Out Fee $0.09
*** SUMMARY ***
Total pot $13.38 | Rake $0.67 
Board [Jd 2s 2h Qs 5c]
Seat 5: PhoenixAssassin (button) (small blind) showed [Ah 8s] and lost with a pair of Deuces
Seat 6: Felete1981 (big blind) showed [3c Qd] and won ($12.71) with two pair, Queens and Deuces (pot not awarded as player cashed out)



PokerStars Hand #254294677831:  Hold'em No Limit ($0.50/$1.00 USD) - 2025/01/10 13:52:03 WET [2025/01/10 8:52:03 ET]
Table 'Clarissa III' 6-max Seat #6 is the button
Seat 5: PhoenixAssassin ($104.44 in chips) 
Seat 6: Felete1981 ($4.51 in chips) 
Felete1981: posts small blind $0.50
PhoenixAssassin: posts big blind $1
*** HOLE CARDS ***
Felete1981: raises $3.51 to $4.51 and is all-in
PhoenixAssassin: folds 
Uncalled bet ($3.51) returned to Felete1981
Felete1981 collected $2 from pot
*** SUMMARY ***
Total pot $2 | Rake $0 
Seat 5: PhoenixAssassin (big blind) folded before Flop
Seat 6: Felete1981 (button) (small blind) collected ($2)



PokerStars Hand #254294679337:  Hold'em No Limit ($0.50/$1.00 USD) - 2025/01/10 13:52:12 WET [2025/01/10 8:52:12 ET]
Table 'Clarissa III' 6-max Seat #5 is the button
Seat 5: PhoenixAssassin ($103.44 in chips) 
Seat 6: Felete1981 ($5.51 in chips) 
PhoenixAssassin: posts small blind $0.50
Felete1981: posts big blind $1
*** HOLE CARDS ***
PhoenixAssassin: folds 
Uncalled bet ($0.50) returned to Felete1981
Felete1981 collected $1 from pot
*** SUMMARY ***
Total pot $1 | Rake $0 
Seat 5: PhoenixAssassin (button) (small blind) folded before Flop
Seat 6: Felete1981 (big blind) collected ($1)



PokerStars Hand #254294680675:  Hold'em No Limit ($0.50/$1.00 USD) - 2025/01/10 13:52:19 WET [2025/01/10 8:52:19 ET]
Table 'Clarissa III' 6-max Seat #6 is the button
Seat 5: PhoenixAssassin ($102.94 in chips) 
Seat 6: Felete1981 ($6.01 in chips) 
Felete1981: posts small blind $0.50
PhoenixAssassin: posts big blind $1
*** HOLE CARDS ***
Felete1981: folds 
Uncalled bet ($0.50) returned to PhoenixAssassin
PhoenixAssassin collected $1 from pot
PhoenixAssassin: doesn't show hand 
*** SUMMARY ***
Total pot $1 | Rake $0 
Seat 5: PhoenixAssassin (big blind) collected ($1)
Seat 6: Felete1981 (button) (small blind) folded before Flop



PokerStars Hand #254294681839:  Hold'em No Limit ($0.50/$1.00 USD) - 2025/01/10 13:52:26 WET [2025/01/10 8:52:26 ET]
Table 'Clarissa III' 6-max Seat #5 is the button
Seat 5: PhoenixAssassin ($103.44 in chips) 
Seat 6: Felete1981 ($5.51 in chips) 
PhoenixAssassin: posts small blind $0.50
Felete1981: posts big blind $1
*** HOLE CARDS ***
PhoenixAssassin: raises $8 to $9
Felete1981: folds 
Uncalled bet ($8) returned to PhoenixAssassin
PhoenixAssassin collected $2 from pot
PhoenixAssassin: doesn't show hand 
*** SUMMARY ***
Total pot $2 | Rake $0 
Seat 5: PhoenixAssassin (button) (small blind) collected ($2)
Seat 6: Felete1981 (big blind) folded before Flop



PokerStars Hand #254294683259:  Hold'em No Limit ($0.50/$1.00 USD) - 2025/01/10 13:52:34 WET [2025/01/10 8:52:34 ET]
Table 'Clarissa III' 6-max Seat #6 is the button
Seat 5: PhoenixAssassin ($104.44 in chips) 
Seat 6: Felete1981 ($4.51 in chips) 
Felete1981: posts small blind $0.50
PhoenixAssassin: posts big blind $1
*** HOLE CARDS ***
Felete1981: raises $3.51 to $4.51 and is all-in
PhoenixAssassin: calls $3.51
*** FLOP *** [Th 8s Kc]
*** TURN *** [Th 8s Kc] [Kd]
*** RIVER *** [Th 8s Kc Kd] [Kh]
*** SHOW DOWN ***
PhoenixAssassin: shows [Ad 4h] (three of a kind, Kings)
Felete1981: shows [Ts Tc] (a full house, Kings full of Tens)
Felete1981 cashed out the hand for $5.90 | Cash Out Fee $0.12
*** SUMMARY ***
Total pot $9.02 | Rake $0.45 
Board [Th 8s Kc Kd Kh]
Seat 5: PhoenixAssassin (big blind) showed [Ad 4h] and lost with three of a kind, Kings
Seat 6: Felete1981 (button) (small blind) showed [Ts Tc] and won ($8.57) with a full house, Kings full of Tens (pot not awarded as player cashed out)



PokerStars Hand #254294686305:  Hold'em No Limit ($0.50/$1.00 USD) - 2025/01/10 13:52:51 WET [2025/01/10 8:52:51 ET]
Table 'Clarissa III' 6-max Seat #5 is the button
Seat 5: PhoenixAssassin ($100 in chips) 
Seat 6: Felete1981 ($5.90 in chips) 
PhoenixAssassin: posts small blind $0.50
Felete1981: posts big blind $1
*** HOLE CARDS ***
PhoenixAssassin: folds 
Uncalled bet ($0.50) returned to Felete1981
Felete1981 collected $1 from pot
*** SUMMARY ***
Total pot $1 | Rake $0 
Seat 5: PhoenixAssassin (button) (small blind) folded before Flop
Seat 6: Felete1981 (big blind) collected ($1)



PokerStars Hand #254294687612:  Hold'em No Limit ($0.50/$1.00 USD) - 2025/01/10 13:52:59 WET [2025/01/10 8:52:59 ET]
Table 'Clarissa III' 6-max Seat #6 is the button
Seat 5: PhoenixAssassin ($100 in chips) 
Seat 6: Felete1981 ($6.40 in chips) 
Felete1981: posts small blind $0.50
PhoenixAssassin: posts big blind $1
*** HOLE CARDS ***
Felete1981: raises $5.40 to $6.40 and is all-in
PhoenixAssassin: calls $5.40
*** FLOP *** [5h 4s Tc]
*** TURN *** [5h 4s Tc] [Qs]
*** RIVER *** [5h 4s Tc Qs] [8d]
*** SHOW DOWN ***
PhoenixAssassin: shows [6s Kh] (high card King)
Felete1981: shows [Qc As] (a pair of Queens)
Felete1981 collected $12.16 from pot
*** SUMMARY ***
Total pot $12.80 | Rake $0.64 
Board [5h 4s Tc Qs 8d]
Seat 5: PhoenixAssassin (big blind) showed [6s Kh] and lost with high card King
Seat 6: Felete1981 (button) (small blind) showed [Qc As] and won ($12.16) with a pair of Queens



PokerStars Hand #254294691282:  Hold'em No Limit ($0.50/$1.00 USD) - 2025/01/10 13:53:20 WET [2025/01/10 8:53:20 ET]
Table 'Clarissa III' 6-max Seat #5 is the button
Seat 5: PhoenixAssassin ($100 in chips) 
Seat 6: Felete1981 ($12.16 in chips) 
Joe_Li7 joins the table at seat #1 
PhoenixAssassin: posts small blind $0.50
Felete1981: posts big blind $1
*** HOLE CARDS ***
PhoenixAssassin: folds 
Uncalled bet ($0.50) returned to Felete1981
Felete1981 collected $1 from pot
*** SUMMARY ***
Total pot $1 | Rake $0 
Seat 5: PhoenixAssassin (button) (small blind) folded before Flop
Seat 6: Felete1981 (big blind) collected ($1)



PokerStars Hand #254294692571:  Hold'em No Limit ($0.50/$1.00 USD) - 2025/01/10 13:53:27 WET [2025/01/10 8:53:27 ET]
Table 'Clarissa III' 6-max Seat #5 is the button
Seat 1: Joe_Li7 ($100 in chips) 
Seat 5: PhoenixAssassin ($100 in chips) 
Seat 6: Felete1981 ($12.66 in chips) 
Felete1981: posts small blind $0.50
Joe_Li7: posts big blind $1
*** HOLE CARDS ***
PhoenixAssassin: folds 
Felete1981: folds 
Uncalled bet ($0.50) returned to Joe_Li7
Joe_Li7 collected $1 from pot
*** SUMMARY ***
Total pot $1 | Rake $0 
Seat 1: Joe_Li7 (big blind) collected ($1)
Seat 5: PhoenixAssassin (button) folded before Flop (didn't bet)
Seat 6: Felete1981 (small blind) folded before Flop



PokerStars Hand #254294694054:  Hold'em No Limit ($0.50/$1.00 USD) - 2025/01/10 13:53:36 WET [2025/01/10 8:53:36 ET]
Table 'Clarissa III' 6-max Seat #6 is the button
Seat 1: Joe_Li7 ($100.50 in chips) 
Seat 5: PhoenixAssassin ($100 in chips) 
Seat 6: Felete1981 ($12.16 in chips) 
Joe_Li7: posts small blind $0.50
PhoenixAssassin: posts big blind $1
*** HOLE CARDS ***
Felete1981: folds 
Joe_Li7: raises $2 to $3
PhoenixAssassin: folds 
Uncalled bet ($2) returned to Joe_Li7
Joe_Li7 collected $2 from pot
*** SUMMARY ***
Total pot $2 | Rake $0 
Seat 1: Joe_Li7 (small blind) collected ($2)
Seat 5: PhoenixAssassin (big blind) folded before Flop
Seat 6: Felete1981 (button) folded before Flop (didn't bet)



PokerStars Hand #254294696139:  Hold'em No Limit ($0.50/$1.00 USD) - 2025/01/10 13:53:47 WET [2025/01/10 8:53:47 ET]
Table 'Clarissa III' 6-max Seat #1 is the button
Seat 1: Joe_Li7 ($101.50 in chips) 
Seat 5: PhoenixAssassin ($100 in chips) 
Seat 6: Felete1981 ($12.16 in chips) 
PhoenixAssassin: posts small blind $0.50
Felete1981: posts big blind $1
*** HOLE CARDS ***
Joe_Li7: raises $1 to $2
PhoenixAssassin: folds 
Felete1981: calls $1
*** FLOP *** [8c 6d Ad]
Felete1981: checks 
Joe_Li7: checks 
*** TURN *** [8c 6d Ad] [2h]
Felete1981: bets $1.14
Joe_Li7: raises $2.16 to $3.30
Felete1981: folds 
Uncalled bet ($2.16) returned to Joe_Li7
Joe_Li7 collected $6.44 from pot
*** SUMMARY ***
Total pot $6.78 | Rake $0.34 
Board [8c 6d Ad 2h]
Seat 1: Joe_Li7 (button) collected ($6.44)
Seat 5: PhoenixAssassin (small blind) folded before Flop
Seat 6: Felete1981 (big blind) folded on the Turn



PokerStars Hand #254294707610:  Hold'em No Limit ($0.50/$1.00 USD) - 2025/01/10 13:54:53 WET [2025/01/10 8:54:53 ET]
Table 'Clarissa III' 6-max Seat #5 is the button
Seat 1: Joe_Li7 ($104.80 in chips) 
Seat 5: PhoenixAssassin ($100 in chips) 
Seat 6: Felete1981 ($9.02 in chips) 
Felete1981: posts small blind $0.50
Joe_Li7: posts big blind $1
*** HOLE CARDS ***
PhoenixAssassin: folds 
Felete1981: calls $0.50
Joe_Li7: checks 
*** FLOP *** [6h 9c 8s]
Felete1981: bets $1.90
Joe_Li7: calls $1.90
*** TURN *** [6h 9c 8s] [Qc]
Felete1981: bets $1
Joe_Li7: folds 
Uncalled bet ($1) returned to Felete1981
Felete1981 collected $5.51 from pot
*** SUMMARY ***
Total pot $5.80 | Rake $0.29 
Board [6h 9c 8s Qc]
Seat 1: Joe_Li7 (big blind) folded on the Turn
Seat 5: PhoenixAssassin (button) folded before Flop (didn't bet)
Seat 6: Felete1981 (small blind) collected ($5.51)



PokerStars Hand #254294714777:  Hold'em No Limit ($0.50/$1.00 USD) - 2025/01/10 13:55:41 WET [2025/01/10 8:55:41 ET]
Table 'Clarissa III' 6-max Seat #6 is the button
Seat 1: Joe_Li7 ($101.90 in chips) 
Seat 5: PhoenixAssassin ($100 in chips) 
Seat 6: Felete1981 ($11.63 in chips) 
Joe_Li7: posts small blind $0.50
PhoenixAssassin: posts big blind $1
*** HOLE CARDS ***
Felete1981: calls $1
Joe_Li7: folds 
PhoenixAssassin: raises $12 to $13
Felete1981: folds 
Uncalled bet ($12) returned to PhoenixAssassin
PhoenixAssassin collected $2.50 from pot
PhoenixAssassin: doesn't show hand 
*** SUMMARY ***
Total pot $2.50 | Rake $0 
Seat 1: Joe_Li7 (small blind) folded before Flop
Seat 5: PhoenixAssassin (big blind) collected ($2.50)
Seat 6: Felete1981 (button) folded before Flop



PokerStars Hand #254294716734:  Hold'em No Limit ($0.50/$1.00 USD) - 2025/01/10 13:55:55 WET [2025/01/10 8:55:55 ET]
Table 'Clarissa III' 6-max Seat #1 is the button
Seat 1: Joe_Li7 ($101.40 in chips) 
Seat 5: PhoenixAssassin ($101.50 in chips) 
Seat 6: Felete1981 ($10.63 in chips) 
PhoenixAssassin: posts small blind $0.50
Felete1981: posts big blind $1
*** HOLE CARDS ***
Joe_Li7: raises $1 to $2
PhoenixAssassin: folds 
Felete1981: folds 
Uncalled bet ($1) returned to Joe_Li7
Joe_Li7 collected $2.50 from pot
*** SUMMARY ***
Total pot $2.50 | Rake $0 
Seat 1: Joe_Li7 (button) collected ($2.50)
Seat 5: PhoenixAssassin (small blind) folded before Flop
Seat 6: Felete1981 (big blind) folded before Flop



PokerStars Hand #254294719800:  Hold'em No Limit ($0.50/$1.00 USD) - 2025/01/10 13:56:17 WET [2025/01/10 8:56:17 ET]
Table 'Clarissa III' 6-max Seat #5 is the button
Seat 1: Joe_Li7 ($102.90 in chips) 
Seat 5: PhoenixAssassin ($101 in chips) 
Seat 6: Felete1981 ($9.63 in chips) 
Felete1981: posts small blind $0.50
Joe_Li7: posts big blind $1
*** HOLE CARDS ***
PhoenixAssassin: raises $1.50 to $2.50
Felete1981: folds 
Joe_Li7: folds 
Uncalled bet ($1.50) returned to PhoenixAssassin
PhoenixAssassin collected $2.50 from pot
PhoenixAssassin: doesn't show hand 
*** SUMMARY ***
Total pot $2.50 | Rake $0 
Seat 1: Joe_Li7 (big blind) folded before Flop
Seat 5: PhoenixAssassin (button) collected ($2.50)
Seat 6: Felete1981 (small blind) folded before Flop



PokerStars Hand #254294721360:  Hold'em No Limit ($0.50/$1.00 USD) - 2025/01/10 13:56:28 WET [2025/01/10 8:56:28 ET]
Table 'Clarissa III' 6-max Seat #6 is the button
Seat 1: Joe_Li7 ($101.90 in chips) 
Seat 5: PhoenixAssassin ($102.50 in chips) 
Seat 6: Felete1981 ($9.13 in chips) 
Joe_Li7: posts small blind $0.50
PhoenixAssassin: posts big blind $1
*** HOLE CARDS ***
Felete1981: raises $8.13 to $9.13 and is all-in
Joe_Li7: folds 
PhoenixAssassin: folds 
Uncalled bet ($8.13) returned to Felete1981
Felete1981 collected $2.50 from pot
*** SUMMARY ***
Total pot $2.50 | Rake $0 
Seat 1: Joe_Li7 (small blind) folded before Flop
Seat 5: PhoenixAssassin (big blind) folded before Flop
Seat 6: Felete1981 (button) collected ($2.50)



PokerStars Hand #254294723551:  Hold'em No Limit ($0.50/$1.00 USD) - 2025/01/10 13:56:44 WET [2025/01/10 8:56:44 ET]
Table 'Clarissa III' 6-max Seat #1 is the button
Seat 1: Joe_Li7 ($101.40 in chips) 
Seat 5: PhoenixAssassin ($101.50 in chips) 
Seat 6: Felete1981 ($10.63 in chips) 
PhoenixAssassin: posts small blind $0.50
Felete1981: posts big blind $1
*** HOLE CARDS ***
Joe_Li7: folds 
PhoenixAssassin: folds 
Uncalled bet ($0.50) returned to Felete1981
Felete1981 collected $1 from pot
*** SUMMARY ***
Total pot $1 | Rake $0 
Seat 1: Joe_Li7 (button) folded before Flop (didn't bet)
Seat 5: PhoenixAssassin (small blind) folded before Flop
Seat 6: Felete1981 (big blind) collected ($1)



PokerStars Hand #254294725055:  Hold'em No Limit ($0.50/$1.00 USD) - 2025/01/10 13:56:54 WET [2025/01/10 8:56:54 ET]
Table 'Clarissa III' 6-max Seat #5 is the button
Seat 1: Joe_Li7 ($101.40 in chips) 
Seat 5: PhoenixAssassin ($101 in chips) 
Seat 6: Felete1981 ($11.13 in chips) 
Felete1981: posts small blind $0.50
Joe_Li7: posts big blind $1
*** HOLE CARDS ***
PhoenixAssassin: raises $1.20 to $2.20
Felete1981: folds 
Joe_Li7: calls $1.20
*** FLOP *** [9h As 6s]
Onnofrio joins the table at seat #2 
Onnofrio is disconnected 
Joe_Li7: checks 
PhoenixAssassin: bets $1.54
mr.Jckpot joins the table at seat #4 
Gfoer joins the table at seat #3 
Joe_Li7: raises $5.81 to $7.35
PhoenixAssassin: calls $5.81
*** TURN *** [9h As 6s] [Jc]
Joe_Li7: checks 
PhoenixAssassin: bets $12.29
Joe_Li7: raises $17.29 to $29.58
PhoenixAssassin: calls $17.29
*** RIVER *** [9h As 6s Jc] [Qc]
Joe_Li7: bets $62.27 and is all-in
PhoenixAssassin: folds 
Uncalled bet ($62.27) returned to Joe_Li7
Joe_Li7 collected $77.76 from pot
*** SUMMARY ***
Total pot $78.76 | Rake $1 
Board [9h As 6s Jc Qc]
Seat 1: Joe_Li7 (big blind) collected ($77.76)
Seat 5: PhoenixAssassin (button) folded on the River
Seat 6: Felete1981 (small blind) folded before Flop



PokerStars Hand #254294747033:  Hold'em No Limit ($0.50/$1.00 USD) - 2025/01/10 13:59:33 WET [2025/01/10 8:59:33 ET]
Table 'Clarissa III' 6-max Seat #6 is the button
Seat 3: Gfoer ($100 in chips) is sitting out
Seat 4: mr.Jckpot ($100 in chips) is sitting out
Seat 1: Joe_Li7 ($140.03 in chips) 
Seat 2: Onnofrio ($100 in chips) 
Seat 5: PhoenixAssassin ($100 in chips) 
Seat 6: Felete1981 ($10.63 in chips) 
Joe_Li7: posts small blind $0.50
Onnofrio: posts big blind $1
Gfoer: sits out 
mr.Jckpot: sits out 
*** HOLE CARDS ***
PhoenixAssassin: folds 
Felete1981: raises $9.63 to $10.63 and is all-in
Joe_Li7: folds 
Onnofrio: folds 
Uncalled bet ($9.63) returned to Felete1981
Felete1981 collected $2.50 from pot
*** SUMMARY ***
Total pot $2.50 | Rake $0 
Seat 3: Gfoer
Seat 4: mr.Jckpot
Seat 1: Joe_Li7 (small blind) folded before Flop
Seat 2: Onnofrio (big blind) folded before Flop
Seat 5: PhoenixAssassin folded before Flop (didn't bet)
Seat 6: Felete1981 (button) collected ($2.50)



PokerStars Hand #254294750119:  Hold'em No Limit ($0.50/$1.00 USD) - 2025/01/10 13:59:55 WET [2025/01/10 8:59:55 ET]
Table 'Clarissa III' 6-max Seat #1 is the button
Seat 4: mr.Jckpot ($100 in chips) is sitting out
Seat 1: Joe_Li7 ($139.53 in chips) 
Seat 2: Onnofrio ($99 in chips) 
Seat 3: Gfoer ($100 in chips) 
Seat 5: PhoenixAssassin ($100 in chips) 
Seat 6: Felete1981 ($12.13 in chips) 
Onnofrio: posts small blind $0.50
Gfoer: posts big blind $1
mr.Jckpot: sits out 
*** HOLE CARDS ***
PhoenixAssassin: folds 
Felete1981: folds 
Joe_Li7: raises $1.50 to $2.50
Onnofrio: folds 
Gfoer: calls $1.50
*** FLOP *** [5h Jh Jc]
Gfoer: checks 
Joe_Li7: bets $1.31
Gfoer: calls $1.31
*** TURN *** [5h Jh Jc] [Jd]
Gfoer: checks 
PhoenixAssassin is disconnected 
Joe_Li7: bets $7.71
Gfoer: folds 
Uncalled bet ($7.71) returned to Joe_Li7
Joe_Li7 collected $7.71 from pot
*** SUMMARY ***
Total pot $8.12 | Rake $0.41 
Board [5h Jh Jc Jd]
Seat 4: mr.Jckpot
Seat 1: Joe_Li7 (button) collected ($7.71)
Seat 2: Onnofrio (small blind) folded before Flop
Seat 3: Gfoer (big blind) folded on the Turn
Seat 5: PhoenixAssassin folded before Flop (didn't bet)
Seat 6: Felete1981 folded before Flop (didn't bet)



PokerStars Hand #254294760002:  Hold'em No Limit ($0.50/$1.00 USD) - 2025/01/10 14:01:01 WET [2025/01/10 9:01:01 ET]
Table 'Clarissa III' 6-max Seat #2 is the button
Seat 1: Joe_Li7 ($143.43 in chips) 
Seat 2: Onnofrio ($98.50 in chips) 
Seat 3: Gfoer ($100 in chips) 
Seat 4: mr.Jckpot ($100 in chips) 
Seat 5: PhoenixAssassin ($100 in chips) 
Seat 6: Felete1981 ($12.13 in chips) 
Gfoer: posts small blind $0.50
mr.Jckpot: posts big blind $1
*** HOLE CARDS ***
PhoenixAssassin is connected 
PhoenixAssassin: folds 
Felete1981: folds 
Joe_Li7: raises $1.20 to $2.20
Onnofrio: folds 
Gfoer: folds 
mr.Jckpot: folds 
Uncalled bet ($1.20) returned to Joe_Li7
Joe_Li7 collected $2.50 from pot
*** SUMMARY ***
Total pot $2.50 | Rake $0 
Seat 1: Joe_Li7 collected ($2.50)
Seat 2: Onnofrio (button) folded before Flop (didn't bet)
Seat 3: Gfoer (small blind) folded before Flop
Seat 4: mr.Jckpot (big blind) folded before Flop
Seat 5: PhoenixAssassin folded before Flop (didn't bet)
Seat 6: Felete1981 folded before Flop (didn't bet)



PokerStars Hand #254294761784:  Hold'em No Limit ($0.50/$1.00 USD) - 2025/01/10 14:01:12 WET [2025/01/10 9:01:12 ET]
Table 'Clarissa III' 6-max Seat #3 is the button
Seat 5: PhoenixAssassin ($100 in chips) is sitting out
Seat 1: Joe_Li7 ($144.93 in chips) 
Seat 2: Onnofrio ($98.50 in chips) 
Seat 3: Gfoer ($100 in chips) 
Seat 4: mr.Jckpot ($100 in chips) 
Seat 6: Felete1981 ($12.13 in chips) 
mr.Jckpot: posts small blind $0.50
PhoenixAssassin has timed out
PhoenixAssassin: is sitting out 
Felete1981: posts big blind $1
*** HOLE CARDS ***
Joe_Li7: folds 
Onnofrio: folds 
Gfoer: raises $1 to $2
mr.Jckpot: folds 
Felete1981: calls $1
*** FLOP *** [As Ah 5s]
Felete1981: checks 
Gfoer: bets $3.21
Felete1981: raises $6.92 to $10.13 and is all-in
Gfoer: folds 
Uncalled bet ($6.92) returned to Felete1981
Felete1981 collected $10.37 from pot
*** SUMMARY ***
Total pot $10.92 | Rake $0.55 
Board [As Ah 5s]
Seat 5: PhoenixAssassin
Seat 1: Joe_Li7 folded before Flop (didn't bet)
Seat 2: Onnofrio folded before Flop (didn't bet)
Seat 3: Gfoer (button) folded on the Flop
Seat 4: mr.Jckpot (small blind) folded before Flop
Seat 6: Felete1981 (big blind) collected ($10.37)



PokerStars Hand #254294768491:  Hold'em No Limit ($0.50/$1.00 USD) - 2025/01/10 14:01:51 WET [2025/01/10 9:01:51 ET]
Table 'Clarissa III' 6-max Seat #4 is the button
Seat 5: PhoenixAssassin ($100 in chips) is sitting out
Seat 1: Joe_Li7 ($144.93 in chips) 
Seat 2: Onnofrio ($98.50 in chips) 
Seat 3: Gfoer ($100 in chips) 
Seat 4: mr.Jckpot ($100 in chips) 
Seat 6: Felete1981 ($17.29 in chips) 
Felete1981: posts small blind $0.50
Joe_Li7: posts big blind $1
*** HOLE CARDS ***
Onnofrio: folds 
Gfoer: folds 
mr.Jckpot: folds 
Felete1981: folds 
Uncalled bet ($0.50) returned to Joe_Li7
Joe_Li7 collected $1 from pot
*** SUMMARY ***
Total pot $1 | Rake $0 
Seat 5: PhoenixAssassin
Seat 1: Joe_Li7 (big blind) collected ($1)
Seat 2: Onnofrio folded before Flop (didn't bet)
Seat 3: Gfoer folded before Flop (didn't bet)
Seat 4: mr.Jckpot (button) folded before Flop (didn't bet)
Seat 6: Felete1981 (small blind) folded before Flop



PokerStars Hand #254294773164:  Hold'em No Limit ($0.50/$1.00 USD) - 2025/01/10 14:02:19 WET [2025/01/10 9:02:19 ET]
Table 'Clarissa III' 6-max Seat #6 is the button
Seat 5: PhoenixAssassin ($100 in chips) is sitting out
Seat 1: Joe_Li7 ($145.43 in chips) 
Seat 2: Onnofrio ($98.50 in chips) 
Seat 3: Gfoer ($100 in chips) 
Seat 4: mr.Jckpot ($100 in chips) 
Seat 6: Felete1981 ($16.79 in chips) 
Joe_Li7: posts small blind $0.50
Onnofrio: posts big blind $1
PhoenixAssassin: sits out 
*** HOLE CARDS ***
Gfoer: folds 
mr.Jckpot: folds 
Felete1981: raises $15.79 to $16.79 and is all-in
Joe_Li7: folds 
Onnofrio: folds 
Uncalled bet ($15.79) returned to Felete1981
Felete1981 collected $2.50 from pot
*** SUMMARY ***
Total pot $2.50 | Rake $0 
Seat 5: PhoenixAssassin
Seat 1: Joe_Li7 (small blind) folded before Flop
Seat 2: Onnofrio (big blind) folded before Flop
Seat 3: Gfoer folded before Flop (didn't bet)
Seat 4: mr.Jckpot folded before Flop (didn't bet)
Seat 6: Felete1981 (button) collected ($2.50)



PokerStars Hand #254294776427:  Hold'em No Limit ($0.50/$1.00 USD) - 2025/01/10 14:02:38 WET [2025/01/10 9:02:38 ET]
Table 'Clarissa III' 6-max Seat #1 is the button
Seat 3: Gfoer ($100 in chips) is sitting out
Seat 5: PhoenixAssassin ($100 in chips) is sitting out
Seat 1: Joe_Li7 ($144.93 in chips) 
Seat 2: Onnofrio ($97.50 in chips) 
Seat 4: mr.Jckpot ($100 in chips) 
Seat 6: Felete1981 ($18.29 in chips) 
Onnofrio: posts small blind $0.50
Gfoer: is sitting out 
mr.Jckpot: posts big blind $1
PhoenixAssassin: sits out 
*** HOLE CARDS ***
Gfoer leaves the table
Felete1981: folds 
Joe_Li7: folds 
Onnofrio: folds 
Uncalled bet ($0.50) returned to mr.Jckpot
mr.Jckpot collected $1 from pot
mr.Jckpot: doesn't show hand 
GuigaMan joins the table at seat #3 
*** SUMMARY ***
Total pot $1 | Rake $0 
Seat 3: Gfoer
Seat 5: PhoenixAssassin
Seat 1: Joe_Li7 (button) folded before Flop (didn't bet)
Seat 2: Onnofrio (small blind) folded before Flop
Seat 4: mr.Jckpot (big blind) collected ($1)
Seat 6: Felete1981 folded before Flop (didn't bet)



PokerStars Hand #254294778111:  Hold'em No Limit ($0.50/$1.00 USD) - 2025/01/10 14:02:48 WET [2025/01/10 9:02:48 ET]
Table 'Clarissa III' 6-max Seat #2 is the button
Seat 3: GuigaMan ($100 in chips) is sitting out
Seat 1: Joe_Li7 ($144.93 in chips) 
Seat 2: Onnofrio ($97 in chips) 
Seat 4: mr.Jckpot ($100.50 in chips) 
Seat 5: PhoenixAssassin ($100 in chips) 
Seat 6: Felete1981 ($18.29 in chips) 
mr.Jckpot: posts small blind $0.50
PhoenixAssassin: posts big blind $1
*** HOLE CARDS ***
Felete1981: calls $1
Joe_Li7: folds 
Onnofrio: folds 
mr.Jckpot: raises $2.50 to $3.50
PhoenixAssassin: folds 
Felete1981: calls $2.50
*** FLOP *** [4c Qc Ts]
mr.Jckpot: checks 
Felete1981: checks 
*** TURN *** [4c Qc Ts] [Ac]
mr.Jckpot: checks 
Felete1981: checks 
*** RIVER *** [4c Qc Ts Ac] [2d]
mr.Jckpot: checks 
Felete1981: checks 
*** SHOW DOWN ***
mr.Jckpot: shows [8c 8d] (a pair of Eights)
Felete1981: shows [Ah Jd] (a pair of Aces)
Felete1981 collected $7.60 from pot
*** SUMMARY ***
Total pot $8 | Rake $0.40 
Board [4c Qc Ts Ac 2d]
Seat 3: GuigaMan
Seat 1: Joe_Li7 folded before Flop (didn't bet)
Seat 2: Onnofrio (button) folded before Flop (didn't bet)
Seat 4: mr.Jckpot (small blind) showed [8c 8d] and lost with a pair of Eights
Seat 5: PhoenixAssassin (big blind) folded before Flop
Seat 6: Felete1981 showed [Ah Jd] and won ($7.60) with a pair of Aces



PokerStars Hand #254294785260:  Hold'em No Limit ($0.50/$1.00 USD) - 2025/01/10 14:03:29 WET [2025/01/10 9:03:29 ET]
Table 'Clarissa III' 6-max Seat #4 is the button
Seat 3: GuigaMan ($100 in chips) is sitting out
Seat 1: Joe_Li7 ($144.93 in chips) 
Seat 2: Onnofrio ($97 in chips) 
Seat 4: mr.Jckpot ($100 in chips) 
Seat 5: PhoenixAssassin ($99 in chips) 
Seat 6: Felete1981 ($22.39 in chips) 
PhoenixAssassin: posts small blind $0.50
Felete1981: posts big blind $1
GuigaMan: sits out 
*** HOLE CARDS ***
Joe_Li7: folds 
Onnofrio: calls $1
mr.Jckpot: raises $4 to $5
PhoenixAssassin: folds 
Felete1981: folds 
Onnofrio: folds 
Uncalled bet ($4) returned to mr.Jckpot
mr.Jckpot collected $3.50 from pot
mr.Jckpot: doesn't show hand 
*** SUMMARY ***
Total pot $3.50 | Rake $0 
Seat 3: GuigaMan
Seat 1: Joe_Li7 folded before Flop (didn't bet)
Seat 2: Onnofrio folded before Flop
Seat 4: mr.Jckpot (button) collected ($3.50)
Seat 5: PhoenixAssassin (small blind) folded before Flop
Seat 6: Felete1981 (big blind) folded before Flop



PokerStars Hand #254294791980:  Hold'em No Limit ($0.50/$1.00 USD) - 2025/01/10 14:04:08 WET [2025/01/10 9:04:08 ET]
Table 'Clarissa III' 6-max Seat #5 is the button
Seat 3: GuigaMan ($100 in chips) is sitting out
Seat 1: Joe_Li7 ($144.93 in chips) 
Seat 2: Onnofrio ($96 in chips) 
Seat 4: mr.Jckpot ($102.50 in chips) 
Seat 5: PhoenixAssassin ($100 in chips) 
Seat 6: Felete1981 ($21.39 in chips) 
Felete1981: posts small blind $0.50
Joe_Li7: posts big blind $1
GuigaMan: sits out 
*** HOLE CARDS ***
Onnofrio: folds 
mr.Jckpot: folds 
PhoenixAssassin: folds 
Felete1981: calls $0.50
Joe_Li7: checks 
*** FLOP *** [6s Jd 4h]
Felete1981: bets $1
Joe_Li7: raises $2.46 to $3.46
Felete1981: folds 
Uncalled bet ($2.46) returned to Joe_Li7
Joe_Li7 collected $3.80 from pot
*** SUMMARY ***
Total pot $4 | Rake $0.20 
Board [6s Jd 4h]
Seat 3: GuigaMan
Seat 1: Joe_Li7 (big blind) collected ($3.80)
Seat 2: Onnofrio folded before Flop (didn't bet)
Seat 4: mr.Jckpot folded before Flop (didn't bet)
Seat 5: PhoenixAssassin (button) folded before Flop (didn't bet)
Seat 6: Felete1981 (small blind) folded on the Flop



PokerStars Hand #254294800257:  Hold'em No Limit ($0.50/$1.00 USD) - 2025/01/10 14:04:55 WET [2025/01/10 9:04:55 ET]
Table 'Clarissa III' 6-max Seat #6 is the button
Seat 3: GuigaMan ($100 in chips) is sitting out
Seat 1: Joe_Li7 ($146.73 in chips) 
Seat 2: Onnofrio ($96 in chips) 
Seat 4: mr.Jckpot ($102.50 in chips) 
Seat 5: PhoenixAssassin ($100 in chips) 
Seat 6: Felete1981 ($19.39 in chips) 
Joe_Li7: posts small blind $0.50
Onnofrio: posts big blind $1
GuigaMan: sits out 
*** HOLE CARDS ***
mr.Jckpot: folds 
PhoenixAssassin: folds 
Felete1981: calls $1
Joe_Li7: calls $0.50
Onnofrio: checks 
*** FLOP *** [Qd 8h 4s]
Joe_Li7: checks 
Onnofrio: checks 
Felete1981: bets $1
Joe_Li7: calls $1
Onnofrio: folds 
*** TURN *** [Qd 8h 4s] [5s]
Joe_Li7: bets $1.57
Felete1981: calls $1.57
*** RIVER *** [Qd 8h 4s 5s] [9h]
Joe_Li7: bets $1.55
Felete1981: calls $1.55
*** SHOW DOWN ***
Joe_Li7: shows [Qh 6h] (a pair of Queens)
Felete1981: mucks hand 
Joe_Li7 collected $10.68 from pot
*** SUMMARY ***
Total pot $11.24 | Rake $0.56 
Board [Qd 8h 4s 5s 9h]
Seat 3: GuigaMan
Seat 1: Joe_Li7 (small blind) showed [Qh 6h] and won ($10.68) with a pair of Queens
Seat 2: Onnofrio (big blind) folded on the Flop
Seat 4: mr.Jckpot folded before Flop (didn't bet)
Seat 5: PhoenixAssassin folded before Flop (didn't bet)
Seat 6: Felete1981 (button) mucked



PokerStars Hand #254294813222:  Hold'em No Limit ($0.50/$1.00 USD) - 2025/01/10 14:06:10 WET [2025/01/10 9:06:10 ET]
Table 'Clarissa III' 6-max Seat #1 is the button
Seat 1: Joe_Li7 ($152.29 in chips) 
Seat 2: Onnofrio ($95 in chips) 
Seat 3: GuigaMan ($100 in chips) 
Seat 4: mr.Jckpot ($102.50 in chips) 
Seat 5: PhoenixAssassin ($100 in chips) 
Seat 6: Felete1981 ($14.27 in chips) 
Onnofrio: posts small blind $0.50
GuigaMan: posts big blind $1
*** HOLE CARDS ***
mr.Jckpot: folds 
PhoenixAssassin: raises $1.20 to $2.20
Felete1981: folds 
Joe_Li7: folds 
Onnofrio: calls $1.70
GuigaMan: folds 
*** FLOP *** [8s Qs 5c]
Onnofrio: checks 
PhoenixAssassin: bets $1.69
Onnofrio: folds 
Uncalled bet ($1.69) returned to PhoenixAssassin
PhoenixAssassin collected $5.13 from pot
PhoenixAssassin: doesn't show hand 
*** SUMMARY ***
Total pot $5.40 | Rake $0.27 
Board [8s Qs 5c]
Seat 1: Joe_Li7 (button) folded before Flop (didn't bet)
Seat 2: Onnofrio (small blind) folded on the Flop
Seat 3: GuigaMan (big blind) folded before Flop
Seat 4: mr.Jckpot folded before Flop (didn't bet)
Seat 5: PhoenixAssassin collected ($5.13)
Seat 6: Felete1981 folded before Flop (didn't bet)



PokerStars Hand #254294817582:  Hold'em No Limit ($0.50/$1.00 USD) - 2025/01/10 14:06:35 WET [2025/01/10 9:06:35 ET]
Table 'Clarissa III' 6-max Seat #2 is the button
Seat 1: Joe_Li7 ($152.29 in chips) 
Seat 2: Onnofrio ($92.80 in chips) 
Seat 3: GuigaMan ($100 in chips) 
Seat 4: mr.Jckpot ($102.50 in chips) 
Seat 5: PhoenixAssassin ($102.93 in chips) 
Seat 6: Felete1981 ($14.27 in chips) 
GuigaMan: posts small blind $0.50
mr.Jckpot: posts big blind $1
*** HOLE CARDS ***
PhoenixAssassin: folds 
Felete1981: folds 
Joe_Li7: folds 
Onnofrio: folds 
GuigaMan: raises $2 to $3
mr.Jckpot: folds 
Uncalled bet ($2) returned to GuigaMan
GuigaMan collected $2 from pot
GuigaMan: doesn't show hand 
*** SUMMARY ***
Total pot $2 | Rake $0 
Seat 1: Joe_Li7 folded before Flop (didn't bet)
Seat 2: Onnofrio (button) folded before Flop (didn't bet)
Seat 3: GuigaMan (small blind) collected ($2)
Seat 4: mr.Jckpot (big blind) folded before Flop
Seat 5: PhoenixAssassin folded before Flop (didn't bet)
Seat 6: Felete1981 folded before Flop (didn't bet)



PokerStars Hand #254294821257:  Hold'em No Limit ($0.50/$1.00 USD) - 2025/01/10 14:06:55 WET [2025/01/10 9:06:55 ET]
Table 'Clarissa III' 6-max Seat #3 is the button
Seat 1: Joe_Li7 ($152.29 in chips) 
Seat 2: Onnofrio ($92.80 in chips) 
Seat 3: GuigaMan ($101 in chips) 
Seat 4: mr.Jckpot ($101.50 in chips) 
Seat 5: PhoenixAssassin ($102.93 in chips) 
Seat 6: Felete1981 ($14.27 in chips) 
mr.Jckpot: posts small blind $0.50
PhoenixAssassin: posts big blind $1
*** HOLE CARDS ***
Felete1981: folds 
Joe_Li7: raises $1.20 to $2.20
Onnofrio: calls $2.20
GuigaMan: raises $6.80 to $9
mr.Jckpot: folds 
PhoenixAssassin: folds 
Joe_Li7: folds 
Onnofrio: folds 
Uncalled bet ($6.80) returned to GuigaMan
GuigaMan collected $8.10 from pot
GuigaMan: doesn't show hand 
*** SUMMARY ***
Total pot $8.10 | Rake $0 
Seat 1: Joe_Li7 folded before Flop
Seat 2: Onnofrio folded before Flop
Seat 3: GuigaMan (button) collected ($8.10)
Seat 4: mr.Jckpot (small blind) folded before Flop
Seat 5: PhoenixAssassin (big blind) folded before Flop
Seat 6: Felete1981 folded before Flop (didn't bet)



PokerStars Hand #254294825748:  Hold'em No Limit ($0.50/$1.00 USD) - 2025/01/10 14:07:21 WET [2025/01/10 9:07:21 ET]
Table 'Clarissa III' 6-max Seat #4 is the button
Seat 1: Joe_Li7 ($150.09 in chips) 
Seat 2: Onnofrio ($90.60 in chips) 
Seat 3: GuigaMan ($106.90 in chips) 
Seat 4: mr.Jckpot ($101 in chips) 
Seat 5: PhoenixAssassin ($101.93 in chips) 
Seat 6: Felete1981 ($14.27 in chips) 
PhoenixAssassin: posts small blind $0.50
Felete1981: posts big blind $1
*** HOLE CARDS ***
Joe_Li7: folds 
Onnofrio: folds 
GuigaMan: folds 
mr.Jckpot: folds 
PhoenixAssassin: folds 
Uncalled bet ($0.50) returned to Felete1981
Felete1981 collected $1 from pot
*** SUMMARY ***
Total pot $1 | Rake $0 
Seat 1: Joe_Li7 folded before Flop (didn't bet)
Seat 2: Onnofrio folded before Flop (didn't bet)
Seat 3: GuigaMan folded before Flop (didn't bet)
Seat 4: mr.Jckpot (button) folded before Flop (didn't bet)
Seat 5: PhoenixAssassin (small blind) folded before Flop
Seat 6: Felete1981 (big blind) collected ($1)



PokerStars Hand #254294827704:  Hold'em No Limit ($0.50/$1.00 USD) - 2025/01/10 14:07:32 WET [2025/01/10 9:07:32 ET]
Table 'Clarissa III' 6-max Seat #5 is the button
Seat 1: Joe_Li7 ($150.09 in chips) 
Seat 2: Onnofrio ($90.60 in chips) 
Seat 3: GuigaMan ($106.90 in chips) 
Seat 4: mr.Jckpot ($101 in chips) 
Seat 5: PhoenixAssassin ($101.43 in chips) 
Seat 6: Felete1981 ($14.77 in chips) 
Felete1981: posts small blind $0.50
Joe_Li7: posts big blind $1
*** HOLE CARDS ***
Onnofrio: folds 
GuigaMan: raises $1.10 to $2.10
mr.Jckpot: folds 
PhoenixAssassin: folds 
Felete1981: folds 
Joe_Li7: folds 
Uncalled bet ($1.10) returned to GuigaMan
GuigaMan collected $2.50 from pot
GuigaMan: doesn't show hand 
*** SUMMARY ***
Total pot $2.50 | Rake $0 
Seat 1: Joe_Li7 (big blind) folded before Flop
Seat 2: Onnofrio folded before Flop (didn't bet)
Seat 3: GuigaMan collected ($2.50)
Seat 4: mr.Jckpot folded before Flop (didn't bet)
Seat 5: PhoenixAssassin (button) folded before Flop (didn't bet)
Seat 6: Felete1981 (small blind) folded before Flop



PokerStars Hand #254294830189:  Hold'em No Limit ($0.50/$1.00 USD) - 2025/01/10 14:07:46 WET [2025/01/10 9:07:46 ET]
Table 'Clarissa III' 6-max Seat #6 is the button
Seat 1: Joe_Li7 ($149.09 in chips) 
Seat 2: Onnofrio ($90.60 in chips) 
Seat 3: GuigaMan ($108.40 in chips) 
Seat 4: mr.Jckpot ($101 in chips) 
Seat 5: PhoenixAssassin ($101.43 in chips) 
Seat 6: Felete1981 ($14.27 in chips) 
Joe_Li7: posts small blind $0.50
Onnofrio: posts big blind $1
*** HOLE CARDS ***
GuigaMan: raises $1.10 to $2.10
mr.Jckpot: folds 
PhoenixAssassin: raises $5.90 to $8
Felete1981: folds 
Joe_Li7: folds 
Onnofrio: folds 
GuigaMan: folds 
Uncalled bet ($5.90) returned to PhoenixAssassin
PhoenixAssassin collected $5.70 from pot
PhoenixAssassin: doesn't show hand 
*** SUMMARY ***
Total pot $5.70 | Rake $0 
Seat 1: Joe_Li7 (small blind) folded before Flop
Seat 2: Onnofrio (big blind) folded before Flop
Seat 3: GuigaMan folded before Flop
Seat 4: mr.Jckpot folded before Flop (didn't bet)
Seat 5: PhoenixAssassin collected ($5.70)
Seat 6: Felete1981 (button) folded before Flop (didn't bet)



PokerStars Hand #254294834890:  Hold'em No Limit ($0.50/$1.00 USD) - 2025/01/10 14:08:13 WET [2025/01/10 9:08:13 ET]
Table 'Clarissa III' 6-max Seat #1 is the button
Seat 1: Joe_Li7 ($148.59 in chips) 
Seat 2: Onnofrio ($89.60 in chips) 
Seat 3: GuigaMan ($106.30 in chips) 
Seat 4: mr.Jckpot ($101 in chips) 
Seat 5: PhoenixAssassin ($105.03 in chips) 
Seat 6: Felete1981 ($14.27 in chips) 
Onnofrio: posts small blind $0.50
GuigaMan: posts big blind $1
*** HOLE CARDS ***
mr.Jckpot: folds 
PhoenixAssassin: folds 
Felete1981: folds 
Joe_Li7: raises $1.50 to $2.50
Onnofrio: folds 
GuigaMan: raises $8.50 to $11
Joe_Li7: folds 
Uncalled bet ($8.50) returned to GuigaMan
GuigaMan collected $5.50 from pot
GuigaMan: doesn't show hand 
*** SUMMARY ***
Total pot $5.50 | Rake $0 
Seat 1: Joe_Li7 (button) folded before Flop
Seat 2: Onnofrio (small blind) folded before Flop
Seat 3: GuigaMan (big blind) collected ($5.50)
Seat 4: mr.Jckpot folded before Flop (didn't bet)
Seat 5: PhoenixAssassin folded before Flop (didn't bet)
Seat 6: Felete1981 folded before Flop (didn't bet)



PokerStars Hand #254294838864:  Hold'em No Limit ($0.50/$1.00 USD) - 2025/01/10 14:08:35 WET [2025/01/10 9:08:35 ET]
Table 'Clarissa III' 6-max Seat #2 is the button
Seat 1: Joe_Li7 ($146.09 in chips) 
Seat 2: Onnofrio ($89.10 in chips) 
Seat 3: GuigaMan ($109.30 in chips) 
Seat 4: mr.Jckpot ($101 in chips) 
Seat 5: PhoenixAssassin ($105.03 in chips) 
Seat 6: Felete1981 ($14.27 in chips) 
GuigaMan: posts small blind $0.50
mr.Jckpot: posts big blind $1
*** HOLE CARDS ***
PhoenixAssassin: folds 
Felete1981: raises $2 to $3
Joe_Li7: folds 
Onnofrio: folds 
GuigaMan: folds 
mr.Jckpot: folds 
Uncalled bet ($2) returned to Felete1981
Felete1981 collected $2.50 from pot
*** SUMMARY ***
Total pot $2.50 | Rake $0 
Seat 1: Joe_Li7 folded before Flop (didn't bet)
Seat 2: Onnofrio (button) folded before Flop (didn't bet)
Seat 3: GuigaMan (small blind) folded before Flop
Seat 4: mr.Jckpot (big blind) folded before Flop
Seat 5: PhoenixAssassin folded before Flop (didn't bet)
Seat 6: Felete1981 collected ($2.50)



PokerStars Hand #254294843494:  Hold'em No Limit ($0.50/$1.00 USD) - 2025/01/10 14:09:01 WET [2025/01/10 9:09:01 ET]
Table 'Clarissa III' 6-max Seat #3 is the button
Seat 1: Joe_Li7 ($146.09 in chips) 
Seat 2: Onnofrio ($89.10 in chips) 
Seat 3: GuigaMan ($108.80 in chips) 
Seat 4: mr.Jckpot ($100 in chips) 
Seat 5: PhoenixAssassin ($105.03 in chips) 
Seat 6: Felete1981 ($15.77 in chips) 
mr.Jckpot: posts small blind $0.50
PhoenixAssassin: posts big blind $1
*** HOLE CARDS ***
Felete1981: folds 
Felete1981 leaves the table
Joe_Li7: folds 
Onnofrio: folds 
GuigaMan: raises $1.10 to $2.10
mr.Jckpot: folds 
whlzor joins the table at seat #6 
PhoenixAssassin: folds 
Uncalled bet ($1.10) returned to GuigaMan
GuigaMan collected $2.50 from pot
GuigaMan: doesn't show hand 
*** SUMMARY ***
Total pot $2.50 | Rake $0 
Seat 1: Joe_Li7 folded before Flop (didn't bet)
Seat 2: Onnofrio folded before Flop (didn't bet)
Seat 3: GuigaMan (button) collected ($2.50)
Seat 4: mr.Jckpot (small blind) folded before Flop
Seat 5: PhoenixAssassin (big blind) folded before Flop
Seat 6: Felete1981 folded before Flop (didn't bet)



PokerStars Hand #254294846780:  Hold'em No Limit ($0.50/$1.00 USD) - 2025/01/10 14:09:20 WET [2025/01/10 9:09:20 ET]
Table 'Clarissa III' 6-max Seat #4 is the button
Seat 1: Joe_Li7 ($146.09 in chips) 
Seat 2: Onnofrio ($89.10 in chips) 
Seat 3: GuigaMan ($110.30 in chips) 
Seat 4: mr.Jckpot ($100 in chips) 
Seat 5: PhoenixAssassin ($104.03 in chips) 
Seat 6: whlzor ($100 in chips) 
PhoenixAssassin: posts small blind $0.50
whlzor: posts big blind $1
*** HOLE CARDS ***
Joe_Li7: folds 
Onnofrio: calls $1
GuigaMan: raises $2 to $3
mr.Jckpot: folds 
PhoenixAssassin: folds 
whlzor: folds 
Onnofrio: calls $2
*** FLOP *** [5s Qd Js]
Onnofrio: checks 
GuigaMan: bets $3.84
Onnofrio: calls $3.84
*** TURN *** [5s Qd Js] [3h]
Onnofrio: checks 
GuigaMan: bets $7.79
Onnofrio: raises $7.79 to $15.58
GuigaMan: calls $7.79
*** RIVER *** [5s Qd Js 3h] [Ks]
Onnofrio: checks 
GuigaMan: checks 
*** SHOW DOWN ***
Onnofrio: shows [3d 3s] (three of a kind, Threes)
GuigaMan: mucks hand 
Onnofrio collected $43.44 from pot
*** SUMMARY ***
Total pot $46.34 | Rake $2.90 
Board [5s Qd Js 3h Ks]
Seat 1: Joe_Li7 folded before Flop (didn't bet)
Seat 2: Onnofrio showed [3d 3s] and won ($43.44) with three of a kind, Threes
Seat 3: GuigaMan mucked
Seat 4: mr.Jckpot (button) folded before Flop (didn't bet)
Seat 5: PhoenixAssassin (small blind) folded before Flop
Seat 6: whlzor (big blind) folded before Flop



PokerStars Hand #254294856981:  Hold'em No Limit ($0.50/$1.00 USD) - 2025/01/10 14:10:17 WET [2025/01/10 9:10:17 ET]
Table 'Clarissa III' 6-max Seat #5 is the button
Seat 1: Joe_Li7 ($146.09 in chips) 
Seat 2: Onnofrio ($110.12 in chips) 
Seat 3: GuigaMan ($100 in chips) 
Seat 4: mr.Jckpot ($100 in chips) 
Seat 5: PhoenixAssassin ($103.53 in chips) 
Seat 6: whlzor ($100 in chips) 
whlzor: posts small blind $0.50
Joe_Li7: posts big blind $1
*** HOLE CARDS ***
Onnofrio: folds 
GuigaMan: folds 
mr.Jckpot: folds 
PhoenixAssassin: folds 
whlzor: raises $2 to $3
Joe_Li7: raises $6 to $9
whlzor: folds 
Uncalled bet ($6) returned to Joe_Li7
Joe_Li7 collected $6 from pot
*** SUMMARY ***
Total pot $6 | Rake $0 
Seat 1: Joe_Li7 (big blind) collected ($6)
Seat 2: Onnofrio folded before Flop (didn't bet)
Seat 3: GuigaMan folded before Flop (didn't bet)
Seat 4: mr.Jckpot folded before Flop (didn't bet)
Seat 5: PhoenixAssassin (button) folded before Flop (didn't bet)
Seat 6: whlzor (small blind) folded before Flop



PokerStars Hand #254294864179:  Hold'em No Limit ($0.50/$1.00 USD) - 2025/01/10 14:10:58 WET [2025/01/10 9:10:58 ET]
Table 'Clarissa III' 6-max Seat #6 is the button
Seat 1: Joe_Li7 ($149.09 in chips) 
Seat 2: Onnofrio ($110.12 in chips) 
Seat 3: GuigaMan ($100 in chips) 
Seat 4: mr.Jckpot ($100 in chips) 
Seat 5: PhoenixAssassin ($103.53 in chips) 
Seat 6: whlzor ($100 in chips) 
Joe_Li7: posts small blind $0.50
Onnofrio: posts big blind $1
*** HOLE CARDS ***
GuigaMan: folds 
mr.Jckpot: folds 
PhoenixAssassin: raises $1.50 to $2.50
whlzor: folds 
Joe_Li7: folds 
Onnofrio: folds 
Uncalled bet ($1.50) returned to PhoenixAssassin
PhoenixAssassin collected $2.50 from pot
PhoenixAssassin: doesn't show hand 
*** SUMMARY ***
Total pot $2.50 | Rake $0 
Seat 1: Joe_Li7 (small blind) folded before Flop
Seat 2: Onnofrio (big blind) folded before Flop
Seat 3: GuigaMan folded before Flop (didn't bet)
Seat 4: mr.Jckpot folded before Flop (didn't bet)
Seat 5: PhoenixAssassin collected ($2.50)
Seat 6: whlzor (button) folded before Flop (didn't bet)



PokerStars Hand #254294866546:  Hold'em No Limit ($0.50/$1.00 USD) - 2025/01/10 14:11:11 WET [2025/01/10 9:11:11 ET]
Table 'Clarissa III' 6-max Seat #1 is the button
Seat 1: Joe_Li7 ($148.59 in chips) 
Seat 2: Onnofrio ($109.12 in chips) 
Seat 3: GuigaMan ($100 in chips) 
Seat 4: mr.Jckpot ($100 in chips) 
Seat 5: PhoenixAssassin ($105.03 in chips) 
Seat 6: whlzor ($100 in chips) 
Onnofrio: posts small blind $0.50
GuigaMan: posts big blind $1
*** HOLE CARDS ***
mr.Jckpot: folds 
PhoenixAssassin: raises $1.20 to $2.20
whlzor: folds 
Joe_Li7: folds 
Onnofrio: folds 
GuigaMan: folds 
Uncalled bet ($1.20) returned to PhoenixAssassin
PhoenixAssassin collected $2.50 from pot
PhoenixAssassin: doesn't show hand 
*** SUMMARY ***
Total pot $2.50 | Rake $0 
Seat 1: Joe_Li7 (button) folded before Flop (didn't bet)
Seat 2: Onnofrio (small blind) folded before Flop
Seat 3: GuigaMan (big blind) folded before Flop
Seat 4: mr.Jckpot folded before Flop (didn't bet)
Seat 5: PhoenixAssassin collected ($2.50)
Seat 6: whlzor folded before Flop (didn't bet)



PokerStars Hand #254294868701:  Hold'em No Limit ($0.50/$1.00 USD) - 2025/01/10 14:11:24 WET [2025/01/10 9:11:24 ET]
Table 'Clarissa III' 6-max Seat #2 is the button
Seat 1: Joe_Li7 ($148.59 in chips) 
Seat 2: Onnofrio ($108.62 in chips) 
Seat 3: GuigaMan ($100 in chips) 
Seat 4: mr.Jckpot ($100 in chips) 
Seat 5: PhoenixAssassin ($106.53 in chips) 
Seat 6: whlzor ($100 in chips) 
GuigaMan: posts small blind $0.50
mr.Jckpot: posts big blind $1
*** HOLE CARDS ***
PhoenixAssassin: folds 
whlzor: folds 
Joe_Li7: folds 
Onnofrio: folds 
GuigaMan: folds 
Uncalled bet ($0.50) returned to mr.Jckpot
mr.Jckpot collected $1 from pot
mr.Jckpot: doesn't show hand 
*** SUMMARY ***
Total pot $1 | Rake $0 
Seat 1: Joe_Li7 folded before Flop (didn't bet)
Seat 2: Onnofrio (button) folded before Flop (didn't bet)
Seat 3: GuigaMan (small blind) folded before Flop
Seat 4: mr.Jckpot (big blind) collected ($1)
Seat 5: PhoenixAssassin folded before Flop (didn't bet)
Seat 6: whlzor folded before Flop (didn't bet)



PokerStars Hand #254294870520:  Hold'em No Limit ($0.50/$1.00 USD) - 2025/01/10 14:11:34 WET [2025/01/10 9:11:34 ET]
Table 'Clarissa III' 6-max Seat #3 is the button
Seat 1: Joe_Li7 ($148.59 in chips) is sitting out
Seat 5: PhoenixAssassin ($106.53 in chips) is sitting out
Seat 6: whlzor ($100 in chips) is sitting out
Seat 2: Onnofrio ($108.62 in chips) 
Seat 3: GuigaMan ($100 in chips) 
Seat 4: mr.Jckpot ($100.50 in chips) 
mr.Jckpot: posts small blind $0.50
PhoenixAssassin: is sitting out 
whlzor: is sitting out 
Joe_Li7: is sitting out 
Onnofrio: posts big blind $1
*** HOLE CARDS ***
GuigaMan: folds 
mr.Jckpot: folds 
Uncalled bet ($0.50) returned to Onnofrio
Onnofrio collected $1 from pot
whlzor leaves the table
*** SUMMARY ***
Total pot $1 | Rake $0 
Seat 1: Joe_Li7
Seat 5: PhoenixAssassin
Seat 6: whlzor
Seat 2: Onnofrio (big blind) collected ($1)
Seat 3: GuigaMan (button) folded before Flop (didn't bet)
Seat 4: mr.Jckpot (small blind) folded before Flop



PokerStars Hand #254294871737:  Hold'em No Limit ($0.50/$1.00 USD) - 2025/01/10 14:11:41 WET [2025/01/10 9:11:41 ET]
Table 'Clarissa III' 6-max Seat #4 is the button
Seat 1: Joe_Li7 ($148.59 in chips) is sitting out
Seat 5: PhoenixAssassin ($106.53 in chips) is sitting out
Seat 2: Onnofrio ($109.12 in chips) 
Seat 3: GuigaMan ($100 in chips) 
Seat 4: mr.Jckpot ($100 in chips) 
Onnofrio: posts small blind $0.50
GuigaMan: posts big blind $1
*** HOLE CARDS ***
PhoenixAssassin leaves the table
mr.Jckpot: raises $1.50 to $2.50
Onnofrio: calls $2
GuigaMan: calls $1.50
*** FLOP *** [2c Kh 2d]
Joe_Li7 leaves the table
Onnofrio: checks 
GuigaMan: checks 
mr.Jckpot: bets $3.92
janarr5 joins the table at seat #5 
easy_sarcasm joins the table at seat #6 
Onnofrio: folds 
GuigaMan: folds 
Uncalled bet ($3.92) returned to mr.Jckpot
mr.Jckpot collected $7.12 from pot
mr.Jckpot: doesn't show hand 
*** SUMMARY ***
Total pot $7.50 | Rake $0.38 
Board [2c Kh 2d]
Seat 1: Joe_Li7
Seat 5: PhoenixAssassin
Seat 2: Onnofrio (small blind) folded on the Flop
Seat 3: GuigaMan (big blind) folded on the Flop
Seat 4: mr.Jckpot (button) collected ($7.12)



PokerStars Hand #254294877885:  Hold'em No Limit ($0.50/$1.00 USD) - 2025/01/10 14:12:15 WET [2025/01/10 9:12:15 ET]
Table 'Clarissa III' 6-max Seat #2 is the button
Seat 5: janarr5 ($100 in chips) is sitting out
Seat 6: easy_sarcasm ($100 in chips) is sitting out
Seat 2: Onnofrio ($106.62 in chips) 
Seat 3: GuigaMan ($100 in chips) 
Seat 4: mr.Jckpot ($104.62 in chips) 
GuigaMan: posts small blind $0.50
mr.Jckpot: posts big blind $1
janarr5: sits out 
easy_sarcasm: sits out 
*** HOLE CARDS ***
Onnofrio: folds 
GuigaMan: folds 
Uncalled bet ($0.50) returned to mr.Jckpot
mr.Jckpot collected $1 from pot
mr.Jckpot: doesn't show hand 
*** SUMMARY ***
Total pot $1 | Rake $0 
Seat 5: janarr5
Seat 6: easy_sarcasm
Seat 2: Onnofrio (button) folded before Flop (didn't bet)
Seat 3: GuigaMan (small blind) folded before Flop
Seat 4: mr.Jckpot (big blind) collected ($1)



PokerStars Hand #254294879191:  Hold'em No Limit ($0.50/$1.00 USD) - 2025/01/10 14:12:22 WET [2025/01/10 9:12:22 ET]
Table 'Clarissa III' 6-max Seat #3 is the button
Seat 6: easy_sarcasm ($100 in chips) is sitting out
Seat 2: Onnofrio ($106.62 in chips) 
Seat 3: GuigaMan ($100 in chips) 
Seat 4: mr.Jckpot ($105.12 in chips) 
Seat 5: janarr5 ($100 in chips) 
mr.Jckpot: posts small blind $0.50
janarr5: posts big blind $1
easy_sarcasm: sits out 
*** HOLE CARDS ***
Onnofrio: calls $1
GuigaMan: folds 
mr.Jckpot: folds 
janarr5: checks 
*** FLOP *** [7d 5h 7s]
janarr5: checks 
Onnofrio: checks 
*** TURN *** [7d 5h 7s] [3d]
janarr5: bets $1.19
Onnofrio: calls $1.19
*** RIVER *** [7d 5h 7s 3d] [9c]
janarr5: checks 
Onnofrio: checks 
*** SHOW DOWN ***
janarr5: shows [5s 3c] (two pair, Sevens and Fives)
Onnofrio: mucks hand 
janarr5 collected $4.64 from pot
oneduo joins the table at seat #1 
*** SUMMARY ***
Total pot $4.88 | Rake $0.24 
Board [7d 5h 7s 3d 9c]
Seat 6: easy_sarcasm
Seat 2: Onnofrio mucked
Seat 3: GuigaMan (button) folded before Flop (didn't bet)
Seat 4: mr.Jckpot (small blind) folded before Flop
Seat 5: janarr5 (big blind) showed [5s 3c] and won ($4.64) with two pair, Sevens and Fives



PokerStars Hand #254294884446:  Hold'em No Limit ($0.50/$1.00 USD) - 2025/01/10 14:12:51 WET [2025/01/10 9:12:51 ET]
Table 'Clarissa III' 6-max Seat #4 is the button
Seat 1: oneduo ($100 in chips) is sitting out
Seat 2: Onnofrio ($104.43 in chips) 
Seat 3: GuigaMan ($100 in chips) 
Seat 4: mr.Jckpot ($104.62 in chips) 
Seat 5: janarr5 ($102.45 in chips) 
Seat 6: easy_sarcasm ($100 in chips) 
janarr5: posts small blind $0.50
easy_sarcasm: posts big blind $1
oneduo: sits out 
*** HOLE CARDS ***
Onnofrio: calls $1
GuigaMan: raises $1.10 to $2.10
mr.Jckpot: raises $5.40 to $7.50
janarr5: folds 
easy_sarcasm: folds 
Onnofrio: calls $6.50
GuigaMan: folds 
*** FLOP *** [2h 4d 6s]
Onnofrio: checks 
oneduo leaves the table
mr.Jckpot: bets $5.83
Onnofrio: calls $5.83
*** TURN *** [2h 4d 6s] [Ac]
Onnofrio: checks 
mr.Jckpot: checks 
*** RIVER *** [2h 4d 6s Ac] [5d]
gudrozd joins the table at seat #1 
Onnofrio: bets $28.75
mr.Jckpot: folds 
Uncalled bet ($28.75) returned to Onnofrio
Onnofrio collected $28.37 from pot
*** SUMMARY ***
Total pot $30.26 | Rake $1.89 
Board [2h 4d 6s Ac 5d]
Seat 1: oneduo
Seat 2: Onnofrio collected ($28.37)
Seat 3: GuigaMan folded before Flop
Seat 4: mr.Jckpot (button) folded on the River
Seat 5: janarr5 (small blind) folded before Flop
Seat 6: easy_sarcasm (big blind) folded before Flop



PokerStars Hand #254294891692:  Hold'em No Limit ($0.50/$1.00 USD) - 2025/01/10 14:13:31 WET [2025/01/10 9:13:31 ET]
Table 'Clarissa III' 6-max Seat #5 is the button
Seat 1: gudrozd ($100 in chips) 
Seat 2: Onnofrio ($119.47 in chips) 
Seat 3: GuigaMan ($100 in chips) 
Seat 4: mr.Jckpot ($100 in chips) 
Seat 5: janarr5 ($101.95 in chips) 
Seat 6: easy_sarcasm ($100 in chips) 
easy_sarcasm: posts small blind $0.50
gudrozd: posts big blind $1
*** HOLE CARDS ***
Onnofrio: folds 
Onnofrio leaves the table
GuigaMan: folds 
mr.Jckpot: raises $1.50 to $2.50
janarr5: raises $5 to $7.50
easy_sarcasm: folds 
gudrozd: folds 
mr.Jckpot: calls $5
*** FLOP *** [Jh 9c 7c]
mr.Jckpot: checks 
janarr5: bets $7.84
mr.Jckpot: calls $7.84
*** TURN *** [Jh 9c 7c] [4s]
mr.Jckpot: checks 
janarr5: bets $20.18
mr.Jckpot: calls $20.18
*** RIVER *** [Jh 9c 7c 4s] [6c]
mr.Jckpot: bets $45.53
janarr5: folds 
Uncalled bet ($45.53) returned to mr.Jckpot
mr.Jckpot collected $70.04 from pot
mr.Jckpot: doesn't show hand 
*** SUMMARY ***
Total pot $72.54 | Rake $2.50 
Board [Jh 9c 7c 4s 6c]
Seat 1: gudrozd (big blind) folded before Flop
Seat 2: Onnofrio folded before Flop (didn't bet)
Seat 3: GuigaMan folded before Flop (didn't bet)
Seat 4: mr.Jckpot collected ($70.04)
Seat 5: janarr5 (button) folded on the River
Seat 6: easy_sarcasm (small blind) folded before Flop



PokerStars Hand #254294907580:  Hold'em No Limit ($0.50/$1.00 USD) - 2025/01/10 14:14:59 WET [2025/01/10 9:14:59 ET]
Table 'Clarissa III' 6-max Seat #6 is the button
Seat 1: gudrozd ($100 in chips) 
Seat 3: GuigaMan ($100 in chips) 
Seat 4: mr.Jckpot ($134.52 in chips) 
Seat 5: janarr5 ($100 in chips) 
Seat 6: easy_sarcasm ($100 in chips) 
gudrozd: posts small blind $0.50
GuigaMan: posts big blind $1
*** HOLE CARDS ***
mr.Jckpot: raises $1.50 to $2.50
janarr5: folds 
janarr5 leaves the table
easy_sarcasm: folds 
gudrozd: raises $9.50 to $12
GuigaMan: folds 
mr.Jckpot: folds 
Uncalled bet ($9.50) returned to gudrozd
gudrozd collected $6 from pot
gudrozd: doesn't show hand 
*** SUMMARY ***
Total pot $6 | Rake $0 
Seat 1: gudrozd (small blind) collected ($6)
Seat 3: GuigaMan (big blind) folded before Flop
Seat 4: mr.Jckpot folded before Flop
Seat 5: janarr5 folded before Flop (didn't bet)
Seat 6: easy_sarcasm (button) folded before Flop (didn't bet)



PokerStars Hand #254295012178:  Hold'em No Limit ($0.50/$1.00 USD) - 2025/01/10 14:24:31 WET [2025/01/10 9:24:31 ET]
Table 'Clarissa III' 6-max Seat #2 is the button
Seat 2: B1GBankroll ($100 in chips) 
Seat 3: Ryantoland25 ($17.84 in chips) 
Seat 4: nastja336 ($100 in chips) 
Seat 5: v.sting ($100 in chips) 
Seat 6: mr.Jckpot ($132.02 in chips) 
Ryantoland25: posts small blind $0.50
nastja336: posts big blind $1
*** HOLE CARDS ***
v.sting: raises $1.50 to $2.50
mr.Jckpot: folds 
janarr5 joins the table at seat #1 
B1GBankroll: folds 
Ryantoland25: folds 
nastja336: folds 
Uncalled bet ($1.50) returned to v.sting
v.sting collected $2.50 from pot
v.sting: doesn't show hand 
*** SUMMARY ***
Total pot $2.50 | Rake $0 
Seat 2: B1GBankroll (button) folded before Flop (didn't bet)
Seat 3: Ryantoland25 (small blind) folded before Flop
Seat 4: nastja336 (big blind) folded before Flop
Seat 5: v.sting collected ($2.50)
Seat 6: mr.Jckpot folded before Flop (didn't bet)



PokerStars Hand #254295014296:  Hold'em No Limit ($0.50/$1.00 USD) - 2025/01/10 14:24:43 WET [2025/01/10 9:24:43 ET]
Table 'Clarissa III' 6-max Seat #3 is the button
Seat 1: janarr5 ($100 in chips) is sitting out
Seat 2: B1GBankroll ($100 in chips) 
Seat 3: Ryantoland25 ($17.34 in chips) 
Seat 4: nastja336 ($100 in chips) 
Seat 5: v.sting ($101.50 in chips) 
Seat 6: mr.Jckpot ($132.02 in chips) 
nastja336: posts small blind $0.50
v.sting: posts big blind $1
janarr5: sits out 
*** HOLE CARDS ***
mr.Jckpot: folds 
B1GBankroll: raises $1.50 to $2.50
Ryantoland25: calls $2.50
nastja336: folds 
v.sting: folds 
*** FLOP *** [5d Ad 8h]
B1GBankroll: bets $3.03
Ryantoland25: calls $3.03
*** TURN *** [5d Ad 8h] [8c]
B1GBankroll: bets $11.90
Ryantoland25: folds 
Uncalled bet ($11.90) returned to B1GBankroll
B1GBankroll collected $11.93 from pot
B1GBankroll: doesn't show hand 
*** SUMMARY ***
Total pot $12.56 | Rake $0.63 
Board [5d Ad 8h 8c]
Seat 1: janarr5
Seat 2: B1GBankroll collected ($11.93)
Seat 3: Ryantoland25 (button) folded on the Turn
Seat 4: nastja336 (small blind) folded before Flop
Seat 5: v.sting (big blind) folded before Flop
Seat 6: mr.Jckpot folded before Flop (didn't bet)



PokerStars Hand #254295026988:  Hold'em No Limit ($0.50/$1.00 USD) - 2025/01/10 14:25:51 WET [2025/01/10 9:25:51 ET]
Table 'Clarissa III' 6-max Seat #4 is the button
Seat 1: janarr5 ($100 in chips) is sitting out
Seat 2: B1GBankroll ($106.40 in chips) 
Seat 3: Ryantoland25 ($11.81 in chips) 
Seat 4: nastja336 ($100 in chips) 
Seat 5: v.sting ($100.50 in chips) 
Seat 6: mr.Jckpot ($132.02 in chips) 
v.sting: posts small blind $0.50
mr.Jckpot: posts big blind $1
janarr5: sits out 
*** HOLE CARDS ***
B1GBankroll: folds 
Ryantoland25: folds 
nastja336: raises $1.50 to $2.50
v.sting: folds 
mr.Jckpot: folds 
Uncalled bet ($1.50) returned to nastja336
nastja336 collected $2.50 from pot
nastja336: doesn't show hand 
*** SUMMARY ***
Total pot $2.50 | Rake $0 
Seat 1: janarr5
Seat 2: B1GBankroll folded before Flop (didn't bet)
Seat 3: Ryantoland25 folded before Flop (didn't bet)
Seat 4: nastja336 (button) collected ($2.50)
Seat 5: v.sting (small blind) folded before Flop
Seat 6: mr.Jckpot (big blind) folded before Flop



PokerStars Hand #254295030054:  Hold'em No Limit ($0.50/$1.00 USD) - 2025/01/10 14:26:08 WET [2025/01/10 9:26:08 ET]
Table 'Clarissa III' 6-max Seat #5 is the button
Seat 1: janarr5 ($100 in chips) 
Seat 2: B1GBankroll ($106.40 in chips) 
Seat 3: Ryantoland25 ($11.81 in chips) 
Seat 4: nastja336 ($101.50 in chips) 
Seat 5: v.sting ($100 in chips) 
Seat 6: mr.Jckpot ($131.02 in chips) 
mr.Jckpot: posts small blind $0.50
janarr5: posts big blind $1
*** HOLE CARDS ***
B1GBankroll: folds 
Ryantoland25: folds 
nastja336: folds 
v.sting: raises $1.10 to $2.10
mr.Jckpot: folds 
janarr5: calls $1.10
*** FLOP *** [4c 5h 9s]
nastja336 leaves the table
janarr5: checks 
v.sting: checks 
*** TURN *** [4c 5h 9s] [Ac]
janarr5: checks 
AndreaBsAs joins the table at seat #4 
v.sting: checks 
*** RIVER *** [4c 5h 9s Ac] [3s]
janarr5: bets $8.92
v.sting: folds 
Uncalled bet ($8.92) returned to janarr5
janarr5 collected $4.46 from pot
janarr5: doesn't show hand 
*** SUMMARY ***
Total pot $4.70 | Rake $0.24 
Board [4c 5h 9s Ac 3s]
Seat 1: janarr5 (big blind) collected ($4.46)
Seat 2: B1GBankroll folded before Flop (didn't bet)
Seat 3: Ryantoland25 folded before Flop (didn't bet)
Seat 4: nastja336 folded before Flop (didn't bet)
Seat 5: v.sting (button) folded on the River
Seat 6: mr.Jckpot (small blind) folded before Flop



PokerStars Hand #254295042132:  Hold'em No Limit ($0.50/$1.00 USD) - 2025/01/10 14:27:14 WET [2025/01/10 9:27:14 ET]
Table 'Clarissa III' 6-max Seat #6 is the button
Seat 4: AndreaBsAs ($100 in chips) is sitting out
Seat 1: janarr5 ($102.36 in chips) 
Seat 2: B1GBankroll ($106.40 in chips) 
Seat 3: Ryantoland25 ($11.81 in chips) 
Seat 5: v.sting ($100 in chips) 
Seat 6: mr.Jckpot ($130.52 in chips) 
janarr5: posts small blind $0.50
B1GBankroll: posts big blind $1
AndreaBsAs: sits out 
*** HOLE CARDS ***
Ryantoland25: raises $1 to $2
v.sting: folds 
mr.Jckpot: folds 
janarr5: raises $10 to $12
B1GBankroll: folds 
Ryantoland25: folds 
Uncalled bet ($10) returned to janarr5
janarr5 collected $5 from pot
janarr5: doesn't show hand 
*** SUMMARY ***
Total pot $5 | Rake $0 
Seat 4: AndreaBsAs
Seat 1: janarr5 (small blind) collected ($5)
Seat 2: B1GBankroll (big blind) folded before Flop
Seat 3: Ryantoland25 folded before Flop
Seat 5: v.sting folded before Flop (didn't bet)
Seat 6: mr.Jckpot (button) folded before Flop (didn't bet)



PokerStars Hand #254295045753:  Hold'em No Limit ($0.50/$1.00 USD) - 2025/01/10 14:27:33 WET [2025/01/10 9:27:33 ET]
Table 'Clarissa III' 6-max Seat #1 is the button
Seat 4: AndreaBsAs ($100 in chips) is sitting out
Seat 1: janarr5 ($105.36 in chips) 
Seat 2: B1GBankroll ($105.40 in chips) 
Seat 3: Ryantoland25 ($9.81 in chips) 
Seat 5: v.sting ($100 in chips) 
Seat 6: mr.Jckpot ($130.52 in chips) 
B1GBankroll: posts small blind $0.50
Ryantoland25: posts big blind $1
AndreaBsAs: sits out 
*** HOLE CARDS ***
v.sting: folds 
mr.Jckpot: folds 
janarr5: folds 
B1GBankroll: raises $11 to $12
Ryantoland25: folds 
Uncalled bet ($11) returned to B1GBankroll
B1GBankroll collected $2 from pot
B1GBankroll: doesn't show hand 
*** SUMMARY ***
Total pot $2 | Rake $0 
Seat 4: AndreaBsAs
Seat 1: janarr5 (button) folded before Flop (didn't bet)
Seat 2: B1GBankroll (small blind) collected ($2)
Seat 3: Ryantoland25 (big blind) folded before Flop
Seat 5: v.sting folded before Flop (didn't bet)
Seat 6: mr.Jckpot folded before Flop (didn't bet)



PokerStars Hand #254295051678:  Hold'em No Limit ($0.50/$1.00 USD) - 2025/01/10 14:28:05 WET [2025/01/10 9:28:05 ET]
Table 'Clarissa III' 6-max Seat #2 is the button
Seat 1: janarr5 ($105.36 in chips) 
Seat 2: B1GBankroll ($106.40 in chips) 
Seat 3: Ryantoland25 ($8.81 in chips) 
Seat 4: AndreaBsAs ($100 in chips) 
Seat 5: v.sting ($100 in chips) 
Seat 6: mr.Jckpot ($130.52 in chips) 
Ryantoland25: posts small blind $0.50
AndreaBsAs: posts big blind $1
*** HOLE CARDS ***
v.sting: folds 
v.sting leaves the table
mr.Jckpot: raises $1.50 to $2.50
janarr5: folds 
B1GBankroll: folds 
Ryantoland25: folds 
oneduo joins the table at seat #5 
AndreaBsAs: raises $8.50 to $11
mr.Jckpot: raises $15 to $26
AndreaBsAs: raises $74 to $100 and is all-in
mr.Jckpot: calls $74
*** FLOP *** [9h Js 6h]
*** TURN *** [9h Js 6h] [3d]
*** RIVER *** [9h Js 6h 3d] [Th]
*** SHOW DOWN ***
AndreaBsAs: shows [Qd Qs] (a pair of Queens)
mr.Jckpot: shows [Ac Kh] (high card Ace)
AndreaBsAs collected $198 from pot
*** SUMMARY ***
Total pot $200.50 | Rake $2.50 
Board [9h Js 6h 3d Th]
Seat 1: janarr5 folded before Flop (didn't bet)
Seat 2: B1GBankroll (button) folded before Flop (didn't bet)
Seat 3: Ryantoland25 (small blind) folded before Flop
Seat 4: AndreaBsAs (big blind) showed [Qd Qs] and won ($198) with a pair of Queens
Seat 5: v.sting folded before Flop (didn't bet)
Seat 6: mr.Jckpot showed [Ac Kh] and lost with high card Ace



PokerStars Hand #254295087666:  Hold'em No Limit ($0.50/$1.00 USD) - 2025/01/10 14:31:19 WET [2025/01/10 9:31:19 ET]
Table 'Clarissa III' 6-max Seat #1 is the button
Seat 3: Ryantoland25 ($0 in chips) is sitting out
Seat 1: janarr5 ($112.86 in chips) 
Seat 2: B1GBankroll ($128.86 in chips) 
Seat 4: AndreaBsAs ($190 in chips) 
Seat 5: oneduo ($108.95 in chips) 
Seat 6: mr.Jckpot ($100 in chips) 
B1GBankroll: posts small blind $0.50
AndreaBsAs: posts big blind $1
*** HOLE CARDS ***
oneduo: folds 
mr.Jckpot: folds 
janarr5: folds 
B1GBankroll: folds 
Uncalled bet ($0.50) returned to AndreaBsAs
AndreaBsAs collected $1 from pot
*** SUMMARY ***
Total pot $1 | Rake $0 
Seat 3: Ryantoland25
Seat 1: janarr5 (button) folded before Flop (didn't bet)
Seat 2: B1GBankroll (small blind) folded before Flop
Seat 4: AndreaBsAs (big blind) collected ($1)
Seat 5: oneduo folded before Flop (didn't bet)
Seat 6: mr.Jckpot folded before Flop (didn't bet)



PokerStars Hand #254295089986:  Hold'em No Limit ($0.50/$1.00 USD) - 2025/01/10 14:31:32 WET [2025/01/10 9:31:32 ET]
Table 'Clarissa III' 6-max Seat #2 is the button
Seat 3: Ryantoland25 ($0 in chips) is sitting out
Seat 5: oneduo ($108.95 in chips) is sitting out
Seat 1: janarr5 ($112.86 in chips) 
Seat 2: B1GBankroll ($128.36 in chips) 
Seat 4: AndreaBsAs ($190.50 in chips) 
Seat 6: mr.Jckpot ($100 in chips) 
AndreaBsAs: posts small blind $0.50
oneduo: is sitting out 
mr.Jckpot: posts big blind $1
*** HOLE CARDS ***
janarr5: folds 
oneduo leaves the table
B1GBankroll: raises $1.50 to $2.50
AndreaBsAs: folds 
GuigaMan joins the table at seat #5 
mr.Jckpot: raises $9.50 to $12
B1GBankroll: calls $9.50
*** FLOP *** [9d 3h 8c]
mr.Jckpot: bets $7.76
B1GBankroll: calls $7.76
*** TURN *** [9d 3h 8c] [Qs]
mr.Jckpot: checks 
B1GBankroll: bets $13.27
mr.Jckpot: folds 
Uncalled bet ($13.27) returned to B1GBankroll
B1GBankroll collected $39.02 from pot
B1GBankroll: doesn't show hand 
*** SUMMARY ***
Total pot $40.02 | Rake $1 
Board [9d 3h 8c Qs]
Seat 3: Ryantoland25
Seat 5: oneduo
Seat 1: janarr5 folded before Flop (didn't bet)
Seat 2: B1GBankroll (button) collected ($39.02)
Seat 4: AndreaBsAs (small blind) folded before Flop
Seat 6: mr.Jckpot (big blind) folded on the Turn



PokerStars Hand #254295104807:  Hold'em No Limit ($0.50/$1.00 USD) - 2025/01/10 14:32:51 WET [2025/01/10 9:32:51 ET]
Table 'Clarissa III' 6-max Seat #4 is the button
Seat 3: Ryantoland25 ($0 in chips) is sitting out
Seat 5: GuigaMan ($100 in chips) is sitting out
Seat 1: janarr5 ($112.86 in chips) 
Seat 2: B1GBankroll ($147.62 in chips) 
Seat 4: AndreaBsAs ($190 in chips) 
Seat 6: mr.Jckpot ($100 in chips) 
mr.Jckpot: posts small blind $0.50
janarr5: posts big blind $1
*** HOLE CARDS ***
B1GBankroll: raises $1.50 to $2.50
AndreaBsAs: folds 
mr.Jckpot: folds 
janarr5: folds 
Uncalled bet ($1.50) returned to B1GBankroll
B1GBankroll collected $2.50 from pot
B1GBankroll: doesn't show hand 
*** SUMMARY ***
Total pot $2.50 | Rake $0 
Seat 3: Ryantoland25
Seat 5: GuigaMan
Seat 1: janarr5 (big blind) folded before Flop
Seat 2: B1GBankroll collected ($2.50)
Seat 4: AndreaBsAs (button) folded before Flop (didn't bet)
Seat 6: mr.Jckpot (small blind) folded before Flop



PokerStars Hand #254295108340:  Hold'em No Limit ($0.50/$1.00 USD) - 2025/01/10 14:33:09 WET [2025/01/10 9:33:09 ET]
Table 'Clarissa III' 6-max Seat #6 is the button
Seat 2: B1GBankroll ($149.12 in chips) is sitting out
Seat 3: Ryantoland25 ($0 in chips) is sitting out
Seat 5: GuigaMan ($100 in chips) is sitting out
Seat 1: janarr5 ($111.86 in chips) 
Seat 4: AndreaBsAs ($190 in chips) 
Seat 6: mr.Jckpot ($100 in chips) 
janarr5: posts small blind $0.50
B1GBankroll: is sitting out 
AndreaBsAs: posts big blind $1
GuigaMan: sits out 
*** HOLE CARDS ***
mr.Jckpot: folds 
B1GBankroll leaves the table
janarr5: folds 
Uncalled bet ($0.50) returned to AndreaBsAs
AndreaBsAs collected $1 from pot
*** SUMMARY ***
Total pot $1 | Rake $0 
Seat 2: B1GBankroll
Seat 3: Ryantoland25
Seat 5: GuigaMan
Seat 1: janarr5 (small blind) folded before Flop
Seat 4: AndreaBsAs (big blind) collected ($1)
Seat 6: mr.Jckpot (button) folded before Flop (didn't bet)



PokerStars Hand #254295109919:  Hold'em No Limit ($0.50/$1.00 USD) - 2025/01/10 14:33:17 WET [2025/01/10 9:33:17 ET]
Table 'Clarissa III' 6-max Seat #1 is the button
Seat 3: Ryantoland25 ($0 in chips) is sitting out
Seat 1: janarr5 ($111.36 in chips) 
Seat 4: AndreaBsAs ($190.50 in chips) 
Seat 5: GuigaMan ($100 in chips) 
Seat 6: mr.Jckpot ($100 in chips) 
AndreaBsAs: posts small blind $0.50
GuigaMan: posts big blind $1
*** HOLE CARDS ***
mr.Jckpot: raises $1.50 to $2.50
janarr5: folds 
AndreaBsAs: folds 
GuigaMan: raises $8.50 to $11
mr.Jckpot: calls $8.50
*** FLOP *** [Ks Jc 2h]
GuigaMan: bets $5
mr.Jckpot: calls $5
*** TURN *** [Ks Jc 2h] [Jh]
GuigaMan: checks 
mr.Jckpot: bets $18
GuigaMan: folds 
Uncalled bet ($18) returned to mr.Jckpot
mr.Jckpot collected $31.50 from pot
mr.Jckpot: doesn't show hand 
*** SUMMARY ***
Total pot $32.50 | Rake $1 
Board [Ks Jc 2h Jh]
Seat 3: Ryantoland25
Seat 1: janarr5 (button) folded before Flop (didn't bet)
Seat 4: AndreaBsAs (small blind) folded before Flop
Seat 5: GuigaMan (big blind) folded on the Turn
Seat 6: mr.Jckpot collected ($31.50)



PokerStars Hand #254295119277:  Hold'em No Limit ($0.50/$1.00 USD) - 2025/01/10 14:34:06 WET [2025/01/10 9:34:06 ET]
Table 'Clarissa III' 6-max Seat #4 is the button
Seat 3: Ryantoland25 ($0 in chips) is sitting out
Seat 6: mr.Jckpot ($115.50 in chips) is sitting out
Seat 1: janarr5 ($111.36 in chips) 
Seat 4: AndreaBsAs ($190 in chips) 
Seat 5: GuigaMan ($100 in chips) 
GuigaMan: posts small blind $0.50
mr.Jckpot: is sitting out 
janarr5: posts big blind $1
*** HOLE CARDS ***
AndreaBsAs: raises $1.50 to $2.50
mr.Jckpot leaves the table
GuigaMan: folds 
janarr5: folds 
Uncalled bet ($1.50) returned to AndreaBsAs
AndreaBsAs collected $2.50 from pot
*** SUMMARY ***
Total pot $2.50 | Rake $0 
Seat 3: Ryantoland25
Seat 6: mr.Jckpot
Seat 1: janarr5 (big blind) folded before Flop
Seat 4: AndreaBsAs (button) collected ($2.50)
Seat 5: GuigaMan (small blind) folded before Flop



PokerStars Hand #254295121228:  Hold'em No Limit ($0.50/$1.00 USD) - 2025/01/10 14:34:17 WET [2025/01/10 9:34:17 ET]
Table 'Clarissa III' 6-max Seat #1 is the button
Seat 3: Ryantoland25 ($0 in chips) is sitting out
Seat 4: AndreaBsAs ($191.50 in chips) is sitting out
Seat 1: janarr5 ($110.36 in chips) 
Seat 5: GuigaMan ($100 in chips) 
janarr5: posts small blind $0.50
AndreaBsAs: is sitting out 
GuigaMan: posts big blind $1
*** HOLE CARDS ***
janarr5: raises $1.50 to $2.50
GuigaMan: calls $1.50
*** FLOP *** [Qc Tc 9d]
GuigaMan: checks 
janarr5: checks 
*** TURN *** [Qc Tc 9d] [5c]
GuigaMan: bets $3.56
janarr5: folds 
Uncalled bet ($3.56) returned to GuigaMan
GuigaMan collected $4.75 from pot
GuigaMan: doesn't show hand 
*** SUMMARY ***
Total pot $5 | Rake $0.25 
Board [Qc Tc 9d 5c]
Seat 3: Ryantoland25
Seat 4: AndreaBsAs
Seat 1: janarr5 (button) (small blind) folded on the Turn
Seat 5: GuigaMan (big blind) collected ($4.75)



