PokerStars Hand #254305403192:  Hold'em No Limit ($0.50/$1.00 USD) - 2025/01/10 0:42:12 WET [2025/01/10 19:42:12 ET]
Table 'Benda II' 6-max Seat #5 is the button
Seat 1: Joker007r ($100 in chips) 
Seat 5: fullboatQA ($10 in chips) 
fullboatQA: posts small blind $0.50
Joker007r: posts big blind $1
*** HOLE CARDS ***
fullboatQA: folds 
Uncalled bet ($0.50) returned to Joker007r
Joker007r collected $1 from pot
Joker007r: doesn't show hand 
*** SUMMARY ***
Total pot $1 | Rake $0 
Seat 1: Joker007r (big blind) collected ($1)
Seat 5: fullboatQA (button) (small blind) folded before Flop



PokerStars Hand #254305404757:  Hold'em No Limit ($0.50/$1.00 USD) - 2025/01/10 0:42:18 WET [2025/01/10 19:42:18 ET]
Table 'Benda II' 6-max Seat #1 is the button
Seat 1: Joker007r ($100.50 in chips) 
Seat 5: fullboatQA ($9.50 in chips) 
Joker007r: posts small blind $0.50
fullboatQA: posts big blind $1
*** HOLE CARDS ***
Joker007r: folds 
Uncalled bet ($0.50) returned to fullboatQA
fullboatQA collected $1 from pot
fullboatQA: doesn't show hand 
*** SUMMARY ***
Total pot $1 | Rake $0 
Seat 1: Joker007r (button) (small blind) folded before Flop
Seat 5: fullboatQA (big blind) collected ($1)



PokerStars Hand #254305406091:  Hold'em No Limit ($0.50/$1.00 USD) - 2025/01/10 0:42:23 WET [2025/01/10 19:42:23 ET]
Table 'Benda II' 6-max Seat #5 is the button
Seat 1: Joker007r ($100 in chips) 
Seat 5: fullboatQA ($10 in chips) 
fullboatQA: posts small blind $0.50
Joker007r: posts big blind $1
*** HOLE CARDS ***
fullboatQA: raises $1 to $2
Joker007r: folds 
Uncalled bet ($1) returned to fullboatQA
fullboatQA collected $2 from pot
fullboatQA: doesn't show hand 
*** SUMMARY ***
Total pot $2 | Rake $0 
Seat 1: Joker007r (big blind) folded before Flop
Seat 5: fullboatQA (button) (small blind) collected ($2)



PokerStars Hand #254305408735:  Hold'em No Limit ($0.50/$1.00 USD) - 2025/01/10 0:42:35 WET [2025/01/10 19:42:35 ET]
Table 'Benda II' 6-max Seat #1 is the button
Seat 1: Joker007r ($100 in chips) 
Seat 5: fullboatQA ($11 in chips) 
Joker007r: posts small blind $0.50
fullboatQA: posts big blind $1
*** HOLE CARDS ***
Joker007r: folds 
Uncalled bet ($0.50) returned to fullboatQA
fullboatQA collected $1 from pot
fullboatQA: doesn't show hand 
*** SUMMARY ***
Total pot $1 | Rake $0 
Seat 1: Joker007r (button) (small blind) folded before Flop
Seat 5: fullboatQA (big blind) collected ($1)



PokerStars Hand #254305470920:  Hold'em No Limit ($0.50/$1.00 USD) - 2025/01/10 0:47:04 WET [2025/01/10 19:47:04 ET]
Table 'Benda II' 6-max Seat #4 is the button
Seat 1: The magic MD ($10 in chips) 
Seat 4: fishandchiper ($34.36 in chips) 
Seat 6: m0nTTu ($10 in chips) 
fishandchiper is disconnected 
m0nTTu: posts small blind $0.50
The magic MD: posts big blind $1
*** HOLE CARDS ***
Zvst joins the table at seat #5 
Nazareno1999 joins the table at seat #3 
kekoccc joins the table at seat #2 
fishandchiper: folds 
m0nTTu: raises $9 to $10 and is all-in
The magic MD: folds 
Uncalled bet ($9) returned to m0nTTu
m0nTTu collected $2 from pot
m0nTTu: doesn't show hand 
*** SUMMARY ***
Total pot $2 | Rake $0 
Seat 1: The magic MD (big blind) folded before Flop
Seat 4: fishandchiper (button) folded before Flop (didn't bet)
Seat 6: m0nTTu (small blind) collected ($2)



PokerStars Hand #254305477174:  Hold'em No Limit ($0.50/$1.00 USD) - 2025/01/10 0:47:31 WET [2025/01/10 19:47:31 ET]
Table 'Benda II' 6-max Seat #6 is the button
Seat 3: Nazareno1999 ($116.75 in chips) is sitting out
Seat 5: Zvst ($100 in chips) is sitting out
Seat 1: The magic MD ($10 in chips) 
Seat 2: kekoccc ($100 in chips) 
Seat 4: fishandchiper ($34.36 in chips) 
Seat 6: m0nTTu ($11 in chips) 
The magic MD: posts small blind $0.50
kekoccc: posts big blind $1
Nazareno1999: sits out 
Zvst: sits out 
*** HOLE CARDS ***
fishandchiper: calls $1
m0nTTu: folds 
The magic MD: folds 
kekoccc: checks 
*** FLOP *** [9h 5s Kh]
kekoccc: checks 
fishandchiper: bets $2
kekoccc: folds 
Uncalled bet ($2) returned to fishandchiper
fishandchiper collected $2.38 from pot
*** SUMMARY ***
Total pot $2.50 | Rake $0.12 
Board [9h 5s Kh]
Seat 3: Nazareno1999
Seat 5: Zvst
Seat 1: The magic MD (small blind) folded before Flop
Seat 2: kekoccc (big blind) folded on the Flop
Seat 4: fishandchiper collected ($2.38)
Seat 6: m0nTTu (button) folded before Flop (didn't bet)



PokerStars Hand #254305483706:  Hold'em No Limit ($0.50/$1.00 USD) - 2025/01/10 0:48:01 WET [2025/01/10 19:48:01 ET]
Table 'Benda II' 6-max Seat #1 is the button
Seat 5: Zvst ($100 in chips) is sitting out
Seat 1: The magic MD ($10 in chips) 
Seat 2: kekoccc ($100 in chips) 
Seat 3: Nazareno1999 ($116.75 in chips) 
Seat 4: fishandchiper ($35.74 in chips) 
Seat 6: m0nTTu ($100 in chips) 
kekoccc: posts small blind $0.50
Nazareno1999: posts big blind $1
Zvst: sits out 
*** HOLE CARDS ***
fishandchiper: folds 
m0nTTu: folds 
The magic MD: folds 
kekoccc: folds 
Uncalled bet ($0.50) returned to Nazareno1999
Nazareno1999 collected $1 from pot
Nazareno1999: doesn't show hand 
*** SUMMARY ***
Total pot $1 | Rake $0 
Seat 5: Zvst
Seat 1: The magic MD (button) folded before Flop (didn't bet)
Seat 2: kekoccc (small blind) folded before Flop
Seat 3: Nazareno1999 (big blind) collected ($1)
Seat 4: fishandchiper folded before Flop (didn't bet)
Seat 6: m0nTTu folded before Flop (didn't bet)



PokerStars Hand #254305489739:  Hold'em No Limit ($0.50/$1.00 USD) - 2025/01/10 0:48:27 WET [2025/01/10 19:48:27 ET]
Table 'Benda II' 6-max Seat #2 is the button
Seat 5: Zvst ($100 in chips) is sitting out
Seat 1: The magic MD ($10 in chips) 
Seat 2: kekoccc ($100 in chips) 
Seat 3: Nazareno1999 ($117.25 in chips) 
Seat 4: fishandchiper ($35.74 in chips) 
Seat 6: m0nTTu ($100 in chips) 
Nazareno1999: posts small blind $0.50
fishandchiper: posts big blind $1
Zvst: sits out 
*** HOLE CARDS ***
m0nTTu: folds 
The magic MD: folds 
kekoccc: folds 
Nazareno1999: folds 
Uncalled bet ($0.50) returned to fishandchiper
fishandchiper collected $1 from pot
*** SUMMARY ***
Total pot $1 | Rake $0 
Seat 5: Zvst
Seat 1: The magic MD folded before Flop (didn't bet)
Seat 2: kekoccc (button) folded before Flop (didn't bet)
Seat 3: Nazareno1999 (small blind) folded before Flop
Seat 4: fishandchiper (big blind) collected ($1)
Seat 6: m0nTTu folded before Flop (didn't bet)



PokerStars Hand #254305495478:  Hold'em No Limit ($0.50/$1.00 USD) - 2025/01/10 0:48:52 WET [2025/01/10 19:48:52 ET]
Table 'Benda II' 6-max Seat #3 is the button
Seat 1: The magic MD ($10 in chips) 
Seat 2: kekoccc ($100 in chips) 
Seat 3: Nazareno1999 ($116.75 in chips) 
Seat 4: fishandchiper ($36.24 in chips) 
Seat 5: Zvst ($100 in chips) 
Seat 6: m0nTTu ($100 in chips) 
fishandchiper: posts small blind $0.50
Zvst: posts big blind $1
*** HOLE CARDS ***
m0nTTu: folds 
The magic MD: folds 
kekoccc: folds 
Nazareno1999: raises $1.20 to $2.20
fishandchiper: folds 
Zvst: raises $9.90 to $12.10
Nazareno1999: calls $9.90
*** FLOP *** [3c 7c 2s]
Zvst: checks 
Nazareno1999: checks 
*** TURN *** [3c 7c 2s] [6d]
Zvst: checks 
Nazareno1999: checks 
*** RIVER *** [3c 7c 2s 6d] [5d]
Zvst: checks 
Nazareno1999: checks 
*** SHOW DOWN ***
Zvst: shows [As Jh] (high card Ace)
Nazareno1999: shows [Ad Qs] (high card Ace - Queen kicker)
Nazareno1999 collected $23.46 from pot
*** SUMMARY ***
Total pot $24.70 | Rake $1.24 
Board [3c 7c 2s 6d 5d]
Seat 1: The magic MD folded before Flop (didn't bet)
Seat 2: kekoccc folded before Flop (didn't bet)
Seat 3: Nazareno1999 (button) showed [Ad Qs] and won ($23.46) with high card Ace
Seat 4: fishandchiper (small blind) folded before Flop
Seat 5: Zvst (big blind) showed [As Jh] and lost with high card Ace
Seat 6: m0nTTu folded before Flop (didn't bet)



PokerStars Hand #254305512562:  Hold'em No Limit ($0.50/$1.00 USD) - 2025/01/10 0:50:08 WET [2025/01/10 19:50:08 ET]
Table 'Benda II' 6-max Seat #4 is the button
Seat 1: The magic MD ($10 in chips) 
Seat 2: kekoccc ($100 in chips) 
Seat 3: Nazareno1999 ($128.11 in chips) 
Seat 4: fishandchiper ($35.74 in chips) 
Seat 5: Zvst ($100 in chips) 
Seat 6: m0nTTu ($100 in chips) 
Zvst: posts small blind $0.50
m0nTTu: posts big blind $1
*** HOLE CARDS ***
The magic MD: raises $1 to $2
kekoccc: folds 
Nazareno1999: folds 
fishandchiper: folds 
Zvst: folds 
m0nTTu: raises $98 to $100 and is all-in
The magic MD: calls $8 and is all-in
Uncalled bet ($90) returned to m0nTTu
*** FLOP *** [9c 4d Kh]
*** TURN *** [9c 4d Kh] [Qh]
*** RIVER *** [9c 4d Kh Qh] [8s]
*** SHOW DOWN ***
m0nTTu: shows [Ac 4c] (a pair of Fours)
The magic MD: shows [Qs 9s] (two pair, Queens and Nines)
The magic MD collected $19.48 from pot
*** SUMMARY ***
Total pot $20.50 | Rake $1.02 
Board [9c 4d Kh Qh 8s]
Seat 1: The magic MD showed [Qs 9s] and won ($19.48) with two pair, Queens and Nines
Seat 2: kekoccc folded before Flop (didn't bet)
Seat 3: Nazareno1999 folded before Flop (didn't bet)
Seat 4: fishandchiper (button) folded before Flop (didn't bet)
Seat 5: Zvst (small blind) folded before Flop
Seat 6: m0nTTu (big blind) showed [Ac 4c] and lost with a pair of Fours



PokerStars Hand #254305521835:  Hold'em No Limit ($0.50/$1.00 USD) - 2025/01/10 0:50:48 WET [2025/01/10 19:50:48 ET]
Table 'Benda II' 6-max Seat #5 is the button
Seat 1: The magic MD ($19.48 in chips) 
Seat 2: kekoccc ($100 in chips) 
Seat 3: Nazareno1999 ($128.11 in chips) 
Seat 4: fishandchiper ($35.74 in chips) 
Seat 5: Zvst ($100 in chips) 
Seat 6: m0nTTu ($90 in chips) 
m0nTTu: posts small blind $0.50
The magic MD: posts big blind $1
*** HOLE CARDS ***
kekoccc: folds 
Nazareno1999: raises $1.20 to $2.20
fishandchiper: folds 
Zvst: folds 
m0nTTu: folds 
The magic MD: folds 
Uncalled bet ($1.20) returned to Nazareno1999
Nazareno1999 collected $2.50 from pot
Nazareno1999: doesn't show hand 
*** SUMMARY ***
Total pot $2.50 | Rake $0 
Seat 1: The magic MD (big blind) folded before Flop
Seat 2: kekoccc folded before Flop (didn't bet)
Seat 3: Nazareno1999 collected ($2.50)
Seat 4: fishandchiper folded before Flop (didn't bet)
Seat 5: Zvst (button) folded before Flop (didn't bet)
Seat 6: m0nTTu (small blind) folded before Flop



PokerStars Hand #254305525419:  Hold'em No Limit ($0.50/$1.00 USD) - 2025/01/10 0:51:05 WET [2025/01/10 19:51:05 ET]
Table 'Benda II' 6-max Seat #6 is the button
Seat 1: The magic MD ($18.48 in chips) 
Seat 2: kekoccc ($100 in chips) 
Seat 3: Nazareno1999 ($129.61 in chips) 
Seat 4: fishandchiper ($35.74 in chips) 
Seat 5: Zvst ($100 in chips) 
Seat 6: m0nTTu ($89.50 in chips) 
The magic MD: posts small blind $0.50
kekoccc: posts big blind $1
*** HOLE CARDS ***
Nazareno1999: folds 
fishandchiper: folds 
Zvst: folds 
m0nTTu: folds 
The magic MD: folds 
Uncalled bet ($0.50) returned to kekoccc
kekoccc collected $1 from pot
kekoccc: doesn't show hand 
*** SUMMARY ***
Total pot $1 | Rake $0 
Seat 1: The magic MD (small blind) folded before Flop
Seat 2: kekoccc (big blind) collected ($1)
Seat 3: Nazareno1999 folded before Flop (didn't bet)
Seat 4: fishandchiper folded before Flop (didn't bet)
Seat 5: Zvst folded before Flop (didn't bet)
Seat 6: m0nTTu (button) folded before Flop (didn't bet)



PokerStars Hand #254305528939:  Hold'em No Limit ($0.50/$1.00 USD) - 2025/01/10 0:51:20 WET [2025/01/10 19:51:20 ET]
Table 'Benda II' 6-max Seat #1 is the button
Seat 1: The magic MD ($17.98 in chips) 
Seat 2: kekoccc ($100.50 in chips) 
Seat 3: Nazareno1999 ($129.61 in chips) 
Seat 4: fishandchiper ($35.74 in chips) 
Seat 5: Zvst ($100 in chips) 
Seat 6: m0nTTu ($89.50 in chips) 
kekoccc: posts small blind $0.50
Nazareno1999: posts big blind $1
*** HOLE CARDS ***
fishandchiper: folds 
Zvst: folds 
m0nTTu: folds 
The magic MD: raises $1 to $2
kekoccc: folds 
Nazareno1999: calls $1
*** FLOP *** [9s 6s 8c]
Nazareno1999: checks 
The magic MD: checks 
*** TURN *** [9s 6s 8c] [Tc]
Nazareno1999: checks 
The magic MD: bets $4.28
Nazareno1999: calls $4.28
*** RIVER *** [9s 6s 8c Tc] [4s]
Nazareno1999: checks 
The magic MD: checks 
*** SHOW DOWN ***
Nazareno1999: shows [9d Jc] (a pair of Nines)
The magic MD: shows [Qh Jh] (a straight, Eight to Queen)
The magic MD collected $12.41 from pot
*** SUMMARY ***
Total pot $13.06 | Rake $0.65 
Board [9s 6s 8c Tc 4s]
Seat 1: The magic MD (button) showed [Qh Jh] and won ($12.41) with a straight, Eight to Queen
Seat 2: kekoccc (small blind) folded before Flop
Seat 3: Nazareno1999 (big blind) showed [9d Jc] and lost with a pair of Nines
Seat 4: fishandchiper folded before Flop (didn't bet)
Seat 5: Zvst folded before Flop (didn't bet)
Seat 6: m0nTTu folded before Flop (didn't bet)



PokerStars Hand #254305538344:  Hold'em No Limit ($0.50/$1.00 USD) - 2025/01/10 0:52:02 WET [2025/01/10 19:52:02 ET]
Table 'Benda II' 6-max Seat #2 is the button
Seat 1: The magic MD ($24.11 in chips) 
Seat 2: kekoccc ($100 in chips) 
Seat 3: Nazareno1999 ($123.33 in chips) 
Seat 4: fishandchiper ($35.74 in chips) 
Seat 5: Zvst ($100 in chips) 
Seat 6: m0nTTu ($89.50 in chips) 
Nazareno1999: posts small blind $0.50
fishandchiper: posts big blind $1
*** HOLE CARDS ***
Zvst: raises $1 to $2
m0nTTu: folds 
The magic MD: folds 
kekoccc: folds 
Nazareno1999: folds 
fishandchiper: raises $3 to $5
Zvst: calls $3
*** FLOP *** [6d Jh 5c]
fishandchiper: checks 
Zvst: bets $3.29
fishandchiper: calls $3.29
*** TURN *** [6d Jh 5c] [5h]
fishandchiper: checks 
Zvst: checks 
*** RIVER *** [6d Jh 5c 5h] [Ts]
fishandchiper: checks 
Zvst: checks 
*** SHOW DOWN ***
fishandchiper: shows [Tc As] (two pair, Tens and Fives)
Zvst: mucks hand 
fishandchiper collected $16.23 from pot
*** SUMMARY ***
Total pot $17.08 | Rake $0.85 
Board [6d Jh 5c 5h Ts]
Seat 1: The magic MD folded before Flop (didn't bet)
Seat 2: kekoccc (button) folded before Flop (didn't bet)
Seat 3: Nazareno1999 (small blind) folded before Flop
Seat 4: fishandchiper (big blind) showed [Tc As] and won ($16.23) with two pair, Tens and Fives
Seat 5: Zvst mucked
Seat 6: m0nTTu folded before Flop (didn't bet)



PokerStars Hand #254305555028:  Hold'em No Limit ($0.50/$1.00 USD) - 2025/01/10 0:53:17 WET [2025/01/10 19:53:17 ET]
Table 'Benda II' 6-max Seat #3 is the button
Seat 1: The magic MD ($24.11 in chips) 
Seat 2: kekoccc ($100 in chips) 
Seat 3: Nazareno1999 ($122.83 in chips) 
Seat 4: fishandchiper ($43.68 in chips) 
Seat 5: Zvst ($100 in chips) 
Seat 6: m0nTTu ($89.50 in chips) 
fishandchiper: posts small blind $0.50
Zvst: posts big blind $1
*** HOLE CARDS ***
m0nTTu: folds 
The magic MD: folds 
kekoccc: folds 
Nazareno1999: raises $1.20 to $2.20
fishandchiper: calls $1.70
Zvst: folds 
*** FLOP *** [Qc 2h Qh]
fishandchiper: checks 
Nazareno1999: bets $1.69
fishandchiper: calls $1.69
*** TURN *** [Qc 2h Qh] [3h]
fishandchiper: checks 
Nazareno1999: bets $6
fishandchiper: calls $6
*** RIVER *** [Qc 2h Qh 3h] [Tc]
fishandchiper: checks 
Nazareno1999: checks 
*** SHOW DOWN ***
fishandchiper: shows [9h 7h] (a flush, Queen high)
Nazareno1999: mucks hand 
fishandchiper collected $19.74 from pot
*** SUMMARY ***
Total pot $20.78 | Rake $1.04 
Board [Qc 2h Qh 3h Tc]
Seat 1: The magic MD folded before Flop (didn't bet)
Seat 2: kekoccc folded before Flop (didn't bet)
Seat 3: Nazareno1999 (button) mucked
Seat 4: fishandchiper (small blind) showed [9h 7h] and won ($19.74) with a flush, Queen high
Seat 5: Zvst (big blind) folded before Flop
Seat 6: m0nTTu folded before Flop (didn't bet)



PokerStars Hand #254305570880:  Hold'em No Limit ($0.50/$1.00 USD) - 2025/01/10 0:54:29 WET [2025/01/10 19:54:29 ET]
Table 'Benda II' 6-max Seat #4 is the button
Seat 1: The magic MD ($24.11 in chips) 
Seat 2: kekoccc ($100 in chips) 
Seat 3: Nazareno1999 ($112.94 in chips) 
Seat 4: fishandchiper ($53.53 in chips) 
Seat 5: Zvst ($100 in chips) 
Seat 6: m0nTTu ($89.50 in chips) 
Zvst: posts small blind $0.50
m0nTTu: posts big blind $1
*** HOLE CARDS ***
The magic MD: folds 
kekoccc: folds 
Nazareno1999: raises $1.20 to $2.20
fishandchiper: folds 
Zvst: folds 
m0nTTu: calls $1.20
*** FLOP *** [7d Js 2d]
m0nTTu: checks 
Nazareno1999: bets $1.54
m0nTTu: calls $1.54
*** TURN *** [7d Js 2d] [Tc]
m0nTTu: checks 
Nazareno1999: checks 
*** RIVER *** [7d Js 2d Tc] [7c]
m0nTTu: checks 
Nazareno1999: checks 
*** SHOW DOWN ***
m0nTTu: shows [Kd As] (a pair of Sevens)
Nazareno1999: shows [Ks Td] (two pair, Tens and Sevens)
Nazareno1999 collected $7.58 from pot
*** SUMMARY ***
Total pot $7.98 | Rake $0.40 
Board [7d Js 2d Tc 7c]
Seat 1: The magic MD folded before Flop (didn't bet)
Seat 2: kekoccc folded before Flop (didn't bet)
Seat 3: Nazareno1999 showed [Ks Td] and won ($7.58) with two pair, Tens and Sevens
Seat 4: fishandchiper (button) folded before Flop (didn't bet)
Seat 5: Zvst (small blind) folded before Flop
Seat 6: m0nTTu (big blind) showed [Kd As] and lost with a pair of Sevens



PokerStars Hand #254305584073:  Hold'em No Limit ($0.50/$1.00 USD) - 2025/01/10 0:55:35 WET [2025/01/10 19:55:35 ET]
Table 'Benda II' 6-max Seat #5 is the button
Seat 1: The magic MD ($24.11 in chips) 
Seat 2: kekoccc ($100 in chips) 
Seat 3: Nazareno1999 ($116.78 in chips) 
Seat 4: fishandchiper ($53.53 in chips) 
Seat 5: Zvst ($100 in chips) 
Seat 6: m0nTTu ($85.76 in chips) 
m0nTTu: posts small blind $0.50
The magic MD: posts big blind $1
*** HOLE CARDS ***
kekoccc: raises $1.50 to $2.50
Nazareno1999: folds 
fishandchiper: raises $5.50 to $8
Zvst: folds 
m0nTTu: folds 
The magic MD: folds 
kekoccc: folds 
Uncalled bet ($5.50) returned to fishandchiper
fishandchiper collected $6.50 from pot
*** SUMMARY ***
Total pot $6.50 | Rake $0 
Seat 1: The magic MD (big blind) folded before Flop
Seat 2: kekoccc folded before Flop
Seat 3: Nazareno1999 folded before Flop (didn't bet)
Seat 4: fishandchiper collected ($6.50)
Seat 5: Zvst (button) folded before Flop (didn't bet)
Seat 6: m0nTTu (small blind) folded before Flop



PokerStars Hand #254305589870:  Hold'em No Limit ($0.50/$1.00 USD) - 2025/01/10 0:56:08 WET [2025/01/10 19:56:08 ET]
Table 'Benda II' 6-max Seat #6 is the button
Seat 1: The magic MD ($23.11 in chips) 
Seat 2: kekoccc ($100 in chips) 
Seat 3: Nazareno1999 ($116.78 in chips) 
Seat 4: fishandchiper ($57.53 in chips) 
Seat 5: Zvst ($100 in chips) 
Seat 6: m0nTTu ($85.26 in chips) 
The magic MD: posts small blind $0.50
kekoccc: posts big blind $1
*** HOLE CARDS ***
Nazareno1999: folds 
fishandchiper: folds 
Zvst: folds 
m0nTTu: folds 
The magic MD: raises $1 to $2
kekoccc: folds 
Uncalled bet ($1) returned to The magic MD
The magic MD collected $2 from pot
*** SUMMARY ***
Total pot $2 | Rake $0 
Seat 1: The magic MD (small blind) collected ($2)
Seat 2: kekoccc (big blind) folded before Flop
Seat 3: Nazareno1999 folded before Flop (didn't bet)
Seat 4: fishandchiper folded before Flop (didn't bet)
Seat 5: Zvst folded before Flop (didn't bet)
Seat 6: m0nTTu (button) folded before Flop (didn't bet)



PokerStars Hand #254305593836:  Hold'em No Limit ($0.50/$1.00 USD) - 2025/01/10 0:56:30 WET [2025/01/10 19:56:30 ET]
Table 'Benda II' 6-max Seat #1 is the button
Seat 1: The magic MD ($24.11 in chips) 
Seat 2: kekoccc ($100 in chips) 
Seat 3: Nazareno1999 ($116.78 in chips) 
Seat 4: fishandchiper ($57.53 in chips) 
Seat 5: Zvst ($100 in chips) 
Seat 6: m0nTTu ($85.26 in chips) 
kekoccc: posts small blind $0.50
Nazareno1999: posts big blind $1
*** HOLE CARDS ***
fishandchiper: calls $1
Zvst has timed out
Zvst: folds 
m0nTTu: folds 
The magic MD: raises $23.11 to $24.11 and is all-in
kekoccc: folds 
Nazareno1999: folds 
fishandchiper: folds 
Uncalled bet ($23.11) returned to The magic MD
The magic MD collected $3.50 from pot
*** SUMMARY ***
Total pot $3.50 | Rake $0 
Seat 1: The magic MD (button) collected ($3.50)
Seat 2: kekoccc (small blind) folded before Flop
Seat 3: Nazareno1999 (big blind) folded before Flop
Seat 4: fishandchiper folded before Flop
Seat 5: Zvst folded before Flop (didn't bet)
Seat 6: m0nTTu folded before Flop (didn't bet)



PokerStars Hand #254305603514:  Hold'em No Limit ($0.50/$1.00 USD) - 2025/01/10 0:57:24 WET [2025/01/10 19:57:24 ET]
Table 'Benda II' 6-max Seat #2 is the button
Seat 1: The magic MD ($26.61 in chips) 
Seat 2: kekoccc ($100 in chips) 
Seat 3: Nazareno1999 ($115.78 in chips) 
Seat 4: fishandchiper ($56.53 in chips) 
Seat 5: Zvst ($100 in chips) 
Seat 6: m0nTTu ($85.26 in chips) 
Nazareno1999: posts small blind $0.50
fishandchiper: posts big blind $1
*** HOLE CARDS ***
Zvst: folds 
m0nTTu: folds 
The magic MD: raises $1 to $2
kekoccc: raises $4.50 to $6.50
Nazareno1999: folds 
fishandchiper: calls $5.50
The magic MD: folds 
*** FLOP *** [4c 5h Kd]
fishandchiper: checks 
kekoccc: bets $4.85
fishandchiper: calls $4.85
*** TURN *** [4c 5h Kd] [4s]
fishandchiper: checks 
kekoccc: checks 
*** RIVER *** [4c 5h Kd 4s] [Ad]
fishandchiper: checks 
kekoccc: checks 
*** SHOW DOWN ***
fishandchiper: shows [Ah 3c] (two pair, Aces and Fours)
kekoccc: mucks hand 
fishandchiper collected $23.94 from pot
*** SUMMARY ***
Total pot $25.20 | Rake $1.26 
Board [4c 5h Kd 4s Ad]
Seat 1: The magic MD folded before Flop
Seat 2: kekoccc (button) mucked
Seat 3: Nazareno1999 (small blind) folded before Flop
Seat 4: fishandchiper (big blind) showed [Ah 3c] and won ($23.94) with two pair, Aces and Fours
Seat 5: Zvst folded before Flop (didn't bet)
Seat 6: m0nTTu folded before Flop (didn't bet)



PokerStars Hand #254305614816:  Hold'em No Limit ($0.50/$1.00 USD) - 2025/01/10 0:58:28 WET [2025/01/10 19:58:28 ET]
Table 'Benda II' 6-max Seat #3 is the button
Seat 1: The magic MD ($24.61 in chips) 
Seat 2: kekoccc ($100 in chips) 
Seat 3: Nazareno1999 ($115.28 in chips) 
Seat 4: fishandchiper ($69.12 in chips) 
Seat 5: Zvst ($100 in chips) 
Seat 6: m0nTTu ($85.26 in chips) 
fishandchiper: posts small blind $0.50
Zvst: posts big blind $1
*** HOLE CARDS ***
m0nTTu: folds 
The magic MD: folds 
kekoccc: raises $1.50 to $2.50
Nazareno1999: folds 
fishandchiper: folds 
Zvst: folds 
Uncalled bet ($1.50) returned to kekoccc
kekoccc collected $2.50 from pot
kekoccc: doesn't show hand 
*** SUMMARY ***
Total pot $2.50 | Rake $0 
Seat 1: The magic MD folded before Flop (didn't bet)
Seat 2: kekoccc collected ($2.50)
Seat 3: Nazareno1999 (button) folded before Flop (didn't bet)
Seat 4: fishandchiper (small blind) folded before Flop
Seat 5: Zvst (big blind) folded before Flop
Seat 6: m0nTTu folded before Flop (didn't bet)



PokerStars Hand #254305617405:  Hold'em No Limit ($0.50/$1.00 USD) - 2025/01/10 0:58:43 WET [2025/01/10 19:58:43 ET]
Table 'Benda II' 6-max Seat #4 is the button
Seat 1: The magic MD ($24.61 in chips) 
Seat 2: kekoccc ($101.50 in chips) 
Seat 3: Nazareno1999 ($115.28 in chips) 
Seat 4: fishandchiper ($68.62 in chips) 
Seat 5: Zvst ($100 in chips) 
Seat 6: m0nTTu ($85.26 in chips) 
Zvst: posts small blind $0.50
m0nTTu: posts big blind $1
*** HOLE CARDS ***
The magic MD: raises $1 to $2
kekoccc: folds 
Nazareno1999: folds 
fishandchiper: calls $2
Zvst: folds 
m0nTTu: folds 
*** FLOP *** [Ah 6c 6d]
The magic MD: checks 
fishandchiper: checks 
*** TURN *** [Ah 6c 6d] [4s]
The magic MD: bets $2
fishandchiper: calls $2
*** RIVER *** [Ah 6c 6d 4s] [Td]
The magic MD: checks 
fishandchiper: bets $5
The magic MD: folds 
Uncalled bet ($5) returned to fishandchiper
fishandchiper collected $9.02 from pot
*** SUMMARY ***
Total pot $9.50 | Rake $0.48 
Board [Ah 6c 6d 4s Td]
Seat 1: The magic MD folded on the River
Seat 2: kekoccc folded before Flop (didn't bet)
Seat 3: Nazareno1999 folded before Flop (didn't bet)
Seat 4: fishandchiper (button) collected ($9.02)
Seat 5: Zvst (small blind) folded before Flop
Seat 6: m0nTTu (big blind) folded before Flop



PokerStars Hand #254305625312:  Hold'em No Limit ($0.50/$1.00 USD) - 2025/01/10 0:59:27 WET [2025/01/10 19:59:27 ET]
Table 'Benda II' 6-max Seat #5 is the button
Seat 1: The magic MD ($20.61 in chips) 
Seat 2: kekoccc ($101.50 in chips) 
Seat 3: Nazareno1999 ($115.28 in chips) 
Seat 4: fishandchiper ($73.64 in chips) 
Seat 5: Zvst ($100 in chips) 
Seat 6: m0nTTu ($84.26 in chips) 
m0nTTu: posts small blind $0.50
The magic MD: posts big blind $1
*** HOLE CARDS ***
kekoccc: raises $1.50 to $2.50
Nazareno1999: folds 
fishandchiper: folds 
Zvst: folds 
m0nTTu: folds 
The magic MD: folds 
Uncalled bet ($1.50) returned to kekoccc
kekoccc collected $2.50 from pot
kekoccc: doesn't show hand 
*** SUMMARY ***
Total pot $2.50 | Rake $0 
Seat 1: The magic MD (big blind) folded before Flop
Seat 2: kekoccc collected ($2.50)
Seat 3: Nazareno1999 folded before Flop (didn't bet)
Seat 4: fishandchiper folded before Flop (didn't bet)
Seat 5: Zvst (button) folded before Flop (didn't bet)
Seat 6: m0nTTu (small blind) folded before Flop



PokerStars Hand #254305628625:  Hold'em No Limit ($0.50/$1.00 USD) - 2025/01/10 0:59:46 WET [2025/01/10 19:59:46 ET]
Table 'Benda II' 6-max Seat #6 is the button
Seat 1: The magic MD ($19.61 in chips) 
Seat 2: kekoccc ($103 in chips) 
Seat 3: Nazareno1999 ($115.28 in chips) 
Seat 4: fishandchiper ($73.64 in chips) 
Seat 5: Zvst ($100 in chips) 
Seat 6: m0nTTu ($83.76 in chips) 
The magic MD: posts small blind $0.50
kekoccc: posts big blind $1
*** HOLE CARDS ***
Nazareno1999: folds 
fishandchiper: folds 
Zvst: folds 
m0nTTu: raises $1.50 to $2.50
The magic MD: calls $2
kekoccc: folds 
*** FLOP *** [9c 6s Ad]
The magic MD: checks 
m0nTTu: checks 
*** TURN *** [9c 6s Ad] [7d]
The magic MD: bets $2.85
m0nTTu: calls $2.85
*** RIVER *** [9c 6s Ad 7d] [4c]
The magic MD: bets $14.26 and is all-in
m0nTTu: calls $14.26
*** SHOW DOWN ***
The magic MD: shows [Ac Jc] (a pair of Aces)
m0nTTu: shows [Ah 4h] (two pair, Aces and Fours)
m0nTTu collected $38.21 from pot
*** SUMMARY ***
Total pot $40.22 | Rake $2.01 
Board [9c 6s Ad 7d 4c]
Seat 1: The magic MD (small blind) showed [Ac Jc] and lost with a pair of Aces
Seat 2: kekoccc (big blind) folded before Flop
Seat 3: Nazareno1999 folded before Flop (didn't bet)
Seat 4: fishandchiper folded before Flop (didn't bet)
Seat 5: Zvst folded before Flop (didn't bet)
Seat 6: m0nTTu (button) showed [Ah 4h] and won ($38.21) with two pair, Aces and Fours



PokerStars Hand #254305640663:  Hold'em No Limit ($0.50/$1.00 USD) - 2025/01/10 1:00:50 WET [2025/01/10 20:00:50 ET]
Table 'Benda II' 6-max Seat #1 is the button
Seat 1: The magic MD ($10 in chips) 
Seat 2: kekoccc ($102 in chips) 
Seat 3: Nazareno1999 ($115.28 in chips) 
Seat 4: fishandchiper ($73.64 in chips) 
Seat 5: Zvst ($100 in chips) 
Seat 6: m0nTTu ($102.36 in chips) 
kekoccc: posts small blind $0.50
Nazareno1999: posts big blind $1
*** HOLE CARDS ***
fishandchiper: folds 
Zvst: folds 
m0nTTu: folds 
The magic MD: raises $1 to $2
kekoccc: folds 
Nazareno1999: folds 
Uncalled bet ($1) returned to The magic MD
The magic MD collected $2.50 from pot
*** SUMMARY ***
Total pot $2.50 | Rake $0 
Seat 1: The magic MD (button) collected ($2.50)
Seat 2: kekoccc (small blind) folded before Flop
Seat 3: Nazareno1999 (big blind) folded before Flop
Seat 4: fishandchiper folded before Flop (didn't bet)
Seat 5: Zvst folded before Flop (didn't bet)
Seat 6: m0nTTu folded before Flop (didn't bet)



PokerStars Hand #254305644066:  Hold'em No Limit ($0.50/$1.00 USD) - 2025/01/10 1:01:07 WET [2025/01/10 20:01:07 ET]
Table 'Benda II' 6-max Seat #2 is the button
Seat 1: The magic MD ($11.50 in chips) 
Seat 2: kekoccc ($101.50 in chips) 
Seat 3: Nazareno1999 ($114.28 in chips) 
Seat 4: fishandchiper ($73.64 in chips) 
Seat 5: Zvst ($100 in chips) 
Seat 6: m0nTTu ($102.36 in chips) 
Nazareno1999: posts small blind $0.50
fishandchiper: posts big blind $1
*** HOLE CARDS ***
Zvst: folds 
m0nTTu: folds 
The magic MD: raises $1 to $2
kekoccc: folds 
Nazareno1999: folds 
fishandchiper: calls $1
*** FLOP *** [Jc 3c Ah]
fishandchiper: checks 
The magic MD: bets $2.14
fishandchiper: calls $2.14
*** TURN *** [Jc 3c Ah] [4d]
fishandchiper: checks 
The magic MD: checks 
*** RIVER *** [Jc 3c Ah 4d] [4h]
fishandchiper: bets $5
The magic MD: folds 
Uncalled bet ($5) returned to fishandchiper
fishandchiper collected $8.34 from pot
*** SUMMARY ***
Total pot $8.78 | Rake $0.44 
Board [Jc 3c Ah 4d 4h]
Seat 1: The magic MD folded on the River
Seat 2: kekoccc (button) folded before Flop (didn't bet)
Seat 3: Nazareno1999 (small blind) folded before Flop
Seat 4: fishandchiper (big blind) collected ($8.34)
Seat 5: Zvst folded before Flop (didn't bet)
Seat 6: m0nTTu folded before Flop (didn't bet)



PokerStars Hand #254305654885:  Hold'em No Limit ($0.50/$1.00 USD) - 2025/01/10 1:01:57 WET [2025/01/10 20:01:57 ET]
Table 'Benda II' 6-max Seat #3 is the button
Seat 1: The magic MD ($10 in chips) 
Seat 2: kekoccc ($101.50 in chips) 
Seat 3: Nazareno1999 ($113.78 in chips) 
Seat 4: fishandchiper ($77.84 in chips) 
Seat 5: Zvst ($100 in chips) 
Seat 6: m0nTTu ($102.36 in chips) 
fishandchiper: posts small blind $0.50
Zvst: posts big blind $1
*** HOLE CARDS ***
m0nTTu: folds 
The magic MD: raises $1 to $2
kekoccc: folds 
Nazareno1999: calls $2
fishandchiper: calls $1.50
Zvst: folds 
*** FLOP *** [4h 6h 2s]
fishandchiper: checks 
The magic MD: checks 
Nazareno1999: checks 
*** TURN *** [4h 6h 2s] [6c]
fishandchiper: checks 
The magic MD: bets $2
Nazareno1999: calls $2
fishandchiper: calls $2
*** RIVER *** [4h 6h 2s 6c] [7d]
fishandchiper: bets $5
The magic MD: folds 
Nazareno1999: calls $5
*** SHOW DOWN ***
fishandchiper: shows [9h Qh] (a pair of Sixes)
Nazareno1999: shows [3d 3h] (two pair, Sixes and Threes)
Nazareno1999 collected $21.85 from pot
*** SUMMARY ***
Total pot $23 | Rake $1.15 
Board [4h 6h 2s 6c 7d]
Seat 1: The magic MD folded on the River
Seat 2: kekoccc folded before Flop (didn't bet)
Seat 3: Nazareno1999 (button) showed [3d 3h] and won ($21.85) with two pair, Sixes and Threes
Seat 4: fishandchiper (small blind) showed [9h Qh] and lost with a pair of Sixes
Seat 5: Zvst (big blind) folded before Flop
Seat 6: m0nTTu folded before Flop (didn't bet)



PokerStars Hand #254305666703:  Hold'em No Limit ($0.50/$1.00 USD) - 2025/01/10 1:02:53 WET [2025/01/10 20:02:53 ET]
Table 'Benda II' 6-max Seat #4 is the button
Seat 1: The magic MD ($10 in chips) 
Seat 2: kekoccc ($101.50 in chips) 
Seat 3: Nazareno1999 ($126.63 in chips) 
Seat 4: fishandchiper ($68.84 in chips) 
Seat 5: Zvst ($100 in chips) 
Seat 6: m0nTTu ($102.36 in chips) 
Zvst: posts small blind $0.50
m0nTTu: posts big blind $1
*** HOLE CARDS ***
The magic MD: raises $9 to $10 and is all-in
kekoccc: folds 
Nazareno1999: folds 
fishandchiper: folds 
Zvst: folds 
m0nTTu: folds 
Uncalled bet ($9) returned to The magic MD
The magic MD collected $2.50 from pot
*** SUMMARY ***
Total pot $2.50 | Rake $0 
Seat 1: The magic MD collected ($2.50)
Seat 2: kekoccc folded before Flop (didn't bet)
Seat 3: Nazareno1999 folded before Flop (didn't bet)
Seat 4: fishandchiper (button) folded before Flop (didn't bet)
Seat 5: Zvst (small blind) folded before Flop
Seat 6: m0nTTu (big blind) folded before Flop



PokerStars Hand #254305671080:  Hold'em No Limit ($0.50/$1.00 USD) - 2025/01/10 1:03:13 WET [2025/01/10 20:03:13 ET]
Table 'Benda II' 6-max Seat #5 is the button
Seat 1: The magic MD ($11.50 in chips) 
Seat 2: kekoccc ($101.50 in chips) 
Seat 3: Nazareno1999 ($126.63 in chips) 
Seat 4: fishandchiper ($68.84 in chips) 
Seat 5: Zvst ($100 in chips) 
Seat 6: m0nTTu ($101.36 in chips) 
m0nTTu: posts small blind $0.50
The magic MD: posts big blind $1
*** HOLE CARDS ***
kekoccc: raises $1.50 to $2.50
Nazareno1999: folds 
fishandchiper: folds 
Zvst: folds 
m0nTTu: raises $7.50 to $10
The magic MD: folds 
kekoccc: folds 
Uncalled bet ($7.50) returned to m0nTTu
m0nTTu collected $6 from pot
m0nTTu: doesn't show hand 
*** SUMMARY ***
Total pot $6 | Rake $0 
Seat 1: The magic MD (big blind) folded before Flop
Seat 2: kekoccc folded before Flop
Seat 3: Nazareno1999 folded before Flop (didn't bet)
Seat 4: fishandchiper folded before Flop (didn't bet)
Seat 5: Zvst (button) folded before Flop (didn't bet)
Seat 6: m0nTTu (small blind) collected ($6)



PokerStars Hand #254305678928:  Hold'em No Limit ($0.50/$1.00 USD) - 2025/01/10 1:03:50 WET [2025/01/10 20:03:50 ET]
Table 'Benda II' 6-max Seat #6 is the button
Seat 1: The magic MD ($10.50 in chips) 
Seat 2: kekoccc ($100 in chips) 
Seat 3: Nazareno1999 ($126.63 in chips) 
Seat 4: fishandchiper ($68.84 in chips) 
Seat 5: Zvst ($100 in chips) 
Seat 6: m0nTTu ($104.86 in chips) 
The magic MD: posts small blind $0.50
kekoccc: posts big blind $1
*** HOLE CARDS ***
Nazareno1999: raises $1.20 to $2.20
fishandchiper: folds 
Zvst: folds 
m0nTTu: folds 
The magic MD: raises $8.30 to $10.50 and is all-in
kekoccc: folds 
Nazareno1999: folds 
Uncalled bet ($8.30) returned to The magic MD
The magic MD collected $5.40 from pot
*** SUMMARY ***
Total pot $5.40 | Rake $0 
Seat 1: The magic MD (small blind) collected ($5.40)
Seat 2: kekoccc (big blind) folded before Flop
Seat 3: Nazareno1999 folded before Flop
Seat 4: fishandchiper folded before Flop (didn't bet)
Seat 5: Zvst folded before Flop (didn't bet)
Seat 6: m0nTTu (button) folded before Flop (didn't bet)



PokerStars Hand #254305684912:  Hold'em No Limit ($0.50/$1.00 USD) - 2025/01/10 1:04:17 WET [2025/01/10 20:04:17 ET]
Table 'Benda II' 6-max Seat #1 is the button
Seat 1: The magic MD ($13.70 in chips) 
Seat 2: kekoccc ($100 in chips) 
Seat 3: Nazareno1999 ($124.43 in chips) 
Seat 4: fishandchiper ($68.84 in chips) 
Seat 5: Zvst ($100 in chips) 
Seat 6: m0nTTu ($104.86 in chips) 
kekoccc: posts small blind $0.50
Nazareno1999: posts big blind $1
*** HOLE CARDS ***
fishandchiper: folds 
Zvst: folds 
m0nTTu: folds 
The magic MD: folds 
kekoccc: raises $2 to $3
Nazareno1999: folds 
Uncalled bet ($2) returned to kekoccc
kekoccc collected $2 from pot
kekoccc: doesn't show hand 
*** SUMMARY ***
Total pot $2 | Rake $0 
Seat 1: The magic MD (button) folded before Flop (didn't bet)
Seat 2: kekoccc (small blind) collected ($2)
Seat 3: Nazareno1999 (big blind) folded before Flop
Seat 4: fishandchiper folded before Flop (didn't bet)
Seat 5: Zvst folded before Flop (didn't bet)
Seat 6: m0nTTu folded before Flop (didn't bet)



PokerStars Hand #254305689435:  Hold'em No Limit ($0.50/$1.00 USD) - 2025/01/10 1:04:38 WET [2025/01/10 20:04:38 ET]
Table 'Benda II' 6-max Seat #2 is the button
Seat 1: The magic MD ($13.70 in chips) 
Seat 2: kekoccc ($101 in chips) 
Seat 3: Nazareno1999 ($123.43 in chips) 
Seat 4: fishandchiper ($68.84 in chips) 
Seat 5: Zvst ($100 in chips) 
Seat 6: m0nTTu ($104.86 in chips) 
Nazareno1999: posts small blind $0.50
fishandchiper: posts big blind $1
*** HOLE CARDS ***
Zvst: folds 
m0nTTu: folds 
The magic MD: folds 
kekoccc: raises $1.50 to $2.50
Nazareno1999: raises $9 to $11.50
fishandchiper: folds 
kekoccc: raises $17 to $28.50
Nazareno1999: folds 
Uncalled bet ($17) returned to kekoccc
kekoccc collected $24 from pot
kekoccc: doesn't show hand 
*** SUMMARY ***
Total pot $24 | Rake $0 
Seat 1: The magic MD folded before Flop (didn't bet)
Seat 2: kekoccc (button) collected ($24)
Seat 3: Nazareno1999 (small blind) folded before Flop
Seat 4: fishandchiper (big blind) folded before Flop
Seat 5: Zvst folded before Flop (didn't bet)
Seat 6: m0nTTu folded before Flop (didn't bet)



PokerStars Hand #254305696839:  Hold'em No Limit ($0.50/$1.00 USD) - 2025/01/10 1:05:13 WET [2025/01/10 20:05:13 ET]
Table 'Benda II' 6-max Seat #3 is the button
Seat 1: The magic MD ($13.70 in chips) 
Seat 2: kekoccc ($113.50 in chips) 
Seat 3: Nazareno1999 ($111.93 in chips) 
Seat 4: fishandchiper ($67.84 in chips) 
Seat 5: Zvst ($100 in chips) 
Seat 6: m0nTTu ($104.86 in chips) 
fishandchiper: posts small blind $0.50
Zvst: posts big blind $1
*** HOLE CARDS ***
m0nTTu: raises $1.50 to $2.50
The magic MD: folds 
kekoccc: folds 
Nazareno1999: folds 
fishandchiper: folds 
Zvst: folds 
Uncalled bet ($1.50) returned to m0nTTu
m0nTTu collected $2.50 from pot
m0nTTu: doesn't show hand 
*** SUMMARY ***
Total pot $2.50 | Rake $0 
Seat 1: The magic MD folded before Flop (didn't bet)
Seat 2: kekoccc folded before Flop (didn't bet)
Seat 3: Nazareno1999 (button) folded before Flop (didn't bet)
Seat 4: fishandchiper (small blind) folded before Flop
Seat 5: Zvst (big blind) folded before Flop
Seat 6: m0nTTu collected ($2.50)



PokerStars Hand #254305703173:  Hold'em No Limit ($0.50/$1.00 USD) - 2025/01/10 1:05:43 WET [2025/01/10 20:05:43 ET]
Table 'Benda II' 6-max Seat #4 is the button
Seat 1: The magic MD ($13.70 in chips) 
Seat 2: kekoccc ($113.50 in chips) 
Seat 3: Nazareno1999 ($111.93 in chips) 
Seat 4: fishandchiper ($67.34 in chips) 
Seat 5: Zvst ($100 in chips) 
Seat 6: m0nTTu ($106.36 in chips) 
Zvst: posts small blind $0.50
m0nTTu: posts big blind $1
*** HOLE CARDS ***
The magic MD: folds 
kekoccc: folds 
Nazareno1999: raises $1.20 to $2.20
fishandchiper: calls $2.20
Zvst: folds 
m0nTTu: folds 
*** FLOP *** [Ks Jh 3d]
Nazareno1999: checks 
fishandchiper: bets $3
Nazareno1999: calls $3
*** TURN *** [Ks Jh 3d] [Kd]
Nazareno1999: checks 
fishandchiper: bets $8
Nazareno1999: calls $8
*** RIVER *** [Ks Jh 3d Kd] [Tc]
Nazareno1999: checks 
fishandchiper: checks 
*** SHOW DOWN ***
Nazareno1999: shows [Js Qc] (two pair, Kings and Jacks)
fishandchiper: mucks hand 
Nazareno1999 collected $26.50 from pot
*** SUMMARY ***
Total pot $27.90 | Rake $1.40 
Board [Ks Jh 3d Kd Tc]
Seat 1: The magic MD folded before Flop (didn't bet)
Seat 2: kekoccc folded before Flop (didn't bet)
Seat 3: Nazareno1999 showed [Js Qc] and won ($26.50) with two pair, Kings and Jacks
Seat 4: fishandchiper (button) mucked
Seat 5: Zvst (small blind) folded before Flop
Seat 6: m0nTTu (big blind) folded before Flop



PokerStars Hand #254305719737:  Hold'em No Limit ($0.50/$1.00 USD) - 2025/01/10 1:07:00 WET [2025/01/10 20:07:00 ET]
Table 'Benda II' 6-max Seat #5 is the button
Seat 1: The magic MD ($13.70 in chips) 
Seat 2: kekoccc ($113.50 in chips) 
Seat 3: Nazareno1999 ($125.23 in chips) 
Seat 4: fishandchiper ($54.14 in chips) 
Seat 5: Zvst ($100 in chips) 
Seat 6: m0nTTu ($105.36 in chips) 
m0nTTu: posts small blind $0.50
The magic MD: posts big blind $1
*** HOLE CARDS ***
kekoccc: folds 
Nazareno1999: raises $1.20 to $2.20
fishandchiper: folds 
Zvst: folds 
m0nTTu: folds 
The magic MD: calls $1.20
*** FLOP *** [6c As 8h]
The magic MD: checks 
Nazareno1999: bets $1.50
The magic MD: calls $1.50
*** TURN *** [6c As 8h] [6d]
The magic MD: checks 
Nazareno1999: checks 
*** RIVER *** [6c As 8h 6d] [3h]
The magic MD: bets $2
Nazareno1999: folds 
Uncalled bet ($2) returned to The magic MD
The magic MD collected $7.50 from pot
*** SUMMARY ***
Total pot $7.90 | Rake $0.40 
Board [6c As 8h 6d 3h]
Seat 1: The magic MD (big blind) collected ($7.50)
Seat 2: kekoccc folded before Flop (didn't bet)
Seat 3: Nazareno1999 folded on the River
Seat 4: fishandchiper folded before Flop (didn't bet)
Seat 5: Zvst (button) folded before Flop (didn't bet)
Seat 6: m0nTTu (small blind) folded before Flop



PokerStars Hand #254305728111:  Hold'em No Limit ($0.50/$1.00 USD) - 2025/01/10 1:07:40 WET [2025/01/10 20:07:40 ET]
Table 'Benda II' 6-max Seat #6 is the button
Seat 2: kekoccc ($113.50 in chips) is sitting out
Seat 1: The magic MD ($17.50 in chips) 
Seat 3: Nazareno1999 ($121.53 in chips) 
Seat 4: fishandchiper ($54.14 in chips) 
Seat 5: Zvst ($100 in chips) 
Seat 6: m0nTTu ($104.86 in chips) 
The magic MD: posts small blind $0.50
kekoccc: is sitting out 
Nazareno1999: posts big blind $1
*** HOLE CARDS ***
kekoccc leaves the table
fishandchiper: folds 
Zvst: folds 
rostickkin joins the table at seat #2 
m0nTTu: folds 
The magic MD: folds 
Uncalled bet ($0.50) returned to Nazareno1999
Nazareno1999 collected $1 from pot
Nazareno1999: doesn't show hand 
*** SUMMARY ***
Total pot $1 | Rake $0 
Seat 2: kekoccc
Seat 1: The magic MD (small blind) folded before Flop
Seat 3: Nazareno1999 (big blind) collected ($1)
Seat 4: fishandchiper folded before Flop (didn't bet)
Seat 5: Zvst folded before Flop (didn't bet)
Seat 6: m0nTTu (button) folded before Flop (didn't bet)



PokerStars Hand #254305733078:  Hold'em No Limit ($0.50/$1.00 USD) - 2025/01/10 1:08:03 WET [2025/01/10 20:08:03 ET]
Table 'Benda II' 6-max Seat #1 is the button
Seat 2: rostickkin ($100.25 in chips) is sitting out
Seat 1: The magic MD ($17 in chips) 
Seat 3: Nazareno1999 ($122.03 in chips) 
Seat 4: fishandchiper ($54.14 in chips) 
Seat 5: Zvst ($100 in chips) 
Seat 6: m0nTTu ($104.86 in chips) 
Nazareno1999: posts small blind $0.50
fishandchiper: posts big blind $1
*** HOLE CARDS ***
Zvst: folds 
m0nTTu: folds 
The magic MD: folds 
Nazareno1999: raises $2 to $3
fishandchiper: calls $2
*** FLOP *** [8d Ad 9c]
Nazareno1999: bets $1.88
fishandchiper: calls $1.88
*** TURN *** [8d Ad 9c] [2d]
Nazareno1999: bets $3.06
fishandchiper: calls $3.06
*** RIVER *** [8d Ad 9c 2d] [Kh]
Nazareno1999: bets $10.50
fishandchiper: calls $10.50
*** SHOW DOWN ***
Nazareno1999: shows [Jh As] (a pair of Aces)
fishandchiper: shows [Ac 8s] (two pair, Aces and Eights)
fishandchiper collected $35.04 from pot
*** SUMMARY ***
Total pot $36.88 | Rake $1.84 
Board [8d Ad 9c 2d Kh]
Seat 2: rostickkin
Seat 1: The magic MD (button) folded before Flop (didn't bet)
Seat 3: Nazareno1999 (small blind) showed [Jh As] and lost with a pair of Aces
Seat 4: fishandchiper (big blind) showed [Ac 8s] and won ($35.04) with two pair, Aces and Eights
Seat 5: Zvst folded before Flop (didn't bet)
Seat 6: m0nTTu folded before Flop (didn't bet)



PokerStars Hand #254305743892:  Hold'em No Limit ($0.50/$1.00 USD) - 2025/01/10 1:08:54 WET [2025/01/10 20:08:54 ET]
Table 'Benda II' 6-max Seat #3 is the button
Seat 2: rostickkin ($100.25 in chips) is sitting out
Seat 1: The magic MD ($17 in chips) 
Seat 3: Nazareno1999 ($103.59 in chips) 
Seat 4: fishandchiper ($70.74 in chips) 
Seat 5: Zvst ($100 in chips) 
Seat 6: m0nTTu ($104.86 in chips) 
fishandchiper: posts small blind $0.50
Zvst: posts big blind $1
rostickkin: sits out 
*** HOLE CARDS ***
m0nTTu: folds 
The magic MD: raises $1 to $2
Nazareno1999: folds 
fishandchiper: calls $1.50
Zvst: folds 
*** FLOP *** [Qh Tc 6d]
fishandchiper: checks 
The magic MD: bets $2
fishandchiper: calls $2
*** TURN *** [Qh Tc 6d] [5s]
fishandchiper: checks 
The magic MD: checks 
*** RIVER *** [Qh Tc 6d 5s] [7s]
fishandchiper: bets $6
The magic MD: folds 
Uncalled bet ($6) returned to fishandchiper
fishandchiper collected $8.55 from pot
*** SUMMARY ***
Total pot $9 | Rake $0.45 
Board [Qh Tc 6d 5s 7s]
Seat 2: rostickkin
Seat 1: The magic MD folded on the River
Seat 3: Nazareno1999 (button) folded before Flop (didn't bet)
Seat 4: fishandchiper (small blind) collected ($8.55)
Seat 5: Zvst (big blind) folded before Flop
Seat 6: m0nTTu folded before Flop (didn't bet)



PokerStars Hand #254305751004:  Hold'em No Limit ($0.50/$1.00 USD) - 2025/01/10 1:09:27 WET [2025/01/10 20:09:27 ET]
Table 'Benda II' 6-max Seat #4 is the button
Seat 2: rostickkin ($100.25 in chips) is sitting out
Seat 1: The magic MD ($13 in chips) 
Seat 3: Nazareno1999 ($103.59 in chips) 
Seat 4: fishandchiper ($75.29 in chips) 
Seat 5: Zvst ($100 in chips) 
Seat 6: m0nTTu ($104.86 in chips) 
Zvst: posts small blind $0.50
m0nTTu: posts big blind $1
rostickkin: sits out 
*** HOLE CARDS ***
The magic MD: folds 
Nazareno1999: raises $1.20 to $2.20
fishandchiper: calls $2.20
Zvst: folds 
m0nTTu: calls $1.20
*** FLOP *** [2d Tc 4c]
m0nTTu: checks 
Nazareno1999: checks 
fishandchiper: checks 
*** TURN *** [2d Tc 4c] [3s]
m0nTTu: checks 
Nazareno1999: checks 
fishandchiper: bets $5
m0nTTu: folds 
Nazareno1999: folds 
Uncalled bet ($5) returned to fishandchiper
fishandchiper collected $6.74 from pot
*** SUMMARY ***
Total pot $7.10 | Rake $0.36 
Board [2d Tc 4c 3s]
Seat 2: rostickkin
Seat 1: The magic MD folded before Flop (didn't bet)
Seat 3: Nazareno1999 folded on the Turn
Seat 4: fishandchiper (button) collected ($6.74)
Seat 5: Zvst (small blind) folded before Flop
Seat 6: m0nTTu (big blind) folded on the Turn



PokerStars Hand #254305759168:  Hold'em No Limit ($0.50/$1.00 USD) - 2025/01/10 1:10:07 WET [2025/01/10 20:10:07 ET]
Table 'Benda II' 6-max Seat #5 is the button
Seat 2: rostickkin ($100.25 in chips) is sitting out
Seat 1: The magic MD ($13 in chips) 
Seat 3: Nazareno1999 ($101.39 in chips) 
Seat 4: fishandchiper ($79.83 in chips) 
Seat 5: Zvst ($100 in chips) 
Seat 6: m0nTTu ($102.66 in chips) 
m0nTTu: posts small blind $0.50
The magic MD: posts big blind $1
rostickkin: sits out 
*** HOLE CARDS ***
Nazareno1999: folds 
fishandchiper: folds 
Zvst: raises $1 to $2
m0nTTu: raises $8 to $10
The magic MD: folds 
Zvst: raises $15 to $25
m0nTTu: raises $77.66 to $102.66 and is all-in
Zvst: calls $75 and is all-in
Uncalled bet ($2.66) returned to m0nTTu
*** FLOP *** [6c Kh 4s]
*** TURN *** [6c Kh 4s] [Td]
*** RIVER *** [6c Kh 4s Td] [7s]
*** SHOW DOWN ***
m0nTTu: shows [Ac Ad] (a pair of Aces)
Zvst: shows [Kc Ah] (a pair of Kings)
m0nTTu collected $198.50 from pot
*** SUMMARY ***
Total pot $201 | Rake $2.50 
Board [6c Kh 4s Td 7s]
Seat 2: rostickkin
Seat 1: The magic MD (big blind) folded before Flop
Seat 3: Nazareno1999 folded before Flop (didn't bet)
Seat 4: fishandchiper folded before Flop (didn't bet)
Seat 5: Zvst (button) showed [Kc Ah] and lost with a pair of Kings
Seat 6: m0nTTu (small blind) showed [Ac Ad] and won ($198.50) with a pair of Aces



PokerStars Hand #254305774789:  Hold'em No Limit ($0.50/$1.00 USD) - 2025/01/10 1:11:22 WET [2025/01/10 20:11:22 ET]
Table 'Benda II' 6-max Seat #6 is the button
Seat 1: The magic MD ($12 in chips) 
Seat 2: rostickkin ($100.25 in chips) 
Seat 3: Nazareno1999 ($101.39 in chips) 
Seat 4: fishandchiper ($79.83 in chips) 
Seat 5: Zvst ($100 in chips) 
Seat 6: m0nTTu ($201.16 in chips) 
The magic MD: posts small blind $0.50
rostickkin: posts big blind $1
*** HOLE CARDS ***
Nazareno1999: raises $1.20 to $2.20
fishandchiper: folds 
Zvst: folds 
m0nTTu: folds 
The magic MD: folds 
rostickkin: folds 
Uncalled bet ($1.20) returned to Nazareno1999
Nazareno1999 collected $2.50 from pot
Nazareno1999: doesn't show hand 
*** SUMMARY ***
Total pot $2.50 | Rake $0 
Seat 1: The magic MD (small blind) folded before Flop
Seat 2: rostickkin (big blind) folded before Flop
Seat 3: Nazareno1999 collected ($2.50)
Seat 4: fishandchiper folded before Flop (didn't bet)
Seat 5: Zvst folded before Flop (didn't bet)
Seat 6: m0nTTu (button) folded before Flop (didn't bet)



PokerStars Hand #254305778124:  Hold'em No Limit ($0.50/$1.00 USD) - 2025/01/10 1:11:38 WET [2025/01/10 20:11:38 ET]
Table 'Benda II' 6-max Seat #1 is the button
Seat 1: The magic MD ($11.50 in chips) 
Seat 2: rostickkin ($100 in chips) 
Seat 3: Nazareno1999 ($102.89 in chips) 
Seat 4: fishandchiper ($79.83 in chips) 
Seat 5: Zvst ($100 in chips) 
Seat 6: m0nTTu ($201.16 in chips) 
rostickkin: posts small blind $0.50
Nazareno1999: posts big blind $1
*** HOLE CARDS ***
fishandchiper: calls $1
Zvst: folds 
m0nTTu: folds 
The magic MD: calls $1
rostickkin: folds 
Nazareno1999: checks 
*** FLOP *** [Qs 9c Kh]
Zvst leaves the table
Nazareno1999: checks 
fishandchiper: checks 
The magic MD: bets $3.32
Nazareno1999: folds 
fishandchiper: calls $3.32
*** TURN *** [Qs 9c Kh] [5d]
fishandchiper: checks 
Joker007r joins the table at seat #5 
The magic MD: bets $7.18 and is all-in
fishandchiper: calls $7.18
*** RIVER *** [Qs 9c Kh 5d] [Td]
*** SHOW DOWN ***
fishandchiper: shows [Tc Ac] (a pair of Tens)
The magic MD: shows [Kc Qd] (two pair, Kings and Queens)
The magic MD cashed out the hand for $20.74 | Cash Out Fee $0.42
*** SUMMARY ***
Total pot $24.50 | Rake $1.22 
Board [Qs 9c Kh 5d Td]
Seat 1: The magic MD (button) showed [Kc Qd] and won ($23.28) with two pair, Kings and Queens (pot not awarded as player cashed out)
Seat 2: rostickkin (small blind) folded before Flop
Seat 3: Nazareno1999 (big blind) folded on the Flop
Seat 4: fishandchiper showed [Tc Ac] and lost with a pair of Tens
Seat 5: Zvst folded before Flop (didn't bet)
Seat 6: m0nTTu folded before Flop (didn't bet)



PokerStars Hand #254305788558:  Hold'em No Limit ($0.50/$1.00 USD) - 2025/01/10 1:12:27 WET [2025/01/10 20:12:27 ET]
Table 'Benda II' 6-max Seat #2 is the button
Seat 5: Joker007r ($100 in chips) is sitting out
Seat 1: The magic MD ($20.74 in chips) 
Seat 2: rostickkin ($100 in chips) 
Seat 3: Nazareno1999 ($101.89 in chips) 
Seat 4: fishandchiper ($68.33 in chips) 
Seat 6: m0nTTu ($201.16 in chips) 
Nazareno1999: posts small blind $0.50
fishandchiper: posts big blind $1
Joker007r: sits out 
*** HOLE CARDS ***
m0nTTu: folds 
The magic MD: folds 
rostickkin: folds 
Nazareno1999: raises $1 to $2
fishandchiper: calls $1
*** FLOP *** [6c Ac 2c]
Nazareno1999: checks 
fishandchiper: checks 
*** TURN *** [6c Ac 2c] [5d]
Nazareno1999: bets $1.25
fishandchiper: calls $1.25
*** RIVER *** [6c Ac 2c 5d] [2s]
Nazareno1999: checks 
fishandchiper: checks 
*** SHOW DOWN ***
Nazareno1999: shows [8c 6d] (two pair, Sixes and Deuces)
fishandchiper: mucks hand 
Nazareno1999 collected $6.18 from pot
*** SUMMARY ***
Total pot $6.50 | Rake $0.32 
Board [6c Ac 2c 5d 2s]
Seat 5: Joker007r
Seat 1: The magic MD folded before Flop (didn't bet)
Seat 2: rostickkin (button) folded before Flop (didn't bet)
Seat 3: Nazareno1999 (small blind) showed [8c 6d] and won ($6.18) with two pair, Sixes and Deuces
Seat 4: fishandchiper (big blind) mucked
Seat 6: m0nTTu folded before Flop (didn't bet)



PokerStars Hand #254305796193:  Hold'em No Limit ($0.50/$1.00 USD) - 2025/01/10 1:13:05 WET [2025/01/10 20:13:05 ET]
Table 'Benda II' 6-max Seat #3 is the button
Seat 1: The magic MD ($20.74 in chips) 
Seat 2: rostickkin ($100 in chips) 
Seat 3: Nazareno1999 ($104.82 in chips) 
Seat 4: fishandchiper ($65.08 in chips) 
Seat 5: Joker007r ($100 in chips) 
Seat 6: m0nTTu ($201.16 in chips) 
fishandchiper: posts small blind $0.50
Joker007r: posts big blind $1
*** HOLE CARDS ***
m0nTTu: folds 
The magic MD: folds 
rostickkin: folds 
Nazareno1999: raises $1.20 to $2.20
fishandchiper: calls $1.70
Joker007r: folds 
*** FLOP *** [Qs Kc Qh]
fishandchiper: checks 
Nazareno1999: bets $1.69
fishandchiper: calls $1.69
*** TURN *** [Qs Kc Qh] [7d]
fishandchiper: checks 
Nazareno1999: checks 
*** RIVER *** [Qs Kc Qh 7d] [Th]
fishandchiper: checks 
Nazareno1999: bets $5.50
fishandchiper: calls $5.50
*** SHOW DOWN ***
Nazareno1999: shows [9s 6s] (a pair of Queens)
fishandchiper: shows [Kd Jc] (two pair, Kings and Queens)
fishandchiper collected $18.79 from pot
*** SUMMARY ***
Total pot $19.78 | Rake $0.99 
Board [Qs Kc Qh 7d Th]
Seat 1: The magic MD folded before Flop (didn't bet)
Seat 2: rostickkin folded before Flop (didn't bet)
Seat 3: Nazareno1999 (button) showed [9s 6s] and lost with a pair of Queens
Seat 4: fishandchiper (small blind) showed [Kd Jc] and won ($18.79) with two pair, Kings and Queens
Seat 5: Joker007r (big blind) folded before Flop
Seat 6: m0nTTu folded before Flop (didn't bet)



PokerStars Hand #254305807431:  Hold'em No Limit ($0.50/$1.00 USD) - 2025/01/10 1:13:59 WET [2025/01/10 20:13:59 ET]
Table 'Benda II' 6-max Seat #4 is the button
Seat 1: The magic MD ($20.74 in chips) 
Seat 2: rostickkin ($100 in chips) 
Seat 3: Nazareno1999 ($100 in chips) 
Seat 4: fishandchiper ($74.48 in chips) 
Seat 5: Joker007r ($100 in chips) 
Seat 6: m0nTTu ($201.16 in chips) 
Joker007r: posts small blind $0.50
m0nTTu: posts big blind $1
*** HOLE CARDS ***
The magic MD: raises $1 to $2
rostickkin: folds 
Nazareno1999: folds 
fishandchiper: folds 
Joker007r: folds 
m0nTTu: calls $1
*** FLOP *** [Ah Th 7d]
m0nTTu: checks 
The magic MD: bets $2.14
m0nTTu: calls $2.14
*** TURN *** [Ah Th 7d] [Jc]
m0nTTu: checks 
The magic MD: bets $3
m0nTTu: calls $3
*** RIVER *** [Ah Th 7d Jc] [Kd]
m0nTTu: checks 
The magic MD: bets $13.60 and is all-in
m0nTTu: folds 
Uncalled bet ($13.60) returned to The magic MD
The magic MD collected $14.04 from pot
*** SUMMARY ***
Total pot $14.78 | Rake $0.74 
Board [Ah Th 7d Jc Kd]
Seat 1: The magic MD collected ($14.04)
Seat 2: rostickkin folded before Flop (didn't bet)
Seat 3: Nazareno1999 folded before Flop (didn't bet)
Seat 4: fishandchiper (button) folded before Flop (didn't bet)
Seat 5: Joker007r (small blind) folded before Flop
Seat 6: m0nTTu (big blind) folded on the River



PokerStars Hand #254305824362:  Hold'em No Limit ($0.50/$1.00 USD) - 2025/01/10 1:15:22 WET [2025/01/10 20:15:22 ET]
Table 'Benda II' 6-max Seat #5 is the button
Seat 1: The magic MD ($27.64 in chips) 
Seat 2: rostickkin ($100 in chips) 
Seat 3: Nazareno1999 ($100 in chips) 
Seat 4: fishandchiper ($74.48 in chips) 
Seat 5: Joker007r ($100 in chips) 
Seat 6: m0nTTu ($194.02 in chips) 
m0nTTu: posts small blind $0.50
The magic MD: posts big blind $1
*** HOLE CARDS ***
rostickkin: folds 
Nazareno1999: raises $1.20 to $2.20
fishandchiper: folds 
Joker007r: folds 
m0nTTu: folds 
The magic MD: calls $1.20
*** FLOP *** [Kd 2d Jd]
The magic MD: checks 
Nazareno1999: bets $1.54
The magic MD: folds 
Uncalled bet ($1.54) returned to Nazareno1999
Nazareno1999 collected $4.66 from pot
Nazareno1999: doesn't show hand 
*** SUMMARY ***
Total pot $4.90 | Rake $0.24 
Board [Kd 2d Jd]
Seat 1: The magic MD (big blind) folded on the Flop
Seat 2: rostickkin folded before Flop (didn't bet)
Seat 3: Nazareno1999 collected ($4.66)
Seat 4: fishandchiper folded before Flop (didn't bet)
Seat 5: Joker007r (button) folded before Flop (didn't bet)
Seat 6: m0nTTu (small blind) folded before Flop



PokerStars Hand #254305828653:  Hold'em No Limit ($0.50/$1.00 USD) - 2025/01/10 1:15:43 WET [2025/01/10 20:15:43 ET]
Table 'Benda II' 6-max Seat #6 is the button
Seat 1: The magic MD ($25.44 in chips) 
Seat 2: rostickkin ($100 in chips) 
Seat 3: Nazareno1999 ($102.46 in chips) 
Seat 4: fishandchiper ($74.48 in chips) 
Seat 5: Joker007r ($100 in chips) 
Seat 6: m0nTTu ($193.52 in chips) 
The magic MD: posts small blind $0.50
rostickkin: posts big blind $1
*** HOLE CARDS ***
Nazareno1999: raises $1.20 to $2.20
fishandchiper: folds 
Joker007r: folds 
m0nTTu: folds 
The magic MD: raises $5.40 to $7.60
rostickkin: folds 
Nazareno1999: raises $94.86 to $102.46 and is all-in
The magic MD: calls $17.84 and is all-in
Uncalled bet ($77.02) returned to Nazareno1999
*** FLOP *** [5h Jd 8c]
*** TURN *** [5h Jd 8c] [Jh]
*** RIVER *** [5h Jd 8c Jh] [4d]
*** SHOW DOWN ***
The magic MD: shows [Qc Qs] (two pair, Queens and Jacks)
Nazareno1999: shows [Th Td] (two pair, Jacks and Tens)
The magic MD collected $49.38 from pot
*** SUMMARY ***
Total pot $51.88 | Rake $2.50 
Board [5h Jd 8c Jh 4d]
Seat 1: The magic MD (small blind) showed [Qc Qs] and won ($49.38) with two pair, Queens and Jacks
Seat 2: rostickkin (big blind) folded before Flop
Seat 3: Nazareno1999 showed [Th Td] and lost with two pair, Jacks and Tens
Seat 4: fishandchiper folded before Flop (didn't bet)
Seat 5: Joker007r folded before Flop (didn't bet)
Seat 6: m0nTTu (button) folded before Flop (didn't bet)



PokerStars Hand #254305836447:  Hold'em No Limit ($0.50/$1.00 USD) - 2025/01/10 1:16:21 WET [2025/01/10 20:16:21 ET]
Table 'Benda II' 6-max Seat #1 is the button
Seat 1: The magic MD ($49.38 in chips) 
Seat 2: rostickkin ($100 in chips) 
Seat 3: Nazareno1999 ($100 in chips) 
Seat 4: fishandchiper ($74.48 in chips) 
Seat 5: Joker007r ($100 in chips) 
Seat 6: m0nTTu ($193.52 in chips) 
rostickkin: posts small blind $0.50
Nazareno1999: posts big blind $1
*** HOLE CARDS ***
fishandchiper: folds 
Joker007r: raises $2 to $3
m0nTTu: folds 
The magic MD: calls $3
rostickkin: calls $2.50
Nazareno1999: folds 
*** FLOP *** [5c 4c 9c]
rostickkin: checks 
Joker007r: checks 
The magic MD: checks 
*** TURN *** [5c 4c 9c] [Ks]
rostickkin: checks 
Joker007r: checks 
The magic MD: bets $4.75
rostickkin: folds 
Joker007r: folds 
Uncalled bet ($4.75) returned to The magic MD
The magic MD collected $9.50 from pot
*** SUMMARY ***
Total pot $10 | Rake $0.50 
Board [5c 4c 9c Ks]
Seat 1: The magic MD (button) collected ($9.50)
Seat 2: rostickkin (small blind) folded on the Turn
Seat 3: Nazareno1999 (big blind) folded before Flop
Seat 4: fishandchiper folded before Flop (didn't bet)
Seat 5: Joker007r folded on the Turn
Seat 6: m0nTTu folded before Flop (didn't bet)



PokerStars Hand #254305846727:  Hold'em No Limit ($0.50/$1.00 USD) - 2025/01/10 1:17:10 WET [2025/01/10 20:17:10 ET]
Table 'Benda II' 6-max Seat #2 is the button
Seat 1: The magic MD ($55.88 in chips) 
Seat 2: rostickkin ($100 in chips) 
Seat 3: Nazareno1999 ($100 in chips) 
Seat 4: fishandchiper ($74.48 in chips) 
Seat 5: Joker007r ($100 in chips) 
Seat 6: m0nTTu ($193.52 in chips) 
Nazareno1999: posts small blind $0.50
fishandchiper: posts big blind $1
*** HOLE CARDS ***
Joker007r: folds 
m0nTTu: folds 
The magic MD: raises $1 to $2
rostickkin: folds 
Nazareno1999: folds 
fishandchiper: calls $1
*** FLOP *** [5d 2h 9s]
fishandchiper: checks 
The magic MD: bets $2.14
fishandchiper: calls $2.14
*** TURN *** [5d 2h 9s] [Ac]
fishandchiper: checks 
The magic MD: checks 
*** RIVER *** [5d 2h 9s Ac] [4d]
fishandchiper: bets $5
The magic MD: calls $5
*** SHOW DOWN ***
fishandchiper: shows [Kd 2c] (a pair of Deuces)
The magic MD: shows [9h Qd] (a pair of Nines)
The magic MD collected $17.84 from pot
*** SUMMARY ***
Total pot $18.78 | Rake $0.94 
Board [5d 2h 9s Ac 4d]
Seat 1: The magic MD showed [9h Qd] and won ($17.84) with a pair of Nines
Seat 2: rostickkin (button) folded before Flop (didn't bet)
Seat 3: Nazareno1999 (small blind) folded before Flop
Seat 4: fishandchiper (big blind) showed [Kd 2c] and lost with a pair of Deuces
Seat 5: Joker007r folded before Flop (didn't bet)
Seat 6: m0nTTu folded before Flop (didn't bet)



PokerStars Hand #254305859222:  Hold'em No Limit ($0.50/$1.00 USD) - 2025/01/10 1:18:11 WET [2025/01/10 20:18:11 ET]
Table 'Benda II' 6-max Seat #3 is the button
Seat 1: The magic MD ($64.58 in chips) 
Seat 2: rostickkin ($100 in chips) 
Seat 3: Nazareno1999 ($100 in chips) 
Seat 4: fishandchiper ($65.34 in chips) 
Seat 5: Joker007r ($100 in chips) 
Seat 6: m0nTTu ($193.52 in chips) 
fishandchiper: posts small blind $0.50
Joker007r: posts big blind $1
*** HOLE CARDS ***
m0nTTu: folds 
The magic MD: folds 
rostickkin: raises $1.50 to $2.50
Nazareno1999: folds 
fishandchiper: calls $2
Joker007r: folds 
*** FLOP *** [Tc Qd 5s]
fishandchiper: checks 
rostickkin: bets $1.94
fishandchiper: calls $1.94
*** TURN *** [Tc Qd 5s] [Ad]
fishandchiper: checks 
rostickkin: bets $7.14
fishandchiper: folds 
Uncalled bet ($7.14) returned to rostickkin
rostickkin collected $9.39 from pot
rostickkin: doesn't show hand 
*** SUMMARY ***
Total pot $9.88 | Rake $0.49 
Board [Tc Qd 5s Ad]
Seat 1: The magic MD folded before Flop (didn't bet)
Seat 2: rostickkin collected ($9.39)
Seat 3: Nazareno1999 (button) folded before Flop (didn't bet)
Seat 4: fishandchiper (small blind) folded on the Turn
Seat 5: Joker007r (big blind) folded before Flop
Seat 6: m0nTTu folded before Flop (didn't bet)



PokerStars Hand #254305868735:  Hold'em No Limit ($0.50/$1.00 USD) - 2025/01/10 1:18:56 WET [2025/01/10 20:18:56 ET]
Table 'Benda II' 6-max Seat #4 is the button
Seat 1: The magic MD ($64.58 in chips) 
Seat 2: rostickkin ($104.95 in chips) 
Seat 3: Nazareno1999 ($100 in chips) 
Seat 4: fishandchiper ($60.90 in chips) 
Seat 5: Joker007r ($100 in chips) 
Seat 6: m0nTTu ($193.52 in chips) 
Joker007r: posts small blind $0.50
m0nTTu: posts big blind $1
*** HOLE CARDS ***
The magic MD: folds 
rostickkin: folds 
Nazareno1999: raises $1.20 to $2.20
fishandchiper: folds 
Joker007r: folds 
m0nTTu: folds 
Uncalled bet ($1.20) returned to Nazareno1999
Nazareno1999 collected $2.50 from pot
Nazareno1999: doesn't show hand 
*** SUMMARY ***
Total pot $2.50 | Rake $0 
Seat 1: The magic MD folded before Flop (didn't bet)
Seat 2: rostickkin folded before Flop (didn't bet)
Seat 3: Nazareno1999 collected ($2.50)
Seat 4: fishandchiper (button) folded before Flop (didn't bet)
Seat 5: Joker007r (small blind) folded before Flop
Seat 6: m0nTTu (big blind) folded before Flop



PokerStars Hand #254305872483:  Hold'em No Limit ($0.50/$1.00 USD) - 2025/01/10 1:19:14 WET [2025/01/10 20:19:14 ET]
Table 'Benda II' 6-max Seat #5 is the button
Seat 1: The magic MD ($64.58 in chips) 
Seat 2: rostickkin ($104.95 in chips) 
Seat 3: Nazareno1999 ($101.50 in chips) 
Seat 4: fishandchiper ($60.90 in chips) 
Seat 5: Joker007r ($100 in chips) 
Seat 6: m0nTTu ($192.52 in chips) 
m0nTTu: posts small blind $0.50
The magic MD: posts big blind $1
*** HOLE CARDS ***
rostickkin: folds 
Nazareno1999: folds 
fishandchiper: folds 
Joker007r: folds 
m0nTTu: folds 
Uncalled bet ($0.50) returned to The magic MD
The magic MD collected $1 from pot
*** SUMMARY ***
Total pot $1 | Rake $0 
Seat 1: The magic MD (big blind) collected ($1)
Seat 2: rostickkin folded before Flop (didn't bet)
Seat 3: Nazareno1999 folded before Flop (didn't bet)
Seat 4: fishandchiper folded before Flop (didn't bet)
Seat 5: Joker007r (button) folded before Flop (didn't bet)
Seat 6: m0nTTu (small blind) folded before Flop



PokerStars Hand #254305875464:  Hold'em No Limit ($0.50/$1.00 USD) - 2025/01/10 1:19:28 WET [2025/01/10 20:19:28 ET]
Table 'Benda II' 6-max Seat #6 is the button
Seat 1: The magic MD ($65.08 in chips) 
Seat 2: rostickkin ($104.95 in chips) 
Seat 3: Nazareno1999 ($101.50 in chips) 
Seat 4: fishandchiper ($60.90 in chips) 
Seat 5: Joker007r ($100 in chips) 
Seat 6: m0nTTu ($192.02 in chips) 
The magic MD: posts small blind $0.50
rostickkin: posts big blind $1
*** HOLE CARDS ***
Nazareno1999: folds 
fishandchiper: folds 
Joker007r: folds 
m0nTTu: folds 
The magic MD: raises $1 to $2
rostickkin: calls $1
*** FLOP *** [3c As Ad]
The magic MD: bets $1
rostickkin: raises $2.96 to $3.96
The magic MD: folds 
Uncalled bet ($2.96) returned to rostickkin
rostickkin collected $5.70 from pot
rostickkin: doesn't show hand 
*** SUMMARY ***
Total pot $6 | Rake $0.30 
Board [3c As Ad]
Seat 1: The magic MD (small blind) folded on the Flop
Seat 2: rostickkin (big blind) collected ($5.70)
Seat 3: Nazareno1999 folded before Flop (didn't bet)
Seat 4: fishandchiper folded before Flop (didn't bet)
Seat 5: Joker007r folded before Flop (didn't bet)
Seat 6: m0nTTu (button) folded before Flop (didn't bet)



PokerStars Hand #254305883013:  Hold'em No Limit ($0.50/$1.00 USD) - 2025/01/10 1:20:05 WET [2025/01/10 20:20:05 ET]
Table 'Benda II' 6-max Seat #1 is the button
Seat 1: The magic MD ($62.08 in chips) 
Seat 2: rostickkin ($107.65 in chips) 
Seat 3: Nazareno1999 ($101.50 in chips) 
Seat 4: fishandchiper ($60.90 in chips) 
Seat 5: Joker007r ($100 in chips) 
Seat 6: m0nTTu ($192.02 in chips) 
rostickkin: posts small blind $0.50
Nazareno1999: posts big blind $1
*** HOLE CARDS ***
fishandchiper: folds 
Joker007r: folds 
m0nTTu: raises $1.50 to $2.50
The magic MD: folds 
rostickkin: folds 
Nazareno1999: raises $8.50 to $11
m0nTTu: folds 
Uncalled bet ($8.50) returned to Nazareno1999
Nazareno1999 collected $5.50 from pot
Nazareno1999: doesn't show hand 
*** SUMMARY ***
Total pot $5.50 | Rake $0 
Seat 1: The magic MD (button) folded before Flop (didn't bet)
Seat 2: rostickkin (small blind) folded before Flop
Seat 3: Nazareno1999 (big blind) collected ($5.50)
Seat 4: fishandchiper folded before Flop (didn't bet)
Seat 5: Joker007r folded before Flop (didn't bet)
Seat 6: m0nTTu folded before Flop



PokerStars Hand #254305890378:  Hold'em No Limit ($0.50/$1.00 USD) - 2025/01/10 1:20:41 WET [2025/01/10 20:20:41 ET]
Table 'Benda II' 6-max Seat #2 is the button
Seat 1: The magic MD ($62.08 in chips) 
Seat 2: rostickkin ($107.15 in chips) 
Seat 3: Nazareno1999 ($104.50 in chips) 
Seat 4: fishandchiper ($60.90 in chips) 
Seat 5: Joker007r ($100 in chips) 
Seat 6: m0nTTu ($189.52 in chips) 
Nazareno1999: posts small blind $0.50
fishandchiper: posts big blind $1
*** HOLE CARDS ***
Joker007r: raises $1.38 to $2.38
m0nTTu: folds 
The magic MD: calls $2.38
rostickkin: folds 
Nazareno1999: calls $1.88
fishandchiper: calls $1.38
*** FLOP *** [5h Qs 8h]
Nazareno1999: checks 
fishandchiper: checks 
Joker007r: checks 
The magic MD: bets $3
Nazareno1999: calls $3
fishandchiper: raises $9 to $12
Joker007r: raises $85.62 to $97.62 and is all-in
The magic MD: folds 
Nazareno1999: folds 
fishandchiper: folds 
Uncalled bet ($85.62) returned to Joker007r
Joker007r collected $37.54 from pot
Joker007r: doesn't show hand 
*** SUMMARY ***
Total pot $39.52 | Rake $1.98 
Board [5h Qs 8h]
Seat 1: The magic MD folded on the Flop
Seat 2: rostickkin (button) folded before Flop (didn't bet)
Seat 3: Nazareno1999 (small blind) folded on the Flop
Seat 4: fishandchiper (big blind) folded on the Flop
Seat 5: Joker007r collected ($37.54)
Seat 6: m0nTTu folded before Flop (didn't bet)



PokerStars Hand #254305906020:  Hold'em No Limit ($0.50/$1.00 USD) - 2025/01/10 1:21:56 WET [2025/01/10 20:21:56 ET]
Table 'Benda II' 6-max Seat #3 is the button
Seat 1: The magic MD ($56.70 in chips) 
Seat 2: rostickkin ($107.15 in chips) 
Seat 3: Nazareno1999 ($100 in chips) 
Seat 4: fishandchiper ($46.52 in chips) 
Seat 5: Joker007r ($123.16 in chips) 
Seat 6: m0nTTu ($189.52 in chips) 
fishandchiper: posts small blind $0.50
Joker007r: posts big blind $1
*** HOLE CARDS ***
m0nTTu: folds 
The magic MD: folds 
rostickkin: folds 
The magic MD leaves the table
Nazareno1999: folds 
fishandchiper: calls $0.50
Joker007r: raises $2 to $3
fishandchiper: calls $2
*** FLOP *** [6d 2d 7d]
fishandchiper: checks 
Joker007r: checks 
*** TURN *** [6d 2d 7d] [Ks]
fishandchiper: checks 
Joker007r: checks 
*** RIVER *** [6d 2d 7d Ks] [9d]
fishandchiper: bets $5
Joker007r: folds 
Uncalled bet ($5) returned to fishandchiper
LuckyShikari joins the table at seat #1 
fishandchiper collected $5.70 from pot
*** SUMMARY ***
Total pot $6 | Rake $0.30 
Board [6d 2d 7d Ks 9d]
Seat 1: The magic MD folded before Flop (didn't bet)
Seat 2: rostickkin folded before Flop (didn't bet)
Seat 3: Nazareno1999 (button) folded before Flop (didn't bet)
Seat 4: fishandchiper (small blind) collected ($5.70)
Seat 5: Joker007r (big blind) folded on the River
Seat 6: m0nTTu folded before Flop (didn't bet)



PokerStars Hand #254305918638:  Hold'em No Limit ($0.50/$1.00 USD) - 2025/01/10 1:22:57 WET [2025/01/10 20:22:57 ET]
Table 'Benda II' 6-max Seat #4 is the button
Seat 1: LuckyShikari ($100 in chips) is sitting out
Seat 2: rostickkin ($107.15 in chips) 
Seat 3: Nazareno1999 ($100 in chips) 
Seat 4: fishandchiper ($49.22 in chips) 
Seat 5: Joker007r ($120.16 in chips) 
Seat 6: m0nTTu ($189.52 in chips) 
Joker007r: posts small blind $0.50
m0nTTu: posts big blind $1
LuckyShikari: sits out 
*** HOLE CARDS ***
rostickkin: folds 
Nazareno1999: folds 
fishandchiper: folds 
Joker007r: raises $2 to $3
m0nTTu: calls $2
*** FLOP *** [7h 8d Kc]
Joker007r: bets $3.80
m0nTTu: calls $3.80
*** TURN *** [7h 8d Kc] [Td]
Joker007r: checks 
m0nTTu: bets $9.69
Joker007r: folds 
Uncalled bet ($9.69) returned to m0nTTu
m0nTTu collected $12.92 from pot
m0nTTu: doesn't show hand 
*** SUMMARY ***
Total pot $13.60 | Rake $0.68 
Board [7h 8d Kc Td]
Seat 1: LuckyShikari
Seat 2: rostickkin folded before Flop (didn't bet)
Seat 3: Nazareno1999 folded before Flop (didn't bet)
Seat 4: fishandchiper (button) folded before Flop (didn't bet)
Seat 5: Joker007r (small blind) folded on the Turn
Seat 6: m0nTTu (big blind) collected ($12.92)



PokerStars Hand #254305928468:  Hold'em No Limit ($0.50/$1.00 USD) - 2025/01/10 1:23:45 WET [2025/01/10 20:23:45 ET]
Table 'Benda II' 6-max Seat #5 is the button
Seat 1: LuckyShikari ($100 in chips) 
Seat 2: rostickkin ($107.15 in chips) 
Seat 3: Nazareno1999 ($100 in chips) 
Seat 4: fishandchiper ($49.22 in chips) 
Seat 5: Joker007r ($113.36 in chips) 
Seat 6: m0nTTu ($195.64 in chips) 
m0nTTu: posts small blind $0.50
LuckyShikari: posts big blind $1
*** HOLE CARDS ***
rostickkin: folds 
Nazareno1999: folds 
fishandchiper: calls $1
Joker007r: raises $2.50 to $3.50
m0nTTu: folds 
LuckyShikari: folds 
fishandchiper: calls $2.50
*** FLOP *** [3h 9s 8c]
fishandchiper: checks 
Joker007r: bets $5.90
fishandchiper: folds 
Uncalled bet ($5.90) returned to Joker007r
Joker007r collected $8.08 from pot
Joker007r: doesn't show hand 
*** SUMMARY ***
Total pot $8.50 | Rake $0.42 
Board [3h 9s 8c]
Seat 1: LuckyShikari (big blind) folded before Flop
Seat 2: rostickkin folded before Flop (didn't bet)
Seat 3: Nazareno1999 folded before Flop (didn't bet)
Seat 4: fishandchiper folded on the Flop
Seat 5: Joker007r (button) collected ($8.08)
Seat 6: m0nTTu (small blind) folded before Flop



PokerStars Hand #254305936331:  Hold'em No Limit ($0.50/$1.00 USD) - 2025/01/10 1:24:23 WET [2025/01/10 20:24:23 ET]
Table 'Benda II' 6-max Seat #6 is the button
Seat 1: LuckyShikari ($100 in chips) 
Seat 2: rostickkin ($107.15 in chips) 
Seat 3: Nazareno1999 ($100 in chips) 
Seat 4: fishandchiper ($45.72 in chips) 
Seat 5: Joker007r ($117.94 in chips) 
Seat 6: m0nTTu ($195.14 in chips) 
LuckyShikari: posts small blind $0.50
rostickkin: posts big blind $1
*** HOLE CARDS ***
Nazareno1999: folds 
fishandchiper: calls $1
Joker007r: folds 
m0nTTu: folds 
LuckyShikari: folds 
rostickkin: checks 
*** FLOP *** [Ks 6h Ad]
rostickkin: checks 
fishandchiper: bets $3
rostickkin: folds 
Uncalled bet ($3) returned to fishandchiper
fishandchiper collected $2.38 from pot
*** SUMMARY ***
Total pot $2.50 | Rake $0.12 
Board [Ks 6h Ad]
Seat 1: LuckyShikari (small blind) folded before Flop
Seat 2: rostickkin (big blind) folded on the Flop
Seat 3: Nazareno1999 folded before Flop (didn't bet)
Seat 4: fishandchiper collected ($2.38)
Seat 5: Joker007r folded before Flop (didn't bet)
Seat 6: m0nTTu (button) folded before Flop (didn't bet)



PokerStars Hand #254305943525:  Hold'em No Limit ($0.50/$1.00 USD) - 2025/01/10 1:24:58 WET [2025/01/10 20:24:58 ET]
Table 'Benda II' 6-max Seat #1 is the button
Seat 1: LuckyShikari ($100 in chips) 
Seat 2: rostickkin ($106.15 in chips) 
Seat 3: Nazareno1999 ($100 in chips) 
Seat 4: fishandchiper ($47.10 in chips) 
Seat 5: Joker007r ($117.94 in chips) 
Seat 6: m0nTTu ($195.14 in chips) 
rostickkin: posts small blind $0.50
Nazareno1999: posts big blind $1
*** HOLE CARDS ***
fishandchiper: calls $1
Joker007r: folds 
m0nTTu: folds 
LuckyShikari: raises $2.80 to $3.80
rostickkin: folds 
Nazareno1999: folds 
fishandchiper: calls $2.80
*** FLOP *** [4h 9s 2s]
fishandchiper: bets $5
LuckyShikari: raises $13 to $18
fishandchiper: calls $13
*** TURN *** [4h 9s 2s] [Ac]
fishandchiper: bets $25.30 and is all-in
LuckyShikari: calls $25.30
*** RIVER *** [4h 9s 2s Ac] [Td]
*** SHOW DOWN ***
fishandchiper: shows [3c 2c] (a pair of Deuces)
LuckyShikari: shows [8c Ad] (a pair of Aces)
LuckyShikari collected $93.20 from pot
*** SUMMARY ***
Total pot $95.70 | Rake $2.50 
Board [4h 9s 2s Ac Td]
Seat 1: LuckyShikari (button) showed [8c Ad] and won ($93.20) with a pair of Aces
Seat 2: rostickkin (small blind) folded before Flop
Seat 3: Nazareno1999 (big blind) folded before Flop
Seat 4: fishandchiper showed [3c 2c] and lost with a pair of Deuces
Seat 5: Joker007r folded before Flop (didn't bet)
Seat 6: m0nTTu folded before Flop (didn't bet)



PokerStars Hand #254305957129:  Hold'em No Limit ($0.50/$1.00 USD) - 2025/01/10 1:26:04 WET [2025/01/10 20:26:04 ET]
Table 'Benda II' 6-max Seat #2 is the button
Seat 4: fishandchiper ($0 in chips) is sitting out
Seat 1: LuckyShikari ($146.10 in chips) 
Seat 2: rostickkin ($105.65 in chips) 
Seat 3: Nazareno1999 ($100 in chips) 
Seat 5: Joker007r ($117.94 in chips) 
Seat 6: m0nTTu ($195.14 in chips) 
Nazareno1999: posts small blind $0.50
Joker007r: posts big blind $1
*** HOLE CARDS ***
fishandchiper leaves the table
m0nTTu: folds 
m0nTTu leaves the table
LuckyShikari: folds 
rostickkin: folds 
Nazareno1999: folds 
Uncalled bet ($0.50) returned to Joker007r
Joker007r collected $1 from pot
Joker007r: doesn't show hand 
*** SUMMARY ***
Total pot $1 | Rake $0 
Seat 4: fishandchiper
Seat 1: LuckyShikari folded before Flop (didn't bet)
Seat 2: rostickkin (button) folded before Flop (didn't bet)
Seat 3: Nazareno1999 (small blind) folded before Flop
Seat 5: Joker007r (big blind) collected ($1)
Seat 6: m0nTTu folded before Flop (didn't bet)



PokerStars Hand #254305962852:  Hold'em No Limit ($0.50/$1.00 USD) - 2025/01/10 1:26:31 WET [2025/01/10 20:26:31 ET]
Table 'Benda II' 6-max Seat #3 is the button
Seat 1: LuckyShikari ($146.10 in chips) is sitting out
Seat 2: rostickkin ($105.65 in chips) 
Seat 3: Nazareno1999 ($100 in chips) 
Seat 5: Joker007r ($118.44 in chips) 
Joker007r: posts small blind $0.50
LuckyShikari: is sitting out 
rostickkin: posts big blind $1
*** HOLE CARDS ***
Nazareno1999: raises $1.20 to $2.20
Joker007r: folds 
Unipoker11 joins the table at seat #4 
rostickkin: calls $1.20
*** FLOP *** [6d Kh 8h]
rostickkin: checks 
Nazareno1999: bets $1.54
rostickkin: calls $1.54
*** TURN *** [6d Kh 8h] [8d]
rostickkin: checks 
LuckyShikari leaves the table
Nazareno1999: checks 
*** RIVER *** [6d Kh 8h 8d] [Qh]
rostickkin: checks 
Nazareno1999: checks 
*** SHOW DOWN ***
rostickkin: shows [9c Kd] (two pair, Kings and Eights)
Nazareno1999: shows [Ad Ks] (two pair, Kings and Eights - Ace kicker)
Nazareno1999 collected $7.58 from pot
*** SUMMARY ***
Total pot $7.98 | Rake $0.40 
Board [6d Kh 8h 8d Qh]
Seat 1: LuckyShikari
Seat 2: rostickkin (big blind) showed [9c Kd] and lost with two pair, Kings and Eights
Seat 3: Nazareno1999 (button) showed [Ad Ks] and won ($7.58) with two pair, Kings and Eights
Seat 5: Joker007r (small blind) folded before Flop



PokerStars Hand #254305970425:  Hold'em No Limit ($0.50/$1.00 USD) - 2025/01/10 1:27:09 WET [2025/01/10 20:27:09 ET]
Table 'Benda II' 6-max Seat #5 is the button
Seat 3: Nazareno1999 ($103.84 in chips) is sitting out
Seat 2: rostickkin ($101.91 in chips) 
Seat 4: Unipoker11 ($100 in chips) 
Seat 5: Joker007r ($117.94 in chips) 
rostickkin: posts small blind $0.50
Nazareno1999: is sitting out 
Unipoker11: posts big blind $1
*** HOLE CARDS ***
Joker007r: folds 
rostickkin: folds 
Uncalled bet ($0.50) returned to Unipoker11
Nazareno1999 leaves the table
Unipoker11 collected $1 from pot
Unipoker11: doesn't show hand 
*** SUMMARY ***
Total pot $1 | Rake $0 
Seat 3: Nazareno1999
Seat 2: rostickkin (small blind) folded before Flop
Seat 4: Unipoker11 (big blind) collected ($1)
Seat 5: Joker007r (button) folded before Flop (didn't bet)



