PokerStars Hand #254296373568:  Hold'em No Limit ($0.50/$1.00 USD) - 2025/01/10 16:12:19 WET [2025/01/10 11:12:19 ET]
Table 'Lynx III' 6-max Seat #4 is the button
Seat 1: tintin641 ($154.32 in chips) is sitting out
Seat 3: janarr5 ($100 in chips) is sitting out
Seat 5: GuigaMan ($100 in chips) is sitting out
Seat 2: m1lkdud ($89.62 in chips) 
Seat 4: Ysiven ($100 in chips) 
Seat 6: CichiChanMarian ($103.77 in chips) 
CichiChanMarian: posts small blind $0.50
tintin641: is sitting out 
m1lkdud: posts big blind $1
janarr5: sits out 
*** HOLE CARDS ***
tintin641 leaves the table
Ysiven: folds 
CichiChanMarian: raises $2 to $3
AlexPinsk1 joins the table at seat #1 
m1lkdud: folds 
Uncalled bet ($2) returned to CichiChanMarian
CichiChanMarian collected $2 from pot
CichiChanMarian: doesn't show hand 
*** SUMMARY ***
Total pot $2 | Rake $0 
Seat 1: tintin641
Seat 3: janarr5
Seat 5: GuigaMan
Seat 2: m1lkdud (big blind) folded before Flop
Seat 4: Ysiven (button) folded before Flop (didn't bet)
Seat 6: CichiChanMarian (small blind) collected ($2)



PokerStars Hand #254296376711:  Hold'em No Limit ($0.50/$1.00 USD) - 2025/01/10 16:12:31 WET [2025/01/10 11:12:31 ET]
Table 'Lynx III' 6-max Seat #6 is the button
Seat 1: AlexPinsk1 ($100 in chips) is sitting out
Seat 5: GuigaMan ($100 in chips) is sitting out
Seat 2: m1lkdud ($88.62 in chips) 
Seat 3: janarr5 ($100 in chips) 
Seat 4: Ysiven ($100 in chips) 
Seat 6: CichiChanMarian ($104.77 in chips) 
m1lkdud: posts small blind $0.50
janarr5: posts big blind $1
GuigaMan: sits out 
*** HOLE CARDS ***
Ysiven: folds 
CichiChanMarian: raises $1.50 to $2.50
m1lkdud: folds 
janarr5: folds 
Uncalled bet ($1.50) returned to CichiChanMarian
CichiChanMarian collected $2.50 from pot
CichiChanMarian: doesn't show hand 
*** SUMMARY ***
Total pot $2.50 | Rake $0 
Seat 1: AlexPinsk1
Seat 5: GuigaMan
Seat 2: m1lkdud (small blind) folded before Flop
Seat 3: janarr5 (big blind) folded before Flop
Seat 4: Ysiven folded before Flop (didn't bet)
Seat 6: CichiChanMarian (button) collected ($2.50)



PokerStars Hand #254296380841:  Hold'em No Limit ($0.50/$1.00 USD) - 2025/01/10 16:12:48 WET [2025/01/10 11:12:48 ET]
Table 'Lynx III' 6-max Seat #2 is the button
Seat 1: AlexPinsk1 ($100 in chips) is sitting out
Seat 5: GuigaMan ($100 in chips) is sitting out
Seat 2: m1lkdud ($88.12 in chips) 
Seat 3: janarr5 ($100 in chips) 
Seat 4: Ysiven ($100 in chips) 
Seat 6: CichiChanMarian ($106.27 in chips) 
janarr5: posts small blind $0.50
Ysiven: posts big blind $1
GuigaMan: sits out 
AlexPinsk1: sits out 
*** HOLE CARDS ***
CichiChanMarian: folds 
m1lkdud: folds 
janarr5: raises $2 to $3
Ysiven: raises $7 to $10
janarr5: folds 
Uncalled bet ($7) returned to Ysiven
Ysiven collected $6 from pot
Ysiven: doesn't show hand 
*** SUMMARY ***
Total pot $6 | Rake $0 
Seat 1: AlexPinsk1
Seat 5: GuigaMan
Seat 2: m1lkdud (button) folded before Flop (didn't bet)
Seat 3: janarr5 (small blind) folded before Flop
Seat 4: Ysiven (big blind) collected ($6)
Seat 6: CichiChanMarian folded before Flop (didn't bet)



PokerStars Hand #254296385918:  Hold'em No Limit ($0.50/$1.00 USD) - 2025/01/10 16:13:08 WET [2025/01/10 11:13:08 ET]
Table 'Lynx III' 6-max Seat #3 is the button
Seat 1: AlexPinsk1 ($100 in chips) is sitting out
Seat 2: m1lkdud ($88.12 in chips) 
Seat 3: janarr5 ($100 in chips) 
Seat 4: Ysiven ($103 in chips) 
Seat 5: GuigaMan ($100 in chips) 
Seat 6: CichiChanMarian ($106.27 in chips) 
Ysiven: posts small blind $0.50
GuigaMan: posts big blind $1
AlexPinsk1: sits out 
*** HOLE CARDS ***
CichiChanMarian: folds 
m1lkdud: folds 
janarr5: raises $1.50 to $2.50
Ysiven: folds 
GuigaMan: folds 
Uncalled bet ($1.50) returned to janarr5
janarr5 collected $2.50 from pot
janarr5: doesn't show hand 
*** SUMMARY ***
Total pot $2.50 | Rake $0 
Seat 1: AlexPinsk1
Seat 2: m1lkdud folded before Flop (didn't bet)
Seat 3: janarr5 (button) collected ($2.50)
Seat 4: Ysiven (small blind) folded before Flop
Seat 5: GuigaMan (big blind) folded before Flop
Seat 6: CichiChanMarian folded before Flop (didn't bet)



PokerStars Hand #254296389105:  Hold'em No Limit ($0.50/$1.00 USD) - 2025/01/10 16:13:20 WET [2025/01/10 11:13:20 ET]
Table 'Lynx III' 6-max Seat #4 is the button
Seat 6: CichiChanMarian ($106.27 in chips) is sitting out
Seat 1: AlexPinsk1 ($100 in chips) 
Seat 2: m1lkdud ($88.12 in chips) 
Seat 3: janarr5 ($101.50 in chips) 
Seat 4: Ysiven ($102.50 in chips) 
Seat 5: GuigaMan ($100 in chips) 
GuigaMan: posts small blind $0.50
CichiChanMarian: is sitting out 
AlexPinsk1: posts big blind $1
*** HOLE CARDS ***
m1lkdud: folds 
janarr5: folds 
Ysiven: raises $1.50 to $2.50
CichiChanMarian leaves the table
Evelexy1 joins the table at seat #6 
GuigaMan: raises $8.50 to $11
AlexPinsk1: folds 
Ysiven: calls $8.50
*** FLOP *** [7d 5c 6s]
GuigaMan: checks 
Ysiven: bets $7.21
GuigaMan: folds 
Uncalled bet ($7.21) returned to Ysiven
Ysiven collected $21.85 from pot
Ysiven: doesn't show hand 
*** SUMMARY ***
Total pot $23 | Rake $1.15 
Board [7d 5c 6s]
Seat 6: CichiChanMarian
Seat 1: AlexPinsk1 (big blind) folded before Flop
Seat 2: m1lkdud folded before Flop (didn't bet)
Seat 3: janarr5 folded before Flop (didn't bet)
Seat 4: Ysiven (button) collected ($21.85)
Seat 5: GuigaMan (small blind) folded on the Flop



PokerStars Hand #254296400804:  Hold'em No Limit ($0.50/$1.00 USD) - 2025/01/10 16:14:07 WET [2025/01/10 11:14:07 ET]
Table 'Lynx III' 6-max Seat #5 is the button
Seat 6: Evelexy1 ($105.22 in chips) is sitting out
Seat 1: AlexPinsk1 ($100 in chips) 
Seat 2: m1lkdud ($88.12 in chips) 
Seat 3: janarr5 ($101.50 in chips) 
Seat 4: Ysiven ($113.35 in chips) 
Seat 5: GuigaMan ($100 in chips) 
AlexPinsk1: posts small blind $0.50
m1lkdud: posts big blind $1
*** HOLE CARDS ***
janarr5: folds 
Ysiven: folds 
GuigaMan: raises $1.10 to $2.10
AlexPinsk1: folds 
m1lkdud: folds 
Uncalled bet ($1.10) returned to GuigaMan
GuigaMan collected $2.50 from pot
GuigaMan: doesn't show hand 
*** SUMMARY ***
Total pot $2.50 | Rake $0 
Seat 6: Evelexy1
Seat 1: AlexPinsk1 (small blind) folded before Flop
Seat 2: m1lkdud (big blind) folded before Flop
Seat 3: janarr5 folded before Flop (didn't bet)
Seat 4: Ysiven folded before Flop (didn't bet)
Seat 5: GuigaMan (button) collected ($2.50)



PokerStars Hand #254296404798:  Hold'em No Limit ($0.50/$1.00 USD) - 2025/01/10 16:14:22 WET [2025/01/10 11:14:22 ET]
Table 'Lynx III' 6-max Seat #1 is the button
Seat 6: Evelexy1 ($105.22 in chips) is sitting out
Seat 1: AlexPinsk1 ($100 in chips) 
Seat 2: m1lkdud ($87.12 in chips) 
Seat 3: janarr5 ($101.50 in chips) 
Seat 4: Ysiven ($113.35 in chips) 
Seat 5: GuigaMan ($101.50 in chips) 
m1lkdud: posts small blind $0.50
janarr5: posts big blind $1
Evelexy1: sits out 
*** HOLE CARDS ***
Ysiven: folds 
GuigaMan: folds 
AlexPinsk1: raises $1.50 to $2.50
m1lkdud: raises $7 to $9.50
janarr5: folds 
AlexPinsk1: folds 
Uncalled bet ($7) returned to m1lkdud
m1lkdud collected $6 from pot
*** SUMMARY ***
Total pot $6 | Rake $0 
Seat 6: Evelexy1
Seat 1: AlexPinsk1 (button) folded before Flop
Seat 2: m1lkdud (small blind) collected ($6)
Seat 3: janarr5 (big blind) folded before Flop
Seat 4: Ysiven folded before Flop (didn't bet)
Seat 5: GuigaMan folded before Flop (didn't bet)



PokerStars Hand #254296408671:  Hold'em No Limit ($0.50/$1.00 USD) - 2025/01/10 16:14:37 WET [2025/01/10 11:14:37 ET]
Table 'Lynx III' 6-max Seat #2 is the button
Seat 6: Evelexy1 ($105.22 in chips) is sitting out
Seat 1: AlexPinsk1 ($100 in chips) 
Seat 2: m1lkdud ($90.62 in chips) 
Seat 3: janarr5 ($100.50 in chips) 
Seat 4: Ysiven ($113.35 in chips) 
Seat 5: GuigaMan ($101.50 in chips) 
janarr5: posts small blind $0.50
Ysiven: posts big blind $1
Evelexy1: sits out 
*** HOLE CARDS ***
GuigaMan: folds 
AlexPinsk1: folds 
m1lkdud: folds 
janarr5: folds 
Uncalled bet ($0.50) returned to Ysiven
Ysiven collected $1 from pot
Ysiven: doesn't show hand 
*** SUMMARY ***
Total pot $1 | Rake $0 
Seat 6: Evelexy1
Seat 1: AlexPinsk1 folded before Flop (didn't bet)
Seat 2: m1lkdud (button) folded before Flop (didn't bet)
Seat 3: janarr5 (small blind) folded before Flop
Seat 4: Ysiven (big blind) collected ($1)
Seat 5: GuigaMan folded before Flop (didn't bet)



PokerStars Hand #254296410878:  Hold'em No Limit ($0.50/$1.00 USD) - 2025/01/10 16:14:46 WET [2025/01/10 11:14:46 ET]
Table 'Lynx III' 6-max Seat #3 is the button
Seat 6: Evelexy1 ($105.22 in chips) is sitting out
Seat 1: AlexPinsk1 ($100 in chips) 
Seat 2: m1lkdud ($90.62 in chips) 
Seat 3: janarr5 ($100 in chips) 
Seat 4: Ysiven ($113.85 in chips) 
Seat 5: GuigaMan ($101.50 in chips) 
Ysiven: posts small blind $0.50
GuigaMan: posts big blind $1
Evelexy1: sits out 
*** HOLE CARDS ***
AlexPinsk1: folds 
m1lkdud: folds 
janarr5: folds 
Ysiven: folds 
Uncalled bet ($0.50) returned to GuigaMan
GuigaMan collected $1 from pot
GuigaMan: doesn't show hand 
*** SUMMARY ***
Total pot $1 | Rake $0 
Seat 6: Evelexy1
Seat 1: AlexPinsk1 folded before Flop (didn't bet)
Seat 2: m1lkdud folded before Flop (didn't bet)
Seat 3: janarr5 (button) folded before Flop (didn't bet)
Seat 4: Ysiven (small blind) folded before Flop
Seat 5: GuigaMan (big blind) collected ($1)



PokerStars Hand #254296413380:  Hold'em No Limit ($0.50/$1.00 USD) - 2025/01/10 16:14:56 WET [2025/01/10 11:14:56 ET]
Table 'Lynx III' 6-max Seat #4 is the button
Seat 1: AlexPinsk1 ($100 in chips) 
Seat 2: m1lkdud ($90.62 in chips) 
Seat 3: janarr5 ($100 in chips) 
Seat 4: Ysiven ($113.35 in chips) 
Seat 5: GuigaMan ($102 in chips) 
Seat 6: Evelexy1 ($105.22 in chips) 
GuigaMan: posts small blind $0.50
Evelexy1: posts big blind $1
*** HOLE CARDS ***
AlexPinsk1: folds 
m1lkdud: raises $2.50 to $3.50
janarr5: raises $7 to $10.50
Ysiven: folds 
GuigaMan: folds 
Evelexy1: folds 
m1lkdud: raises $80.12 to $90.62 and is all-in
janarr5: calls $80.12
*** FLOP *** [8d 5s 2h]
*** TURN *** [8d 5s 2h] [Qd]
*** RIVER *** [8d 5s 2h Qd] [9s]
*** SHOW DOWN ***
m1lkdud: shows [Jc Js] (a pair of Jacks)
janarr5: shows [Kc Ac] (high card Ace)
m1lkdud collected $180.24 from pot
*** SUMMARY ***
Total pot $182.74 | Rake $2.50 
Board [8d 5s 2h Qd 9s]
Seat 1: AlexPinsk1 folded before Flop (didn't bet)
Seat 2: m1lkdud showed [Jc Js] and won ($180.24) with a pair of Jacks
Seat 3: janarr5 showed [Kc Ac] and lost with high card Ace
Seat 4: Ysiven (button) folded before Flop (didn't bet)
Seat 5: GuigaMan (small blind) folded before Flop
Seat 6: Evelexy1 (big blind) folded before Flop



PokerStars Hand #254296420922:  Hold'em No Limit ($0.50/$1.00 USD) - 2025/01/10 16:15:26 WET [2025/01/10 11:15:26 ET]
Table 'Lynx III' 6-max Seat #5 is the button
Seat 1: AlexPinsk1 ($100 in chips) 
Seat 2: m1lkdud ($180.24 in chips) 
Seat 3: janarr5 ($100 in chips) 
Seat 4: Ysiven ($113.35 in chips) 
Seat 5: GuigaMan ($101.50 in chips) 
Seat 6: Evelexy1 ($104.22 in chips) 
Evelexy1: posts small blind $0.50
AlexPinsk1: posts big blind $1
*** HOLE CARDS ***
m1lkdud: folds 
janarr5: folds 
Ysiven: folds 
GuigaMan: folds 
Evelexy1: raises $1.50 to $2.50
AlexPinsk1: folds 
Uncalled bet ($1.50) returned to Evelexy1
Evelexy1 collected $2 from pot
Evelexy1: doesn't show hand 
*** SUMMARY ***
Total pot $2 | Rake $0 
Seat 1: AlexPinsk1 (big blind) folded before Flop
Seat 2: m1lkdud folded before Flop (didn't bet)
Seat 3: janarr5 folded before Flop (didn't bet)
Seat 4: Ysiven folded before Flop (didn't bet)
Seat 5: GuigaMan (button) folded before Flop (didn't bet)
Seat 6: Evelexy1 (small blind) collected ($2)



PokerStars Hand #254296423844:  Hold'em No Limit ($0.50/$1.00 USD) - 2025/01/10 16:15:37 WET [2025/01/10 11:15:37 ET]
Table 'Lynx III' 6-max Seat #6 is the button
Seat 1: AlexPinsk1 ($100 in chips) 
Seat 2: m1lkdud ($180.24 in chips) 
Seat 3: janarr5 ($100 in chips) 
Seat 4: Ysiven ($113.35 in chips) 
Seat 5: GuigaMan ($101.50 in chips) 
Seat 6: Evelexy1 ($105.22 in chips) 
AlexPinsk1: posts small blind $0.50
m1lkdud: posts big blind $1
*** HOLE CARDS ***
janarr5: folds 
Ysiven: folds 
GuigaMan: folds 
Evelexy1: raises $2 to $3
AlexPinsk1: folds 
m1lkdud: folds 
Uncalled bet ($2) returned to Evelexy1
Evelexy1 collected $2.50 from pot
Evelexy1: doesn't show hand 
*** SUMMARY ***
Total pot $2.50 | Rake $0 
Seat 1: AlexPinsk1 (small blind) folded before Flop
Seat 2: m1lkdud (big blind) folded before Flop
Seat 3: janarr5 folded before Flop (didn't bet)
Seat 4: Ysiven folded before Flop (didn't bet)
Seat 5: GuigaMan folded before Flop (didn't bet)
Seat 6: Evelexy1 (button) collected ($2.50)



PokerStars Hand #254296427475:  Hold'em No Limit ($0.50/$1.00 USD) - 2025/01/10 16:15:52 WET [2025/01/10 11:15:52 ET]
Table 'Lynx III' 6-max Seat #1 is the button
Seat 1: AlexPinsk1 ($100 in chips) 
Seat 2: m1lkdud ($179.24 in chips) 
Seat 3: janarr5 ($100 in chips) 
Seat 4: Ysiven ($113.35 in chips) 
Seat 5: GuigaMan ($101.50 in chips) 
Seat 6: Evelexy1 ($106.72 in chips) 
m1lkdud: posts small blind $0.50
janarr5: posts big blind $1
*** HOLE CARDS ***
Ysiven: folds 
GuigaMan: folds 
Evelexy1: folds 
AlexPinsk1: folds 
m1lkdud: raises $2 to $3
janarr5: calls $2
*** FLOP *** [Jd Ah Jc]
m1lkdud: checks 
janarr5: checks 
*** TURN *** [Jd Ah Jc] [9d]
m1lkdud: checks 
janarr5: bets $3.76
m1lkdud: folds 
Uncalled bet ($3.76) returned to janarr5
janarr5 collected $5.70 from pot
janarr5: doesn't show hand 
*** SUMMARY ***
Total pot $6 | Rake $0.30 
Board [Jd Ah Jc 9d]
Seat 1: AlexPinsk1 (button) folded before Flop (didn't bet)
Seat 2: m1lkdud (small blind) folded on the Turn
Seat 3: janarr5 (big blind) collected ($5.70)
Seat 4: Ysiven folded before Flop (didn't bet)
Seat 5: GuigaMan folded before Flop (didn't bet)
Seat 6: Evelexy1 folded before Flop (didn't bet)



PokerStars Hand #254296435471:  Hold'em No Limit ($0.50/$1.00 USD) - 2025/01/10 16:16:24 WET [2025/01/10 11:16:24 ET]
Table 'Lynx III' 6-max Seat #2 is the button
Seat 1: AlexPinsk1 ($100 in chips) 
Seat 2: m1lkdud ($176.24 in chips) 
Seat 3: janarr5 ($102.70 in chips) 
Seat 4: Ysiven ($113.35 in chips) 
Seat 5: GuigaMan ($101.50 in chips) 
Seat 6: Evelexy1 ($106.72 in chips) 
janarr5: posts small blind $0.50
Ysiven: posts big blind $1
*** HOLE CARDS ***
GuigaMan: folds 
Evelexy1: raises $1 to $2
AlexPinsk1: folds 
m1lkdud: calls $2
janarr5: folds 
Ysiven: folds 
*** FLOP *** [Ks 7s 4s]
Evelexy1: bets $1.74
m1lkdud: folds 
Uncalled bet ($1.74) returned to Evelexy1
Evelexy1 collected $5.22 from pot
Evelexy1: doesn't show hand 
*** SUMMARY ***
Total pot $5.50 | Rake $0.28 
Board [Ks 7s 4s]
Seat 1: AlexPinsk1 folded before Flop (didn't bet)
Seat 2: m1lkdud (button) folded on the Flop
Seat 3: janarr5 (small blind) folded before Flop
Seat 4: Ysiven (big blind) folded before Flop
Seat 5: GuigaMan folded before Flop (didn't bet)
Seat 6: Evelexy1 collected ($5.22)



PokerStars Hand #254296441292:  Hold'em No Limit ($0.50/$1.00 USD) - 2025/01/10 16:16:47 WET [2025/01/10 11:16:47 ET]
Table 'Lynx III' 6-max Seat #3 is the button
Seat 1: AlexPinsk1 ($100 in chips) 
Seat 2: m1lkdud ($174.24 in chips) 
Seat 3: janarr5 ($102.20 in chips) 
Seat 4: Ysiven ($112.35 in chips) 
Seat 5: GuigaMan ($101.50 in chips) 
Seat 6: Evelexy1 ($109.94 in chips) 
Ysiven: posts small blind $0.50
GuigaMan: posts big blind $1
*** HOLE CARDS ***
Evelexy1: folds 
AlexPinsk1: raises $1.50 to $2.50
m1lkdud: folds 
janarr5: folds 
Ysiven: folds 
GuigaMan: calls $1.50
*** FLOP *** [7s 5c 5s]
GuigaMan: checks 
AlexPinsk1: bets $1.72
GuigaMan: folds 
Uncalled bet ($1.72) returned to AlexPinsk1
AlexPinsk1 collected $5.22 from pot
AlexPinsk1: doesn't show hand 
*** SUMMARY ***
Total pot $5.50 | Rake $0.28 
Board [7s 5c 5s]
Seat 1: AlexPinsk1 collected ($5.22)
Seat 2: m1lkdud folded before Flop (didn't bet)
Seat 3: janarr5 (button) folded before Flop (didn't bet)
Seat 4: Ysiven (small blind) folded before Flop
Seat 5: GuigaMan (big blind) folded on the Flop
Seat 6: Evelexy1 folded before Flop (didn't bet)



PokerStars Hand #254296447893:  Hold'em No Limit ($0.50/$1.00 USD) - 2025/01/10 16:17:13 WET [2025/01/10 11:17:13 ET]
Table 'Lynx III' 6-max Seat #4 is the button
Seat 1: AlexPinsk1 ($102.72 in chips) 
Seat 2: m1lkdud ($174.24 in chips) 
Seat 3: janarr5 ($102.20 in chips) 
Seat 4: Ysiven ($111.85 in chips) 
Seat 5: GuigaMan ($100 in chips) 
Seat 6: Evelexy1 ($109.94 in chips) 
GuigaMan: posts small blind $0.50
Evelexy1: posts big blind $1
*** HOLE CARDS ***
AlexPinsk1: folds 
m1lkdud: raises $2.50 to $3.50
janarr5: folds 
Ysiven: folds 
GuigaMan: folds 
Evelexy1: calls $2.50
*** FLOP *** [9c Tc Th]
Evelexy1: checks 
m1lkdud: checks 
*** TURN *** [9c Tc Th] [Qh]
Evelexy1: checks 
m1lkdud: bets $3.56
Evelexy1: folds 
Uncalled bet ($3.56) returned to m1lkdud
m1lkdud collected $7.12 from pot
*** SUMMARY ***
Total pot $7.50 | Rake $0.38 
Board [9c Tc Th Qh]
Seat 1: AlexPinsk1 folded before Flop (didn't bet)
Seat 2: m1lkdud collected ($7.12)
Seat 3: janarr5 folded before Flop (didn't bet)
Seat 4: Ysiven (button) folded before Flop (didn't bet)
Seat 5: GuigaMan (small blind) folded before Flop
Seat 6: Evelexy1 (big blind) folded on the Turn



PokerStars Hand #254296454930:  Hold'em No Limit ($0.50/$1.00 USD) - 2025/01/10 16:17:42 WET [2025/01/10 11:17:42 ET]
Table 'Lynx III' 6-max Seat #5 is the button
Seat 1: AlexPinsk1 ($102.72 in chips) 
Seat 2: m1lkdud ($177.86 in chips) 
Seat 3: janarr5 ($102.20 in chips) 
Seat 4: Ysiven ($111.85 in chips) 
Seat 5: GuigaMan ($100 in chips) 
Seat 6: Evelexy1 ($106.44 in chips) 
Evelexy1: posts small blind $0.50
AlexPinsk1: posts big blind $1
*** HOLE CARDS ***
m1lkdud: raises $2.50 to $3.50
janarr5: folds 
Ysiven: folds 
GuigaMan: folds 
Evelexy1: folds 
AlexPinsk1: folds 
Uncalled bet ($2.50) returned to m1lkdud
m1lkdud collected $2.50 from pot
*** SUMMARY ***
Total pot $2.50 | Rake $0 
Seat 1: AlexPinsk1 (big blind) folded before Flop
Seat 2: m1lkdud collected ($2.50)
Seat 3: janarr5 folded before Flop (didn't bet)
Seat 4: Ysiven folded before Flop (didn't bet)
Seat 5: GuigaMan (button) folded before Flop (didn't bet)
Seat 6: Evelexy1 (small blind) folded before Flop



PokerStars Hand #254296458416:  Hold'em No Limit ($0.50/$1.00 USD) - 2025/01/10 16:17:55 WET [2025/01/10 11:17:55 ET]
Table 'Lynx III' 6-max Seat #6 is the button
Seat 1: AlexPinsk1 ($101.72 in chips) 
Seat 2: m1lkdud ($179.36 in chips) 
Seat 3: janarr5 ($102.20 in chips) 
Seat 4: Ysiven ($111.85 in chips) 
Seat 5: GuigaMan ($100 in chips) 
Seat 6: Evelexy1 ($105.94 in chips) 
AlexPinsk1: posts small blind $0.50
m1lkdud: posts big blind $1
*** HOLE CARDS ***
janarr5: folds 
Ysiven: folds 
GuigaMan: folds 
Evelexy1: raises $1.50 to $2.50
AlexPinsk1: folds 
m1lkdud: calls $1.50
*** FLOP *** [6s 5d Ah]
m1lkdud: checks 
Evelexy1: bets $2.61
m1lkdud: folds 
Uncalled bet ($2.61) returned to Evelexy1
Evelexy1 collected $5.22 from pot
Evelexy1: doesn't show hand 
*** SUMMARY ***
Total pot $5.50 | Rake $0.28 
Board [6s 5d Ah]
Seat 1: AlexPinsk1 (small blind) folded before Flop
Seat 2: m1lkdud (big blind) folded on the Flop
Seat 3: janarr5 folded before Flop (didn't bet)
Seat 4: Ysiven folded before Flop (didn't bet)
Seat 5: GuigaMan folded before Flop (didn't bet)
Seat 6: Evelexy1 (button) collected ($5.22)



PokerStars Hand #254296466139:  Hold'em No Limit ($0.50/$1.00 USD) - 2025/01/10 16:18:26 WET [2025/01/10 11:18:26 ET]
Table 'Lynx III' 6-max Seat #1 is the button
Seat 1: AlexPinsk1 ($101.22 in chips) 
Seat 2: m1lkdud ($176.86 in chips) 
Seat 3: janarr5 ($102.20 in chips) 
Seat 4: Ysiven ($111.85 in chips) 
Seat 5: GuigaMan ($100 in chips) 
Seat 6: Evelexy1 ($108.66 in chips) 
m1lkdud: posts small blind $0.50
janarr5: posts big blind $1
*** HOLE CARDS ***
Ysiven: folds 
GuigaMan: folds 
Evelexy1: folds 
AlexPinsk1: folds 
m1lkdud: folds 
Uncalled bet ($0.50) returned to janarr5
janarr5 collected $1 from pot
janarr5: doesn't show hand 
*** SUMMARY ***
Total pot $1 | Rake $0 
Seat 1: AlexPinsk1 (button) folded before Flop (didn't bet)
Seat 2: m1lkdud (small blind) folded before Flop
Seat 3: janarr5 (big blind) collected ($1)
Seat 4: Ysiven folded before Flop (didn't bet)
Seat 5: GuigaMan folded before Flop (didn't bet)
Seat 6: Evelexy1 folded before Flop (didn't bet)



PokerStars Hand #254296469933:  Hold'em No Limit ($0.50/$1.00 USD) - 2025/01/10 16:18:41 WET [2025/01/10 11:18:41 ET]
Table 'Lynx III' 6-max Seat #2 is the button
Seat 1: AlexPinsk1 ($101.22 in chips) 
Seat 2: m1lkdud ($176.36 in chips) 
Seat 3: janarr5 ($102.70 in chips) 
Seat 4: Ysiven ($111.85 in chips) 
Seat 5: GuigaMan ($100 in chips) 
Seat 6: Evelexy1 ($108.66 in chips) 
janarr5: posts small blind $0.50
Ysiven: posts big blind $1
*** HOLE CARDS ***
GuigaMan: folds 
Evelexy1: raises $1 to $2
AlexPinsk1: folds 
m1lkdud: folds 
janarr5: raises $8 to $10
Ysiven: folds 
Evelexy1: calls $8
*** FLOP *** [Qh Js 5s]
janarr5: bets $6.58
Evelexy1: calls $6.58
*** TURN *** [Qh Js 5s] [7s]
janarr5: bets $10.71
Evelexy1: calls $10.71
*** RIVER *** [Qh Js 5s 7s] [Ts]
janarr5: checks 
Evelexy1: checks 
*** SHOW DOWN ***
janarr5: shows [Qd Jd] (two pair, Queens and Jacks)
Evelexy1: mucks hand 
janarr5 collected $53.08 from pot
*** SUMMARY ***
Total pot $55.58 | Rake $2.50 
Board [Qh Js 5s 7s Ts]
Seat 1: AlexPinsk1 folded before Flop (didn't bet)
Seat 2: m1lkdud (button) folded before Flop (didn't bet)
Seat 3: janarr5 (small blind) showed [Qd Jd] and won ($53.08) with two pair, Queens and Jacks
Seat 4: Ysiven (big blind) folded before Flop
Seat 5: GuigaMan folded before Flop (didn't bet)
Seat 6: Evelexy1 mucked



PokerStars Hand #254296480206:  Hold'em No Limit ($0.50/$1.00 USD) - 2025/01/10 16:19:22 WET [2025/01/10 11:19:22 ET]
Table 'Lynx III' 6-max Seat #3 is the button
Seat 1: AlexPinsk1 ($101.22 in chips) 
Seat 2: m1lkdud ($176.36 in chips) 
Seat 3: janarr5 ($128.49 in chips) 
Seat 4: Ysiven ($110.85 in chips) 
Seat 5: GuigaMan ($100 in chips) 
Seat 6: Evelexy1 ($100 in chips) 
Ysiven: posts small blind $0.50
GuigaMan: posts big blind $1
*** HOLE CARDS ***
Evelexy1: raises $1 to $2
AlexPinsk1: calls $2
m1lkdud: calls $2
janarr5: folds 
Ysiven: folds 
GuigaMan: folds 
*** FLOP *** [Qc Ad Td]
Evelexy1: checks 
AlexPinsk1: checks 
m1lkdud: checks 
*** TURN *** [Qc Ad Td] [4s]
Evelexy1: checks 
AlexPinsk1: checks 
m1lkdud: checks 
*** RIVER *** [Qc Ad Td 4s] [5c]
Evelexy1: checks 
AlexPinsk1: checks 
m1lkdud: checks 
*** SHOW DOWN ***
Evelexy1: shows [Ts Ks] (a pair of Tens)
AlexPinsk1: mucks hand 
m1lkdud: mucks hand 
Evelexy1 collected $7.12 from pot
*** SUMMARY ***
Total pot $7.50 | Rake $0.38 
Board [Qc Ad Td 4s 5c]
Seat 1: AlexPinsk1 mucked
Seat 2: m1lkdud mucked
Seat 3: janarr5 (button) folded before Flop (didn't bet)
Seat 4: Ysiven (small blind) folded before Flop
Seat 5: GuigaMan (big blind) folded before Flop
Seat 6: Evelexy1 showed [Ts Ks] and won ($7.12) with a pair of Tens



PokerStars Hand #254296493925:  Hold'em No Limit ($0.50/$1.00 USD) - 2025/01/10 16:20:16 WET [2025/01/10 11:20:16 ET]
Table 'Lynx III' 6-max Seat #4 is the button
Seat 1: AlexPinsk1 ($100 in chips) 
Seat 2: m1lkdud ($174.36 in chips) 
Seat 3: janarr5 ($128.49 in chips) 
Seat 4: Ysiven ($110.35 in chips) 
Seat 5: GuigaMan ($100 in chips) 
Seat 6: Evelexy1 ($105.12 in chips) 
GuigaMan: posts small blind $0.50
Evelexy1: posts big blind $1
*** HOLE CARDS ***
AlexPinsk1: folds 
m1lkdud: folds 
janarr5: raises $1.25 to $2.25
Ysiven: folds 
GuigaMan: folds 
Evelexy1: folds 
Uncalled bet ($1.25) returned to janarr5
janarr5 collected $2.50 from pot
janarr5: doesn't show hand 
*** SUMMARY ***
Total pot $2.50 | Rake $0 
Seat 1: AlexPinsk1 folded before Flop (didn't bet)
Seat 2: m1lkdud folded before Flop (didn't bet)
Seat 3: janarr5 collected ($2.50)
Seat 4: Ysiven (button) folded before Flop (didn't bet)
Seat 5: GuigaMan (small blind) folded before Flop
Seat 6: Evelexy1 (big blind) folded before Flop



PokerStars Hand #254296497191:  Hold'em No Limit ($0.50/$1.00 USD) - 2025/01/10 16:20:29 WET [2025/01/10 11:20:29 ET]
Table 'Lynx III' 6-max Seat #5 is the button
Seat 1: AlexPinsk1 ($100 in chips) 
Seat 2: m1lkdud ($174.36 in chips) 
Seat 3: janarr5 ($129.99 in chips) 
Seat 4: Ysiven ($110.35 in chips) 
Seat 5: GuigaMan ($100 in chips) 
Seat 6: Evelexy1 ($104.12 in chips) 
Evelexy1: posts small blind $0.50
AlexPinsk1: posts big blind $1
*** HOLE CARDS ***
m1lkdud: folds 
janarr5: folds 
Ysiven: folds 
GuigaMan: raises $1.10 to $2.10
Evelexy1: folds 
AlexPinsk1: folds 
Uncalled bet ($1.10) returned to GuigaMan
GuigaMan collected $2.50 from pot
GuigaMan: doesn't show hand 
*** SUMMARY ***
Total pot $2.50 | Rake $0 
Seat 1: AlexPinsk1 (big blind) folded before Flop
Seat 2: m1lkdud folded before Flop (didn't bet)
Seat 3: janarr5 folded before Flop (didn't bet)
Seat 4: Ysiven folded before Flop (didn't bet)
Seat 5: GuigaMan (button) collected ($2.50)
Seat 6: Evelexy1 (small blind) folded before Flop



PokerStars Hand #254296499645:  Hold'em No Limit ($0.50/$1.00 USD) - 2025/01/10 16:20:38 WET [2025/01/10 11:20:38 ET]
Table 'Lynx III' 6-max Seat #6 is the button
Seat 1: AlexPinsk1 ($100 in chips) 
Seat 2: m1lkdud ($174.36 in chips) 
Seat 3: janarr5 ($129.99 in chips) 
Seat 4: Ysiven ($110.35 in chips) 
Seat 5: GuigaMan ($101.50 in chips) 
Seat 6: Evelexy1 ($103.62 in chips) 
AlexPinsk1: posts small blind $0.50
m1lkdud: posts big blind $1
*** HOLE CARDS ***
janarr5: folds 
Ysiven: raises $1 to $2
GuigaMan: raises $4 to $6
Evelexy1: folds 
AlexPinsk1: folds 
m1lkdud: folds 
Ysiven: folds 
Uncalled bet ($4) returned to GuigaMan
GuigaMan collected $5.50 from pot
GuigaMan: doesn't show hand 
*** SUMMARY ***
Total pot $5.50 | Rake $0 
Seat 1: AlexPinsk1 (small blind) folded before Flop
Seat 2: m1lkdud (big blind) folded before Flop
Seat 3: janarr5 folded before Flop (didn't bet)
Seat 4: Ysiven folded before Flop
Seat 5: GuigaMan collected ($5.50)
Seat 6: Evelexy1 (button) folded before Flop (didn't bet)



PokerStars Hand #254296504777:  Hold'em No Limit ($0.50/$1.00 USD) - 2025/01/10 16:20:58 WET [2025/01/10 11:20:58 ET]
Table 'Lynx III' 6-max Seat #1 is the button
Seat 1: AlexPinsk1 ($100 in chips) 
Seat 2: m1lkdud ($173.36 in chips) 
Seat 3: janarr5 ($129.99 in chips) 
Seat 4: Ysiven ($108.35 in chips) 
Seat 5: GuigaMan ($105 in chips) 
Seat 6: Evelexy1 ($103.62 in chips) 
m1lkdud: posts small blind $0.50
janarr5: posts big blind $1
*** HOLE CARDS ***
Ysiven: folds 
GuigaMan: folds 
Evelexy1: raises $1.50 to $2.50
AlexPinsk1: folds 
m1lkdud: folds 
janarr5: folds 
Uncalled bet ($1.50) returned to Evelexy1
Evelexy1 collected $2.50 from pot
Evelexy1: doesn't show hand 
*** SUMMARY ***
Total pot $2.50 | Rake $0 
Seat 1: AlexPinsk1 (button) folded before Flop (didn't bet)
Seat 2: m1lkdud (small blind) folded before Flop
Seat 3: janarr5 (big blind) folded before Flop
Seat 4: Ysiven folded before Flop (didn't bet)
Seat 5: GuigaMan folded before Flop (didn't bet)
Seat 6: Evelexy1 collected ($2.50)



PokerStars Hand #254296508379:  Hold'em No Limit ($0.50/$1.00 USD) - 2025/01/10 16:21:12 WET [2025/01/10 11:21:12 ET]
Table 'Lynx III' 6-max Seat #2 is the button
Seat 1: AlexPinsk1 ($100 in chips) 
Seat 2: m1lkdud ($172.86 in chips) 
Seat 3: janarr5 ($128.99 in chips) 
Seat 4: Ysiven ($108.35 in chips) 
Seat 5: GuigaMan ($105 in chips) 
Seat 6: Evelexy1 ($105.12 in chips) 
janarr5: posts small blind $0.50
Ysiven: posts big blind $1
*** HOLE CARDS ***
GuigaMan: folds 
Evelexy1: folds 
AlexPinsk1: folds 
m1lkdud: folds 
janarr5: raises $2 to $3
Ysiven: folds 
Uncalled bet ($2) returned to janarr5
janarr5 collected $2 from pot
janarr5: doesn't show hand 
*** SUMMARY ***
Total pot $2 | Rake $0 
Seat 1: AlexPinsk1 folded before Flop (didn't bet)
Seat 2: m1lkdud (button) folded before Flop (didn't bet)
Seat 3: janarr5 (small blind) collected ($2)
Seat 4: Ysiven (big blind) folded before Flop
Seat 5: GuigaMan folded before Flop (didn't bet)
Seat 6: Evelexy1 folded before Flop (didn't bet)



PokerStars Hand #254296511581:  Hold'em No Limit ($0.50/$1.00 USD) - 2025/01/10 16:21:25 WET [2025/01/10 11:21:25 ET]
Table 'Lynx III' 6-max Seat #3 is the button
Seat 1: AlexPinsk1 ($100 in chips) 
Seat 2: m1lkdud ($172.86 in chips) 
Seat 3: janarr5 ($129.99 in chips) 
Seat 4: Ysiven ($107.35 in chips) 
Seat 5: GuigaMan ($105 in chips) 
Seat 6: Evelexy1 ($105.12 in chips) 
Ysiven: posts small blind $0.50
GuigaMan: posts big blind $1
*** HOLE CARDS ***
Evelexy1: raises $1 to $2
AlexPinsk1: folds 
m1lkdud: folds 
janarr5: raises $5 to $7
Ysiven: folds 
GuigaMan: folds 
Evelexy1: folds 
Uncalled bet ($5) returned to janarr5
janarr5 collected $5.50 from pot
janarr5: doesn't show hand 
*** SUMMARY ***
Total pot $5.50 | Rake $0 
Seat 1: AlexPinsk1 folded before Flop (didn't bet)
Seat 2: m1lkdud folded before Flop (didn't bet)
Seat 3: janarr5 (button) collected ($5.50)
Seat 4: Ysiven (small blind) folded before Flop
Seat 5: GuigaMan (big blind) folded before Flop
Seat 6: Evelexy1 folded before Flop



PokerStars Hand #254296517670:  Hold'em No Limit ($0.50/$1.00 USD) - 2025/01/10 16:21:49 WET [2025/01/10 11:21:49 ET]
Table 'Lynx III' 6-max Seat #4 is the button
Seat 1: AlexPinsk1 ($100 in chips) 
Seat 2: m1lkdud ($172.86 in chips) 
Seat 3: janarr5 ($133.49 in chips) 
Seat 4: Ysiven ($106.85 in chips) 
Seat 5: GuigaMan ($104 in chips) 
Seat 6: Evelexy1 ($103.12 in chips) 
GuigaMan: posts small blind $0.50
Evelexy1: posts big blind $1
*** HOLE CARDS ***
AlexPinsk1: folds 
m1lkdud: folds 
janarr5: folds 
Ysiven: folds 
GuigaMan: folds 
Uncalled bet ($0.50) returned to Evelexy1
Evelexy1 collected $1 from pot
Evelexy1: doesn't show hand 
*** SUMMARY ***
Total pot $1 | Rake $0 
Seat 1: AlexPinsk1 folded before Flop (didn't bet)
Seat 2: m1lkdud folded before Flop (didn't bet)
Seat 3: janarr5 folded before Flop (didn't bet)
Seat 4: Ysiven (button) folded before Flop (didn't bet)
Seat 5: GuigaMan (small blind) folded before Flop
Seat 6: Evelexy1 (big blind) collected ($1)



PokerStars Hand #254296521498:  Hold'em No Limit ($0.50/$1.00 USD) - 2025/01/10 16:22:04 WET [2025/01/10 11:22:04 ET]
Table 'Lynx III' 6-max Seat #5 is the button
Seat 1: AlexPinsk1 ($100 in chips) 
Seat 2: m1lkdud ($172.86 in chips) 
Seat 3: janarr5 ($133.49 in chips) 
Seat 4: Ysiven ($106.85 in chips) 
Seat 5: GuigaMan ($103.50 in chips) 
Seat 6: Evelexy1 ($103.62 in chips) 
Evelexy1: posts small blind $0.50
AlexPinsk1: posts big blind $1
*** HOLE CARDS ***
m1lkdud: folds 
janarr5: folds 
Ysiven: raises $1.30 to $2.30
GuigaMan: folds 
Evelexy1: folds 
AlexPinsk1: folds 
Uncalled bet ($1.30) returned to Ysiven
Ysiven collected $2.50 from pot
Ysiven: doesn't show hand 
*** SUMMARY ***
Total pot $2.50 | Rake $0 
Seat 1: AlexPinsk1 (big blind) folded before Flop
Seat 2: m1lkdud folded before Flop (didn't bet)
Seat 3: janarr5 folded before Flop (didn't bet)
Seat 4: Ysiven collected ($2.50)
Seat 5: GuigaMan (button) folded before Flop (didn't bet)
Seat 6: Evelexy1 (small blind) folded before Flop



PokerStars Hand #254296524951:  Hold'em No Limit ($0.50/$1.00 USD) - 2025/01/10 16:22:18 WET [2025/01/10 11:22:18 ET]
Table 'Lynx III' 6-max Seat #6 is the button
Seat 1: AlexPinsk1 ($100 in chips) 
Seat 2: m1lkdud ($172.86 in chips) 
Seat 3: janarr5 ($133.49 in chips) 
Seat 4: Ysiven ($108.35 in chips) 
Seat 5: GuigaMan ($103.50 in chips) 
Seat 6: Evelexy1 ($103.12 in chips) 
AlexPinsk1: posts small blind $0.50
m1lkdud: posts big blind $1
*** HOLE CARDS ***
janarr5: folds 
Ysiven: folds 
GuigaMan: folds 
Evelexy1: folds 
AlexPinsk1: folds 
Uncalled bet ($0.50) returned to m1lkdud
m1lkdud collected $1 from pot
*** SUMMARY ***
Total pot $1 | Rake $0 
Seat 1: AlexPinsk1 (small blind) folded before Flop
Seat 2: m1lkdud (big blind) collected ($1)
Seat 3: janarr5 folded before Flop (didn't bet)
Seat 4: Ysiven folded before Flop (didn't bet)
Seat 5: GuigaMan folded before Flop (didn't bet)
Seat 6: Evelexy1 (button) folded before Flop (didn't bet)



PokerStars Hand #254296528457:  Hold'em No Limit ($0.50/$1.00 USD) - 2025/01/10 16:22:31 WET [2025/01/10 11:22:31 ET]
Table 'Lynx III' 6-max Seat #1 is the button
Seat 1: AlexPinsk1 ($100 in chips) 
Seat 2: m1lkdud ($173.36 in chips) 
Seat 3: janarr5 ($133.49 in chips) 
Seat 4: Ysiven ($108.35 in chips) 
Seat 5: GuigaMan ($103.50 in chips) 
Seat 6: Evelexy1 ($103.12 in chips) 
m1lkdud: posts small blind $0.50
janarr5: posts big blind $1
*** HOLE CARDS ***
Ysiven: folds 
GuigaMan: folds 
Evelexy1: folds 
AlexPinsk1: folds 
m1lkdud: raises $2 to $3
janarr5: folds 
Uncalled bet ($2) returned to m1lkdud
m1lkdud collected $2 from pot
*** SUMMARY ***
Total pot $2 | Rake $0 
Seat 1: AlexPinsk1 (button) folded before Flop (didn't bet)
Seat 2: m1lkdud (small blind) collected ($2)
Seat 3: janarr5 (big blind) folded before Flop
Seat 4: Ysiven folded before Flop (didn't bet)
Seat 5: GuigaMan folded before Flop (didn't bet)
Seat 6: Evelexy1 folded before Flop (didn't bet)



PokerStars Hand #254296531689:  Hold'em No Limit ($0.50/$1.00 USD) - 2025/01/10 16:22:44 WET [2025/01/10 11:22:44 ET]
Table 'Lynx III' 6-max Seat #2 is the button
Seat 1: AlexPinsk1 ($100 in chips) 
Seat 2: m1lkdud ($174.36 in chips) 
Seat 3: janarr5 ($132.49 in chips) 
Seat 4: Ysiven ($108.35 in chips) 
Seat 5: GuigaMan ($103.50 in chips) 
Seat 6: Evelexy1 ($103.12 in chips) 
janarr5: posts small blind $0.50
Ysiven: posts big blind $1
*** HOLE CARDS ***
GuigaMan: raises $1.10 to $2.10
Evelexy1: folds 
AlexPinsk1: folds 
m1lkdud: folds 
janarr5: folds 
Ysiven: folds 
Uncalled bet ($1.10) returned to GuigaMan
GuigaMan collected $2.50 from pot
GuigaMan: doesn't show hand 
*** SUMMARY ***
Total pot $2.50 | Rake $0 
Seat 1: AlexPinsk1 folded before Flop (didn't bet)
Seat 2: m1lkdud (button) folded before Flop (didn't bet)
Seat 3: janarr5 (small blind) folded before Flop
Seat 4: Ysiven (big blind) folded before Flop
Seat 5: GuigaMan collected ($2.50)
Seat 6: Evelexy1 folded before Flop (didn't bet)



PokerStars Hand #254296534847:  Hold'em No Limit ($0.50/$1.00 USD) - 2025/01/10 16:22:56 WET [2025/01/10 11:22:56 ET]
Table 'Lynx III' 6-max Seat #3 is the button
Seat 1: AlexPinsk1 ($100 in chips) 
Seat 2: m1lkdud ($174.36 in chips) 
Seat 3: janarr5 ($131.99 in chips) 
Seat 4: Ysiven ($107.35 in chips) 
Seat 5: GuigaMan ($105 in chips) 
Seat 6: Evelexy1 ($103.12 in chips) 
Ysiven: posts small blind $0.50
GuigaMan: posts big blind $1
*** HOLE CARDS ***
Evelexy1: folds 
AlexPinsk1: folds 
m1lkdud: folds 
janarr5: raises $1.50 to $2.50
Ysiven: folds 
GuigaMan: folds 
Uncalled bet ($1.50) returned to janarr5
janarr5 collected $2.50 from pot
janarr5: doesn't show hand 
*** SUMMARY ***
Total pot $2.50 | Rake $0 
Seat 1: AlexPinsk1 folded before Flop (didn't bet)
Seat 2: m1lkdud folded before Flop (didn't bet)
Seat 3: janarr5 (button) collected ($2.50)
Seat 4: Ysiven (small blind) folded before Flop
Seat 5: GuigaMan (big blind) folded before Flop
Seat 6: Evelexy1 folded before Flop (didn't bet)



PokerStars Hand #254296538048:  Hold'em No Limit ($0.50/$1.00 USD) - 2025/01/10 16:23:09 WET [2025/01/10 11:23:09 ET]
Table 'Lynx III' 6-max Seat #4 is the button
Seat 1: AlexPinsk1 ($100 in chips) 
Seat 2: m1lkdud ($174.36 in chips) 
Seat 3: janarr5 ($133.49 in chips) 
Seat 4: Ysiven ($106.85 in chips) 
Seat 5: GuigaMan ($104 in chips) 
Seat 6: Evelexy1 ($103.12 in chips) 
GuigaMan: posts small blind $0.50
Evelexy1: posts big blind $1
*** HOLE CARDS ***
AlexPinsk1: folds 
m1lkdud: folds 
janarr5: folds 
Ysiven: raises $1.50 to $2.50
GuigaMan: folds 
Evelexy1: folds 
Uncalled bet ($1.50) returned to Ysiven
Ysiven collected $2.50 from pot
Ysiven: doesn't show hand 
*** SUMMARY ***
Total pot $2.50 | Rake $0 
Seat 1: AlexPinsk1 folded before Flop (didn't bet)
Seat 2: m1lkdud folded before Flop (didn't bet)
Seat 3: janarr5 folded before Flop (didn't bet)
Seat 4: Ysiven (button) collected ($2.50)
Seat 5: GuigaMan (small blind) folded before Flop
Seat 6: Evelexy1 (big blind) folded before Flop



PokerStars Hand #254296541552:  Hold'em No Limit ($0.50/$1.00 USD) - 2025/01/10 16:23:23 WET [2025/01/10 11:23:23 ET]
Table 'Lynx III' 6-max Seat #5 is the button
Seat 1: AlexPinsk1 ($100 in chips) 
Seat 2: m1lkdud ($174.36 in chips) 
Seat 3: janarr5 ($133.49 in chips) 
Seat 4: Ysiven ($108.35 in chips) 
Seat 5: GuigaMan ($103.50 in chips) 
Seat 6: Evelexy1 ($102.12 in chips) 
Evelexy1: posts small blind $0.50
AlexPinsk1: posts big blind $1
*** HOLE CARDS ***
m1lkdud: folds 
janarr5: folds 
Ysiven: folds 
GuigaMan: raises $1.10 to $2.10
Evelexy1: folds 
AlexPinsk1: calls $1.10
*** FLOP *** [8c 9h 6h]
AlexPinsk1: checks 
GuigaMan: checks 
*** TURN *** [8c 9h 6h] [8h]
AlexPinsk1: bets $3.35
GuigaMan: folds 
Uncalled bet ($3.35) returned to AlexPinsk1
AlexPinsk1 collected $4.46 from pot
AlexPinsk1: doesn't show hand 
*** SUMMARY ***
Total pot $4.70 | Rake $0.24 
Board [8c 9h 6h 8h]
Seat 1: AlexPinsk1 (big blind) collected ($4.46)
Seat 2: m1lkdud folded before Flop (didn't bet)
Seat 3: janarr5 folded before Flop (didn't bet)
Seat 4: Ysiven folded before Flop (didn't bet)
Seat 5: GuigaMan (button) folded on the Turn
Seat 6: Evelexy1 (small blind) folded before Flop



PokerStars Hand #254296548735:  Hold'em No Limit ($0.50/$1.00 USD) - 2025/01/10 16:23:51 WET [2025/01/10 11:23:51 ET]
Table 'Lynx III' 6-max Seat #6 is the button
Seat 1: AlexPinsk1 ($102.36 in chips) 
Seat 2: m1lkdud ($174.36 in chips) 
Seat 3: janarr5 ($133.49 in chips) 
Seat 4: Ysiven ($108.35 in chips) 
Seat 5: GuigaMan ($101.40 in chips) 
Seat 6: Evelexy1 ($101.62 in chips) 
AlexPinsk1: posts small blind $0.50
m1lkdud: posts big blind $1
*** HOLE CARDS ***
janarr5: folds 
Ysiven: folds 
GuigaMan: folds 
Evelexy1: raises $1.50 to $2.50
AlexPinsk1: folds 
m1lkdud: folds 
Uncalled bet ($1.50) returned to Evelexy1
Evelexy1 collected $2.50 from pot
Evelexy1: doesn't show hand 
*** SUMMARY ***
Total pot $2.50 | Rake $0 
Seat 1: AlexPinsk1 (small blind) folded before Flop
Seat 2: m1lkdud (big blind) folded before Flop
Seat 3: janarr5 folded before Flop (didn't bet)
Seat 4: Ysiven folded before Flop (didn't bet)
Seat 5: GuigaMan folded before Flop (didn't bet)
Seat 6: Evelexy1 (button) collected ($2.50)



PokerStars Hand #254296551631:  Hold'em No Limit ($0.50/$1.00 USD) - 2025/01/10 16:24:03 WET [2025/01/10 11:24:03 ET]
Table 'Lynx III' 6-max Seat #1 is the button
Seat 1: AlexPinsk1 ($101.86 in chips) 
Seat 2: m1lkdud ($173.36 in chips) 
Seat 3: janarr5 ($133.49 in chips) 
Seat 4: Ysiven ($108.35 in chips) 
Seat 5: GuigaMan ($101.40 in chips) 
Seat 6: Evelexy1 ($103.12 in chips) 
m1lkdud: posts small blind $0.50
janarr5: posts big blind $1
*** HOLE CARDS ***
Ysiven: folds 
GuigaMan: folds 
Evelexy1: folds 
AlexPinsk1: raises $1.50 to $2.50
m1lkdud: calls $2
janarr5: folds 
*** FLOP *** [Qh Ts 7c]
m1lkdud: checks 
AlexPinsk1: bets $2.85
m1lkdud: calls $2.85
*** TURN *** [Qh Ts 7c] [8s]
m1lkdud: checks 
AlexPinsk1: checks 
*** RIVER *** [Qh Ts 7c 8s] [Th]
m1lkdud: checks 
AlexPinsk1: bets $11
m1lkdud: raises $157.01 to $168.01 and is all-in
AlexPinsk1: calls $85.51 and is all-in
Uncalled bet ($71.50) returned to m1lkdud
*** SHOW DOWN ***
m1lkdud: shows [8d Td] (a full house, Tens full of Eights)
AlexPinsk1: shows [Tc Js] (three of a kind, Tens)
m1lkdud collected $202.22 from pot
*** SUMMARY ***
Total pot $204.72 | Rake $2.50 
Board [Qh Ts 7c 8s Th]
Seat 1: AlexPinsk1 (button) showed [Tc Js] and lost with three of a kind, Tens
Seat 2: m1lkdud (small blind) showed [8d Td] and won ($202.22) with a full house, Tens full of Eights
Seat 3: janarr5 (big blind) folded before Flop
Seat 4: Ysiven folded before Flop (didn't bet)
Seat 5: GuigaMan folded before Flop (didn't bet)
Seat 6: Evelexy1 folded before Flop (didn't bet)



PokerStars Hand #254296576732:  Hold'em No Limit ($0.50/$1.00 USD) - 2025/01/10 16:25:42 WET [2025/01/10 11:25:42 ET]
Table 'Lynx III' 6-max Seat #2 is the button
Seat 1: AlexPinsk1 ($100 in chips) 
Seat 2: m1lkdud ($273.72 in chips) 
Seat 3: janarr5 ($132.49 in chips) 
Seat 4: Ysiven ($108.35 in chips) 
Seat 5: GuigaMan ($101.40 in chips) 
Seat 6: Evelexy1 ($103.12 in chips) 
janarr5: posts small blind $0.50
Ysiven: posts big blind $1
*** HOLE CARDS ***
GuigaMan: folds 
Evelexy1: folds 
AlexPinsk1: raises $1.50 to $2.50
m1lkdud: raises $8.50 to $11
janarr5: folds 
Ysiven: folds 
AlexPinsk1: folds 
Uncalled bet ($8.50) returned to m1lkdud
m1lkdud collected $6.50 from pot
*** SUMMARY ***
Total pot $6.50 | Rake $0 
Seat 1: AlexPinsk1 folded before Flop
Seat 2: m1lkdud (button) collected ($6.50)
Seat 3: janarr5 (small blind) folded before Flop
Seat 4: Ysiven (big blind) folded before Flop
Seat 5: GuigaMan folded before Flop (didn't bet)
Seat 6: Evelexy1 folded before Flop (didn't bet)



PokerStars Hand #254296581401:  Hold'em No Limit ($0.50/$1.00 USD) - 2025/01/10 16:26:01 WET [2025/01/10 11:26:01 ET]
Table 'Lynx III' 6-max Seat #3 is the button
Seat 1: AlexPinsk1 ($100 in chips) 
Seat 2: m1lkdud ($277.72 in chips) 
Seat 3: janarr5 ($131.99 in chips) 
Seat 4: Ysiven ($107.35 in chips) 
Seat 5: GuigaMan ($101.40 in chips) 
Seat 6: Evelexy1 ($103.12 in chips) 
Ysiven: posts small blind $0.50
GuigaMan: posts big blind $1
*** HOLE CARDS ***
Evelexy1: folds 
AlexPinsk1: folds 
m1lkdud: raises $2.50 to $3.50
janarr5: folds 
Ysiven: folds 
GuigaMan: calls $2.50
*** FLOP *** [5c Qs 7c]
GuigaMan: checks 
m1lkdud: bets $3.56
GuigaMan: calls $3.56
*** TURN *** [5c Qs 7c] [Ts]
GuigaMan: checks 
m1lkdud: bets $13.89
GuigaMan: raises $23.11 to $37
m1lkdud: calls $23.11
*** RIVER *** [5c Qs 7c Ts] [7h]
GuigaMan: bets $57.34 and is all-in
m1lkdud: folds 
Uncalled bet ($57.34) returned to GuigaMan
GuigaMan collected $86.12 from pot
GuigaMan: doesn't show hand 
*** SUMMARY ***
Total pot $88.62 | Rake $2.50 
Board [5c Qs 7c Ts 7h]
Seat 1: AlexPinsk1 folded before Flop (didn't bet)
Seat 2: m1lkdud folded on the River
Seat 3: janarr5 (button) folded before Flop (didn't bet)
Seat 4: Ysiven (small blind) folded before Flop
Seat 5: GuigaMan (big blind) collected ($86.12)
Seat 6: Evelexy1 folded before Flop (didn't bet)



PokerStars Hand #254296593778:  Hold'em No Limit ($0.50/$1.00 USD) - 2025/01/10 16:26:50 WET [2025/01/10 11:26:50 ET]
Table 'Lynx III' 6-max Seat #4 is the button
Seat 1: AlexPinsk1 ($100 in chips) 
Seat 2: m1lkdud ($233.66 in chips) 
Seat 3: janarr5 ($131.99 in chips) 
Seat 4: Ysiven ($106.85 in chips) 
Seat 5: GuigaMan ($143.46 in chips) 
Seat 6: Evelexy1 ($103.12 in chips) 
GuigaMan: posts small blind $0.50
Evelexy1: posts big blind $1
*** HOLE CARDS ***
AlexPinsk1: raises $1.50 to $2.50
m1lkdud: folds 
janarr5: folds 
Ysiven: folds 
GuigaMan: folds 
Evelexy1: folds 
Uncalled bet ($1.50) returned to AlexPinsk1
AlexPinsk1 collected $2.50 from pot
AlexPinsk1: doesn't show hand 
*** SUMMARY ***
Total pot $2.50 | Rake $0 
Seat 1: AlexPinsk1 collected ($2.50)
Seat 2: m1lkdud folded before Flop (didn't bet)
Seat 3: janarr5 folded before Flop (didn't bet)
Seat 4: Ysiven (button) folded before Flop (didn't bet)
Seat 5: GuigaMan (small blind) folded before Flop
Seat 6: Evelexy1 (big blind) folded before Flop



PokerStars Hand #254296596942:  Hold'em No Limit ($0.50/$1.00 USD) - 2025/01/10 16:27:02 WET [2025/01/10 11:27:02 ET]
Table 'Lynx III' 6-max Seat #5 is the button
Seat 1: AlexPinsk1 ($101.50 in chips) 
Seat 2: m1lkdud ($233.66 in chips) 
Seat 3: janarr5 ($131.99 in chips) 
Seat 4: Ysiven ($106.85 in chips) 
Seat 5: GuigaMan ($142.96 in chips) 
Seat 6: Evelexy1 ($102.12 in chips) 
Evelexy1: posts small blind $0.50
AlexPinsk1: posts big blind $1
*** HOLE CARDS ***
m1lkdud: folds 
janarr5: folds 
Ysiven: raises $1.30 to $2.30
GuigaMan: raises $4.70 to $7
Evelexy1: folds 
AlexPinsk1: folds 
Ysiven: folds 
Uncalled bet ($4.70) returned to GuigaMan
GuigaMan collected $6.10 from pot
GuigaMan: doesn't show hand 
*** SUMMARY ***
Total pot $6.10 | Rake $0 
Seat 1: AlexPinsk1 (big blind) folded before Flop
Seat 2: m1lkdud folded before Flop (didn't bet)
Seat 3: janarr5 folded before Flop (didn't bet)
Seat 4: Ysiven folded before Flop
Seat 5: GuigaMan (button) collected ($6.10)
Seat 6: Evelexy1 (small blind) folded before Flop



PokerStars Hand #254296601933:  Hold'em No Limit ($0.50/$1.00 USD) - 2025/01/10 16:27:22 WET [2025/01/10 11:27:22 ET]
Table 'Lynx III' 6-max Seat #6 is the button
Seat 1: AlexPinsk1 ($100.50 in chips) 
Seat 2: m1lkdud ($233.66 in chips) 
Seat 3: janarr5 ($131.99 in chips) 
Seat 4: Ysiven ($104.55 in chips) 
Seat 5: GuigaMan ($146.76 in chips) 
Seat 6: Evelexy1 ($101.62 in chips) 
AlexPinsk1: posts small blind $0.50
m1lkdud: posts big blind $1
*** HOLE CARDS ***
janarr5: folds 
Ysiven: folds 
GuigaMan: folds 
Evelexy1: raises $2 to $3
AlexPinsk1: folds 
m1lkdud: calls $2
*** FLOP *** [Ks 9h Ac]
m1lkdud: checks 
Evelexy1: bets $2.06
m1lkdud: calls $2.06
*** TURN *** [Ks 9h Ac] [Qh]
m1lkdud: checks 
Evelexy1: checks 
*** RIVER *** [Ks 9h Ac Qh] [6d]
m1lkdud: checks 
Evelexy1: checks 
*** SHOW DOWN ***
m1lkdud: shows [Ad 2s] (a pair of Aces)
Evelexy1: mucks hand 
m1lkdud collected $10.09 from pot
*** SUMMARY ***
Total pot $10.62 | Rake $0.53 
Board [Ks 9h Ac Qh 6d]
Seat 1: AlexPinsk1 (small blind) folded before Flop
Seat 2: m1lkdud (big blind) showed [Ad 2s] and won ($10.09) with a pair of Aces
Seat 3: janarr5 folded before Flop (didn't bet)
Seat 4: Ysiven folded before Flop (didn't bet)
Seat 5: GuigaMan folded before Flop (didn't bet)
Seat 6: Evelexy1 (button) mucked



PokerStars Hand #254296610415:  Hold'em No Limit ($0.50/$1.00 USD) - 2025/01/10 16:27:56 WET [2025/01/10 11:27:56 ET]
Table 'Lynx III' 6-max Seat #1 is the button
Seat 1: AlexPinsk1 ($100 in chips) 
Seat 2: m1lkdud ($238.69 in chips) 
Seat 3: janarr5 ($131.99 in chips) 
Seat 4: Ysiven ($104.55 in chips) 
Seat 5: GuigaMan ($146.76 in chips) 
Seat 6: Evelexy1 ($100 in chips) 
m1lkdud: posts small blind $0.50
janarr5: posts big blind $1
*** HOLE CARDS ***
Ysiven: folds 
GuigaMan: folds 
Evelexy1: raises $2 to $3
AlexPinsk1: folds 
m1lkdud: calls $2.50
janarr5: folds 
*** FLOP *** [8h 3d Jd]
m1lkdud: checks 
Evelexy1: checks 
*** TURN *** [8h 3d Jd] [6s]
m1lkdud: checks 
Evelexy1: checks 
*** RIVER *** [8h 3d Jd 6s] [4h]
m1lkdud: checks 
Evelexy1: checks 
*** SHOW DOWN ***
m1lkdud: shows [Ah 4c] (a pair of Fours)
Evelexy1: mucks hand 
m1lkdud collected $6.65 from pot
*** SUMMARY ***
Total pot $7 | Rake $0.35 
Board [8h 3d Jd 6s 4h]
Seat 1: AlexPinsk1 (button) folded before Flop (didn't bet)
Seat 2: m1lkdud (small blind) showed [Ah 4c] and won ($6.65) with a pair of Fours
Seat 3: janarr5 (big blind) folded before Flop
Seat 4: Ysiven folded before Flop (didn't bet)
Seat 5: GuigaMan folded before Flop (didn't bet)
Seat 6: Evelexy1 mucked



PokerStars Hand #254296618292:  Hold'em No Limit ($0.50/$1.00 USD) - 2025/01/10 16:28:27 WET [2025/01/10 11:28:27 ET]
Table 'Lynx III' 6-max Seat #2 is the button
Seat 1: AlexPinsk1 ($100 in chips) 
Seat 2: m1lkdud ($242.34 in chips) 
Seat 3: janarr5 ($130.99 in chips) 
Seat 4: Ysiven ($104.55 in chips) 
Seat 5: GuigaMan ($146.76 in chips) 
Seat 6: Evelexy1 ($100 in chips) 
janarr5: posts small blind $0.50
Ysiven: posts big blind $1
*** HOLE CARDS ***
GuigaMan: raises $1.10 to $2.10
Evelexy1: folds 
AlexPinsk1: folds 
m1lkdud: folds 
janarr5: folds 
Ysiven: raises $9.90 to $12
GuigaMan: raises $13 to $25
Ysiven: folds 
Uncalled bet ($13) returned to GuigaMan
GuigaMan collected $24.50 from pot
GuigaMan: doesn't show hand 
*** SUMMARY ***
Total pot $24.50 | Rake $0 
Seat 1: AlexPinsk1 folded before Flop (didn't bet)
Seat 2: m1lkdud (button) folded before Flop (didn't bet)
Seat 3: janarr5 (small blind) folded before Flop
Seat 4: Ysiven (big blind) folded before Flop
Seat 5: GuigaMan collected ($24.50)
Seat 6: Evelexy1 folded before Flop (didn't bet)



PokerStars Hand #254296630427:  Hold'em No Limit ($0.50/$1.00 USD) - 2025/01/10 16:29:16 WET [2025/01/10 11:29:16 ET]
Table 'Lynx III' 6-max Seat #3 is the button
Seat 1: AlexPinsk1 ($100 in chips) 
Seat 2: m1lkdud ($242.34 in chips) 
Seat 3: janarr5 ($130.49 in chips) 
Seat 4: Ysiven ($100 in chips) 
Seat 5: GuigaMan ($159.26 in chips) 
Seat 6: Evelexy1 ($100 in chips) 
Ysiven: posts small blind $0.50
GuigaMan: posts big blind $1
*** HOLE CARDS ***
Evelexy1: folds 
AlexPinsk1: folds 
m1lkdud: folds 
janarr5: raises $1.50 to $2.50
Ysiven: folds 
GuigaMan: calls $1.50
*** FLOP *** [9s 7s 3d]
GuigaMan: checks 
janarr5: checks 
*** TURN *** [9s 7s 3d] [7h]
GuigaMan: checks 
janarr5: bets $1.72
GuigaMan: calls $1.72
*** RIVER *** [9s 7s 3d 7h] [3c]
GuigaMan: checks 
janarr5: bets $6.37
GuigaMan: folds 
Uncalled bet ($6.37) returned to janarr5
janarr5 collected $8.49 from pot
janarr5: doesn't show hand 
*** SUMMARY ***
Total pot $8.94 | Rake $0.45 
Board [9s 7s 3d 7h 3c]
Seat 1: AlexPinsk1 folded before Flop (didn't bet)
Seat 2: m1lkdud folded before Flop (didn't bet)
Seat 3: janarr5 (button) collected ($8.49)
Seat 4: Ysiven (small blind) folded before Flop
Seat 5: GuigaMan (big blind) folded on the River
Seat 6: Evelexy1 folded before Flop (didn't bet)



PokerStars Hand #254296642762:  Hold'em No Limit ($0.50/$1.00 USD) - 2025/01/10 16:30:03 WET [2025/01/10 11:30:03 ET]
Table 'Lynx III' 6-max Seat #4 is the button
Seat 1: AlexPinsk1 ($100 in chips) 
Seat 2: m1lkdud ($242.34 in chips) 
Seat 3: janarr5 ($134.76 in chips) 
Seat 4: Ysiven ($100 in chips) 
Seat 5: GuigaMan ($155.04 in chips) 
Seat 6: Evelexy1 ($100 in chips) 
GuigaMan: posts small blind $0.50
Evelexy1: posts big blind $1
*** HOLE CARDS ***
AlexPinsk1: folds 
m1lkdud: folds 
janarr5: folds 
Ysiven: raises $1.50 to $2.50
GuigaMan: folds 
Evelexy1: folds 
Uncalled bet ($1.50) returned to Ysiven
Ysiven collected $2.50 from pot
Ysiven: doesn't show hand 
*** SUMMARY ***
Total pot $2.50 | Rake $0 
Seat 1: AlexPinsk1 folded before Flop (didn't bet)
Seat 2: m1lkdud folded before Flop (didn't bet)
Seat 3: janarr5 folded before Flop (didn't bet)
Seat 4: Ysiven (button) collected ($2.50)
Seat 5: GuigaMan (small blind) folded before Flop
Seat 6: Evelexy1 (big blind) folded before Flop



PokerStars Hand #254296646107:  Hold'em No Limit ($0.50/$1.00 USD) - 2025/01/10 16:30:17 WET [2025/01/10 11:30:17 ET]
Table 'Lynx III' 6-max Seat #5 is the button
Seat 1: AlexPinsk1 ($100 in chips) 
Seat 2: m1lkdud ($242.34 in chips) 
Seat 3: janarr5 ($134.76 in chips) 
Seat 4: Ysiven ($101.50 in chips) 
Seat 5: GuigaMan ($154.54 in chips) 
Seat 6: Evelexy1 ($100 in chips) 
Evelexy1: posts small blind $0.50
AlexPinsk1: posts big blind $1
*** HOLE CARDS ***
m1lkdud: raises $2.50 to $3.50
janarr5: folds 
Ysiven: folds 
GuigaMan: folds 
Evelexy1: folds 
AlexPinsk1: folds 
Uncalled bet ($2.50) returned to m1lkdud
m1lkdud collected $2.50 from pot
*** SUMMARY ***
Total pot $2.50 | Rake $0 
Seat 1: AlexPinsk1 (big blind) folded before Flop
Seat 2: m1lkdud collected ($2.50)
Seat 3: janarr5 folded before Flop (didn't bet)
Seat 4: Ysiven folded before Flop (didn't bet)
Seat 5: GuigaMan (button) folded before Flop (didn't bet)
Seat 6: Evelexy1 (small blind) folded before Flop



PokerStars Hand #254296648809:  Hold'em No Limit ($0.50/$1.00 USD) - 2025/01/10 16:30:27 WET [2025/01/10 11:30:27 ET]
Table 'Lynx III' 6-max Seat #6 is the button
Seat 1: AlexPinsk1 ($100 in chips) 
Seat 2: m1lkdud ($243.84 in chips) 
Seat 3: janarr5 ($134.76 in chips) 
Seat 4: Ysiven ($101.50 in chips) 
Seat 5: GuigaMan ($154.54 in chips) 
Seat 6: Evelexy1 ($100 in chips) 
AlexPinsk1: posts small blind $0.50
m1lkdud: posts big blind $1
*** HOLE CARDS ***
janarr5: folds 
Ysiven: folds 
GuigaMan: raises $1.10 to $2.10
Evelexy1: raises $4.20 to $6.30
AlexPinsk1: folds 
m1lkdud: folds 
GuigaMan: folds 
Uncalled bet ($4.20) returned to Evelexy1
Evelexy1 collected $5.70 from pot
Evelexy1: doesn't show hand 
*** SUMMARY ***
Total pot $5.70 | Rake $0 
Seat 1: AlexPinsk1 (small blind) folded before Flop
Seat 2: m1lkdud (big blind) folded before Flop
Seat 3: janarr5 folded before Flop (didn't bet)
Seat 4: Ysiven folded before Flop (didn't bet)
Seat 5: GuigaMan folded before Flop
Seat 6: Evelexy1 (button) collected ($5.70)



PokerStars Hand #254296653241:  Hold'em No Limit ($0.50/$1.00 USD) - 2025/01/10 16:30:44 WET [2025/01/10 11:30:44 ET]
Table 'Lynx III' 6-max Seat #1 is the button
Seat 1: AlexPinsk1 ($100 in chips) 
Seat 2: m1lkdud ($242.84 in chips) 
Seat 3: janarr5 ($134.76 in chips) 
Seat 4: Ysiven ($101.50 in chips) 
Seat 5: GuigaMan ($152.44 in chips) 
Seat 6: Evelexy1 ($103.60 in chips) 
m1lkdud: posts small blind $0.50
janarr5: posts big blind $1
*** HOLE CARDS ***
Ysiven: raises $1 to $2
GuigaMan: folds 
Evelexy1: folds 
AlexPinsk1: folds 
m1lkdud: raises $7 to $9
janarr5: folds 
Ysiven: calls $7
*** FLOP *** [Tc Kd 2c]
m1lkdud: bets $9.03
Ysiven: calls $9.03
*** TURN *** [Tc Kd 2c] [6s]
m1lkdud: bets $224.81 and is all-in
Ysiven: folds 
Uncalled bet ($224.81) returned to m1lkdud
m1lkdud collected $35.21 from pot
*** SUMMARY ***
Total pot $37.06 | Rake $1.85 
Board [Tc Kd 2c 6s]
Seat 1: AlexPinsk1 (button) folded before Flop (didn't bet)
Seat 2: m1lkdud (small blind) collected ($35.21)
Seat 3: janarr5 (big blind) folded before Flop
Seat 4: Ysiven folded on the Turn
Seat 5: GuigaMan folded before Flop (didn't bet)
Seat 6: Evelexy1 folded before Flop (didn't bet)



PokerStars Hand #254296670375:  Hold'em No Limit ($0.50/$1.00 USD) - 2025/01/10 16:31:51 WET [2025/01/10 11:31:51 ET]
Table 'Lynx III' 6-max Seat #2 is the button
Seat 1: AlexPinsk1 ($100 in chips) 
Seat 2: m1lkdud ($260.02 in chips) 
Seat 3: janarr5 ($133.76 in chips) 
Seat 4: Ysiven ($100 in chips) 
Seat 5: GuigaMan ($152.44 in chips) 
Seat 6: Evelexy1 ($103.60 in chips) 
janarr5: posts small blind $0.50
Ysiven: posts big blind $1
*** HOLE CARDS ***
GuigaMan: folds 
Evelexy1: folds 
AlexPinsk1: folds 
m1lkdud: folds 
janarr5: raises $2 to $3
Ysiven: calls $2
*** FLOP *** [2h Ad 2d]
janarr5: bets $1.43
Ysiven: calls $1.43
*** TURN *** [2h Ad 2d] [Tc]
janarr5: checks 
Ysiven: checks 
*** RIVER *** [2h Ad 2d Tc] [6s]
janarr5: checks 
Ysiven: checks 
*** SHOW DOWN ***
janarr5: shows [9s Kc] (a pair of Deuces)
Ysiven: shows [Ks 8s] (a pair of Deuces)
janarr5 collected $4.21 from pot
Ysiven collected $4.21 from pot
*** SUMMARY ***
Total pot $8.86 | Rake $0.44 
Board [2h Ad 2d Tc 6s]
Seat 1: AlexPinsk1 folded before Flop (didn't bet)
Seat 2: m1lkdud (button) folded before Flop (didn't bet)
Seat 3: janarr5 (small blind) showed [9s Kc] and won ($4.21) with a pair of Deuces
Seat 4: Ysiven (big blind) showed [Ks 8s] and won ($4.21) with a pair of Deuces
Seat 5: GuigaMan folded before Flop (didn't bet)
Seat 6: Evelexy1 folded before Flop (didn't bet)



PokerStars Hand #254296684414:  Hold'em No Limit ($0.50/$1.00 USD) - 2025/01/10 16:32:46 WET [2025/01/10 11:32:46 ET]
Table 'Lynx III' 6-max Seat #3 is the button
Seat 1: AlexPinsk1 ($100 in chips) 
Seat 2: m1lkdud ($260.02 in chips) 
Seat 3: janarr5 ($133.54 in chips) 
Seat 4: Ysiven ($100 in chips) 
Seat 5: GuigaMan ($152.44 in chips) 
Seat 6: Evelexy1 ($103.60 in chips) 
Ysiven: posts small blind $0.50
GuigaMan: posts big blind $1
*** HOLE CARDS ***
Evelexy1: folds 
AlexPinsk1: raises $1.50 to $2.50
m1lkdud: folds 
janarr5: folds 
Ysiven: folds 
GuigaMan: calls $1.50
*** FLOP *** [Th 2d 2s]
GuigaMan: checks 
AlexPinsk1: bets $1.72
GuigaMan: folds 
Uncalled bet ($1.72) returned to AlexPinsk1
AlexPinsk1 collected $5.22 from pot
AlexPinsk1: doesn't show hand 
*** SUMMARY ***
Total pot $5.50 | Rake $0.28 
Board [Th 2d 2s]
Seat 1: AlexPinsk1 collected ($5.22)
Seat 2: m1lkdud folded before Flop (didn't bet)
Seat 3: janarr5 (button) folded before Flop (didn't bet)
Seat 4: Ysiven (small blind) folded before Flop
Seat 5: GuigaMan (big blind) folded on the Flop
Seat 6: Evelexy1 folded before Flop (didn't bet)



PokerStars Hand #254296689855:  Hold'em No Limit ($0.50/$1.00 USD) - 2025/01/10 16:33:07 WET [2025/01/10 11:33:07 ET]
Table 'Lynx III' 6-max Seat #4 is the button
Seat 1: AlexPinsk1 ($102.72 in chips) 
Seat 2: m1lkdud ($260.02 in chips) 
Seat 3: janarr5 ($133.54 in chips) 
Seat 4: Ysiven ($100 in chips) 
Seat 5: GuigaMan ($149.94 in chips) 
Seat 6: Evelexy1 ($103.60 in chips) 
GuigaMan: posts small blind $0.50
Evelexy1: posts big blind $1
*** HOLE CARDS ***
AlexPinsk1: raises $1.50 to $2.50
m1lkdud: folds 
janarr5: folds 
Ysiven: folds 
GuigaMan: folds 
Evelexy1: folds 
Uncalled bet ($1.50) returned to AlexPinsk1
AlexPinsk1 collected $2.50 from pot
AlexPinsk1: doesn't show hand 
*** SUMMARY ***
Total pot $2.50 | Rake $0 
Seat 1: AlexPinsk1 collected ($2.50)
Seat 2: m1lkdud folded before Flop (didn't bet)
Seat 3: janarr5 folded before Flop (didn't bet)
Seat 4: Ysiven (button) folded before Flop (didn't bet)
Seat 5: GuigaMan (small blind) folded before Flop
Seat 6: Evelexy1 (big blind) folded before Flop



PokerStars Hand #254296692897:  Hold'em No Limit ($0.50/$1.00 USD) - 2025/01/10 16:33:19 WET [2025/01/10 11:33:19 ET]
Table 'Lynx III' 6-max Seat #5 is the button
Seat 1: AlexPinsk1 ($104.22 in chips) 
Seat 2: m1lkdud ($260.02 in chips) 
Seat 3: janarr5 ($133.54 in chips) 
Seat 4: Ysiven ($100 in chips) 
Seat 5: GuigaMan ($149.44 in chips) 
Seat 6: Evelexy1 ($102.60 in chips) 
Evelexy1: posts small blind $0.50
AlexPinsk1: posts big blind $1
*** HOLE CARDS ***
m1lkdud: raises $2.50 to $3.50
janarr5: folds 
Ysiven: folds 
GuigaMan: folds 
Evelexy1: folds 
AlexPinsk1: folds 
Uncalled bet ($2.50) returned to m1lkdud
m1lkdud collected $2.50 from pot
*** SUMMARY ***
Total pot $2.50 | Rake $0 
Seat 1: AlexPinsk1 (big blind) folded before Flop
Seat 2: m1lkdud collected ($2.50)
Seat 3: janarr5 folded before Flop (didn't bet)
Seat 4: Ysiven folded before Flop (didn't bet)
Seat 5: GuigaMan (button) folded before Flop (didn't bet)
Seat 6: Evelexy1 (small blind) folded before Flop



PokerStars Hand #254296696335:  Hold'em No Limit ($0.50/$1.00 USD) - 2025/01/10 16:33:32 WET [2025/01/10 11:33:32 ET]
Table 'Lynx III' 6-max Seat #6 is the button
Seat 1: AlexPinsk1 ($103.22 in chips) 
Seat 2: m1lkdud ($261.52 in chips) 
Seat 3: janarr5 ($133.54 in chips) 
Seat 4: Ysiven ($100 in chips) 
Seat 5: GuigaMan ($149.44 in chips) 
Seat 6: Evelexy1 ($102.10 in chips) 
AlexPinsk1: posts small blind $0.50
m1lkdud: posts big blind $1
*** HOLE CARDS ***
janarr5: folds 
Ysiven: folds 
GuigaMan: folds 
Evelexy1: folds 
AlexPinsk1: folds 
Uncalled bet ($0.50) returned to m1lkdud
m1lkdud collected $1 from pot
*** SUMMARY ***
Total pot $1 | Rake $0 
Seat 1: AlexPinsk1 (small blind) folded before Flop
Seat 2: m1lkdud (big blind) collected ($1)
Seat 3: janarr5 folded before Flop (didn't bet)
Seat 4: Ysiven folded before Flop (didn't bet)
Seat 5: GuigaMan folded before Flop (didn't bet)
Seat 6: Evelexy1 (button) folded before Flop (didn't bet)



PokerStars Hand #254296700146:  Hold'em No Limit ($0.50/$1.00 USD) - 2025/01/10 16:33:47 WET [2025/01/10 11:33:47 ET]
Table 'Lynx III' 6-max Seat #1 is the button
Seat 1: AlexPinsk1 ($102.72 in chips) 
Seat 2: m1lkdud ($262.02 in chips) 
Seat 3: janarr5 ($133.54 in chips) 
Seat 4: Ysiven ($100 in chips) 
Seat 5: GuigaMan ($149.44 in chips) 
Seat 6: Evelexy1 ($102.10 in chips) 
m1lkdud: posts small blind $0.50
janarr5: posts big blind $1
*** HOLE CARDS ***
Ysiven: folds 
GuigaMan: raises $1.10 to $2.10
Evelexy1: raises $4.20 to $6.30
AlexPinsk1: folds 
m1lkdud: folds 
janarr5: folds 
GuigaMan: calls $4.20
*** FLOP *** [5h 9d 7h]
GuigaMan: checks 
Evelexy1: checks 
*** TURN *** [5h 9d 7h] [2h]
GuigaMan: checks 
Evelexy1: checks 
*** RIVER *** [5h 9d 7h 2h] [2c]
GuigaMan: checks 
Evelexy1: checks 
*** SHOW DOWN ***
GuigaMan: shows [Ac Jc] (a pair of Deuces)
Evelexy1: shows [As Qd] (a pair of Deuces - Ace+Queen kicker)
Evelexy1 collected $13.40 from pot
*** SUMMARY ***
Total pot $14.10 | Rake $0.70 
Board [5h 9d 7h 2h 2c]
Seat 1: AlexPinsk1 (button) folded before Flop (didn't bet)
Seat 2: m1lkdud (small blind) folded before Flop
Seat 3: janarr5 (big blind) folded before Flop
Seat 4: Ysiven folded before Flop (didn't bet)
Seat 5: GuigaMan showed [Ac Jc] and lost with a pair of Deuces
Seat 6: Evelexy1 showed [As Qd] and won ($13.40) with a pair of Deuces



PokerStars Hand #254296707280:  Hold'em No Limit ($0.50/$1.00 USD) - 2025/01/10 16:34:15 WET [2025/01/10 11:34:15 ET]
Table 'Lynx III' 6-max Seat #2 is the button
Seat 1: AlexPinsk1 ($102.72 in chips) 
Seat 2: m1lkdud ($261.52 in chips) 
Seat 3: janarr5 ($132.54 in chips) 
Seat 4: Ysiven ($100 in chips) 
Seat 5: GuigaMan ($143.14 in chips) 
Seat 6: Evelexy1 ($109.20 in chips) 
janarr5: posts small blind $0.50
Ysiven: posts big blind $1
*** HOLE CARDS ***
GuigaMan: folds 
Evelexy1: folds 
AlexPinsk1: folds 
m1lkdud: folds 
janarr5: folds 
Uncalled bet ($0.50) returned to Ysiven
Ysiven collected $1 from pot
Ysiven: doesn't show hand 
*** SUMMARY ***
Total pot $1 | Rake $0 
Seat 1: AlexPinsk1 folded before Flop (didn't bet)
Seat 2: m1lkdud (button) folded before Flop (didn't bet)
Seat 3: janarr5 (small blind) folded before Flop
Seat 4: Ysiven (big blind) collected ($1)
Seat 5: GuigaMan folded before Flop (didn't bet)
Seat 6: Evelexy1 folded before Flop (didn't bet)



PokerStars Hand #254296722097:  Hold'em No Limit ($0.50/$1.00 USD) - 2025/01/10 16:35:12 WET [2025/01/10 11:35:12 ET]
Table 'Lynx III' 6-max Seat #4 is the button
Seat 3: dreimis190 ($100 in chips) is sitting out
Seat 1: AlexPinsk1 ($102.72 in chips) 
Seat 2: m1lkdud ($261.52 in chips) 
Seat 4: Ysiven ($103.20 in chips) 
Seat 5: GuigaMan ($140.14 in chips) 
Seat 6: Evelexy1 ($109.20 in chips) 
GuigaMan: posts small blind $0.50
Evelexy1: posts big blind $1
dreimis190: sits out 
*** HOLE CARDS ***
AlexPinsk1: raises $1.50 to $2.50
m1lkdud: folds 
Ysiven: folds 
GuigaMan: folds 
Evelexy1: folds 
Uncalled bet ($1.50) returned to AlexPinsk1
AlexPinsk1 collected $2.50 from pot
AlexPinsk1: doesn't show hand 
*** SUMMARY ***
Total pot $2.50 | Rake $0 
Seat 3: dreimis190
Seat 1: AlexPinsk1 collected ($2.50)
Seat 2: m1lkdud folded before Flop (didn't bet)
Seat 4: Ysiven (button) folded before Flop (didn't bet)
Seat 5: GuigaMan (small blind) folded before Flop
Seat 6: Evelexy1 (big blind) folded before Flop



PokerStars Hand #254296725229:  Hold'em No Limit ($0.50/$1.00 USD) - 2025/01/10 16:35:24 WET [2025/01/10 11:35:24 ET]
Table 'Lynx III' 6-max Seat #5 is the button
Seat 3: dreimis190 ($100 in chips) is sitting out
Seat 1: AlexPinsk1 ($104.22 in chips) 
Seat 2: m1lkdud ($261.52 in chips) 
Seat 4: Ysiven ($103.20 in chips) 
Seat 5: GuigaMan ($139.64 in chips) 
Seat 6: Evelexy1 ($108.20 in chips) 
Evelexy1: posts small blind $0.50
AlexPinsk1: posts big blind $1
dreimis190: sits out 
*** HOLE CARDS ***
m1lkdud: folds 
Ysiven: folds 
GuigaMan: raises $1.10 to $2.10
Evelexy1: folds 
AlexPinsk1: folds 
Uncalled bet ($1.10) returned to GuigaMan
GuigaMan collected $2.50 from pot
GuigaMan: doesn't show hand 
*** SUMMARY ***
Total pot $2.50 | Rake $0 
Seat 3: dreimis190
Seat 1: AlexPinsk1 (big blind) folded before Flop
Seat 2: m1lkdud folded before Flop (didn't bet)
Seat 4: Ysiven folded before Flop (didn't bet)
Seat 5: GuigaMan (button) collected ($2.50)
Seat 6: Evelexy1 (small blind) folded before Flop



PokerStars Hand #254296728956:  Hold'em No Limit ($0.50/$1.00 USD) - 2025/01/10 16:35:38 WET [2025/01/10 11:35:38 ET]
Table 'Lynx III' 6-max Seat #6 is the button
Seat 3: dreimis190 ($100 in chips) is sitting out
Seat 1: AlexPinsk1 ($103.22 in chips) 
Seat 2: m1lkdud ($261.52 in chips) 
Seat 4: Ysiven ($103.20 in chips) 
Seat 5: GuigaMan ($141.14 in chips) 
Seat 6: Evelexy1 ($107.70 in chips) 
AlexPinsk1: posts small blind $0.50
m1lkdud: posts big blind $1
dreimis190: sits out 
*** HOLE CARDS ***
Ysiven: raises $1 to $2
GuigaMan: folds 
Evelexy1: folds 
AlexPinsk1: calls $1.50
m1lkdud: folds 
*** FLOP *** [Ac 8c Ks]
AlexPinsk1: checks 
Ysiven: bets $2.85
AlexPinsk1: folds 
Uncalled bet ($2.85) returned to Ysiven
Ysiven collected $4.75 from pot
Ysiven: doesn't show hand 
*** SUMMARY ***
Total pot $5 | Rake $0.25 
Board [Ac 8c Ks]
Seat 3: dreimis190
Seat 1: AlexPinsk1 (small blind) folded on the Flop
Seat 2: m1lkdud (big blind) folded before Flop
Seat 4: Ysiven collected ($4.75)
Seat 5: GuigaMan folded before Flop (didn't bet)
Seat 6: Evelexy1 (button) folded before Flop (didn't bet)



PokerStars Hand #254296734336:  Hold'em No Limit ($0.50/$1.00 USD) - 2025/01/10 16:35:59 WET [2025/01/10 11:35:59 ET]
Table 'Lynx III' 6-max Seat #1 is the button
Seat 1: AlexPinsk1 ($101.22 in chips) 
Seat 2: m1lkdud ($260.52 in chips) 
Seat 3: dreimis190 ($100 in chips) 
Seat 4: Ysiven ($105.95 in chips) 
Seat 5: GuigaMan ($141.14 in chips) 
Seat 6: Evelexy1 ($107.70 in chips) 
m1lkdud: posts small blind $0.50
dreimis190: posts big blind $1
*** HOLE CARDS ***
Ysiven: raises $1 to $2
GuigaMan: folds 
Evelexy1: folds 
AlexPinsk1: raises $5 to $7
m1lkdud: folds 
dreimis190: folds 
Ysiven: folds 
Uncalled bet ($5) returned to AlexPinsk1
AlexPinsk1 collected $5.50 from pot
AlexPinsk1: doesn't show hand 
*** SUMMARY ***
Total pot $5.50 | Rake $0 
Seat 1: AlexPinsk1 (button) collected ($5.50)
Seat 2: m1lkdud (small blind) folded before Flop
Seat 3: dreimis190 (big blind) folded before Flop
Seat 4: Ysiven folded before Flop
Seat 5: GuigaMan folded before Flop (didn't bet)
Seat 6: Evelexy1 folded before Flop (didn't bet)



PokerStars Hand #254296740561:  Hold'em No Limit ($0.50/$1.00 USD) - 2025/01/10 16:36:23 WET [2025/01/10 11:36:23 ET]
Table 'Lynx III' 6-max Seat #2 is the button
Seat 1: AlexPinsk1 ($104.72 in chips) 
Seat 2: m1lkdud ($260.02 in chips) 
Seat 3: dreimis190 ($100 in chips) 
Seat 4: Ysiven ($103.95 in chips) 
Seat 5: GuigaMan ($141.14 in chips) 
Seat 6: Evelexy1 ($107.70 in chips) 
dreimis190: posts small blind $0.50
Ysiven: posts big blind $1
*** HOLE CARDS ***
GuigaMan: raises $1.10 to $2.10
Evelexy1: folds 
AlexPinsk1: folds 
m1lkdud: folds 
dreimis190: folds 
Ysiven: folds 
Uncalled bet ($1.10) returned to GuigaMan
GuigaMan collected $2.50 from pot
GuigaMan: doesn't show hand 
*** SUMMARY ***
Total pot $2.50 | Rake $0 
Seat 1: AlexPinsk1 folded before Flop (didn't bet)
Seat 2: m1lkdud (button) folded before Flop (didn't bet)
Seat 3: dreimis190 (small blind) folded before Flop
Seat 4: Ysiven (big blind) folded before Flop
Seat 5: GuigaMan collected ($2.50)
Seat 6: Evelexy1 folded before Flop (didn't bet)



PokerStars Hand #254296744683:  Hold'em No Limit ($0.50/$1.00 USD) - 2025/01/10 16:36:39 WET [2025/01/10 11:36:39 ET]
Table 'Lynx III' 6-max Seat #3 is the button
Seat 1: AlexPinsk1 ($104.72 in chips) 
Seat 2: m1lkdud ($260.02 in chips) 
Seat 3: dreimis190 ($100 in chips) 
Seat 4: Ysiven ($102.95 in chips) 
Seat 5: GuigaMan ($142.64 in chips) 
Seat 6: Evelexy1 ($107.70 in chips) 
Ysiven: posts small blind $0.50
GuigaMan: posts big blind $1
*** HOLE CARDS ***
Evelexy1: folds 
AlexPinsk1: folds 
m1lkdud: raises $2.50 to $3.50
dreimis190: folds 
Ysiven: folds 
GuigaMan: folds 
Uncalled bet ($2.50) returned to m1lkdud
m1lkdud collected $2.50 from pot
*** SUMMARY ***
Total pot $2.50 | Rake $0 
Seat 1: AlexPinsk1 folded before Flop (didn't bet)
Seat 2: m1lkdud collected ($2.50)
Seat 3: dreimis190 (button) folded before Flop (didn't bet)
Seat 4: Ysiven (small blind) folded before Flop
Seat 5: GuigaMan (big blind) folded before Flop
Seat 6: Evelexy1 folded before Flop (didn't bet)



PokerStars Hand #254296749097:  Hold'em No Limit ($0.50/$1.00 USD) - 2025/01/10 16:36:55 WET [2025/01/10 11:36:55 ET]
Table 'Lynx III' 6-max Seat #4 is the button
Seat 1: AlexPinsk1 ($104.72 in chips) 
Seat 2: m1lkdud ($261.52 in chips) 
Seat 3: dreimis190 ($100 in chips) 
Seat 4: Ysiven ($102.45 in chips) 
Seat 5: GuigaMan ($141.64 in chips) 
Seat 6: Evelexy1 ($107.70 in chips) 
GuigaMan: posts small blind $0.50
Evelexy1: posts big blind $1
*** HOLE CARDS ***
AlexPinsk1: folds 
m1lkdud: raises $2.50 to $3.50
dreimis190: folds 
Ysiven: raises $7 to $10.50
GuigaMan: folds 
Evelexy1: folds 
m1lkdud: calls $7
*** FLOP *** [3s 9h Qd]
m1lkdud: checks 
Ysiven: bets $7.06
m1lkdud: folds 
Uncalled bet ($7.06) returned to Ysiven
Ysiven collected $21.38 from pot
Ysiven: doesn't show hand 
*** SUMMARY ***
Total pot $22.50 | Rake $1.12 
Board [3s 9h Qd]
Seat 1: AlexPinsk1 folded before Flop (didn't bet)
Seat 2: m1lkdud folded on the Flop
Seat 3: dreimis190 folded before Flop (didn't bet)
Seat 4: Ysiven (button) collected ($21.38)
Seat 5: GuigaMan (small blind) folded before Flop
Seat 6: Evelexy1 (big blind) folded before Flop



PokerStars Hand #254296760026:  Hold'em No Limit ($0.50/$1.00 USD) - 2025/01/10 16:37:37 WET [2025/01/10 11:37:37 ET]
Table 'Lynx III' 6-max Seat #5 is the button
Seat 1: AlexPinsk1 ($104.72 in chips) 
Seat 2: m1lkdud ($251.02 in chips) 
Seat 3: dreimis190 ($100 in chips) 
Seat 4: Ysiven ($113.33 in chips) 
Seat 5: GuigaMan ($141.14 in chips) 
Seat 6: Evelexy1 ($106.70 in chips) 
Evelexy1: posts small blind $0.50
AlexPinsk1: posts big blind $1
*** HOLE CARDS ***
m1lkdud: folds 
dreimis190: folds 
Ysiven: raises $1.30 to $2.30
GuigaMan: folds 
Evelexy1: folds 
AlexPinsk1: folds 
Uncalled bet ($1.30) returned to Ysiven
Ysiven collected $2.50 from pot
Ysiven: doesn't show hand 
*** SUMMARY ***
Total pot $2.50 | Rake $0 
Seat 1: AlexPinsk1 (big blind) folded before Flop
Seat 2: m1lkdud folded before Flop (didn't bet)
Seat 3: dreimis190 folded before Flop (didn't bet)
Seat 4: Ysiven collected ($2.50)
Seat 5: GuigaMan (button) folded before Flop (didn't bet)
Seat 6: Evelexy1 (small blind) folded before Flop



PokerStars Hand #254296763288:  Hold'em No Limit ($0.50/$1.00 USD) - 2025/01/10 16:37:50 WET [2025/01/10 11:37:50 ET]
Table 'Lynx III' 6-max Seat #6 is the button
Seat 1: AlexPinsk1 ($103.72 in chips) 
Seat 2: m1lkdud ($251.02 in chips) 
Seat 3: dreimis190 ($100 in chips) 
Seat 4: Ysiven ($114.83 in chips) 
Seat 5: GuigaMan ($141.14 in chips) 
Seat 6: Evelexy1 ($106.20 in chips) 
AlexPinsk1: posts small blind $0.50
m1lkdud: posts big blind $1
*** HOLE CARDS ***
dreimis190: folds 
Ysiven: folds 
GuigaMan: folds 
Evelexy1: raises $2 to $3
AlexPinsk1: folds 
m1lkdud: folds 
Uncalled bet ($2) returned to Evelexy1
Evelexy1 collected $2.50 from pot
Evelexy1: doesn't show hand 
*** SUMMARY ***
Total pot $2.50 | Rake $0 
Seat 1: AlexPinsk1 (small blind) folded before Flop
Seat 2: m1lkdud (big blind) folded before Flop
Seat 3: dreimis190 folded before Flop (didn't bet)
Seat 4: Ysiven folded before Flop (didn't bet)
Seat 5: GuigaMan folded before Flop (didn't bet)
Seat 6: Evelexy1 (button) collected ($2.50)



PokerStars Hand #254296767546:  Hold'em No Limit ($0.50/$1.00 USD) - 2025/01/10 16:38:06 WET [2025/01/10 11:38:06 ET]
Table 'Lynx III' 6-max Seat #1 is the button
Seat 1: AlexPinsk1 ($103.22 in chips) 
Seat 2: m1lkdud ($250.02 in chips) 
Seat 3: dreimis190 ($100 in chips) 
Seat 4: Ysiven ($114.83 in chips) 
Seat 5: GuigaMan ($141.14 in chips) 
Seat 6: Evelexy1 ($107.70 in chips) 
m1lkdud: posts small blind $0.50
dreimis190: posts big blind $1
*** HOLE CARDS ***
Ysiven: folds 
GuigaMan: folds 
Evelexy1: raises $1.50 to $2.50
AlexPinsk1: folds 
m1lkdud: folds 
dreimis190: folds 
Uncalled bet ($1.50) returned to Evelexy1
Evelexy1 collected $2.50 from pot
Evelexy1: doesn't show hand 
*** SUMMARY ***
Total pot $2.50 | Rake $0 
Seat 1: AlexPinsk1 (button) folded before Flop (didn't bet)
Seat 2: m1lkdud (small blind) folded before Flop
Seat 3: dreimis190 (big blind) folded before Flop
Seat 4: Ysiven folded before Flop (didn't bet)
Seat 5: GuigaMan folded before Flop (didn't bet)
Seat 6: Evelexy1 collected ($2.50)



PokerStars Hand #254296773921:  Hold'em No Limit ($0.50/$1.00 USD) - 2025/01/10 16:38:30 WET [2025/01/10 11:38:30 ET]
Table 'Lynx III' 6-max Seat #2 is the button
Seat 1: AlexPinsk1 ($103.22 in chips) 
Seat 2: m1lkdud ($249.52 in chips) 
Seat 3: dreimis190 ($100 in chips) 
Seat 4: Ysiven ($114.83 in chips) 
Seat 5: GuigaMan ($141.14 in chips) 
Seat 6: Evelexy1 ($109.20 in chips) 
dreimis190: posts small blind $0.50
Ysiven: posts big blind $1
*** HOLE CARDS ***
GuigaMan: folds 
Evelexy1: folds 
AlexPinsk1: raises $1.50 to $2.50
m1lkdud: folds 
dreimis190: folds 
Ysiven: folds 
Uncalled bet ($1.50) returned to AlexPinsk1
AlexPinsk1 collected $2.50 from pot
AlexPinsk1: doesn't show hand 
*** SUMMARY ***
Total pot $2.50 | Rake $0 
Seat 1: AlexPinsk1 collected ($2.50)
Seat 2: m1lkdud (button) folded before Flop (didn't bet)
Seat 3: dreimis190 (small blind) folded before Flop
Seat 4: Ysiven (big blind) folded before Flop
Seat 5: GuigaMan folded before Flop (didn't bet)
Seat 6: Evelexy1 folded before Flop (didn't bet)



PokerStars Hand #254296783759:  Hold'em No Limit ($0.50/$1.00 USD) - 2025/01/10 16:39:08 WET [2025/01/10 11:39:08 ET]
Table 'Lynx III' 6-max Seat #3 is the button
Seat 1: AlexPinsk1 ($104.72 in chips) 
Seat 2: m1lkdud ($249.52 in chips) 
Seat 3: dreimis190 ($100 in chips) 
Seat 4: Ysiven ($113.83 in chips) 
Seat 5: GuigaMan ($141.14 in chips) 
Seat 6: Evelexy1 ($109.20 in chips) 
Ysiven: posts small blind $0.50
GuigaMan: posts big blind $1
*** HOLE CARDS ***
Evelexy1: folds 
AlexPinsk1: folds 
m1lkdud: raises $2.50 to $3.50
dreimis190: folds 
Ysiven: folds 
GuigaMan: folds 
Uncalled bet ($2.50) returned to m1lkdud
m1lkdud collected $2.50 from pot
*** SUMMARY ***
Total pot $2.50 | Rake $0 
Seat 1: AlexPinsk1 folded before Flop (didn't bet)
Seat 2: m1lkdud collected ($2.50)
Seat 3: dreimis190 (button) folded before Flop (didn't bet)
Seat 4: Ysiven (small blind) folded before Flop
Seat 5: GuigaMan (big blind) folded before Flop
Seat 6: Evelexy1 folded before Flop (didn't bet)



PokerStars Hand #254296791955:  Hold'em No Limit ($0.50/$1.00 USD) - 2025/01/10 16:39:40 WET [2025/01/10 11:39:40 ET]
Table 'Lynx III' 6-max Seat #4 is the button
Seat 1: AlexPinsk1 ($104.72 in chips) 
Seat 2: m1lkdud ($251.02 in chips) 
Seat 3: dreimis190 ($100 in chips) 
Seat 4: Ysiven ($113.33 in chips) 
Seat 5: GuigaMan ($140.14 in chips) 
Seat 6: Evelexy1 ($109.20 in chips) 
GuigaMan: posts small blind $0.50
Evelexy1: posts big blind $1
*** HOLE CARDS ***
AlexPinsk1: raises $1.50 to $2.50
m1lkdud: folds 
dreimis190: folds 
Ysiven: folds 
GuigaMan: folds 
Evelexy1: calls $1.50
*** FLOP *** [4s Kh 5d]
Evelexy1: checks 
AlexPinsk1: bets $3.92
Evelexy1: calls $3.92
*** TURN *** [4s Kh 5d] [5c]
Evelexy1: checks 
AlexPinsk1: bets $9.50
Evelexy1: folds 
Uncalled bet ($9.50) returned to AlexPinsk1
AlexPinsk1 collected $12.67 from pot
AlexPinsk1: doesn't show hand 
*** SUMMARY ***
Total pot $13.34 | Rake $0.67 
Board [4s Kh 5d 5c]
Seat 1: AlexPinsk1 collected ($12.67)
Seat 2: m1lkdud folded before Flop (didn't bet)
Seat 3: dreimis190 folded before Flop (didn't bet)
Seat 4: Ysiven (button) folded before Flop (didn't bet)
Seat 5: GuigaMan (small blind) folded before Flop
Seat 6: Evelexy1 (big blind) folded on the Turn



PokerStars Hand #254296804260:  Hold'em No Limit ($0.50/$1.00 USD) - 2025/01/10 16:40:28 WET [2025/01/10 11:40:28 ET]
Table 'Lynx III' 6-max Seat #5 is the button
Seat 1: AlexPinsk1 ($110.97 in chips) 
Seat 2: m1lkdud ($251.02 in chips) 
Seat 3: dreimis190 ($100 in chips) 
Seat 4: Ysiven ($113.33 in chips) 
Seat 5: GuigaMan ($139.64 in chips) 
Seat 6: Evelexy1 ($102.78 in chips) 
Evelexy1: posts small blind $0.50
AlexPinsk1: posts big blind $1
*** HOLE CARDS ***
m1lkdud: raises $2.50 to $3.50
dreimis190: folds 
Ysiven: folds 
GuigaMan: folds 
Evelexy1: folds 
AlexPinsk1: folds 
Uncalled bet ($2.50) returned to m1lkdud
m1lkdud collected $2.50 from pot
*** SUMMARY ***
Total pot $2.50 | Rake $0 
Seat 1: AlexPinsk1 (big blind) folded before Flop
Seat 2: m1lkdud collected ($2.50)
Seat 3: dreimis190 folded before Flop (didn't bet)
Seat 4: Ysiven folded before Flop (didn't bet)
Seat 5: GuigaMan (button) folded before Flop (didn't bet)
Seat 6: Evelexy1 (small blind) folded before Flop



PokerStars Hand #254296808035:  Hold'em No Limit ($0.50/$1.00 USD) - 2025/01/10 16:40:42 WET [2025/01/10 11:40:42 ET]
Table 'Lynx III' 6-max Seat #6 is the button
Seat 1: AlexPinsk1 ($109.97 in chips) 
Seat 2: m1lkdud ($252.52 in chips) 
Seat 3: dreimis190 ($100 in chips) 
Seat 4: Ysiven ($113.33 in chips) 
Seat 5: GuigaMan ($139.64 in chips) 
Seat 6: Evelexy1 ($102.28 in chips) 
AlexPinsk1: posts small blind $0.50
m1lkdud: posts big blind $1
*** HOLE CARDS ***
dreimis190: folds 
Ysiven: folds 
GuigaMan: folds 
Evelexy1: folds 
AlexPinsk1: raises $2 to $3
m1lkdud: calls $2
*** FLOP *** [9s 4c 5s]
AlexPinsk1: bets $4.28
m1lkdud: calls $4.28
*** TURN *** [9s 4c 5s] [7s]
AlexPinsk1: checks 
m1lkdud: checks 
*** RIVER *** [9s 4c 5s 7s] [Jd]
AlexPinsk1: bets $6.92
m1lkdud: folds 
Uncalled bet ($6.92) returned to AlexPinsk1
AlexPinsk1 collected $13.83 from pot
AlexPinsk1: doesn't show hand 
*** SUMMARY ***
Total pot $14.56 | Rake $0.73 
Board [9s 4c 5s 7s Jd]
Seat 1: AlexPinsk1 (small blind) collected ($13.83)
Seat 2: m1lkdud (big blind) folded on the River
Seat 3: dreimis190 folded before Flop (didn't bet)
Seat 4: Ysiven folded before Flop (didn't bet)
Seat 5: GuigaMan folded before Flop (didn't bet)
Seat 6: Evelexy1 (button) folded before Flop (didn't bet)



PokerStars Hand #254296820782:  Hold'em No Limit ($0.50/$1.00 USD) - 2025/01/10 16:41:32 WET [2025/01/10 11:41:32 ET]
Table 'Lynx III' 6-max Seat #1 is the button
Seat 1: AlexPinsk1 ($116.52 in chips) 
Seat 2: m1lkdud ($245.24 in chips) 
Seat 3: dreimis190 ($100 in chips) 
Seat 4: Ysiven ($113.33 in chips) 
Seat 5: GuigaMan ($139.64 in chips) 
Seat 6: Evelexy1 ($102.28 in chips) 
m1lkdud: posts small blind $0.50
dreimis190: posts big blind $1
*** HOLE CARDS ***
Ysiven: folds 
GuigaMan: folds 
Evelexy1: folds 
AlexPinsk1: raises $1.50 to $2.50
m1lkdud: raises $7 to $9.50
dreimis190: folds 
AlexPinsk1: folds 
Uncalled bet ($7) returned to m1lkdud
m1lkdud collected $6 from pot
*** SUMMARY ***
Total pot $6 | Rake $0 
Seat 1: AlexPinsk1 (button) folded before Flop
Seat 2: m1lkdud (small blind) collected ($6)
Seat 3: dreimis190 (big blind) folded before Flop
Seat 4: Ysiven folded before Flop (didn't bet)
Seat 5: GuigaMan folded before Flop (didn't bet)
Seat 6: Evelexy1 folded before Flop (didn't bet)



PokerStars Hand #254296830251:  Hold'em No Limit ($0.50/$1.00 USD) - 2025/01/10 16:42:08 WET [2025/01/10 11:42:08 ET]
Table 'Lynx III' 6-max Seat #2 is the button
Seat 1: AlexPinsk1 ($114.02 in chips) 
Seat 2: m1lkdud ($248.74 in chips) 
Seat 3: dreimis190 ($100 in chips) 
Seat 4: Ysiven ($113.33 in chips) 
Seat 5: GuigaMan ($139.64 in chips) 
Seat 6: Evelexy1 ($102.28 in chips) 
dreimis190: posts small blind $0.50
Ysiven: posts big blind $1
*** HOLE CARDS ***
GuigaMan: folds 
Evelexy1: folds 
AlexPinsk1: folds 
m1lkdud: raises $2.50 to $3.50
dreimis190: folds 
Ysiven: folds 
Uncalled bet ($2.50) returned to m1lkdud
m1lkdud collected $2.50 from pot
*** SUMMARY ***
Total pot $2.50 | Rake $0 
Seat 1: AlexPinsk1 folded before Flop (didn't bet)
Seat 2: m1lkdud (button) collected ($2.50)
Seat 3: dreimis190 (small blind) folded before Flop
Seat 4: Ysiven (big blind) folded before Flop
Seat 5: GuigaMan folded before Flop (didn't bet)
Seat 6: Evelexy1 folded before Flop (didn't bet)



PokerStars Hand #254296838641:  Hold'em No Limit ($0.50/$1.00 USD) - 2025/01/10 16:42:40 WET [2025/01/10 11:42:40 ET]
Table 'Lynx III' 6-max Seat #3 is the button
Seat 1: AlexPinsk1 ($114.02 in chips) 
Seat 2: m1lkdud ($250.24 in chips) 
Seat 3: dreimis190 ($100 in chips) 
Seat 4: Ysiven ($112.33 in chips) 
Seat 5: GuigaMan ($139.64 in chips) 
Seat 6: Evelexy1 ($102.28 in chips) 
Ysiven: posts small blind $0.50
GuigaMan: posts big blind $1
*** HOLE CARDS ***
Evelexy1: raises $1 to $2
AlexPinsk1: folds 
m1lkdud: calls $2
dreimis190: folds 
Ysiven: folds 
GuigaMan: calls $1
*** FLOP *** [Qd Jd 3c]
GuigaMan: checks 
Evelexy1: checks 
m1lkdud: checks 
*** TURN *** [Qd Jd 3c] [5d]
GuigaMan: checks 
Evelexy1: checks 
m1lkdud: checks 
*** RIVER *** [Qd Jd 3c 5d] [2h]
GuigaMan: checks 
Evelexy1: checks 
m1lkdud: checks 
*** SHOW DOWN ***
GuigaMan: shows [Tc 7c] (high card Queen)
Evelexy1: shows [4c 4d] (a pair of Fours)
m1lkdud: mucks hand 
Evelexy1 collected $6.18 from pot
*** SUMMARY ***
Total pot $6.50 | Rake $0.32 
Board [Qd Jd 3c 5d 2h]
Seat 1: AlexPinsk1 folded before Flop (didn't bet)
Seat 2: m1lkdud mucked
Seat 3: dreimis190 (button) folded before Flop (didn't bet)
Seat 4: Ysiven (small blind) folded before Flop
Seat 5: GuigaMan (big blind) showed [Tc 7c] and lost with high card Queen
Seat 6: Evelexy1 showed [4c 4d] and won ($6.18) with a pair of Fours



PokerStars Hand #254296845999:  Hold'em No Limit ($0.50/$1.00 USD) - 2025/01/10 16:43:08 WET [2025/01/10 11:43:08 ET]
Table 'Lynx III' 6-max Seat #4 is the button
Seat 1: AlexPinsk1 ($114.02 in chips) 
Seat 2: m1lkdud ($248.24 in chips) 
Seat 3: dreimis190 ($100 in chips) 
Seat 4: Ysiven ($111.83 in chips) 
Seat 5: GuigaMan ($137.64 in chips) 
Seat 6: Evelexy1 ($106.46 in chips) 
GuigaMan: posts small blind $0.50
Evelexy1: posts big blind $1
*** HOLE CARDS ***
AlexPinsk1: folds 
m1lkdud: folds 
dreimis190: raises $1.50 to $2.50
Ysiven: raises $5 to $7.50
GuigaMan: folds 
Evelexy1: folds 
dreimis190: folds 
Uncalled bet ($5) returned to Ysiven
Ysiven collected $6.50 from pot
Ysiven: doesn't show hand 
*** SUMMARY ***
Total pot $6.50 | Rake $0 
Seat 1: AlexPinsk1 folded before Flop (didn't bet)
Seat 2: m1lkdud folded before Flop (didn't bet)
Seat 3: dreimis190 folded before Flop
Seat 4: Ysiven (button) collected ($6.50)
Seat 5: GuigaMan (small blind) folded before Flop
Seat 6: Evelexy1 (big blind) folded before Flop



PokerStars Hand #254296852103:  Hold'em No Limit ($0.50/$1.00 USD) - 2025/01/10 16:43:32 WET [2025/01/10 11:43:32 ET]
Table 'Lynx III' 6-max Seat #5 is the button
Seat 1: AlexPinsk1 ($114.02 in chips) 
Seat 2: m1lkdud ($248.24 in chips) 
Seat 3: dreimis190 ($100 in chips) 
Seat 4: Ysiven ($115.83 in chips) 
Seat 5: GuigaMan ($137.14 in chips) 
Seat 6: Evelexy1 ($105.46 in chips) 
Evelexy1: posts small blind $0.50
AlexPinsk1: posts big blind $1
*** HOLE CARDS ***
m1lkdud: folds 
dreimis190: folds 
Ysiven: folds 
GuigaMan: folds 
Evelexy1: raises $1.50 to $2.50
AlexPinsk1: calls $1.50
*** FLOP *** [Qh Kd 5c]
Evelexy1: bets $3.14
AlexPinsk1: folds 
Uncalled bet ($3.14) returned to Evelexy1
Evelexy1 collected $4.75 from pot
Evelexy1: doesn't show hand 
*** SUMMARY ***
Total pot $5 | Rake $0.25 
Board [Qh Kd 5c]
Seat 1: AlexPinsk1 (big blind) folded on the Flop
Seat 2: m1lkdud folded before Flop (didn't bet)
Seat 3: dreimis190 folded before Flop (didn't bet)
Seat 4: Ysiven folded before Flop (didn't bet)
Seat 5: GuigaMan (button) folded before Flop (didn't bet)
Seat 6: Evelexy1 (small blind) collected ($4.75)



PokerStars Hand #254296858886:  Hold'em No Limit ($0.50/$1.00 USD) - 2025/01/10 16:43:58 WET [2025/01/10 11:43:58 ET]
Table 'Lynx III' 6-max Seat #6 is the button
Seat 1: AlexPinsk1 ($111.52 in chips) 
Seat 2: m1lkdud ($248.24 in chips) 
Seat 3: dreimis190 ($100 in chips) 
Seat 4: Ysiven ($115.83 in chips) 
Seat 5: GuigaMan ($137.14 in chips) 
Seat 6: Evelexy1 ($107.71 in chips) 
AlexPinsk1: posts small blind $0.50
m1lkdud: posts big blind $1
*** HOLE CARDS ***
dreimis190: folds 
Ysiven: folds 
GuigaMan: folds 
Evelexy1: raises $2 to $3
AlexPinsk1: folds 
m1lkdud: calls $2
*** FLOP *** [8d As 3c]
m1lkdud: checks 
Evelexy1: checks 
*** TURN *** [8d As 3c] [Js]
m1lkdud: checks 
Evelexy1: checks 
*** RIVER *** [8d As 3c Js] [3h]
m1lkdud: checks 
Evelexy1: checks 
*** SHOW DOWN ***
m1lkdud: shows [8h Jc] (two pair, Jacks and Eights)
Evelexy1: mucks hand 
m1lkdud collected $6.18 from pot
*** SUMMARY ***
Total pot $6.50 | Rake $0.32 
Board [8d As 3c Js 3h]
Seat 1: AlexPinsk1 (small blind) folded before Flop
Seat 2: m1lkdud (big blind) showed [8h Jc] and won ($6.18) with two pair, Jacks and Eights
Seat 3: dreimis190 folded before Flop (didn't bet)
Seat 4: Ysiven folded before Flop (didn't bet)
Seat 5: GuigaMan folded before Flop (didn't bet)
Seat 6: Evelexy1 (button) mucked



PokerStars Hand #254296866370:  Hold'em No Limit ($0.50/$1.00 USD) - 2025/01/10 16:44:26 WET [2025/01/10 11:44:26 ET]
Table 'Lynx III' 6-max Seat #1 is the button
Seat 1: AlexPinsk1 ($111.02 in chips) 
Seat 2: m1lkdud ($251.42 in chips) 
Seat 3: dreimis190 ($100 in chips) 
Seat 4: Ysiven ($115.83 in chips) 
Seat 5: GuigaMan ($137.14 in chips) 
Seat 6: Evelexy1 ($104.71 in chips) 
m1lkdud: posts small blind $0.50
dreimis190: posts big blind $1
*** HOLE CARDS ***
Ysiven: folds 
GuigaMan: raises $1.10 to $2.10
Evelexy1: folds 
AlexPinsk1: calls $2.10
m1lkdud: folds 
dreimis190: folds 
*** FLOP *** [5s 3c 3d]
GuigaMan: checks 
AlexPinsk1: bets $1.79
GuigaMan: folds 
Uncalled bet ($1.79) returned to AlexPinsk1
AlexPinsk1 collected $5.42 from pot
AlexPinsk1: doesn't show hand 
*** SUMMARY ***
Total pot $5.70 | Rake $0.28 
Board [5s 3c 3d]
Seat 1: AlexPinsk1 (button) collected ($5.42)
Seat 2: m1lkdud (small blind) folded before Flop
Seat 3: dreimis190 (big blind) folded before Flop
Seat 4: Ysiven folded before Flop (didn't bet)
Seat 5: GuigaMan folded on the Flop
Seat 6: Evelexy1 folded before Flop (didn't bet)



PokerStars Hand #254296877481:  Hold'em No Limit ($0.50/$1.00 USD) - 2025/01/10 16:45:09 WET [2025/01/10 11:45:09 ET]
Table 'Lynx III' 6-max Seat #2 is the button
Seat 1: AlexPinsk1 ($114.34 in chips) 
Seat 2: m1lkdud ($250.92 in chips) 
Seat 3: dreimis190 ($100 in chips) 
Seat 4: Ysiven ($115.83 in chips) 
Seat 5: GuigaMan ($135.04 in chips) 
Seat 6: Evelexy1 ($104.71 in chips) 
dreimis190: posts small blind $0.50
Ysiven: posts big blind $1
*** HOLE CARDS ***
GuigaMan: folds 
Evelexy1: folds 
AlexPinsk1: raises $1.50 to $2.50
m1lkdud: folds 
dreimis190: folds 
Ysiven: folds 
Uncalled bet ($1.50) returned to AlexPinsk1
AlexPinsk1 collected $2.50 from pot
AlexPinsk1: doesn't show hand 
*** SUMMARY ***
Total pot $2.50 | Rake $0 
Seat 1: AlexPinsk1 collected ($2.50)
Seat 2: m1lkdud (button) folded before Flop (didn't bet)
Seat 3: dreimis190 (small blind) folded before Flop
Seat 4: Ysiven (big blind) folded before Flop
Seat 5: GuigaMan folded before Flop (didn't bet)
Seat 6: Evelexy1 folded before Flop (didn't bet)



PokerStars Hand #254296881253:  Hold'em No Limit ($0.50/$1.00 USD) - 2025/01/10 16:45:23 WET [2025/01/10 11:45:23 ET]
Table 'Lynx III' 6-max Seat #3 is the button
Seat 1: AlexPinsk1 ($115.84 in chips) 
Seat 2: m1lkdud ($250.92 in chips) 
Seat 3: dreimis190 ($100 in chips) 
Seat 4: Ysiven ($114.83 in chips) 
Seat 5: GuigaMan ($135.04 in chips) 
Seat 6: Evelexy1 ($104.71 in chips) 
Ysiven: posts small blind $0.50
GuigaMan: posts big blind $1
*** HOLE CARDS ***
Evelexy1: folds 
AlexPinsk1: raises $1.50 to $2.50
m1lkdud: calls $2.50
dreimis190: folds 
Ysiven: raises $11.50 to $14
GuigaMan: folds 
AlexPinsk1: folds 
m1lkdud: calls $11.50
*** FLOP *** [4c 8c 2d]
Ysiven: checks 
m1lkdud: checks 
*** TURN *** [4c 8c 2d] [8d]
Ysiven: checks 
m1lkdud: checks 
*** RIVER *** [4c 8c 2d 8d] [6c]
Ysiven: bets $19.50
m1lkdud: folds 
Uncalled bet ($19.50) returned to Ysiven
Ysiven collected $29.92 from pot
Ysiven: doesn't show hand 
*** SUMMARY ***
Total pot $31.50 | Rake $1.58 
Board [4c 8c 2d 8d 6c]
Seat 1: AlexPinsk1 folded before Flop
Seat 2: m1lkdud folded on the River
Seat 3: dreimis190 (button) folded before Flop (didn't bet)
Seat 4: Ysiven (small blind) collected ($29.92)
Seat 5: GuigaMan (big blind) folded before Flop
Seat 6: Evelexy1 folded before Flop (didn't bet)



PokerStars Hand #254296904335:  Hold'em No Limit ($0.50/$1.00 USD) - 2025/01/10 16:46:51 WET [2025/01/10 11:46:51 ET]
Table 'Lynx III' 6-max Seat #4 is the button
Seat 1: AlexPinsk1 ($113.34 in chips) 
Seat 2: m1lkdud ($236.92 in chips) 
Seat 3: dreimis190 ($100 in chips) 
Seat 4: Ysiven ($130.75 in chips) 
Seat 5: GuigaMan ($134.04 in chips) 
Seat 6: Evelexy1 ($104.71 in chips) 
GuigaMan: posts small blind $0.50
Evelexy1: posts big blind $1
*** HOLE CARDS ***
AlexPinsk1: folds 
m1lkdud: folds 
dreimis190: raises $1.50 to $2.50
Ysiven: folds 
GuigaMan: folds 
Evelexy1: folds 
Uncalled bet ($1.50) returned to dreimis190
dreimis190 collected $2.50 from pot
dreimis190: doesn't show hand 
*** SUMMARY ***
Total pot $2.50 | Rake $0 
Seat 1: AlexPinsk1 folded before Flop (didn't bet)
Seat 2: m1lkdud folded before Flop (didn't bet)
Seat 3: dreimis190 collected ($2.50)
Seat 4: Ysiven (button) folded before Flop (didn't bet)
Seat 5: GuigaMan (small blind) folded before Flop
Seat 6: Evelexy1 (big blind) folded before Flop



PokerStars Hand #254296912768:  Hold'em No Limit ($0.50/$1.00 USD) - 2025/01/10 16:47:24 WET [2025/01/10 11:47:24 ET]
Table 'Lynx III' 6-max Seat #5 is the button
Seat 1: AlexPinsk1 ($113.34 in chips) 
Seat 2: m1lkdud ($236.92 in chips) 
Seat 3: dreimis190 ($101.50 in chips) 
Seat 4: Ysiven ($130.75 in chips) 
Seat 5: GuigaMan ($133.54 in chips) 
Seat 6: Evelexy1 ($103.71 in chips) 
Evelexy1: posts small blind $0.50
AlexPinsk1: posts big blind $1
*** HOLE CARDS ***
m1lkdud: folds 
dreimis190: folds 
Ysiven: folds 
GuigaMan: raises $1.10 to $2.10
Evelexy1: folds 
AlexPinsk1: calls $1.10
*** FLOP *** [3h 5c 6d]
AlexPinsk1: checks 
GuigaMan: checks 
*** TURN *** [3h 5c 6d] [2c]
AlexPinsk1: bets $2
GuigaMan: calls $2
*** RIVER *** [3h 5c 6d 2c] [9s]
AlexPinsk1: bets $6.20
GuigaMan: folds 
Uncalled bet ($6.20) returned to AlexPinsk1
AlexPinsk1 collected $8.26 from pot
AlexPinsk1: doesn't show hand 
*** SUMMARY ***
Total pot $8.70 | Rake $0.44 
Board [3h 5c 6d 2c 9s]
Seat 1: AlexPinsk1 (big blind) collected ($8.26)
Seat 2: m1lkdud folded before Flop (didn't bet)
Seat 3: dreimis190 folded before Flop (didn't bet)
Seat 4: Ysiven folded before Flop (didn't bet)
Seat 5: GuigaMan (button) folded on the River
Seat 6: Evelexy1 (small blind) folded before Flop



PokerStars Hand #254296928988:  Hold'em No Limit ($0.50/$1.00 USD) - 2025/01/10 16:48:25 WET [2025/01/10 11:48:25 ET]
Table 'Lynx III' 6-max Seat #6 is the button
Seat 1: AlexPinsk1 ($117.50 in chips) 
Seat 2: m1lkdud ($236.92 in chips) 
Seat 3: dreimis190 ($101.50 in chips) 
Seat 4: Ysiven ($130.75 in chips) 
Seat 5: GuigaMan ($129.44 in chips) 
Seat 6: Evelexy1 ($103.21 in chips) 
AlexPinsk1: posts small blind $0.50
m1lkdud: posts big blind $1
*** HOLE CARDS ***
dreimis190: folds 
Ysiven: folds 
GuigaMan: raises $1.10 to $2.10
Evelexy1: folds 
AlexPinsk1: folds 
m1lkdud: calls $1.10
*** FLOP *** [As 4d 9s]
m1lkdud: checks 
GuigaMan: checks 
*** TURN *** [As 4d 9s] [Qh]
m1lkdud: checks 
GuigaMan: checks 
*** RIVER *** [As 4d 9s Qh] [Jh]
m1lkdud: checks 
GuigaMan: bets $10
m1lkdud: folds 
Uncalled bet ($10) returned to GuigaMan
GuigaMan collected $4.46 from pot
GuigaMan: doesn't show hand 
*** SUMMARY ***
Total pot $4.70 | Rake $0.24 
Board [As 4d 9s Qh Jh]
Seat 1: AlexPinsk1 (small blind) folded before Flop
Seat 2: m1lkdud (big blind) folded on the River
Seat 3: dreimis190 folded before Flop (didn't bet)
Seat 4: Ysiven folded before Flop (didn't bet)
Seat 5: GuigaMan collected ($4.46)
Seat 6: Evelexy1 (button) folded before Flop (didn't bet)



PokerStars Hand #254296947215:  Hold'em No Limit ($0.50/$1.00 USD) - 2025/01/10 16:49:35 WET [2025/01/10 11:49:35 ET]
Table 'Lynx III' 6-max Seat #1 is the button
Seat 3: dreimis190 ($101.50 in chips) is sitting out
Seat 1: AlexPinsk1 ($117 in chips) 
Seat 2: m1lkdud ($234.82 in chips) 
Seat 4: Ysiven ($130.75 in chips) 
Seat 5: GuigaMan ($131.80 in chips) 
Seat 6: Evelexy1 ($103.21 in chips) 
m1lkdud: posts small blind $0.50
Ysiven: posts big blind $1
*** HOLE CARDS ***
GuigaMan: raises $1.10 to $2.10
Evelexy1: folds 
AlexPinsk1: folds 
m1lkdud: folds 
Ysiven: folds 
Uncalled bet ($1.10) returned to GuigaMan
GuigaMan collected $2.50 from pot
GuigaMan: doesn't show hand 
*** SUMMARY ***
Total pot $2.50 | Rake $0 
Seat 3: dreimis190
Seat 1: AlexPinsk1 (button) folded before Flop (didn't bet)
Seat 2: m1lkdud (small blind) folded before Flop
Seat 4: Ysiven (big blind) folded before Flop
Seat 5: GuigaMan collected ($2.50)
Seat 6: Evelexy1 folded before Flop (didn't bet)



PokerStars Hand #254296949270:  Hold'em No Limit ($0.50/$1.00 USD) - 2025/01/10 16:49:43 WET [2025/01/10 11:49:43 ET]
Table 'Lynx III' 6-max Seat #2 is the button
Seat 3: dreimis190 ($101.50 in chips) is sitting out
Seat 1: AlexPinsk1 ($117 in chips) 
Seat 2: m1lkdud ($234.32 in chips) 
Seat 4: Ysiven ($129.75 in chips) 
Seat 5: GuigaMan ($133.30 in chips) 
Seat 6: Evelexy1 ($103.21 in chips) 
Ysiven: posts small blind $0.50
GuigaMan: posts big blind $1
*** HOLE CARDS ***
Evelexy1: raises $1 to $2
AlexPinsk1: folds 
m1lkdud: folds 
Ysiven: folds 
GuigaMan: folds 
Uncalled bet ($1) returned to Evelexy1
Evelexy1 collected $2.50 from pot
Evelexy1: doesn't show hand 
*** SUMMARY ***
Total pot $2.50 | Rake $0 
Seat 3: dreimis190
Seat 1: AlexPinsk1 folded before Flop (didn't bet)
Seat 2: m1lkdud (button) folded before Flop (didn't bet)
Seat 4: Ysiven (small blind) folded before Flop
Seat 5: GuigaMan (big blind) folded before Flop
Seat 6: Evelexy1 collected ($2.50)



PokerStars Hand #254296954311:  Hold'em No Limit ($0.50/$1.00 USD) - 2025/01/10 16:50:02 WET [2025/01/10 11:50:02 ET]
Table 'Lynx III' 6-max Seat #4 is the button
Seat 3: dreimis190 ($101.50 in chips) is sitting out
Seat 1: AlexPinsk1 ($117 in chips) 
Seat 2: m1lkdud ($234.32 in chips) 
Seat 4: Ysiven ($129.25 in chips) 
Seat 5: GuigaMan ($132.30 in chips) 
Seat 6: Evelexy1 ($104.71 in chips) 
GuigaMan: posts small blind $0.50
Evelexy1: posts big blind $1
*** HOLE CARDS ***
AlexPinsk1: folds 
m1lkdud: raises $2.50 to $3.50
Ysiven: folds 
GuigaMan: folds 
Evelexy1: calls $2.50
*** FLOP *** [3d 7h 5d]
Evelexy1: checks 
m1lkdud: bets $3.56
Evelexy1: calls $3.56
*** TURN *** [3d 7h 5d] [Qs]
Evelexy1: checks 
m1lkdud: bets $13.89
Evelexy1: folds 
Uncalled bet ($13.89) returned to m1lkdud
m1lkdud collected $13.89 from pot
*** SUMMARY ***
Total pot $14.62 | Rake $0.73 
Board [3d 7h 5d Qs]
Seat 3: dreimis190
Seat 1: AlexPinsk1 folded before Flop (didn't bet)
Seat 2: m1lkdud collected ($13.89)
Seat 4: Ysiven (button) folded before Flop (didn't bet)
Seat 5: GuigaMan (small blind) folded before Flop
Seat 6: Evelexy1 (big blind) folded on the Turn



PokerStars Hand #254296964363:  Hold'em No Limit ($0.50/$1.00 USD) - 2025/01/10 16:50:41 WET [2025/01/10 11:50:41 ET]
Table 'Lynx III' 6-max Seat #5 is the button
Seat 3: dreimis190 ($101.50 in chips) is sitting out
Seat 1: AlexPinsk1 ($117 in chips) 
Seat 2: m1lkdud ($241.15 in chips) 
Seat 4: Ysiven ($129.25 in chips) 
Seat 5: GuigaMan ($131.80 in chips) 
Seat 6: Evelexy1 ($100 in chips) 
Evelexy1: posts small blind $0.50
AlexPinsk1: posts big blind $1
*** HOLE CARDS ***
m1lkdud: folds 
Ysiven: folds 
GuigaMan: folds 
Evelexy1: folds 
Uncalled bet ($0.50) returned to AlexPinsk1
AlexPinsk1 collected $1 from pot
AlexPinsk1: doesn't show hand 
*** SUMMARY ***
Total pot $1 | Rake $0 
Seat 3: dreimis190
Seat 1: AlexPinsk1 (big blind) collected ($1)
Seat 2: m1lkdud folded before Flop (didn't bet)
Seat 4: Ysiven folded before Flop (didn't bet)
Seat 5: GuigaMan (button) folded before Flop (didn't bet)
Seat 6: Evelexy1 (small blind) folded before Flop



PokerStars Hand #254296967393:  Hold'em No Limit ($0.50/$1.00 USD) - 2025/01/10 16:50:53 WET [2025/01/10 11:50:53 ET]
Table 'Lynx III' 6-max Seat #6 is the button
Seat 3: dreimis190 ($101.50 in chips) is sitting out
Seat 1: AlexPinsk1 ($117.50 in chips) 
Seat 2: m1lkdud ($241.15 in chips) 
Seat 4: Ysiven ($129.25 in chips) 
Seat 5: GuigaMan ($131.80 in chips) 
Seat 6: Evelexy1 ($100 in chips) 
AlexPinsk1: posts small blind $0.50
m1lkdud: posts big blind $1
*** HOLE CARDS ***
Ysiven: folds 
GuigaMan: folds 
Evelexy1: raises $1.50 to $2.50
AlexPinsk1: folds 
m1lkdud: folds 
Uncalled bet ($1.50) returned to Evelexy1
Evelexy1 collected $2.50 from pot
Evelexy1: doesn't show hand 
*** SUMMARY ***
Total pot $2.50 | Rake $0 
Seat 3: dreimis190
Seat 1: AlexPinsk1 (small blind) folded before Flop
Seat 2: m1lkdud (big blind) folded before Flop
Seat 4: Ysiven folded before Flop (didn't bet)
Seat 5: GuigaMan folded before Flop (didn't bet)
Seat 6: Evelexy1 (button) collected ($2.50)



PokerStars Hand #254296972398:  Hold'em No Limit ($0.50/$1.00 USD) - 2025/01/10 16:51:12 WET [2025/01/10 11:51:12 ET]
Table 'Lynx III' 6-max Seat #1 is the button
Seat 1: AlexPinsk1 ($117 in chips) 
Seat 2: m1lkdud ($240.15 in chips) 
Seat 3: dreimis190 ($101.50 in chips) 
Seat 4: Ysiven ($129.25 in chips) 
Seat 5: GuigaMan ($131.80 in chips) 
Seat 6: Evelexy1 ($101.50 in chips) 
m1lkdud: posts small blind $0.50
dreimis190: posts big blind $1
*** HOLE CARDS ***
Ysiven: folds 
GuigaMan: raises $1.10 to $2.10
Evelexy1: folds 
AlexPinsk1: folds 
m1lkdud: folds 
dreimis190: folds 
Uncalled bet ($1.10) returned to GuigaMan
GuigaMan collected $2.50 from pot
GuigaMan: doesn't show hand 
*** SUMMARY ***
Total pot $2.50 | Rake $0 
Seat 1: AlexPinsk1 (button) folded before Flop (didn't bet)
Seat 2: m1lkdud (small blind) folded before Flop
Seat 3: dreimis190 (big blind) folded before Flop
Seat 4: Ysiven folded before Flop (didn't bet)
Seat 5: GuigaMan collected ($2.50)
Seat 6: Evelexy1 folded before Flop (didn't bet)



PokerStars Hand #254296977395:  Hold'em No Limit ($0.50/$1.00 USD) - 2025/01/10 16:51:32 WET [2025/01/10 11:51:32 ET]
Table 'Lynx III' 6-max Seat #2 is the button
Seat 1: AlexPinsk1 ($117 in chips) 
Seat 2: m1lkdud ($239.65 in chips) 
Seat 3: dreimis190 ($100.50 in chips) 
Seat 4: Ysiven ($129.25 in chips) 
Seat 5: GuigaMan ($133.30 in chips) 
Seat 6: Evelexy1 ($101.50 in chips) 
dreimis190: posts small blind $0.50
Ysiven: posts big blind $1
*** HOLE CARDS ***
GuigaMan: folds 
Evelexy1: folds 
AlexPinsk1: folds 
m1lkdud: raises $2.50 to $3.50
dreimis190: folds 
Ysiven: folds 
Uncalled bet ($2.50) returned to m1lkdud
m1lkdud collected $2.50 from pot
*** SUMMARY ***
Total pot $2.50 | Rake $0 
Seat 1: AlexPinsk1 folded before Flop (didn't bet)
Seat 2: m1lkdud (button) collected ($2.50)
Seat 3: dreimis190 (small blind) folded before Flop
Seat 4: Ysiven (big blind) folded before Flop
Seat 5: GuigaMan folded before Flop (didn't bet)
Seat 6: Evelexy1 folded before Flop (didn't bet)



PokerStars Hand #254296980490:  Hold'em No Limit ($0.50/$1.00 USD) - 2025/01/10 16:51:43 WET [2025/01/10 11:51:43 ET]
Table 'Lynx III' 6-max Seat #3 is the button
Seat 1: AlexPinsk1 ($117 in chips) 
Seat 2: m1lkdud ($241.15 in chips) 
Seat 3: dreimis190 ($100 in chips) 
Seat 4: Ysiven ($128.25 in chips) 
Seat 5: GuigaMan ($133.30 in chips) 
Seat 6: Evelexy1 ($101.50 in chips) 
Ysiven: posts small blind $0.50
GuigaMan: posts big blind $1
*** HOLE CARDS ***
Evelexy1: folds 
AlexPinsk1: raises $1.50 to $2.50
m1lkdud: folds 
dreimis190: folds 
Ysiven: folds 
GuigaMan: folds 
Uncalled bet ($1.50) returned to AlexPinsk1
AlexPinsk1 collected $2.50 from pot
AlexPinsk1: doesn't show hand 
*** SUMMARY ***
Total pot $2.50 | Rake $0 
Seat 1: AlexPinsk1 collected ($2.50)
Seat 2: m1lkdud folded before Flop (didn't bet)
Seat 3: dreimis190 (button) folded before Flop (didn't bet)
Seat 4: Ysiven (small blind) folded before Flop
Seat 5: GuigaMan (big blind) folded before Flop
Seat 6: Evelexy1 folded before Flop (didn't bet)



PokerStars Hand #254296985155:  Hold'em No Limit ($0.50/$1.00 USD) - 2025/01/10 16:52:01 WET [2025/01/10 11:52:01 ET]
Table 'Lynx III' 6-max Seat #4 is the button
Seat 1: AlexPinsk1 ($118.50 in chips) 
Seat 2: m1lkdud ($241.15 in chips) 
Seat 3: dreimis190 ($100 in chips) 
Seat 4: Ysiven ($127.75 in chips) 
Seat 5: GuigaMan ($132.30 in chips) 
Seat 6: Evelexy1 ($101.50 in chips) 
GuigaMan: posts small blind $0.50
Evelexy1: posts big blind $1
*** HOLE CARDS ***
AlexPinsk1: folds 
m1lkdud: folds 
dreimis190: raises $1.50 to $2.50
Ysiven: folds 
GuigaMan: folds 
Evelexy1: calls $1.50
*** FLOP *** [9c Td 9d]
Evelexy1: checks 
dreimis190: bets $1.22
Evelexy1: calls $1.22
*** TURN *** [9c Td 9d] [Kc]
Evelexy1: checks 
dreimis190: checks 
*** RIVER *** [9c Td 9d Kc] [7s]
Evelexy1: checks 
dreimis190: bets $11.16
Evelexy1: folds 
Uncalled bet ($11.16) returned to dreimis190
dreimis190 collected $7.54 from pot
dreimis190: doesn't show hand 
*** SUMMARY ***
Total pot $7.94 | Rake $0.40 
Board [9c Td 9d Kc 7s]
Seat 1: AlexPinsk1 folded before Flop (didn't bet)
Seat 2: m1lkdud folded before Flop (didn't bet)
Seat 3: dreimis190 collected ($7.54)
Seat 4: Ysiven (button) folded before Flop (didn't bet)
Seat 5: GuigaMan (small blind) folded before Flop
Seat 6: Evelexy1 (big blind) folded on the River



PokerStars Hand #254297000597:  Hold'em No Limit ($0.50/$1.00 USD) - 2025/01/10 16:53:01 WET [2025/01/10 11:53:01 ET]
Table 'Lynx III' 6-max Seat #5 is the button
Seat 1: AlexPinsk1 ($118.50 in chips) 
Seat 2: m1lkdud ($241.15 in chips) 
Seat 3: dreimis190 ($103.82 in chips) 
Seat 4: Ysiven ($127.75 in chips) 
Seat 5: GuigaMan ($131.80 in chips) 
Seat 6: Evelexy1 ($100 in chips) 
Evelexy1: posts small blind $0.50
AlexPinsk1: posts big blind $1
*** HOLE CARDS ***
m1lkdud: raises $2.50 to $3.50
dreimis190: folds 
Ysiven: folds 
GuigaMan: folds 
Evelexy1: folds 
AlexPinsk1: folds 
Uncalled bet ($2.50) returned to m1lkdud
m1lkdud collected $2.50 from pot
*** SUMMARY ***
Total pot $2.50 | Rake $0 
Seat 1: AlexPinsk1 (big blind) folded before Flop
Seat 2: m1lkdud collected ($2.50)
Seat 3: dreimis190 folded before Flop (didn't bet)
Seat 4: Ysiven folded before Flop (didn't bet)
Seat 5: GuigaMan (button) folded before Flop (didn't bet)
Seat 6: Evelexy1 (small blind) folded before Flop



PokerStars Hand #254297004858:  Hold'em No Limit ($0.50/$1.00 USD) - 2025/01/10 16:53:17 WET [2025/01/10 11:53:17 ET]
Table 'Lynx III' 6-max Seat #6 is the button
Seat 1: AlexPinsk1 ($117.50 in chips) 
Seat 2: m1lkdud ($242.65 in chips) 
Seat 3: dreimis190 ($103.82 in chips) 
Seat 4: Ysiven ($127.75 in chips) 
Seat 5: GuigaMan ($131.80 in chips) 
Seat 6: Evelexy1 ($100 in chips) 
AlexPinsk1: posts small blind $0.50
m1lkdud: posts big blind $1
*** HOLE CARDS ***
dreimis190: folds 
Ysiven: folds 
GuigaMan: folds 
Evelexy1: folds 
AlexPinsk1: folds 
Uncalled bet ($0.50) returned to m1lkdud
m1lkdud collected $1 from pot
*** SUMMARY ***
Total pot $1 | Rake $0 
Seat 1: AlexPinsk1 (small blind) folded before Flop
Seat 2: m1lkdud (big blind) collected ($1)
Seat 3: dreimis190 folded before Flop (didn't bet)
Seat 4: Ysiven folded before Flop (didn't bet)
Seat 5: GuigaMan folded before Flop (didn't bet)
Seat 6: Evelexy1 (button) folded before Flop (didn't bet)



PokerStars Hand #254297010459:  Hold'em No Limit ($0.50/$1.00 USD) - 2025/01/10 16:53:39 WET [2025/01/10 11:53:39 ET]
Table 'Lynx III' 6-max Seat #1 is the button
Seat 1: AlexPinsk1 ($117 in chips) 
Seat 2: m1lkdud ($243.15 in chips) 
Seat 3: dreimis190 ($103.82 in chips) 
Seat 4: Ysiven ($127.75 in chips) 
Seat 5: GuigaMan ($131.80 in chips) 
Seat 6: Evelexy1 ($100 in chips) 
m1lkdud: posts small blind $0.50
dreimis190: posts big blind $1
*** HOLE CARDS ***
Ysiven: folds 
GuigaMan: folds 
Evelexy1: folds 
AlexPinsk1: raises $1.50 to $2.50
m1lkdud: folds 
dreimis190: folds 
Uncalled bet ($1.50) returned to AlexPinsk1
AlexPinsk1 collected $2.50 from pot
AlexPinsk1: doesn't show hand 
*** SUMMARY ***
Total pot $2.50 | Rake $0 
Seat 1: AlexPinsk1 (button) collected ($2.50)
Seat 2: m1lkdud (small blind) folded before Flop
Seat 3: dreimis190 (big blind) folded before Flop
Seat 4: Ysiven folded before Flop (didn't bet)
Seat 5: GuigaMan folded before Flop (didn't bet)
Seat 6: Evelexy1 folded before Flop (didn't bet)



PokerStars Hand #254297015134:  Hold'em No Limit ($0.50/$1.00 USD) - 2025/01/10 16:53:57 WET [2025/01/10 11:53:57 ET]
Table 'Lynx III' 6-max Seat #2 is the button
Seat 1: AlexPinsk1 ($118.50 in chips) 
Seat 2: m1lkdud ($242.65 in chips) 
Seat 3: dreimis190 ($102.82 in chips) 
Seat 4: Ysiven ($127.75 in chips) 
Seat 5: GuigaMan ($131.80 in chips) 
Seat 6: Evelexy1 ($100 in chips) 
dreimis190: posts small blind $0.50
Ysiven: posts big blind $1
*** HOLE CARDS ***
GuigaMan: folds 
Evelexy1: folds 
AlexPinsk1: raises $1.50 to $2.50
m1lkdud: folds 
dreimis190: folds 
Ysiven: calls $1.50
*** FLOP *** [Kh 4c 3h]
Ysiven: checks 
AlexPinsk1: bets $3.92
Ysiven: calls $3.92
*** TURN *** [Kh 4c 3h] [3d]
Ysiven: checks 
AlexPinsk1: bets $9.50
Ysiven: calls $9.50
*** RIVER *** [Kh 4c 3h 3d] [Qd]
Ysiven: checks 
AlexPinsk1: bets $23.04
Ysiven: calls $23.04
*** SHOW DOWN ***
AlexPinsk1: shows [Kc Ad] (two pair, Kings and Threes)
Ysiven: mucks hand 
AlexPinsk1 collected $75.92 from pot
*** SUMMARY ***
Total pot $78.42 | Rake $2.50 
Board [Kh 4c 3h 3d Qd]
Seat 1: AlexPinsk1 showed [Kc Ad] and won ($75.92) with two pair, Kings and Threes
Seat 2: m1lkdud (button) folded before Flop (didn't bet)
Seat 3: dreimis190 (small blind) folded before Flop
Seat 4: Ysiven (big blind) mucked
Seat 5: GuigaMan folded before Flop (didn't bet)
Seat 6: Evelexy1 folded before Flop (didn't bet)



PokerStars Hand #254297040116:  Hold'em No Limit ($0.50/$1.00 USD) - 2025/01/10 16:55:43 WET [2025/01/10 11:55:43 ET]
Table 'Lynx III' 6-max Seat #3 is the button
Seat 1: AlexPinsk1 ($155.46 in chips) 
Seat 2: m1lkdud ($242.65 in chips) 
Seat 3: dreimis190 ($102.32 in chips) 
Seat 4: Ysiven ($100 in chips) 
Seat 5: GuigaMan ($131.80 in chips) 
Seat 6: Evelexy1 ($100 in chips) 
Ysiven: posts small blind $0.50
GuigaMan: posts big blind $1
*** HOLE CARDS ***
Evelexy1: folds 
AlexPinsk1: raises $1.50 to $2.50
m1lkdud: folds 
dreimis190: folds 
Ysiven: folds 
GuigaMan: calls $1.50
*** FLOP *** [4h 6d 5s]
GuigaMan: checks 
AlexPinsk1: checks 
*** TURN *** [4h 6d 5s] [Qc]
GuigaMan: checks 
AlexPinsk1: checks 
*** RIVER *** [4h 6d 5s Qc] [6s]
GuigaMan: checks 
AlexPinsk1: checks 
*** SHOW DOWN ***
GuigaMan: shows [3h 3s] (two pair, Sixes and Threes)
AlexPinsk1: mucks hand 
GuigaMan collected $5.22 from pot
*** SUMMARY ***
Total pot $5.50 | Rake $0.28 
Board [4h 6d 5s Qc 6s]
Seat 1: AlexPinsk1 mucked
Seat 2: m1lkdud folded before Flop (didn't bet)
Seat 3: dreimis190 (button) folded before Flop (didn't bet)
Seat 4: Ysiven (small blind) folded before Flop
Seat 5: GuigaMan (big blind) showed [3h 3s] and won ($5.22) with two pair, Sixes and Threes
Seat 6: Evelexy1 folded before Flop (didn't bet)



PokerStars Hand #254297047863:  Hold'em No Limit ($0.50/$1.00 USD) - 2025/01/10 16:56:24 WET [2025/01/10 11:56:24 ET]
Table 'Lynx III' 6-max Seat #4 is the button
Seat 1: AlexPinsk1 ($152.96 in chips) 
Seat 2: m1lkdud ($242.65 in chips) 
Seat 3: dreimis190 ($102.32 in chips) 
Seat 4: Ysiven ($100 in chips) 
Seat 5: GuigaMan ($134.52 in chips) 
Seat 6: Evelexy1 ($100 in chips) 
GuigaMan: posts small blind $0.50
Evelexy1: posts big blind $1
*** HOLE CARDS ***
AlexPinsk1: folds 
m1lkdud: folds 
dreimis190: folds 
Ysiven: folds 
GuigaMan: folds 
Uncalled bet ($0.50) returned to Evelexy1
Evelexy1 collected $1 from pot
Evelexy1: doesn't show hand 
*** SUMMARY ***
Total pot $1 | Rake $0 
Seat 1: AlexPinsk1 folded before Flop (didn't bet)
Seat 2: m1lkdud folded before Flop (didn't bet)
Seat 3: dreimis190 folded before Flop (didn't bet)
Seat 4: Ysiven (button) folded before Flop (didn't bet)
Seat 5: GuigaMan (small blind) folded before Flop
Seat 6: Evelexy1 (big blind) collected ($1)



PokerStars Hand #254297049897:  Hold'em No Limit ($0.50/$1.00 USD) - 2025/01/10 16:56:35 WET [2025/01/10 11:56:35 ET]
Table 'Lynx III' 6-max Seat #5 is the button
Seat 1: AlexPinsk1 ($152.96 in chips) 
Seat 2: m1lkdud ($242.65 in chips) 
Seat 3: dreimis190 ($102.32 in chips) 
Seat 4: Ysiven ($100 in chips) 
Seat 5: GuigaMan ($134.02 in chips) 
Seat 6: Evelexy1 ($100.50 in chips) 
Evelexy1: posts small blind $0.50
AlexPinsk1: posts big blind $1
*** HOLE CARDS ***
m1lkdud: folds 
dreimis190: folds 
Ysiven: raises $1.30 to $2.30
GuigaMan: folds 
Evelexy1: folds 
AlexPinsk1: folds 
Uncalled bet ($1.30) returned to Ysiven
Ysiven collected $2.50 from pot
Ysiven: doesn't show hand 
*** SUMMARY ***
Total pot $2.50 | Rake $0 
Seat 1: AlexPinsk1 (big blind) folded before Flop
Seat 2: m1lkdud folded before Flop (didn't bet)
Seat 3: dreimis190 folded before Flop (didn't bet)
Seat 4: Ysiven collected ($2.50)
Seat 5: GuigaMan (button) folded before Flop (didn't bet)
Seat 6: Evelexy1 (small blind) folded before Flop



PokerStars Hand #254297053229:  Hold'em No Limit ($0.50/$1.00 USD) - 2025/01/10 16:56:52 WET [2025/01/10 11:56:52 ET]
Table 'Lynx III' 6-max Seat #6 is the button
Seat 1: AlexPinsk1 ($151.96 in chips) 
Seat 2: m1lkdud ($242.65 in chips) 
Seat 3: dreimis190 ($102.32 in chips) 
Seat 4: Ysiven ($101.50 in chips) 
Seat 5: GuigaMan ($134.02 in chips) 
Seat 6: Evelexy1 ($100 in chips) 
AlexPinsk1: posts small blind $0.50
m1lkdud: posts big blind $1
*** HOLE CARDS ***
dreimis190: folds 
Ysiven: raises $1 to $2
GuigaMan: folds 
Evelexy1: folds 
AlexPinsk1: folds 
m1lkdud: raises $5.50 to $7.50
Ysiven: calls $5.50
*** FLOP *** [Ks 4s Js]
m1lkdud: checks 
Ysiven: checks 
*** TURN *** [Ks 4s Js] [3c]
m1lkdud: bets $7.36
Ysiven: calls $7.36
*** RIVER *** [Ks 4s Js 3c] [Ac]
m1lkdud: bets $14.36
Ysiven: raises $72.28 to $86.64 and is all-in
m1lkdud: folds 
Uncalled bet ($72.28) returned to Ysiven
Ysiven collected $56.44 from pot
Ysiven: doesn't show hand 
*** SUMMARY ***
Total pot $58.94 | Rake $2.50 
Board [Ks 4s Js 3c Ac]
Seat 1: AlexPinsk1 (small blind) folded before Flop
Seat 2: m1lkdud (big blind) folded on the River
Seat 3: dreimis190 folded before Flop (didn't bet)
Seat 4: Ysiven collected ($56.44)
Seat 5: GuigaMan folded before Flop (didn't bet)
Seat 6: Evelexy1 (button) folded before Flop (didn't bet)



PokerStars Hand #254297069043:  Hold'em No Limit ($0.50/$1.00 USD) - 2025/01/10 16:58:13 WET [2025/01/10 11:58:13 ET]
Table 'Lynx III' 6-max Seat #1 is the button
Seat 1: AlexPinsk1 ($151.46 in chips) 
Seat 2: m1lkdud ($213.43 in chips) 
Seat 3: dreimis190 ($102.32 in chips) 
Seat 4: Ysiven ($128.72 in chips) 
Seat 5: GuigaMan ($134.02 in chips) 
Seat 6: Evelexy1 ($100 in chips) 
m1lkdud: posts small blind $0.50
dreimis190: posts big blind $1
*** HOLE CARDS ***
Ysiven: folds 
GuigaMan: folds 
Evelexy1: folds 
AlexPinsk1: raises $1.50 to $2.50
m1lkdud: folds 
dreimis190: folds 
Uncalled bet ($1.50) returned to AlexPinsk1
AlexPinsk1 collected $2.50 from pot
AlexPinsk1: doesn't show hand 
*** SUMMARY ***
Total pot $2.50 | Rake $0 
Seat 1: AlexPinsk1 (button) collected ($2.50)
Seat 2: m1lkdud (small blind) folded before Flop
Seat 3: dreimis190 (big blind) folded before Flop
Seat 4: Ysiven folded before Flop (didn't bet)
Seat 5: GuigaMan folded before Flop (didn't bet)
Seat 6: Evelexy1 folded before Flop (didn't bet)



PokerStars Hand #254297072774:  Hold'em No Limit ($0.50/$1.00 USD) - 2025/01/10 16:58:32 WET [2025/01/10 11:58:32 ET]
Table 'Lynx III' 6-max Seat #2 is the button
Seat 1: AlexPinsk1 ($152.96 in chips) 
Seat 2: m1lkdud ($212.93 in chips) 
Seat 3: dreimis190 ($101.32 in chips) 
Seat 4: Ysiven ($128.72 in chips) 
Seat 5: GuigaMan ($134.02 in chips) 
Seat 6: Evelexy1 ($100 in chips) 
dreimis190: posts small blind $0.50
Ysiven: posts big blind $1
*** HOLE CARDS ***
GuigaMan: folds 
Evelexy1: folds 
AlexPinsk1: folds 
m1lkdud: folds 
dreimis190: folds 
Uncalled bet ($0.50) returned to Ysiven
Ysiven collected $1 from pot
Ysiven: doesn't show hand 
*** SUMMARY ***
Total pot $1 | Rake $0 
Seat 1: AlexPinsk1 folded before Flop (didn't bet)
Seat 2: m1lkdud (button) folded before Flop (didn't bet)
Seat 3: dreimis190 (small blind) folded before Flop
Seat 4: Ysiven (big blind) collected ($1)
Seat 5: GuigaMan folded before Flop (didn't bet)
Seat 6: Evelexy1 folded before Flop (didn't bet)



PokerStars Hand #254297074995:  Hold'em No Limit ($0.50/$1.00 USD) - 2025/01/10 16:58:43 WET [2025/01/10 11:58:43 ET]
Table 'Lynx III' 6-max Seat #3 is the button
Seat 5: GuigaMan ($134.02 in chips) is sitting out
Seat 1: AlexPinsk1 ($152.96 in chips) 
Seat 2: m1lkdud ($212.93 in chips) 
Seat 3: dreimis190 ($100.82 in chips) 
Seat 4: Ysiven ($129.22 in chips) 
Seat 6: Evelexy1 ($100 in chips) 
Ysiven: posts small blind $0.50
GuigaMan: is sitting out 
Evelexy1: posts big blind $1
*** HOLE CARDS ***
AlexPinsk1: raises $1.50 to $2.50
GuigaMan leaves the table
m1lkdud: folds 
dreimis190: folds 
Ysiven: folds 
Evelexy1: folds 
Uncalled bet ($1.50) returned to AlexPinsk1
AlexPinsk1 collected $2.50 from pot
AlexPinsk1: doesn't show hand 
*** SUMMARY ***
Total pot $2.50 | Rake $0 
Seat 5: GuigaMan
Seat 1: AlexPinsk1 collected ($2.50)
Seat 2: m1lkdud folded before Flop (didn't bet)
Seat 3: dreimis190 (button) folded before Flop (didn't bet)
Seat 4: Ysiven (small blind) folded before Flop
Seat 6: Evelexy1 (big blind) folded before Flop



PokerStars Hand #254297077507:  Hold'em No Limit ($0.50/$1.00 USD) - 2025/01/10 16:58:56 WET [2025/01/10 11:58:56 ET]
Table 'Lynx III' 6-max Seat #4 is the button
Seat 1: AlexPinsk1 ($154.46 in chips) 
Seat 2: m1lkdud ($212.93 in chips) 
Seat 3: dreimis190 ($100.82 in chips) 
Seat 4: Ysiven ($128.72 in chips) 
Seat 6: Evelexy1 ($100 in chips) 
coeeeelho joins the table at seat #5 
Evelexy1: posts small blind $0.50
AlexPinsk1: posts big blind $1
*** HOLE CARDS ***
m1lkdud: folds 
dreimis190: raises $1.50 to $2.50
Ysiven: folds 
Evelexy1: folds 
AlexPinsk1: folds 
Uncalled bet ($1.50) returned to dreimis190
dreimis190 collected $2.50 from pot
dreimis190: doesn't show hand 
*** SUMMARY ***
Total pot $2.50 | Rake $0 
Seat 1: AlexPinsk1 (big blind) folded before Flop
Seat 2: m1lkdud folded before Flop (didn't bet)
Seat 3: dreimis190 collected ($2.50)
Seat 4: Ysiven (button) folded before Flop (didn't bet)
Seat 6: Evelexy1 (small blind) folded before Flop



PokerStars Hand #254297080878:  Hold'em No Limit ($0.50/$1.00 USD) - 2025/01/10 16:59:14 WET [2025/01/10 11:59:14 ET]
Table 'Lynx III' 6-max Seat #6 is the button
Seat 5: coeeeelho ($100 in chips) is sitting out
Seat 1: AlexPinsk1 ($153.46 in chips) 
Seat 2: m1lkdud ($212.93 in chips) 
Seat 3: dreimis190 ($102.32 in chips) 
Seat 4: Ysiven ($128.72 in chips) 
Seat 6: Evelexy1 ($100 in chips) 
AlexPinsk1: posts small blind $0.50
m1lkdud: posts big blind $1
coeeeelho: sits out 
*** HOLE CARDS ***
dreimis190: folds 
Ysiven: folds 
Evelexy1: raises $1.50 to $2.50
AlexPinsk1: folds 
m1lkdud: raises $6.50 to $9
Evelexy1: folds 
Uncalled bet ($6.50) returned to m1lkdud
m1lkdud collected $5.50 from pot
*** SUMMARY ***
Total pot $5.50 | Rake $0 
Seat 5: coeeeelho
Seat 1: AlexPinsk1 (small blind) folded before Flop
Seat 2: m1lkdud (big blind) collected ($5.50)
Seat 3: dreimis190 folded before Flop (didn't bet)
Seat 4: Ysiven folded before Flop (didn't bet)
Seat 6: Evelexy1 (button) folded before Flop



PokerStars Hand #254297085669:  Hold'em No Limit ($0.50/$1.00 USD) - 2025/01/10 16:59:38 WET [2025/01/10 11:59:38 ET]
Table 'Lynx III' 6-max Seat #1 is the button
Seat 5: coeeeelho ($100 in chips) is sitting out
Seat 1: AlexPinsk1 ($152.96 in chips) 
Seat 2: m1lkdud ($215.93 in chips) 
Seat 3: dreimis190 ($102.32 in chips) 
Seat 4: Ysiven ($128.72 in chips) 
Seat 6: Evelexy1 ($100 in chips) 
m1lkdud: posts small blind $0.50
dreimis190: posts big blind $1
coeeeelho: sits out 
*** HOLE CARDS ***
Ysiven: raises $1 to $2
Evelexy1: folds 
AlexPinsk1: folds 
m1lkdud: calls $1.50
dreimis190: calls $1
*** FLOP *** [Jc 9c Kh]
m1lkdud: checks 
dreimis190: checks 
Ysiven: checks 
*** TURN *** [Jc 9c Kh] [Td]
m1lkdud: checks 
dreimis190: checks 
Ysiven: checks 
*** RIVER *** [Jc 9c Kh Td] [8d]
coeeeelho leaves the table
m1lkdud: checks 
dreimis190: bets $4.28
xxxZeka joins the table at seat #5 
Ysiven: folds 
m1lkdud: calls $4.28
*** SHOW DOWN ***
dreimis190: shows [2c 5c] (high card King)
m1lkdud: shows [7d 9d] (a straight, Seven to Jack)
m1lkdud collected $13.83 from pot
*** SUMMARY ***
Total pot $14.56 | Rake $0.73 
Board [Jc 9c Kh Td 8d]
Seat 5: coeeeelho
Seat 1: AlexPinsk1 (button) folded before Flop (didn't bet)
Seat 2: m1lkdud (small blind) showed [7d 9d] and won ($13.83) with a straight, Seven to Jack
Seat 3: dreimis190 (big blind) showed [2c 5c] and lost with high card King
Seat 4: Ysiven folded on the River
Seat 6: Evelexy1 folded before Flop (didn't bet)



PokerStars Hand #254297103113:  Hold'em No Limit ($0.50/$1.00 USD) - 2025/01/10 17:01:02 WET [2025/01/10 12:01:02 ET]
Table 'Lynx III' 6-max Seat #2 is the button
Seat 5: xxxZeka ($100 in chips) is sitting out
Seat 1: AlexPinsk1 ($152.96 in chips) 
Seat 2: m1lkdud ($223.48 in chips) 
Seat 3: dreimis190 ($100 in chips) 
Seat 4: Ysiven ($126.72 in chips) 
Seat 6: Evelexy1 ($100 in chips) 
dreimis190: posts small blind $0.50
Ysiven: posts big blind $1
xxxZeka: sits out 
*** HOLE CARDS ***
Evelexy1: folds 
AlexPinsk1: folds 
m1lkdud: raises $2.50 to $3.50
dreimis190: folds 
Ysiven: folds 
Uncalled bet ($2.50) returned to m1lkdud
m1lkdud collected $2.50 from pot
*** SUMMARY ***
Total pot $2.50 | Rake $0 
Seat 5: xxxZeka
Seat 1: AlexPinsk1 folded before Flop (didn't bet)
Seat 2: m1lkdud (button) collected ($2.50)
Seat 3: dreimis190 (small blind) folded before Flop
Seat 4: Ysiven (big blind) folded before Flop
Seat 6: Evelexy1 folded before Flop (didn't bet)



PokerStars Hand #254297106286:  Hold'em No Limit ($0.50/$1.00 USD) - 2025/01/10 17:01:15 WET [2025/01/10 12:01:15 ET]
Table 'Lynx III' 6-max Seat #3 is the button
Seat 1: AlexPinsk1 ($152.96 in chips) 
Seat 2: m1lkdud ($224.98 in chips) 
Seat 3: dreimis190 ($100 in chips) 
Seat 4: Ysiven ($125.72 in chips) 
Seat 5: xxxZeka ($100 in chips) 
Seat 6: Evelexy1 ($100 in chips) 
Ysiven: posts small blind $0.50
xxxZeka: posts big blind $1
*** HOLE CARDS ***
Evelexy1: folds 
AlexPinsk1: folds 
m1lkdud: folds 
dreimis190: raises $1.50 to $2.50
Ysiven: folds 
xxxZeka: calls $1.50
*** FLOP *** [Js 3h Kd]
xxxZeka: checks 
dreimis190: bets $1.22
xxxZeka: folds 
Uncalled bet ($1.22) returned to dreimis190
dreimis190 collected $5.22 from pot
dreimis190: doesn't show hand 
*** SUMMARY ***
Total pot $5.50 | Rake $0.28 
Board [Js 3h Kd]
Seat 1: AlexPinsk1 folded before Flop (didn't bet)
Seat 2: m1lkdud folded before Flop (didn't bet)
Seat 3: dreimis190 (button) collected ($5.22)
Seat 4: Ysiven (small blind) folded before Flop
Seat 5: xxxZeka (big blind) folded on the Flop
Seat 6: Evelexy1 folded before Flop (didn't bet)



PokerStars Hand #254297113910:  Hold'em No Limit ($0.50/$1.00 USD) - 2025/01/10 17:01:46 WET [2025/01/10 12:01:46 ET]
Table 'Lynx III' 6-max Seat #4 is the button
Seat 1: AlexPinsk1 ($152.96 in chips) 
Seat 2: m1lkdud ($224.98 in chips) 
Seat 3: dreimis190 ($102.72 in chips) 
Seat 4: Ysiven ($125.22 in chips) 
Seat 5: xxxZeka ($100 in chips) 
Seat 6: Evelexy1 ($100 in chips) 
xxxZeka: posts small blind $0.50
Evelexy1: posts big blind $1
*** HOLE CARDS ***
AlexPinsk1: raises $1.50 to $2.50
m1lkdud: folds 
dreimis190: folds 
Ysiven: folds 
xxxZeka: folds 
Evelexy1: folds 
Uncalled bet ($1.50) returned to AlexPinsk1
AlexPinsk1 collected $2.50 from pot
AlexPinsk1: doesn't show hand 
*** SUMMARY ***
Total pot $2.50 | Rake $0 
Seat 1: AlexPinsk1 collected ($2.50)
Seat 2: m1lkdud folded before Flop (didn't bet)
Seat 3: dreimis190 folded before Flop (didn't bet)
Seat 4: Ysiven (button) folded before Flop (didn't bet)
Seat 5: xxxZeka (small blind) folded before Flop
Seat 6: Evelexy1 (big blind) folded before Flop



PokerStars Hand #254297116956:  Hold'em No Limit ($0.50/$1.00 USD) - 2025/01/10 17:01:58 WET [2025/01/10 12:01:58 ET]
Table 'Lynx III' 6-max Seat #5 is the button
Seat 1: AlexPinsk1 ($154.46 in chips) 
Seat 2: m1lkdud ($224.98 in chips) 
Seat 3: dreimis190 ($102.72 in chips) 
Seat 4: Ysiven ($125.22 in chips) 
Seat 5: xxxZeka ($100 in chips) 
Seat 6: Evelexy1 ($100 in chips) 
Evelexy1: posts small blind $0.50
AlexPinsk1: posts big blind $1
*** HOLE CARDS ***
m1lkdud: raises $2.50 to $3.50
dreimis190: folds 
Ysiven: folds 
xxxZeka: folds 
Evelexy1: folds 
AlexPinsk1: calls $2.50
*** FLOP *** [3c Ks 7s]
AlexPinsk1: checks 
m1lkdud: bets $3.56
AlexPinsk1: folds 
Uncalled bet ($3.56) returned to m1lkdud
m1lkdud collected $7.12 from pot
*** SUMMARY ***
Total pot $7.50 | Rake $0.38 
Board [3c Ks 7s]
Seat 1: AlexPinsk1 (big blind) folded on the Flop
Seat 2: m1lkdud collected ($7.12)
Seat 3: dreimis190 folded before Flop (didn't bet)
Seat 4: Ysiven folded before Flop (didn't bet)
Seat 5: xxxZeka (button) folded before Flop (didn't bet)
Seat 6: Evelexy1 (small blind) folded before Flop



PokerStars Hand #254297124005:  Hold'em No Limit ($0.50/$1.00 USD) - 2025/01/10 17:02:26 WET [2025/01/10 12:02:26 ET]
Table 'Lynx III' 6-max Seat #6 is the button
Seat 1: AlexPinsk1 ($150.96 in chips) 
Seat 2: m1lkdud ($228.60 in chips) 
Seat 3: dreimis190 ($102.72 in chips) 
Seat 4: Ysiven ($125.22 in chips) 
Seat 5: xxxZeka ($100 in chips) 
Seat 6: Evelexy1 ($100 in chips) 
AlexPinsk1: posts small blind $0.50
m1lkdud: posts big blind $1
*** HOLE CARDS ***
dreimis190: folds 
Ysiven: folds 
xxxZeka: folds 
Evelexy1: folds 
AlexPinsk1: folds 
Uncalled bet ($0.50) returned to m1lkdud
m1lkdud collected $1 from pot
*** SUMMARY ***
Total pot $1 | Rake $0 
Seat 1: AlexPinsk1 (small blind) folded before Flop
Seat 2: m1lkdud (big blind) collected ($1)
Seat 3: dreimis190 folded before Flop (didn't bet)
Seat 4: Ysiven folded before Flop (didn't bet)
Seat 5: xxxZeka folded before Flop (didn't bet)
Seat 6: Evelexy1 (button) folded before Flop (didn't bet)



PokerStars Hand #254297126876:  Hold'em No Limit ($0.50/$1.00 USD) - 2025/01/10 17:02:37 WET [2025/01/10 12:02:37 ET]
Table 'Lynx III' 6-max Seat #1 is the button
Seat 1: AlexPinsk1 ($150.46 in chips) 
Seat 2: m1lkdud ($229.10 in chips) 
Seat 3: dreimis190 ($102.72 in chips) 
Seat 4: Ysiven ($125.22 in chips) 
Seat 5: xxxZeka ($100 in chips) 
Seat 6: Evelexy1 ($100 in chips) 
m1lkdud: posts small blind $0.50
dreimis190: posts big blind $1
*** HOLE CARDS ***
Ysiven: folds 
xxxZeka: folds 
Evelexy1: raises $1.50 to $2.50
AlexPinsk1: folds 
m1lkdud: calls $2
dreimis190: folds 
*** FLOP *** [7h 7c Tc]
m1lkdud: checks 
Evelexy1: bets $2.85
m1lkdud: folds 
Uncalled bet ($2.85) returned to Evelexy1
Evelexy1 collected $5.70 from pot
Evelexy1: doesn't show hand 
*** SUMMARY ***
Total pot $6 | Rake $0.30 
Board [7h 7c Tc]
Seat 1: AlexPinsk1 (button) folded before Flop (didn't bet)
Seat 2: m1lkdud (small blind) folded on the Flop
Seat 3: dreimis190 (big blind) folded before Flop
Seat 4: Ysiven folded before Flop (didn't bet)
Seat 5: xxxZeka folded before Flop (didn't bet)
Seat 6: Evelexy1 collected ($5.70)



PokerStars Hand #254297134081:  Hold'em No Limit ($0.50/$1.00 USD) - 2025/01/10 17:03:05 WET [2025/01/10 12:03:05 ET]
Table 'Lynx III' 6-max Seat #2 is the button
Seat 1: AlexPinsk1 ($150.46 in chips) 
Seat 2: m1lkdud ($226.60 in chips) 
Seat 3: dreimis190 ($101.72 in chips) 
Seat 4: Ysiven ($125.22 in chips) 
Seat 5: xxxZeka ($100 in chips) 
Seat 6: Evelexy1 ($103.20 in chips) 
dreimis190: posts small blind $0.50
Ysiven: posts big blind $1
*** HOLE CARDS ***
xxxZeka: folds 
Evelexy1: folds 
AlexPinsk1: folds 
m1lkdud: folds 
dreimis190: raises $2 to $3
Ysiven: folds 
Uncalled bet ($2) returned to dreimis190
dreimis190 collected $2 from pot
dreimis190: doesn't show hand 
*** SUMMARY ***
Total pot $2 | Rake $0 
Seat 1: AlexPinsk1 folded before Flop (didn't bet)
Seat 2: m1lkdud (button) folded before Flop (didn't bet)
Seat 3: dreimis190 (small blind) collected ($2)
Seat 4: Ysiven (big blind) folded before Flop
Seat 5: xxxZeka folded before Flop (didn't bet)
Seat 6: Evelexy1 folded before Flop (didn't bet)



PokerStars Hand #254297138914:  Hold'em No Limit ($0.50/$1.00 USD) - 2025/01/10 17:03:23 WET [2025/01/10 12:03:23 ET]
Table 'Lynx III' 6-max Seat #3 is the button
Seat 1: AlexPinsk1 ($150.46 in chips) 
Seat 2: m1lkdud ($226.60 in chips) 
Seat 3: dreimis190 ($102.72 in chips) 
Seat 4: Ysiven ($124.22 in chips) 
Seat 5: xxxZeka ($100 in chips) 
Seat 6: Evelexy1 ($103.20 in chips) 
Ysiven: posts small blind $0.50
xxxZeka: posts big blind $1
*** HOLE CARDS ***
Evelexy1: raises $1 to $2
AlexPinsk1: folds 
m1lkdud: folds 
dreimis190: folds 
Ysiven: folds 
xxxZeka: folds 
Uncalled bet ($1) returned to Evelexy1
Evelexy1 collected $2.50 from pot
Evelexy1: doesn't show hand 
*** SUMMARY ***
Total pot $2.50 | Rake $0 
Seat 1: AlexPinsk1 folded before Flop (didn't bet)
Seat 2: m1lkdud folded before Flop (didn't bet)
Seat 3: dreimis190 (button) folded before Flop (didn't bet)
Seat 4: Ysiven (small blind) folded before Flop
Seat 5: xxxZeka (big blind) folded before Flop
Seat 6: Evelexy1 collected ($2.50)



PokerStars Hand #254297144622:  Hold'em No Limit ($0.50/$1.00 USD) - 2025/01/10 17:03:46 WET [2025/01/10 12:03:46 ET]
Table 'Lynx III' 6-max Seat #4 is the button
Seat 1: AlexPinsk1 ($150.46 in chips) 
Seat 2: m1lkdud ($226.60 in chips) 
Seat 3: dreimis190 ($102.72 in chips) 
Seat 4: Ysiven ($123.72 in chips) 
Seat 5: xxxZeka ($100 in chips) 
Seat 6: Evelexy1 ($104.70 in chips) 
xxxZeka: posts small blind $0.50
Evelexy1: posts big blind $1
*** HOLE CARDS ***
AlexPinsk1: folds 
m1lkdud: folds 
dreimis190: raises $1.50 to $2.50
Ysiven: folds 
xxxZeka: folds 
Evelexy1: folds 
Uncalled bet ($1.50) returned to dreimis190
dreimis190 collected $2.50 from pot
dreimis190: doesn't show hand 
*** SUMMARY ***
Total pot $2.50 | Rake $0 
Seat 1: AlexPinsk1 folded before Flop (didn't bet)
Seat 2: m1lkdud folded before Flop (didn't bet)
Seat 3: dreimis190 collected ($2.50)
Seat 4: Ysiven (button) folded before Flop (didn't bet)
Seat 5: xxxZeka (small blind) folded before Flop
Seat 6: Evelexy1 (big blind) folded before Flop



PokerStars Hand #254297147889:  Hold'em No Limit ($0.50/$1.00 USD) - 2025/01/10 17:03:59 WET [2025/01/10 12:03:59 ET]
Table 'Lynx III' 6-max Seat #5 is the button
Seat 1: AlexPinsk1 ($150.46 in chips) 
Seat 2: m1lkdud ($226.60 in chips) 
Seat 3: dreimis190 ($104.22 in chips) 
Seat 4: Ysiven ($123.72 in chips) 
Seat 5: xxxZeka ($100 in chips) 
Seat 6: Evelexy1 ($103.70 in chips) 
Evelexy1: posts small blind $0.50
AlexPinsk1: posts big blind $1
*** HOLE CARDS ***
m1lkdud: folds 
dreimis190: folds 
Ysiven: folds 
xxxZeka: raises $1.50 to $2.50
Evelexy1: folds 
AlexPinsk1: calls $1.50
*** FLOP *** [9h 3d 6s]
AlexPinsk1: checks 
xxxZeka: checks 
*** TURN *** [9h 3d 6s] [6c]
AlexPinsk1: checks 
xxxZeka: checks 
*** RIVER *** [9h 3d 6s 6c] [9s]
AlexPinsk1: checks 
xxxZeka: checks 
*** SHOW DOWN ***
AlexPinsk1: shows [Th Kh] (two pair, Nines and Sixes)
xxxZeka: shows [Ac Tc] (two pair, Nines and Sixes - Ace kicker)
xxxZeka collected $5.22 from pot
*** SUMMARY ***
Total pot $5.50 | Rake $0.28 
Board [9h 3d 6s 6c 9s]
Seat 1: AlexPinsk1 (big blind) showed [Th Kh] and lost with two pair, Nines and Sixes
Seat 2: m1lkdud folded before Flop (didn't bet)
Seat 3: dreimis190 folded before Flop (didn't bet)
Seat 4: Ysiven folded before Flop (didn't bet)
Seat 5: xxxZeka (button) showed [Ac Tc] and won ($5.22) with two pair, Nines and Sixes
Seat 6: Evelexy1 (small blind) folded before Flop



PokerStars Hand #254297164626:  Hold'em No Limit ($0.50/$1.00 USD) - 2025/01/10 17:05:02 WET [2025/01/10 12:05:02 ET]
Table 'Lynx III' 6-max Seat #6 is the button
Seat 1: AlexPinsk1 ($147.96 in chips) 
Seat 2: m1lkdud ($226.60 in chips) 
Seat 3: dreimis190 ($104.22 in chips) 
Seat 4: Ysiven ($123.72 in chips) 
Seat 5: xxxZeka ($102.72 in chips) 
Seat 6: Evelexy1 ($103.20 in chips) 
AlexPinsk1: posts small blind $0.50
m1lkdud: posts big blind $1
*** HOLE CARDS ***
dreimis190: folds 
Ysiven: folds 
xxxZeka: folds 
Evelexy1: folds 
AlexPinsk1: raises $2 to $3
m1lkdud: calls $2
*** FLOP *** [As 6d Ac]
AlexPinsk1: bets $1.43
m1lkdud: folds 
Uncalled bet ($1.43) returned to AlexPinsk1
AlexPinsk1 collected $5.70 from pot
AlexPinsk1: doesn't show hand 
*** SUMMARY ***
Total pot $6 | Rake $0.30 
Board [As 6d Ac]
Seat 1: AlexPinsk1 (small blind) collected ($5.70)
Seat 2: m1lkdud (big blind) folded on the Flop
Seat 3: dreimis190 folded before Flop (didn't bet)
Seat 4: Ysiven folded before Flop (didn't bet)
Seat 5: xxxZeka folded before Flop (didn't bet)
Seat 6: Evelexy1 (button) folded before Flop (didn't bet)



PokerStars Hand #254297170154:  Hold'em No Limit ($0.50/$1.00 USD) - 2025/01/10 17:05:23 WET [2025/01/10 12:05:23 ET]
Table 'Lynx III' 6-max Seat #1 is the button
Seat 1: AlexPinsk1 ($150.66 in chips) 
Seat 2: m1lkdud ($223.60 in chips) 
Seat 3: dreimis190 ($104.22 in chips) 
Seat 4: Ysiven ($123.72 in chips) 
Seat 5: xxxZeka ($102.72 in chips) 
Seat 6: Evelexy1 ($103.20 in chips) 
m1lkdud: posts small blind $0.50
dreimis190: posts big blind $1
*** HOLE CARDS ***
Ysiven: folds 
xxxZeka: folds 
Evelexy1: raises $1.50 to $2.50
AlexPinsk1: folds 
m1lkdud: raises $7 to $9.50
dreimis190: folds 
Evelexy1: folds 
Uncalled bet ($7) returned to m1lkdud
m1lkdud collected $6 from pot
*** SUMMARY ***
Total pot $6 | Rake $0 
Seat 1: AlexPinsk1 (button) folded before Flop (didn't bet)
Seat 2: m1lkdud (small blind) collected ($6)
Seat 3: dreimis190 (big blind) folded before Flop
Seat 4: Ysiven folded before Flop (didn't bet)
Seat 5: xxxZeka folded before Flop (didn't bet)
Seat 6: Evelexy1 folded before Flop



PokerStars Hand #254297181341:  Hold'em No Limit ($0.50/$1.00 USD) - 2025/01/10 17:06:06 WET [2025/01/10 12:06:06 ET]
Table 'Lynx III' 6-max Seat #2 is the button
Seat 1: AlexPinsk1 ($150.66 in chips) 
Seat 2: m1lkdud ($227.10 in chips) 
Seat 3: dreimis190 ($103.22 in chips) 
Seat 4: Ysiven ($123.72 in chips) 
Seat 5: xxxZeka ($102.72 in chips) 
Seat 6: Evelexy1 ($100.70 in chips) 
dreimis190: posts small blind $0.50
Ysiven: posts big blind $1
*** HOLE CARDS ***
xxxZeka: folds 
Evelexy1: folds 
AlexPinsk1: folds 
m1lkdud: folds 
dreimis190: folds 
Uncalled bet ($0.50) returned to Ysiven
Ysiven collected $1 from pot
Ysiven: doesn't show hand 
*** SUMMARY ***
Total pot $1 | Rake $0 
Seat 1: AlexPinsk1 folded before Flop (didn't bet)
Seat 2: m1lkdud (button) folded before Flop (didn't bet)
Seat 3: dreimis190 (small blind) folded before Flop
Seat 4: Ysiven (big blind) collected ($1)
Seat 5: xxxZeka folded before Flop (didn't bet)
Seat 6: Evelexy1 folded before Flop (didn't bet)



PokerStars Hand #254297185967:  Hold'em No Limit ($0.50/$1.00 USD) - 2025/01/10 17:06:24 WET [2025/01/10 12:06:24 ET]
Table 'Lynx III' 6-max Seat #3 is the button
Seat 1: AlexPinsk1 ($150.66 in chips) 
Seat 2: m1lkdud ($227.10 in chips) 
Seat 3: dreimis190 ($102.72 in chips) 
Seat 4: Ysiven ($124.22 in chips) 
Seat 5: xxxZeka ($102.72 in chips) 
Seat 6: Evelexy1 ($100.70 in chips) 
Ysiven: posts small blind $0.50
xxxZeka: posts big blind $1
*** HOLE CARDS ***
Evelexy1: folds 
AlexPinsk1: folds 
m1lkdud: folds 
dreimis190: raises $1.50 to $2.50
Ysiven: folds 
xxxZeka: calls $1.50
*** FLOP *** [Js Qc 9c]
xxxZeka: checks 
dreimis190: bets $1.22
xxxZeka: calls $1.22
*** TURN *** [Js Qc 9c] [7s]
xxxZeka: checks 
dreimis190: bets $7.54
xxxZeka: calls $7.54
*** RIVER *** [Js Qc 9c 7s] [8c]
xxxZeka: bets $16.84
dreimis190: raises $74.62 to $91.46 and is all-in
xxxZeka: folds 
Uncalled bet ($74.62) returned to dreimis190
dreimis190 collected $54.20 from pot
dreimis190: doesn't show hand 
*** SUMMARY ***
Total pot $56.70 | Rake $2.50 
Board [Js Qc 9c 7s 8c]
Seat 1: AlexPinsk1 folded before Flop (didn't bet)
Seat 2: m1lkdud folded before Flop (didn't bet)
Seat 3: dreimis190 (button) collected ($54.20)
Seat 4: Ysiven (small blind) folded before Flop
Seat 5: xxxZeka (big blind) folded on the River
Seat 6: Evelexy1 folded before Flop (didn't bet)



PokerStars Hand #254297218855:  Hold'em No Limit ($0.50/$1.00 USD) - 2025/01/10 17:08:29 WET [2025/01/10 12:08:29 ET]
Table 'Lynx III' 6-max Seat #4 is the button
Seat 1: AlexPinsk1 ($150.66 in chips) 
Seat 2: m1lkdud ($227.10 in chips) 
Seat 3: dreimis190 ($128.82 in chips) 
Seat 4: Ysiven ($123.72 in chips) 
Seat 5: xxxZeka ($100 in chips) 
Seat 6: Evelexy1 ($100.70 in chips) 
xxxZeka: posts small blind $0.50
Evelexy1: posts big blind $1
*** HOLE CARDS ***
AlexPinsk1: folds 
m1lkdud: folds 
dreimis190: folds 
Ysiven: folds 
xxxZeka: folds 
Uncalled bet ($0.50) returned to Evelexy1
Evelexy1 collected $1 from pot
Evelexy1: doesn't show hand 
*** SUMMARY ***
Total pot $1 | Rake $0 
Seat 1: AlexPinsk1 folded before Flop (didn't bet)
Seat 2: m1lkdud folded before Flop (didn't bet)
Seat 3: dreimis190 folded before Flop (didn't bet)
Seat 4: Ysiven (button) folded before Flop (didn't bet)
Seat 5: xxxZeka (small blind) folded before Flop
Seat 6: Evelexy1 (big blind) collected ($1)



PokerStars Hand #254297221522:  Hold'em No Limit ($0.50/$1.00 USD) - 2025/01/10 17:08:39 WET [2025/01/10 12:08:39 ET]
Table 'Lynx III' 6-max Seat #5 is the button
Seat 1: AlexPinsk1 ($150.66 in chips) 
Seat 2: m1lkdud ($227.10 in chips) 
Seat 3: dreimis190 ($128.82 in chips) 
Seat 4: Ysiven ($123.72 in chips) 
Seat 5: xxxZeka ($100 in chips) 
Seat 6: Evelexy1 ($101.20 in chips) 
Evelexy1: posts small blind $0.50
AlexPinsk1: posts big blind $1
*** HOLE CARDS ***
m1lkdud: folds 
dreimis190: folds 
Ysiven: folds 
xxxZeka: folds 
Evelexy1: raises $1.50 to $2.50
AlexPinsk1: calls $1.50
*** FLOP *** [Ad 5s 6s]
Evelexy1: checks 
AlexPinsk1: checks 
*** TURN *** [Ad 5s 6s] [2h]
Evelexy1: checks 
AlexPinsk1: bets $3.56
Evelexy1: folds 
Uncalled bet ($3.56) returned to AlexPinsk1
AlexPinsk1 collected $4.75 from pot
AlexPinsk1: doesn't show hand 
*** SUMMARY ***
Total pot $5 | Rake $0.25 
Board [Ad 5s 6s 2h]
Seat 1: AlexPinsk1 (big blind) collected ($4.75)
Seat 2: m1lkdud folded before Flop (didn't bet)
Seat 3: dreimis190 folded before Flop (didn't bet)
Seat 4: Ysiven folded before Flop (didn't bet)
Seat 5: xxxZeka (button) folded before Flop (didn't bet)
Seat 6: Evelexy1 (small blind) folded on the Turn



PokerStars Hand #254297235204:  Hold'em No Limit ($0.50/$1.00 USD) - 2025/01/10 17:09:32 WET [2025/01/10 12:09:32 ET]
Table 'Lynx III' 6-max Seat #6 is the button
Seat 1: AlexPinsk1 ($152.91 in chips) 
Seat 2: m1lkdud ($227.10 in chips) 
Seat 3: dreimis190 ($128.82 in chips) 
Seat 4: Ysiven ($123.72 in chips) 
Seat 5: xxxZeka ($100 in chips) 
Seat 6: Evelexy1 ($100 in chips) 
AlexPinsk1: posts small blind $0.50
m1lkdud: posts big blind $1
*** HOLE CARDS ***
dreimis190: folds 
Ysiven: folds 
xxxZeka: folds 
Evelexy1: folds 
AlexPinsk1: folds 
Uncalled bet ($0.50) returned to m1lkdud
m1lkdud collected $1 from pot
*** SUMMARY ***
Total pot $1 | Rake $0 
Seat 1: AlexPinsk1 (small blind) folded before Flop
Seat 2: m1lkdud (big blind) collected ($1)
Seat 3: dreimis190 folded before Flop (didn't bet)
Seat 4: Ysiven folded before Flop (didn't bet)
Seat 5: xxxZeka folded before Flop (didn't bet)
Seat 6: Evelexy1 (button) folded before Flop (didn't bet)



PokerStars Hand #254297238563:  Hold'em No Limit ($0.50/$1.00 USD) - 2025/01/10 17:09:45 WET [2025/01/10 12:09:45 ET]
Table 'Lynx III' 6-max Seat #1 is the button
Seat 1: AlexPinsk1 ($152.41 in chips) 
Seat 2: m1lkdud ($227.60 in chips) 
Seat 3: dreimis190 ($128.82 in chips) 
Seat 4: Ysiven ($123.72 in chips) 
Seat 5: xxxZeka ($100 in chips) 
Seat 6: Evelexy1 ($100 in chips) 
m1lkdud: posts small blind $0.50
dreimis190: posts big blind $1
*** HOLE CARDS ***
Ysiven: raises $1 to $2
xxxZeka: folds 
Evelexy1: folds 
AlexPinsk1: folds 
m1lkdud: folds 
dreimis190: folds 
Uncalled bet ($1) returned to Ysiven
Ysiven collected $2.50 from pot
Ysiven: doesn't show hand 
*** SUMMARY ***
Total pot $2.50 | Rake $0 
Seat 1: AlexPinsk1 (button) folded before Flop (didn't bet)
Seat 2: m1lkdud (small blind) folded before Flop
Seat 3: dreimis190 (big blind) folded before Flop
Seat 4: Ysiven collected ($2.50)
Seat 5: xxxZeka folded before Flop (didn't bet)
Seat 6: Evelexy1 folded before Flop (didn't bet)



PokerStars Hand #254297247273:  Hold'em No Limit ($0.50/$1.00 USD) - 2025/01/10 17:10:18 WET [2025/01/10 12:10:18 ET]
Table 'Lynx III' 6-max Seat #2 is the button
Seat 1: AlexPinsk1 ($152.41 in chips) 
Seat 2: m1lkdud ($227.10 in chips) 
Seat 3: dreimis190 ($127.82 in chips) 
Seat 4: Ysiven ($125.22 in chips) 
Seat 5: xxxZeka ($100 in chips) 
Seat 6: Evelexy1 ($100 in chips) 
dreimis190: posts small blind $0.50
Ysiven: posts big blind $1
*** HOLE CARDS ***
xxxZeka: folds 
Evelexy1: folds 
AlexPinsk1: raises $1.50 to $2.50
m1lkdud: raises $6.50 to $9
dreimis190: raises $13 to $22
Ysiven: folds 
AlexPinsk1: folds 
m1lkdud: calls $13
*** FLOP *** [3s Kd 4s]
dreimis190: bets $10.39
m1lkdud: calls $10.39
*** TURN *** [3s Kd 4s] [2c]
dreimis190: bets $30.89
m1lkdud: raises $163.82 to $194.71 and is all-in
dreimis190: folds 
Uncalled bet ($163.82) returned to m1lkdud
m1lkdud collected $127.56 from pot
*** SUMMARY ***
Total pot $130.06 | Rake $2.50 
Board [3s Kd 4s 2c]
Seat 1: AlexPinsk1 folded before Flop
Seat 2: m1lkdud (button) collected ($127.56)
Seat 3: dreimis190 (small blind) folded on the Turn
Seat 4: Ysiven (big blind) folded before Flop
Seat 5: xxxZeka folded before Flop (didn't bet)
Seat 6: Evelexy1 folded before Flop (didn't bet)



PokerStars Hand #254297268173:  Hold'em No Limit ($0.50/$1.00 USD) - 2025/01/10 17:11:35 WET [2025/01/10 12:11:35 ET]
Table 'Lynx III' 6-max Seat #3 is the button
Seat 1: AlexPinsk1 ($149.91 in chips) 
Seat 2: m1lkdud ($291.38 in chips) 
Seat 3: dreimis190 ($100 in chips) 
Seat 4: Ysiven ($124.22 in chips) 
Seat 5: xxxZeka ($100 in chips) 
Seat 6: Evelexy1 ($100 in chips) 
Ysiven: posts small blind $0.50
xxxZeka: posts big blind $1
*** HOLE CARDS ***
Evelexy1: raises $1 to $2
AlexPinsk1: folds 
m1lkdud: folds 
dreimis190: folds 
Ysiven: folds 
xxxZeka: folds 
Uncalled bet ($1) returned to Evelexy1
Evelexy1 collected $2.50 from pot
Evelexy1: doesn't show hand 
*** SUMMARY ***
Total pot $2.50 | Rake $0 
Seat 1: AlexPinsk1 folded before Flop (didn't bet)
Seat 2: m1lkdud folded before Flop (didn't bet)
Seat 3: dreimis190 (button) folded before Flop (didn't bet)
Seat 4: Ysiven (small blind) folded before Flop
Seat 5: xxxZeka (big blind) folded before Flop
Seat 6: Evelexy1 collected ($2.50)



PokerStars Hand #254297272574:  Hold'em No Limit ($0.50/$1.00 USD) - 2025/01/10 17:11:51 WET [2025/01/10 12:11:51 ET]
Table 'Lynx III' 6-max Seat #4 is the button
Seat 1: AlexPinsk1 ($149.91 in chips) 
Seat 2: m1lkdud ($291.38 in chips) 
Seat 3: dreimis190 ($100 in chips) 
Seat 4: Ysiven ($123.72 in chips) 
Seat 5: xxxZeka ($100 in chips) 
Seat 6: Evelexy1 ($101.50 in chips) 
xxxZeka: posts small blind $0.50
Evelexy1: posts big blind $1
*** HOLE CARDS ***
AlexPinsk1: folds 
m1lkdud: raises $2.50 to $3.50
dreimis190: folds 
Ysiven: folds 
xxxZeka: folds 
Evelexy1: raises $10.50 to $14
m1lkdud: calls $10.50
*** FLOP *** [4c 5d Tc]
Evelexy1: bets $9.03
m1lkdud: folds 
Uncalled bet ($9.03) returned to Evelexy1
Evelexy1 collected $27.08 from pot
Evelexy1: doesn't show hand 
*** SUMMARY ***
Total pot $28.50 | Rake $1.42 
Board [4c 5d Tc]
Seat 1: AlexPinsk1 folded before Flop (didn't bet)
Seat 2: m1lkdud folded on the Flop
Seat 3: dreimis190 folded before Flop (didn't bet)
Seat 4: Ysiven (button) folded before Flop (didn't bet)
Seat 5: xxxZeka (small blind) folded before Flop
Seat 6: Evelexy1 (big blind) collected ($27.08)



PokerStars Hand #254297278553:  Hold'em No Limit ($0.50/$1.00 USD) - 2025/01/10 17:12:14 WET [2025/01/10 12:12:14 ET]
Table 'Lynx III' 6-max Seat #5 is the button
Seat 1: AlexPinsk1 ($149.91 in chips) 
Seat 2: m1lkdud ($277.38 in chips) 
Seat 3: dreimis190 ($100 in chips) 
Seat 4: Ysiven ($123.72 in chips) 
Seat 5: xxxZeka ($100 in chips) 
Seat 6: Evelexy1 ($114.58 in chips) 
Evelexy1: posts small blind $0.50
AlexPinsk1: posts big blind $1
*** HOLE CARDS ***
m1lkdud: folds 
dreimis190: folds 
Ysiven: folds 
xxxZeka: folds 
m1lkdud leaves the table
Evelexy1: raises $1.50 to $2.50
AlexPinsk1: folds 
Uncalled bet ($1.50) returned to Evelexy1
Evelexy1 collected $2 from pot
Evelexy1: doesn't show hand 
*** SUMMARY ***
Total pot $2 | Rake $0 
Seat 1: AlexPinsk1 (big blind) folded before Flop
Seat 2: m1lkdud folded before Flop (didn't bet)
Seat 3: dreimis190 folded before Flop (didn't bet)
Seat 4: Ysiven folded before Flop (didn't bet)
Seat 5: xxxZeka (button) folded before Flop (didn't bet)
Seat 6: Evelexy1 (small blind) collected ($2)



PokerStars Hand #254297282116:  Hold'em No Limit ($0.50/$1.00 USD) - 2025/01/10 17:12:27 WET [2025/01/10 12:12:27 ET]
Table 'Lynx III' 6-max Seat #1 is the button
Seat 6: Evelexy1 ($115.58 in chips) is sitting out
Seat 1: AlexPinsk1 ($148.91 in chips) 
Seat 3: dreimis190 ($100 in chips) 
Seat 4: Ysiven ($123.72 in chips) 
Seat 5: xxxZeka ($100 in chips) 
dreimis190: posts small blind $0.50
Ysiven: posts big blind $1
*** HOLE CARDS ***
xxxZeka: folds 
Evelexy1 leaves the table
AlexPinsk1: folds 
dreimis190: folds 
Uncalled bet ($0.50) returned to Ysiven
Ysiven collected $1 from pot
Ysiven: doesn't show hand 
*** SUMMARY ***
Total pot $1 | Rake $0 
Seat 6: Evelexy1
Seat 1: AlexPinsk1 (button) folded before Flop (didn't bet)
Seat 3: dreimis190 (small blind) folded before Flop
Seat 4: Ysiven (big blind) collected ($1)
Seat 5: xxxZeka folded before Flop (didn't bet)



