PokerStars Hand #254303447624:  Hold'em No Limit ($0.50/$1.00 USD) - 2025/01/10 22:44:11 WET [2025/01/10 17:44:11 ET]
Table 'Ilse III' 6-max Seat #2 is the button
Seat 5: easy_sarcasm ($100 in chips) is sitting out
Seat 6: raketkasix ($100 in chips) is sitting out
Seat 1: nikalas22 ($101.50 in chips) 
Seat 2: GR1995877 ($98.50 in chips) 
Seat 3: andutu34 ($100.50 in chips) 
Seat 4: Manifestorr ($100 in chips) 
andutu34: posts small blind $0.50
Manifestorr: posts big blind $1
easy_sarcasm: sits out 
raketkasix: sits out 
*** HOLE CARDS ***
nikalas22: raises $1.50 to $2.50
GR1995877: calls $2.50
andutu34: folds 
Manifestorr: folds 
*** FLOP *** [9s Qh 8h]
nikalas22: checks 
GR1995877: bets $2
nikalas22: calls $2
*** TURN *** [9s Qh 8h] [5h]
nikalas22: checks 
GR1995877: bets $4
nikalas22: calls $4
*** RIVER *** [9s Qh 8h 5h] [4s]
nikalas22: checks 
GR1995877: checks 
*** SHOW DOWN ***
nikalas22: shows [Tc 9c] (a pair of Nines)
GR1995877: shows [Qs Jc] (a pair of Queens)
GR1995877 collected $17.58 from pot
*** SUMMARY ***
Total pot $18.50 | Rake $0.92 
Board [9s Qh 8h 5h 4s]
Seat 5: easy_sarcasm
Seat 6: raketkasix
Seat 1: nikalas22 showed [Tc 9c] and lost with a pair of Nines
Seat 2: GR1995877 (button) showed [Qs Jc] and won ($17.58) with a pair of Queens
Seat 3: andutu34 (small blind) folded before Flop
Seat 4: Manifestorr (big blind) folded before Flop



PokerStars Hand #254303464597:  Hold'em No Limit ($0.50/$1.00 USD) - 2025/01/10 22:45:04 WET [2025/01/10 17:45:04 ET]
Table 'Ilse III' 6-max Seat #3 is the button
Seat 6: raketkasix ($100 in chips) is sitting out
Seat 1: nikalas22 ($100 in chips) 
Seat 2: GR1995877 ($107.58 in chips) 
Seat 3: andutu34 ($100 in chips) 
Seat 4: Manifestorr ($100 in chips) 
Seat 5: easy_sarcasm ($100 in chips) 
Manifestorr: posts small blind $0.50
easy_sarcasm: posts big blind $1
raketkasix: sits out 
*** HOLE CARDS ***
nikalas22: folds 
GR1995877: folds 
andutu34: folds 
Manifestorr: folds 
Uncalled bet ($0.50) returned to easy_sarcasm
easy_sarcasm collected $1 from pot
*** SUMMARY ***
Total pot $1 | Rake $0 
Seat 6: raketkasix
Seat 1: nikalas22 folded before Flop (didn't bet)
Seat 2: GR1995877 folded before Flop (didn't bet)
Seat 3: andutu34 (button) folded before Flop (didn't bet)
Seat 4: Manifestorr (small blind) folded before Flop
Seat 5: easy_sarcasm (big blind) collected ($1)



PokerStars Hand #254303469247:  Hold'em No Limit ($0.50/$1.00 USD) - 2025/01/10 22:45:18 WET [2025/01/10 17:45:18 ET]
Table 'Ilse III' 6-max Seat #4 is the button
Seat 1: nikalas22 ($100 in chips) 
Seat 2: GR1995877 ($107.58 in chips) 
Seat 3: andutu34 ($100 in chips) 
Seat 4: Manifestorr ($100 in chips) 
Seat 5: easy_sarcasm ($100.50 in chips) 
Seat 6: raketkasix ($100 in chips) 
easy_sarcasm: posts small blind $0.50
raketkasix: posts big blind $1
*** HOLE CARDS ***
nikalas22: folds 
GR1995877: folds 
andutu34: raises $1.30 to $2.30
Manifestorr: folds 
easy_sarcasm: folds 
raketkasix: calls $1.30
*** FLOP *** [Jc Td 6c]
raketkasix: checks 
andutu34: checks 
*** TURN *** [Jc Td 6c] [Tc]
raketkasix: bets $7
andutu34: folds 
Uncalled bet ($7) returned to raketkasix
raketkasix collected $4.84 from pot
raketkasix: doesn't show hand 
*** SUMMARY ***
Total pot $5.10 | Rake $0.26 
Board [Jc Td 6c Tc]
Seat 1: nikalas22 folded before Flop (didn't bet)
Seat 2: GR1995877 folded before Flop (didn't bet)
Seat 3: andutu34 folded on the Turn
Seat 4: Manifestorr (button) folded before Flop (didn't bet)
Seat 5: easy_sarcasm (small blind) folded before Flop
Seat 6: raketkasix (big blind) collected ($4.84)



PokerStars Hand #254303487018:  Hold'em No Limit ($0.50/$1.00 USD) - 2025/01/10 22:46:14 WET [2025/01/10 17:46:14 ET]
Table 'Ilse III' 6-max Seat #5 is the button
Seat 1: nikalas22 ($100 in chips) 
Seat 2: GR1995877 ($107.58 in chips) 
Seat 3: andutu34 ($100 in chips) 
Seat 4: Manifestorr ($100 in chips) 
Seat 5: easy_sarcasm ($100 in chips) 
Seat 6: raketkasix ($102.54 in chips) 
raketkasix: posts small blind $0.50
nikalas22: posts big blind $1
*** HOLE CARDS ***
GR1995877: folds 
andutu34: folds 
Manifestorr: folds 
easy_sarcasm: folds 
raketkasix: raises $2 to $3
nikalas22: calls $2
*** FLOP *** [2d Jd 8d]
raketkasix: bets $1.88
nikalas22: folds 
Uncalled bet ($1.88) returned to raketkasix
raketkasix collected $5.70 from pot
raketkasix: doesn't show hand 
*** SUMMARY ***
Total pot $6 | Rake $0.30 
Board [2d Jd 8d]
Seat 1: nikalas22 (big blind) folded on the Flop
Seat 2: GR1995877 folded before Flop (didn't bet)
Seat 3: andutu34 folded before Flop (didn't bet)
Seat 4: Manifestorr folded before Flop (didn't bet)
Seat 5: easy_sarcasm (button) folded before Flop (didn't bet)
Seat 6: raketkasix (small blind) collected ($5.70)



PokerStars Hand #254303496685:  Hold'em No Limit ($0.50/$1.00 USD) - 2025/01/10 22:46:43 WET [2025/01/10 17:46:43 ET]
Table 'Ilse III' 6-max Seat #6 is the button
Seat 1: nikalas22 ($100 in chips) 
Seat 2: GR1995877 ($107.58 in chips) 
Seat 3: andutu34 ($100 in chips) 
Seat 4: Manifestorr ($100 in chips) 
Seat 5: easy_sarcasm ($100 in chips) 
Seat 6: raketkasix ($105.24 in chips) 
nikalas22: posts small blind $0.50
GR1995877: posts big blind $1
*** HOLE CARDS ***
andutu34: folds 
Manifestorr: raises $1.20 to $2.20
easy_sarcasm: folds 
raketkasix: folds 
nikalas22: folds 
GR1995877: calls $1.20
*** FLOP *** [5c 8h 9d]
GR1995877: checks 
Manifestorr: bets $3.50
GR1995877: calls $3.50
*** TURN *** [5c 8h 9d] [4c]
GR1995877: checks 
Manifestorr: bets $8.48
GR1995877: folds 
Uncalled bet ($8.48) returned to Manifestorr
Manifestorr collected $11.30 from pot
*** SUMMARY ***
Total pot $11.90 | Rake $0.60 
Board [5c 8h 9d 4c]
Seat 1: nikalas22 (small blind) folded before Flop
Seat 2: GR1995877 (big blind) folded on the Turn
Seat 3: andutu34 folded before Flop (didn't bet)
Seat 4: Manifestorr collected ($11.30)
Seat 5: easy_sarcasm folded before Flop (didn't bet)
Seat 6: raketkasix (button) folded before Flop (didn't bet)



PokerStars Hand #254303507030:  Hold'em No Limit ($0.50/$1.00 USD) - 2025/01/10 22:47:15 WET [2025/01/10 17:47:15 ET]
Table 'Ilse III' 6-max Seat #1 is the button
Seat 1: nikalas22 ($100 in chips) 
Seat 2: GR1995877 ($101.88 in chips) 
Seat 3: andutu34 ($100 in chips) 
Seat 4: Manifestorr ($105.60 in chips) 
Seat 5: easy_sarcasm ($100 in chips) 
Seat 6: raketkasix ($105.24 in chips) 
GR1995877: posts small blind $0.50
andutu34: posts big blind $1
*** HOLE CARDS ***
Manifestorr: folds 
easy_sarcasm: folds 
raketkasix: folds 
nikalas22: raises $1.50 to $2.50
GR1995877: folds 
andutu34: folds 
Uncalled bet ($1.50) returned to nikalas22
nikalas22 collected $2.50 from pot
nikalas22: doesn't show hand 
*** SUMMARY ***
Total pot $2.50 | Rake $0 
Seat 1: nikalas22 (button) collected ($2.50)
Seat 2: GR1995877 (small blind) folded before Flop
Seat 3: andutu34 (big blind) folded before Flop
Seat 4: Manifestorr folded before Flop (didn't bet)
Seat 5: easy_sarcasm folded before Flop (didn't bet)
Seat 6: raketkasix folded before Flop (didn't bet)



PokerStars Hand #254303513523:  Hold'em No Limit ($0.50/$1.00 USD) - 2025/01/10 22:47:35 WET [2025/01/10 17:47:35 ET]
Table 'Ilse III' 6-max Seat #2 is the button
Seat 4: Manifestorr ($105.60 in chips) is sitting out
Seat 5: easy_sarcasm ($100 in chips) is sitting out
Seat 6: raketkasix ($105.24 in chips) is sitting out
Seat 1: nikalas22 ($101.50 in chips) 
Seat 2: GR1995877 ($101.38 in chips) 
Seat 3: andutu34 ($100 in chips) 
andutu34: posts small blind $0.50
Manifestorr: is sitting out 
easy_sarcasm: is sitting out 
raketkasix: is sitting out 
nikalas22: posts big blind $1
*** HOLE CARDS ***
easy_sarcasm leaves the table
raketkasix leaves the table
Manifestorr leaves the table
GR1995877: raises $2 to $3
andutu34: folds 
nikalas22: folds 
Uncalled bet ($2) returned to GR1995877
GR1995877 collected $2.50 from pot
*** SUMMARY ***
Total pot $2.50 | Rake $0 
Seat 4: Manifestorr
Seat 5: easy_sarcasm
Seat 6: raketkasix
Seat 1: nikalas22 (big blind) folded before Flop
Seat 2: GR1995877 (button) collected ($2.50)
Seat 3: andutu34 (small blind) folded before Flop



PokerStars Hand #254303521222:  Hold'em No Limit ($0.50/$1.00 USD) - 2025/01/10 22:48:00 WET [2025/01/10 17:48:00 ET]
Table 'Ilse III' 6-max Seat #3 is the button
Seat 1: nikalas22 ($100.50 in chips) 
Seat 2: GR1995877 ($102.88 in chips) 
Seat 3: andutu34 ($100 in chips) 
nikalas22: posts small blind $0.50
GR1995877: posts big blind $1
*** HOLE CARDS ***
andutu34: folds 
andutu34 leaves the table
nikalas22: folds 
Uncalled bet ($0.50) returned to GR1995877
GR1995877 collected $1 from pot
*** SUMMARY ***
Total pot $1 | Rake $0 
Seat 1: nikalas22 (small blind) folded before Flop
Seat 2: GR1995877 (big blind) collected ($1)
Seat 3: andutu34 (button) folded before Flop (didn't bet)



