PokerStars Hand #254295492492:  Hold'em No Limit ($0.50/$1.00 USD) - 2025/01/10 15:06:43 WET [2025/01/10 10:06:43 ET]
Table 'Hertha III' 6-max Seat #2 is the button
Seat 1: RohayhuP ($99.75 in chips) 
Seat 2: erpaye ($104 in chips) 
Seat 3: ars9 ($99 in chips) 
Seat 4: Pe-T ($100 in chips) 
Seat 5: Espada Fish ($100 in chips) 
Seat 6: gudrozd ($121.50 in chips) 
ars9: posts small blind $0.50
Pe-T: posts big blind $1
*** HOLE CARDS ***
Espada Fish: folds 
gudrozd: folds 
RohayhuP: folds 
erpaye: raises $1.30 to $2.30
ars9: folds 
Pe-T: folds 
Uncalled bet ($1.30) returned to erpaye
erpaye collected $2.50 from pot
erpaye: doesn't show hand 
*** SUMMARY ***
Total pot $2.50 | Rake $0 
Seat 1: RohayhuP folded before Flop (didn't bet)
Seat 2: erpaye (button) collected ($2.50)
Seat 3: ars9 (small blind) folded before Flop
Seat 4: Pe-T (big blind) folded before Flop
Seat 5: Espada Fish folded before Flop (didn't bet)
Seat 6: gudrozd folded before Flop (didn't bet)



PokerStars Hand #254295496412:  Hold'em No Limit ($0.50/$1.00 USD) - 2025/01/10 15:07:03 WET [2025/01/10 10:07:03 ET]
Table 'Hertha III' 6-max Seat #3 is the button
Seat 5: Espada Fish ($100 in chips) is sitting out
Seat 1: RohayhuP ($99.75 in chips) 
Seat 2: erpaye ($105.50 in chips) 
Seat 3: ars9 ($98.50 in chips) 
Seat 4: Pe-T ($100 in chips) 
Seat 6: gudrozd ($121.50 in chips) 
Pe-T: posts small blind $0.50
Espada Fish: is sitting out 
gudrozd: posts big blind $1
*** HOLE CARDS ***
RohayhuP: folds 
erpaye: folds 
ars9: raises $1.20 to $2.20
Espada Fish leaves the table
Pe-T: folds 
gudrozd: folds 
Uncalled bet ($1.20) returned to ars9
ars9 collected $2.50 from pot
*** SUMMARY ***
Total pot $2.50 | Rake $0 
Seat 5: Espada Fish
Seat 1: RohayhuP folded before Flop (didn't bet)
Seat 2: erpaye folded before Flop (didn't bet)
Seat 3: ars9 (button) collected ($2.50)
Seat 4: Pe-T (small blind) folded before Flop
Seat 6: gudrozd (big blind) folded before Flop



PokerStars Hand #254295499125:  Hold'em No Limit ($0.50/$1.00 USD) - 2025/01/10 15:07:17 WET [2025/01/10 10:07:17 ET]
Table 'Hertha III' 6-max Seat #4 is the button
Seat 1: RohayhuP ($99.75 in chips) 
Seat 2: erpaye ($105.50 in chips) 
Seat 3: ars9 ($100 in chips) 
Seat 4: Pe-T ($100 in chips) 
Seat 6: gudrozd ($120.50 in chips) 
gudrozd: posts small blind $0.50
RohayhuP: posts big blind $1
*** HOLE CARDS ***
erpaye: folds 
ars9: folds 
Pe-T: folds 
gudrozd: raises $2 to $3
KarP93 joins the table at seat #5 
RohayhuP: raises $6 to $9
gudrozd: raises $16 to $25
KarP93 leaves the table
RohayhuP: folds 
Uncalled bet ($16) returned to gudrozd
gudrozd collected $18 from pot
gudrozd: doesn't show hand 
*** SUMMARY ***
Total pot $18 | Rake $0 
Seat 1: RohayhuP (big blind) folded before Flop
Seat 2: erpaye folded before Flop (didn't bet)
Seat 3: ars9 folded before Flop (didn't bet)
Seat 4: Pe-T (button) folded before Flop (didn't bet)
Seat 6: gudrozd (small blind) collected ($18)



PokerStars Hand #254295509366:  Hold'em No Limit ($0.50/$1.00 USD) - 2025/01/10 15:08:10 WET [2025/01/10 10:08:10 ET]
Table 'Hertha III' 6-max Seat #6 is the button
Seat 1: RohayhuP ($90.75 in chips) 
Seat 2: erpaye ($105.50 in chips) 
Seat 3: ars9 ($100 in chips) 
Seat 4: Pe-T ($100 in chips) 
Seat 6: gudrozd ($129.50 in chips) 
RohayhuP: posts small blind $0.50
erpaye: posts big blind $1
*** HOLE CARDS ***
ars9: folds 
Pe-T: raises $1.50 to $2.50
gudrozd: folds 
RohayhuP: folds 
erpaye: folds 
Uncalled bet ($1.50) returned to Pe-T
Pe-T collected $2.50 from pot
*** SUMMARY ***
Total pot $2.50 | Rake $0 
Seat 1: RohayhuP (small blind) folded before Flop
Seat 2: erpaye (big blind) folded before Flop
Seat 3: ars9 folded before Flop (didn't bet)
Seat 4: Pe-T collected ($2.50)
Seat 6: gudrozd (button) folded before Flop (didn't bet)



PokerStars Hand #254295513627:  Hold'em No Limit ($0.50/$1.00 USD) - 2025/01/10 15:08:32 WET [2025/01/10 10:08:32 ET]
Table 'Hertha III' 6-max Seat #1 is the button
Seat 1: RohayhuP ($90.25 in chips) 
Seat 2: erpaye ($104.50 in chips) 
Seat 3: ars9 ($100 in chips) 
Seat 4: Pe-T ($101.50 in chips) 
Seat 6: gudrozd ($129.50 in chips) 
erpaye: posts small blind $0.50
ars9: posts big blind $1
*** HOLE CARDS ***
Pe-T: raises $1.50 to $2.50
gudrozd: folds 
RohayhuP: folds 
xcinaz joins the table at seat #5 
erpaye: folds 
ars9: calls $1.50
*** FLOP *** [2d Tc Ts]
ars9: checks 
Pe-T: bets $1.72
ars9: folds 
Uncalled bet ($1.72) returned to Pe-T
Pe-T collected $5.22 from pot
*** SUMMARY ***
Total pot $5.50 | Rake $0.28 
Board [2d Tc Ts]
Seat 1: RohayhuP (button) folded before Flop (didn't bet)
Seat 2: erpaye (small blind) folded before Flop
Seat 3: ars9 (big blind) folded on the Flop
Seat 4: Pe-T collected ($5.22)
Seat 6: gudrozd folded before Flop (didn't bet)



PokerStars Hand #254295520441:  Hold'em No Limit ($0.50/$1.00 USD) - 2025/01/10 15:09:08 WET [2025/01/10 10:09:08 ET]
Table 'Hertha III' 6-max Seat #2 is the button
Seat 5: xcinaz ($100 in chips) is sitting out
Seat 1: RohayhuP ($90.25 in chips) 
Seat 2: erpaye ($104 in chips) 
Seat 3: ars9 ($97.50 in chips) 
Seat 4: Pe-T ($104.22 in chips) 
Seat 6: gudrozd ($129.50 in chips) 
ars9: posts small blind $0.50
Pe-T: posts big blind $1
xcinaz: sits out 
*** HOLE CARDS ***
gudrozd: folds 
RohayhuP: folds 
erpaye: raises $1.30 to $2.30
ars9: folds 
Pe-T: folds 
Uncalled bet ($1.30) returned to erpaye
erpaye collected $2.50 from pot
erpaye: doesn't show hand 
*** SUMMARY ***
Total pot $2.50 | Rake $0 
Seat 5: xcinaz
Seat 1: RohayhuP folded before Flop (didn't bet)
Seat 2: erpaye (button) collected ($2.50)
Seat 3: ars9 (small blind) folded before Flop
Seat 4: Pe-T (big blind) folded before Flop
Seat 6: gudrozd folded before Flop (didn't bet)



PokerStars Hand #254295523806:  Hold'em No Limit ($0.50/$1.00 USD) - 2025/01/10 15:09:25 WET [2025/01/10 10:09:25 ET]
Table 'Hertha III' 6-max Seat #3 is the button
Seat 1: RohayhuP ($90.25 in chips) 
Seat 2: erpaye ($105.50 in chips) 
Seat 3: ars9 ($97 in chips) 
Seat 4: Pe-T ($103.22 in chips) 
Seat 5: xcinaz ($100 in chips) 
Seat 6: gudrozd ($129.50 in chips) 
Pe-T: posts small blind $0.50
xcinaz: posts big blind $1
*** HOLE CARDS ***
gudrozd: folds 
RohayhuP: raises $2 to $3
erpaye: folds 
ars9: folds 
Pe-T: folds 
xcinaz: folds 
Uncalled bet ($2) returned to RohayhuP
RohayhuP collected $2.50 from pot
RohayhuP: doesn't show hand 
*** SUMMARY ***
Total pot $2.50 | Rake $0 
Seat 1: RohayhuP collected ($2.50)
Seat 2: erpaye folded before Flop (didn't bet)
Seat 3: ars9 (button) folded before Flop (didn't bet)
Seat 4: Pe-T (small blind) folded before Flop
Seat 5: xcinaz (big blind) folded before Flop
Seat 6: gudrozd folded before Flop (didn't bet)



PokerStars Hand #254295528317:  Hold'em No Limit ($0.50/$1.00 USD) - 2025/01/10 15:09:48 WET [2025/01/10 10:09:48 ET]
Table 'Hertha III' 6-max Seat #4 is the button
Seat 6: gudrozd ($129.50 in chips) is sitting out
Seat 1: RohayhuP ($91.75 in chips) 
Seat 2: erpaye ($105.50 in chips) 
Seat 3: ars9 ($97 in chips) 
Seat 4: Pe-T ($102.72 in chips) 
Seat 5: xcinaz ($100 in chips) 
xcinaz: posts small blind $0.50
gudrozd: is sitting out 
RohayhuP: posts big blind $1
*** HOLE CARDS ***
gudrozd leaves the table
erpaye: folds 
ars9: folds 
Pe-T: folds 
xcinaz: raises $2 to $3
RohayhuP: calls $2
*** FLOP *** [4h 3s 6h]
xcinaz: checks 
RohayhuP: bets $2.85
xcinaz: calls $2.85
*** TURN *** [4h 3s 6h] [3h]
ddyyjj joins the table at seat #6 
ddyyjj is disconnected 
xcinaz: checks 
RohayhuP: checks 
*** RIVER *** [4h 3s 6h 3h] [6c]
xcinaz: checks 
RohayhuP: checks 
*** SHOW DOWN ***
xcinaz: shows [8c Ah] (two pair, Sixes and Threes)
RohayhuP: mucks hand 
xcinaz collected $11.12 from pot
*** SUMMARY ***
Total pot $11.70 | Rake $0.58 
Board [4h 3s 6h 3h 6c]
Seat 6: gudrozd
Seat 1: RohayhuP (big blind) mucked
Seat 2: erpaye folded before Flop (didn't bet)
Seat 3: ars9 folded before Flop (didn't bet)
Seat 4: Pe-T (button) folded before Flop (didn't bet)
Seat 5: xcinaz (small blind) showed [8c Ah] and won ($11.12) with two pair, Sixes and Threes



PokerStars Hand #254295547931:  Hold'em No Limit ($0.50/$1.00 USD) - 2025/01/10 15:11:29 WET [2025/01/10 10:11:29 ET]
Table 'Hertha III' 6-max Seat #5 is the button
Seat 6: ddyyjj ($100 in chips) is sitting out
Seat 1: RohayhuP ($85.90 in chips) 
Seat 2: erpaye ($105.50 in chips) 
Seat 3: ars9 ($97 in chips) 
Seat 4: Pe-T ($102.72 in chips) 
Seat 5: xcinaz ($105.27 in chips) 
RohayhuP: posts small blind $0.50
erpaye: posts big blind $1
*** HOLE CARDS ***
ars9: folds 
Pe-T: folds 
xcinaz: folds 
RohayhuP: raises $2 to $3
erpaye: calls $2
*** FLOP *** [Jc As 7d]
RohayhuP: bets $2.85
erpaye: calls $2.85
*** TURN *** [Jc As 7d] [Qd]
RohayhuP: checks 
erpaye: checks 
*** RIVER *** [Jc As 7d Qd] [5c]
RohayhuP: bets $3.56
erpaye: folds 
Uncalled bet ($3.56) returned to RohayhuP
RohayhuP collected $10.98 from pot
RohayhuP: doesn't show hand 
*** SUMMARY ***
Total pot $11.70 | Rake $0.72 
Board [Jc As 7d Qd 5c]
Seat 6: ddyyjj
Seat 1: RohayhuP (small blind) collected ($10.98)
Seat 2: erpaye (big blind) folded on the River
Seat 3: ars9 folded before Flop (didn't bet)
Seat 4: Pe-T folded before Flop (didn't bet)
Seat 5: xcinaz (button) folded before Flop (didn't bet)



PokerStars Hand #254295561939:  Hold'em No Limit ($0.50/$1.00 USD) - 2025/01/10 15:12:40 WET [2025/01/10 10:12:40 ET]
Table 'Hertha III' 6-max Seat #1 is the button
Seat 6: ddyyjj ($100 in chips) is sitting out
Seat 1: RohayhuP ($91.03 in chips) 
Seat 2: erpaye ($100 in chips) 
Seat 3: ars9 ($97 in chips) 
Seat 4: Pe-T ($102.72 in chips) 
Seat 5: xcinaz ($105.27 in chips) 
erpaye: posts small blind $0.50
ars9: posts big blind $1
ddyyjj: sits out 
*** HOLE CARDS ***
Pe-T: raises $1.50 to $2.50
xcinaz: folds 
RohayhuP: folds 
erpaye: folds 
ars9: folds 
Uncalled bet ($1.50) returned to Pe-T
Pe-T collected $2.50 from pot
*** SUMMARY ***
Total pot $2.50 | Rake $0 
Seat 6: ddyyjj
Seat 1: RohayhuP (button) folded before Flop (didn't bet)
Seat 2: erpaye (small blind) folded before Flop
Seat 3: ars9 (big blind) folded before Flop
Seat 4: Pe-T collected ($2.50)
Seat 5: xcinaz folded before Flop (didn't bet)



PokerStars Hand #254295564555:  Hold'em No Limit ($0.50/$1.00 USD) - 2025/01/10 15:12:53 WET [2025/01/10 10:12:53 ET]
Table 'Hertha III' 6-max Seat #2 is the button
Seat 6: ddyyjj ($100 in chips) is sitting out
Seat 1: RohayhuP ($91.03 in chips) 
Seat 2: erpaye ($100 in chips) 
Seat 3: ars9 ($96 in chips) 
Seat 4: Pe-T ($104.22 in chips) 
Seat 5: xcinaz ($105.27 in chips) 
ars9: posts small blind $0.50
Pe-T: posts big blind $1
ddyyjj: sits out 
*** HOLE CARDS ***
xcinaz: raises $1 to $2
RohayhuP: folds 
erpaye: calls $2
ars9: folds 
Pe-T: folds 
*** FLOP *** [Td As 7h]
xcinaz: checks 
erpaye: checks 
*** TURN *** [Td As 7h] [4h]
xcinaz: checks 
erpaye: checks 
*** RIVER *** [Td As 7h 4h] [3d]
xcinaz: checks 
erpaye: bets $3.45
xcinaz: calls $3.45
*** SHOW DOWN ***
erpaye: shows [Jc Jh] (a pair of Jacks)
xcinaz: shows [Kc Ks] (a pair of Kings)
xcinaz collected $11.78 from pot
*** SUMMARY ***
Total pot $12.40 | Rake $0.62 
Board [Td As 7h 4h 3d]
Seat 6: ddyyjj
Seat 1: RohayhuP folded before Flop (didn't bet)
Seat 2: erpaye (button) showed [Jc Jh] and lost with a pair of Jacks
Seat 3: ars9 (small blind) folded before Flop
Seat 4: Pe-T (big blind) folded before Flop
Seat 5: xcinaz showed [Kc Ks] and won ($11.78) with a pair of Kings



PokerStars Hand #254295582903:  Hold'em No Limit ($0.50/$1.00 USD) - 2025/01/10 15:14:25 WET [2025/01/10 10:14:25 ET]
Table 'Hertha III' 6-max Seat #3 is the button
Seat 6: ddyyjj ($100 in chips) is sitting out
Seat 1: RohayhuP ($91.03 in chips) 
Seat 2: erpaye ($100 in chips) 
Seat 3: ars9 ($95.50 in chips) 
Seat 4: Pe-T ($103.22 in chips) 
Seat 5: xcinaz ($111.60 in chips) 
Pe-T: posts small blind $0.50
xcinaz: posts big blind $1
ddyyjj: sits out 
*** HOLE CARDS ***
RohayhuP: raises $2 to $3
erpaye: folds 
ars9: calls $3
Pe-T: folds 
xcinaz: folds 
*** FLOP *** [Qs 3h 2d]
RohayhuP: bets $3.56
ars9: calls $3.56
*** TURN *** [Qs 3h 2d] [8d]
RohayhuP: checks 
ars9: checks 
*** RIVER *** [Qs 3h 2d 8d] [2h]
ddyyjj is disconnected 
RohayhuP: checks 
ars9: bets $6.95
RohayhuP: folds 
Uncalled bet ($6.95) returned to ars9
ars9 collected $13.89 from pot
*** SUMMARY ***
Total pot $14.62 | Rake $0.73 
Board [Qs 3h 2d 8d 2h]
Seat 6: ddyyjj
Seat 1: RohayhuP folded on the River
Seat 2: erpaye folded before Flop (didn't bet)
Seat 3: ars9 (button) collected ($13.89)
Seat 4: Pe-T (small blind) folded before Flop
Seat 5: xcinaz (big blind) folded before Flop



PokerStars Hand #254295597744:  Hold'em No Limit ($0.50/$1.00 USD) - 2025/01/10 15:15:38 WET [2025/01/10 10:15:38 ET]
Table 'Hertha III' 6-max Seat #4 is the button
Seat 1: RohayhuP ($84.47 in chips) 
Seat 2: erpaye ($100 in chips) 
Seat 3: ars9 ($102.83 in chips) 
Seat 4: Pe-T ($102.72 in chips) 
Seat 5: xcinaz ($110.60 in chips) 
Seat 6: ddyyjj ($100 in chips) 
xcinaz: posts small blind $0.50
ddyyjj: posts big blind $1
*** HOLE CARDS ***
RohayhuP: raises $2 to $3
erpaye: folds 
ars9: folds 
Pe-T: folds 
xcinaz: folds 
ddyyjj: calls $2
*** FLOP *** [9d Ks Jd]
ddyyjj: checks 
RohayhuP: bets $3.09
ddyyjj: calls $3.09
*** TURN *** [9d Ks Jd] [7s]
ddyyjj: checks 
RohayhuP: checks 
*** RIVER *** [9d Ks Jd 7s] [5d]
ddyyjj: bets $8.44
RohayhuP: folds 
Uncalled bet ($8.44) returned to ddyyjj
ddyyjj collected $12.05 from pot
*** SUMMARY ***
Total pot $12.68 | Rake $0.63 
Board [9d Ks Jd 7s 5d]
Seat 1: RohayhuP folded on the River
Seat 2: erpaye folded before Flop (didn't bet)
Seat 3: ars9 folded before Flop (didn't bet)
Seat 4: Pe-T (button) folded before Flop (didn't bet)
Seat 5: xcinaz (small blind) folded before Flop
Seat 6: ddyyjj (big blind) collected ($12.05)



PokerStars Hand #254295612179:  Hold'em No Limit ($0.50/$1.00 USD) - 2025/01/10 15:16:48 WET [2025/01/10 10:16:48 ET]
Table 'Hertha III' 6-max Seat #5 is the button
Seat 1: RohayhuP ($78.38 in chips) 
Seat 2: erpaye ($100 in chips) 
Seat 3: ars9 ($102.83 in chips) 
Seat 4: Pe-T ($102.72 in chips) 
Seat 5: xcinaz ($110.10 in chips) 
Seat 6: ddyyjj ($105.96 in chips) 
ddyyjj: posts small blind $0.50
RohayhuP: posts big blind $1
*** HOLE CARDS ***
erpaye: folds 
ars9: folds 
Pe-T: folds 
xcinaz: folds 
ddyyjj: folds 
Uncalled bet ($0.50) returned to RohayhuP
RohayhuP collected $1 from pot
RohayhuP: doesn't show hand 
*** SUMMARY ***
Total pot $1 | Rake $0 
Seat 1: RohayhuP (big blind) collected ($1)
Seat 2: erpaye folded before Flop (didn't bet)
Seat 3: ars9 folded before Flop (didn't bet)
Seat 4: Pe-T folded before Flop (didn't bet)
Seat 5: xcinaz (button) folded before Flop (didn't bet)
Seat 6: ddyyjj (small blind) folded before Flop



PokerStars Hand #254295615819:  Hold'em No Limit ($0.50/$1.00 USD) - 2025/01/10 15:17:06 WET [2025/01/10 10:17:06 ET]
Table 'Hertha III' 6-max Seat #6 is the button
Seat 1: RohayhuP ($78.88 in chips) 
Seat 2: erpaye ($100 in chips) 
Seat 3: ars9 ($102.83 in chips) 
Seat 4: Pe-T ($102.72 in chips) 
Seat 5: xcinaz ($110.10 in chips) 
Seat 6: ddyyjj ($105.46 in chips) 
RohayhuP: posts small blind $0.50
erpaye: posts big blind $1
*** HOLE CARDS ***
ars9: folds 
Pe-T: folds 
xcinaz: folds 
ddyyjj: folds 
RohayhuP: raises $2 to $3
erpaye: calls $2
*** FLOP *** [7d Ah 2c]
RohayhuP: bets $2.85
erpaye: calls $2.85
*** TURN *** [7d Ah 2c] [5s]
RohayhuP: checks 
erpaye: checks 
*** RIVER *** [7d Ah 2c 5s] [9d]
RohayhuP: checks 
erpaye: checks 
*** SHOW DOWN ***
RohayhuP: shows [Jd As] (a pair of Aces)
erpaye: mucks hand 
RohayhuP collected $10.98 from pot
*** SUMMARY ***
Total pot $11.70 | Rake $0.72 
Board [7d Ah 2c 5s 9d]
Seat 1: RohayhuP (small blind) showed [Jd As] and won ($10.98) with a pair of Aces
Seat 2: erpaye (big blind) mucked
Seat 3: ars9 folded before Flop (didn't bet)
Seat 4: Pe-T folded before Flop (didn't bet)
Seat 5: xcinaz folded before Flop (didn't bet)
Seat 6: ddyyjj (button) folded before Flop (didn't bet)



PokerStars Hand #254295627292:  Hold'em No Limit ($0.50/$1.00 USD) - 2025/01/10 15:18:02 WET [2025/01/10 10:18:02 ET]
Table 'Hertha III' 6-max Seat #1 is the button
Seat 1: RohayhuP ($84.01 in chips) 
Seat 2: erpaye ($100 in chips) 
Seat 3: ars9 ($102.83 in chips) 
Seat 4: Pe-T ($102.72 in chips) 
Seat 5: xcinaz ($110.10 in chips) 
Seat 6: ddyyjj ($105.46 in chips) 
erpaye: posts small blind $0.50
ars9: posts big blind $1
*** HOLE CARDS ***
Pe-T: folds 
xcinaz: folds 
ddyyjj: raises $1.50 to $2.50
RohayhuP: folds 
erpaye: folds 
ars9: calls $1.50
*** FLOP *** [5d 9d 9c]
ars9: checks 
ddyyjj: bets $3.65
ars9: folds 
Uncalled bet ($3.65) returned to ddyyjj
ddyyjj collected $5.22 from pot
*** SUMMARY ***
Total pot $5.50 | Rake $0.28 
Board [5d 9d 9c]
Seat 1: RohayhuP (button) folded before Flop (didn't bet)
Seat 2: erpaye (small blind) folded before Flop
Seat 3: ars9 (big blind) folded on the Flop
Seat 4: Pe-T folded before Flop (didn't bet)
Seat 5: xcinaz folded before Flop (didn't bet)
Seat 6: ddyyjj collected ($5.22)



PokerStars Hand #254295634453:  Hold'em No Limit ($0.50/$1.00 USD) - 2025/01/10 15:18:37 WET [2025/01/10 10:18:37 ET]
Table 'Hertha III' 6-max Seat #2 is the button
Seat 1: RohayhuP ($84.01 in chips) 
Seat 2: erpaye ($100 in chips) 
Seat 3: ars9 ($100.33 in chips) 
Seat 4: Pe-T ($102.72 in chips) 
Seat 5: xcinaz ($110.10 in chips) 
Seat 6: ddyyjj ($108.18 in chips) 
ars9: posts small blind $0.50
Pe-T: posts big blind $1
*** HOLE CARDS ***
xcinaz: folds 
ddyyjj: folds 
RohayhuP: folds 
erpaye: folds 
ars9: raises $1.20 to $2.20
Pe-T: folds 
Uncalled bet ($1.20) returned to ars9
ars9 collected $2 from pot
*** SUMMARY ***
Total pot $2 | Rake $0 
Seat 1: RohayhuP folded before Flop (didn't bet)
Seat 2: erpaye (button) folded before Flop (didn't bet)
Seat 3: ars9 (small blind) collected ($2)
Seat 4: Pe-T (big blind) folded before Flop
Seat 5: xcinaz folded before Flop (didn't bet)
Seat 6: ddyyjj folded before Flop (didn't bet)



PokerStars Hand #254295639302:  Hold'em No Limit ($0.50/$1.00 USD) - 2025/01/10 15:19:00 WET [2025/01/10 10:19:00 ET]
Table 'Hertha III' 6-max Seat #3 is the button
Seat 1: RohayhuP ($84.01 in chips) 
Seat 2: erpaye ($100 in chips) 
Seat 3: ars9 ($101.33 in chips) 
Seat 4: Pe-T ($101.72 in chips) 
Seat 5: xcinaz ($110.10 in chips) 
Seat 6: ddyyjj ($108.18 in chips) 
Pe-T: posts small blind $0.50
xcinaz: posts big blind $1
*** HOLE CARDS ***
ddyyjj: raises $1.50 to $2.50
RohayhuP: folds 
erpaye: raises $5 to $7.50
ars9: folds 
Pe-T: folds 
xcinaz: folds 
ddyyjj: calls $5
*** FLOP *** [5s 9s 4s]
ddyyjj: checks 
erpaye: bets $3.92
ddyyjj: calls $3.92
*** TURN *** [5s 9s 4s] [Jd]
ddyyjj: checks 
erpaye: checks 
*** RIVER *** [5s 9s 4s Jd] [Th]
ddyyjj: bets $7.63
erpaye: folds 
Uncalled bet ($7.63) returned to ddyyjj
ddyyjj collected $23.12 from pot
*** SUMMARY ***
Total pot $24.34 | Rake $1.22 
Board [5s 9s 4s Jd Th]
Seat 1: RohayhuP folded before Flop (didn't bet)
Seat 2: erpaye folded on the River
Seat 3: ars9 (button) folded before Flop (didn't bet)
Seat 4: Pe-T (small blind) folded before Flop
Seat 5: xcinaz (big blind) folded before Flop
Seat 6: ddyyjj collected ($23.12)



PokerStars Hand #254295656163:  Hold'em No Limit ($0.50/$1.00 USD) - 2025/01/10 15:20:23 WET [2025/01/10 10:20:23 ET]
Table 'Hertha III' 6-max Seat #4 is the button
Seat 1: RohayhuP ($84.01 in chips) 
Seat 2: erpaye ($100 in chips) 
Seat 3: ars9 ($101.33 in chips) 
Seat 4: Pe-T ($101.22 in chips) 
Seat 5: xcinaz ($109.10 in chips) 
Seat 6: ddyyjj ($119.88 in chips) 
xcinaz: posts small blind $0.50
ddyyjj: posts big blind $1
*** HOLE CARDS ***
RohayhuP: folds 
erpaye: folds 
ars9: folds 
Pe-T: folds 
xcinaz: raises $2 to $3
ddyyjj: folds 
Uncalled bet ($2) returned to xcinaz
xcinaz collected $2 from pot
xcinaz: doesn't show hand 
*** SUMMARY ***
Total pot $2 | Rake $0 
Seat 1: RohayhuP folded before Flop (didn't bet)
Seat 2: erpaye folded before Flop (didn't bet)
Seat 3: ars9 folded before Flop (didn't bet)
Seat 4: Pe-T (button) folded before Flop (didn't bet)
Seat 5: xcinaz (small blind) collected ($2)
Seat 6: ddyyjj (big blind) folded before Flop



PokerStars Hand #254295660234:  Hold'em No Limit ($0.50/$1.00 USD) - 2025/01/10 15:20:42 WET [2025/01/10 10:20:42 ET]
Table 'Hertha III' 6-max Seat #5 is the button
Seat 1: RohayhuP ($84.01 in chips) 
Seat 2: erpaye ($100 in chips) 
Seat 3: ars9 ($101.33 in chips) 
Seat 4: Pe-T ($101.22 in chips) 
Seat 5: xcinaz ($110.10 in chips) 
Seat 6: ddyyjj ($118.88 in chips) 
ddyyjj: posts small blind $0.50
RohayhuP: posts big blind $1
*** HOLE CARDS ***
erpaye: folds 
ars9: folds 
Pe-T: folds 
xcinaz: folds 
ddyyjj: folds 
Uncalled bet ($0.50) returned to RohayhuP
RohayhuP collected $1 from pot
RohayhuP: doesn't show hand 
*** SUMMARY ***
Total pot $1 | Rake $0 
Seat 1: RohayhuP (big blind) collected ($1)
Seat 2: erpaye folded before Flop (didn't bet)
Seat 3: ars9 folded before Flop (didn't bet)
Seat 4: Pe-T folded before Flop (didn't bet)
Seat 5: xcinaz (button) folded before Flop (didn't bet)
Seat 6: ddyyjj (small blind) folded before Flop



PokerStars Hand #254295663081:  Hold'em No Limit ($0.50/$1.00 USD) - 2025/01/10 15:20:56 WET [2025/01/10 10:20:56 ET]
Table 'Hertha III' 6-max Seat #6 is the button
Seat 1: RohayhuP ($84.51 in chips) 
Seat 2: erpaye ($100 in chips) 
Seat 3: ars9 ($101.33 in chips) 
Seat 4: Pe-T ($101.22 in chips) 
Seat 5: xcinaz ($110.10 in chips) 
Seat 6: ddyyjj ($118.38 in chips) 
RohayhuP: posts small blind $0.50
erpaye: posts big blind $1
*** HOLE CARDS ***
ars9: folds 
Pe-T: folds 
xcinaz: raises $1.20 to $2.20
ddyyjj: folds 
RohayhuP: folds 
erpaye: raises $8.80 to $11
xcinaz: calls $8.80
*** FLOP *** [Qc Qd 5c]
erpaye: checks 
xcinaz: bets $5.35
erpaye: folds 
Uncalled bet ($5.35) returned to xcinaz
xcinaz collected $21.38 from pot
xcinaz: doesn't show hand 
*** SUMMARY ***
Total pot $22.50 | Rake $1.12 
Board [Qc Qd 5c]
Seat 1: RohayhuP (small blind) folded before Flop
Seat 2: erpaye (big blind) folded on the Flop
Seat 3: ars9 folded before Flop (didn't bet)
Seat 4: Pe-T folded before Flop (didn't bet)
Seat 5: xcinaz collected ($21.38)
Seat 6: ddyyjj (button) folded before Flop (didn't bet)



PokerStars Hand #254295673964:  Hold'em No Limit ($0.50/$1.00 USD) - 2025/01/10 15:21:48 WET [2025/01/10 10:21:48 ET]
Table 'Hertha III' 6-max Seat #1 is the button
Seat 1: RohayhuP ($84.01 in chips) 
Seat 2: erpaye ($100 in chips) 
Seat 3: ars9 ($101.33 in chips) 
Seat 4: Pe-T ($101.22 in chips) 
Seat 5: xcinaz ($120.48 in chips) 
Seat 6: ddyyjj ($118.38 in chips) 
erpaye: posts small blind $0.50
ars9: posts big blind $1
*** HOLE CARDS ***
Pe-T: folds 
xcinaz: folds 
ddyyjj: folds 
RohayhuP: folds 
erpaye: raises $1.30 to $2.30
ars9: folds 
Uncalled bet ($1.30) returned to erpaye
erpaye collected $2 from pot
erpaye: doesn't show hand 
*** SUMMARY ***
Total pot $2 | Rake $0 
Seat 1: RohayhuP (button) folded before Flop (didn't bet)
Seat 2: erpaye (small blind) collected ($2)
Seat 3: ars9 (big blind) folded before Flop
Seat 4: Pe-T folded before Flop (didn't bet)
Seat 5: xcinaz folded before Flop (didn't bet)
Seat 6: ddyyjj folded before Flop (didn't bet)



PokerStars Hand #254295677649:  Hold'em No Limit ($0.50/$1.00 USD) - 2025/01/10 15:22:06 WET [2025/01/10 10:22:06 ET]
Table 'Hertha III' 6-max Seat #2 is the button
Seat 1: RohayhuP ($84.01 in chips) 
Seat 2: erpaye ($101 in chips) 
Seat 3: ars9 ($100.33 in chips) 
Seat 4: Pe-T ($101.22 in chips) 
Seat 5: xcinaz ($120.48 in chips) 
Seat 6: ddyyjj ($118.38 in chips) 
ars9: posts small blind $0.50
Pe-T: posts big blind $1
*** HOLE CARDS ***
xcinaz: folds 
ddyyjj: folds 
RohayhuP: folds 
erpaye: folds 
ars9: folds 
Uncalled bet ($0.50) returned to Pe-T
Pe-T collected $1 from pot
*** SUMMARY ***
Total pot $1 | Rake $0 
Seat 1: RohayhuP folded before Flop (didn't bet)
Seat 2: erpaye (button) folded before Flop (didn't bet)
Seat 3: ars9 (small blind) folded before Flop
Seat 4: Pe-T (big blind) collected ($1)
Seat 5: xcinaz folded before Flop (didn't bet)
Seat 6: ddyyjj folded before Flop (didn't bet)



PokerStars Hand #254295680789:  Hold'em No Limit ($0.50/$1.00 USD) - 2025/01/10 15:22:21 WET [2025/01/10 10:22:21 ET]
Table 'Hertha III' 6-max Seat #3 is the button
Seat 1: RohayhuP ($84.01 in chips) 
Seat 2: erpaye ($101 in chips) 
Seat 3: ars9 ($99.83 in chips) 
Seat 4: Pe-T ($101.72 in chips) 
Seat 5: xcinaz ($120.48 in chips) 
Seat 6: ddyyjj ($118.38 in chips) 
Pe-T: posts small blind $0.50
xcinaz: posts big blind $1
*** HOLE CARDS ***
ddyyjj: folds 
RohayhuP: folds 
erpaye: folds 
ars9: raises $1 to $2
Pe-T: folds 
xcinaz: calls $1
*** FLOP *** [8c 8h Ks]
xcinaz: checks 
ars9: checks 
*** TURN *** [8c 8h Ks] [8s]
xcinaz: checks 
ars9: checks 
*** RIVER *** [8c 8h Ks 8s] [4h]
xcinaz: checks 
ars9: bets $1.28
xcinaz: calls $1.28
*** SHOW DOWN ***
ars9: shows [7h 7s] (a full house, Eights full of Sevens)
xcinaz: mucks hand 
ars9 collected $6.71 from pot
*** SUMMARY ***
Total pot $7.06 | Rake $0.35 
Board [8c 8h Ks 8s 4h]
Seat 1: RohayhuP folded before Flop (didn't bet)
Seat 2: erpaye folded before Flop (didn't bet)
Seat 3: ars9 (button) showed [7h 7s] and won ($6.71) with a full house, Eights full of Sevens
Seat 4: Pe-T (small blind) folded before Flop
Seat 5: xcinaz (big blind) mucked
Seat 6: ddyyjj folded before Flop (didn't bet)



PokerStars Hand #254295692104:  Hold'em No Limit ($0.50/$1.00 USD) - 2025/01/10 15:23:16 WET [2025/01/10 10:23:16 ET]
Table 'Hertha III' 6-max Seat #4 is the button
Seat 1: RohayhuP ($84.01 in chips) 
Seat 2: erpaye ($101 in chips) 
Seat 3: ars9 ($103.26 in chips) 
Seat 4: Pe-T ($101.22 in chips) 
Seat 5: xcinaz ($117.20 in chips) 
Seat 6: ddyyjj ($118.38 in chips) 
xcinaz: posts small blind $0.50
ddyyjj: posts big blind $1
*** HOLE CARDS ***
RohayhuP: folds 
erpaye: folds 
ars9: folds 
Pe-T: raises $1 to $2
xcinaz: raises $8 to $10
ddyyjj: folds 
Pe-T: folds 
Uncalled bet ($8) returned to xcinaz
xcinaz collected $5 from pot
xcinaz: doesn't show hand 
*** SUMMARY ***
Total pot $5 | Rake $0 
Seat 1: RohayhuP folded before Flop (didn't bet)
Seat 2: erpaye folded before Flop (didn't bet)
Seat 3: ars9 folded before Flop (didn't bet)
Seat 4: Pe-T (button) folded before Flop
Seat 5: xcinaz (small blind) collected ($5)
Seat 6: ddyyjj (big blind) folded before Flop



PokerStars Hand #254295701053:  Hold'em No Limit ($0.50/$1.00 USD) - 2025/01/10 15:24:00 WET [2025/01/10 10:24:00 ET]
Table 'Hertha III' 6-max Seat #5 is the button
Seat 1: RohayhuP ($84.01 in chips) 
Seat 2: erpaye ($101 in chips) 
Seat 3: ars9 ($103.26 in chips) 
Seat 4: Pe-T ($100 in chips) 
Seat 5: xcinaz ($120.20 in chips) 
Seat 6: ddyyjj ($117.38 in chips) 
ddyyjj: posts small blind $0.50
RohayhuP: posts big blind $1
*** HOLE CARDS ***
erpaye: folds 
ars9: folds 
Pe-T: folds 
xcinaz: folds 
ddyyjj: raises $2 to $3
RohayhuP: folds 
Uncalled bet ($2) returned to ddyyjj
ddyyjj collected $2 from pot
*** SUMMARY ***
Total pot $2 | Rake $0 
Seat 1: RohayhuP (big blind) folded before Flop
Seat 2: erpaye folded before Flop (didn't bet)
Seat 3: ars9 folded before Flop (didn't bet)
Seat 4: Pe-T folded before Flop (didn't bet)
Seat 5: xcinaz (button) folded before Flop (didn't bet)
Seat 6: ddyyjj (small blind) collected ($2)



PokerStars Hand #254295704981:  Hold'em No Limit ($0.50/$1.00 USD) - 2025/01/10 15:24:18 WET [2025/01/10 10:24:18 ET]
Table 'Hertha III' 6-max Seat #6 is the button
Seat 1: RohayhuP ($83.01 in chips) 
Seat 2: erpaye ($101 in chips) 
Seat 3: ars9 ($103.26 in chips) 
Seat 4: Pe-T ($100 in chips) 
Seat 5: xcinaz ($120.20 in chips) 
Seat 6: ddyyjj ($118.38 in chips) 
RohayhuP: posts small blind $0.50
erpaye: posts big blind $1
*** HOLE CARDS ***
ars9: folds 
Pe-T: raises $1.50 to $2.50
xcinaz: folds 
ddyyjj: folds 
RohayhuP: folds 
erpaye: folds 
Uncalled bet ($1.50) returned to Pe-T
Pe-T collected $2.50 from pot
*** SUMMARY ***
Total pot $2.50 | Rake $0 
Seat 1: RohayhuP (small blind) folded before Flop
Seat 2: erpaye (big blind) folded before Flop
Seat 3: ars9 folded before Flop (didn't bet)
Seat 4: Pe-T collected ($2.50)
Seat 5: xcinaz folded before Flop (didn't bet)
Seat 6: ddyyjj (button) folded before Flop (didn't bet)



PokerStars Hand #254295710680:  Hold'em No Limit ($0.50/$1.00 USD) - 2025/01/10 15:24:46 WET [2025/01/10 10:24:46 ET]
Table 'Hertha III' 6-max Seat #1 is the button
Seat 1: RohayhuP ($82.51 in chips) 
Seat 2: erpaye ($100 in chips) 
Seat 3: ars9 ($103.26 in chips) 
Seat 4: Pe-T ($101.50 in chips) 
Seat 5: xcinaz ($120.20 in chips) 
Seat 6: ddyyjj ($118.38 in chips) 
erpaye: posts small blind $0.50
ars9: posts big blind $1
*** HOLE CARDS ***
Pe-T: folds 
xcinaz: folds 
ddyyjj: folds 
RohayhuP: raises $1.50 to $2.50
erpaye: raises $9.25 to $11.75
ars9: folds 
RohayhuP: folds 
Uncalled bet ($9.25) returned to erpaye
erpaye collected $6 from pot
erpaye: doesn't show hand 
*** SUMMARY ***
Total pot $6 | Rake $0 
Seat 1: RohayhuP (button) folded before Flop
Seat 2: erpaye (small blind) collected ($6)
Seat 3: ars9 (big blind) folded before Flop
Seat 4: Pe-T folded before Flop (didn't bet)
Seat 5: xcinaz folded before Flop (didn't bet)
Seat 6: ddyyjj folded before Flop (didn't bet)



PokerStars Hand #254295722831:  Hold'em No Limit ($0.50/$1.00 USD) - 2025/01/10 15:25:44 WET [2025/01/10 10:25:44 ET]
Table 'Hertha III' 6-max Seat #2 is the button
Seat 1: RohayhuP ($80.01 in chips) 
Seat 2: erpaye ($103.50 in chips) 
Seat 3: ars9 ($102.26 in chips) 
Seat 4: Pe-T ($101.50 in chips) 
Seat 5: xcinaz ($120.20 in chips) 
Seat 6: ddyyjj ($118.38 in chips) 
ars9: posts small blind $0.50
Pe-T: posts big blind $1
*** HOLE CARDS ***
xcinaz: folds 
ddyyjj: folds 
RohayhuP: folds 
erpaye: raises $1.50 to $2.50
ars9: folds 
Pe-T: folds 
Uncalled bet ($1.50) returned to erpaye
erpaye collected $2.50 from pot
erpaye: doesn't show hand 
*** SUMMARY ***
Total pot $2.50 | Rake $0 
Seat 1: RohayhuP folded before Flop (didn't bet)
Seat 2: erpaye (button) collected ($2.50)
Seat 3: ars9 (small blind) folded before Flop
Seat 4: Pe-T (big blind) folded before Flop
Seat 5: xcinaz folded before Flop (didn't bet)
Seat 6: ddyyjj folded before Flop (didn't bet)



PokerStars Hand #254295726550:  Hold'em No Limit ($0.50/$1.00 USD) - 2025/01/10 15:26:02 WET [2025/01/10 10:26:02 ET]
Table 'Hertha III' 6-max Seat #3 is the button
Seat 1: RohayhuP ($80.01 in chips) 
Seat 2: erpaye ($105 in chips) 
Seat 3: ars9 ($101.76 in chips) 
Seat 4: Pe-T ($100.50 in chips) 
Seat 5: xcinaz ($120.20 in chips) 
Seat 6: ddyyjj ($118.38 in chips) 
Pe-T: posts small blind $0.50
xcinaz: posts big blind $1
*** HOLE CARDS ***
ddyyjj: folds 
RohayhuP: folds 
erpaye: raises $1.10 to $2.10
ars9: folds 
Pe-T: folds 
xcinaz: folds 
Uncalled bet ($1.10) returned to erpaye
erpaye collected $2.50 from pot
erpaye: doesn't show hand 
*** SUMMARY ***
Total pot $2.50 | Rake $0 
Seat 1: RohayhuP folded before Flop (didn't bet)
Seat 2: erpaye collected ($2.50)
Seat 3: ars9 (button) folded before Flop (didn't bet)
Seat 4: Pe-T (small blind) folded before Flop
Seat 5: xcinaz (big blind) folded before Flop
Seat 6: ddyyjj folded before Flop (didn't bet)



PokerStars Hand #254295729883:  Hold'em No Limit ($0.50/$1.00 USD) - 2025/01/10 15:26:18 WET [2025/01/10 10:26:18 ET]
Table 'Hertha III' 6-max Seat #4 is the button
Seat 1: RohayhuP ($80.01 in chips) 
Seat 2: erpaye ($106.50 in chips) 
Seat 3: ars9 ($101.76 in chips) 
Seat 4: Pe-T ($100 in chips) 
Seat 5: xcinaz ($119.20 in chips) 
Seat 6: ddyyjj ($118.38 in chips) 
xcinaz: posts small blind $0.50
ddyyjj: posts big blind $1
*** HOLE CARDS ***
RohayhuP: folds 
erpaye: raises $1.10 to $2.10
ars9: folds 
Pe-T: folds 
xcinaz: folds 
ddyyjj: folds 
Uncalled bet ($1.10) returned to erpaye
erpaye collected $2.50 from pot
erpaye: doesn't show hand 
*** SUMMARY ***
Total pot $2.50 | Rake $0 
Seat 1: RohayhuP folded before Flop (didn't bet)
Seat 2: erpaye collected ($2.50)
Seat 3: ars9 folded before Flop (didn't bet)
Seat 4: Pe-T (button) folded before Flop (didn't bet)
Seat 5: xcinaz (small blind) folded before Flop
Seat 6: ddyyjj (big blind) folded before Flop



PokerStars Hand #254295733832:  Hold'em No Limit ($0.50/$1.00 USD) - 2025/01/10 15:26:37 WET [2025/01/10 10:26:37 ET]
Table 'Hertha III' 6-max Seat #5 is the button
Seat 1: RohayhuP ($80.01 in chips) 
Seat 2: erpaye ($108 in chips) 
Seat 3: ars9 ($101.76 in chips) 
Seat 4: Pe-T ($100 in chips) 
Seat 5: xcinaz ($118.70 in chips) 
Seat 6: ddyyjj ($117.38 in chips) 
ddyyjj: posts small blind $0.50
RohayhuP: posts big blind $1
*** HOLE CARDS ***
erpaye: raises $1.10 to $2.10
ars9: folds 
Pe-T: folds 
xcinaz: folds 
ddyyjj: folds 
RohayhuP: folds 
Uncalled bet ($1.10) returned to erpaye
erpaye collected $2.50 from pot
erpaye: doesn't show hand 
*** SUMMARY ***
Total pot $2.50 | Rake $0 
Seat 1: RohayhuP (big blind) folded before Flop
Seat 2: erpaye collected ($2.50)
Seat 3: ars9 folded before Flop (didn't bet)
Seat 4: Pe-T folded before Flop (didn't bet)
Seat 5: xcinaz (button) folded before Flop (didn't bet)
Seat 6: ddyyjj (small blind) folded before Flop



PokerStars Hand #254295737688:  Hold'em No Limit ($0.50/$1.00 USD) - 2025/01/10 15:26:55 WET [2025/01/10 10:26:55 ET]
Table 'Hertha III' 6-max Seat #6 is the button
Seat 1: RohayhuP ($79.01 in chips) 
Seat 2: erpaye ($109.50 in chips) 
Seat 3: ars9 ($101.76 in chips) 
Seat 4: Pe-T ($100 in chips) 
Seat 5: xcinaz ($118.70 in chips) 
Seat 6: ddyyjj ($116.88 in chips) 
RohayhuP: posts small blind $0.50
erpaye: posts big blind $1
*** HOLE CARDS ***
ars9: calls $1
Pe-T: folds 
xcinaz: folds 
ddyyjj: raises $1.50 to $2.50
RohayhuP: calls $2
erpaye: folds 
ars9: raises $12.50 to $15
ddyyjj: folds 
RohayhuP: folds 
Uncalled bet ($12.50) returned to ars9
ars9 collected $8.50 from pot
*** SUMMARY ***
Total pot $8.50 | Rake $0 
Seat 1: RohayhuP (small blind) folded before Flop
Seat 2: erpaye (big blind) folded before Flop
Seat 3: ars9 collected ($8.50)
Seat 4: Pe-T folded before Flop (didn't bet)
Seat 5: xcinaz folded before Flop (didn't bet)
Seat 6: ddyyjj (button) folded before Flop



PokerStars Hand #254295745530:  Hold'em No Limit ($0.50/$1.00 USD) - 2025/01/10 15:27:32 WET [2025/01/10 10:27:32 ET]
Table 'Hertha III' 6-max Seat #1 is the button
Seat 1: RohayhuP ($76.51 in chips) 
Seat 2: erpaye ($108.50 in chips) 
Seat 3: ars9 ($107.76 in chips) 
Seat 4: Pe-T ($100 in chips) 
Seat 5: xcinaz ($118.70 in chips) 
Seat 6: ddyyjj ($114.38 in chips) 
erpaye: posts small blind $0.50
ars9: posts big blind $1
*** HOLE CARDS ***
Pe-T: folds 
xcinaz: folds 
ddyyjj: folds 
RohayhuP: raises $1.50 to $2.50
erpaye: folds 
ars9: folds 
Uncalled bet ($1.50) returned to RohayhuP
RohayhuP collected $2.50 from pot
RohayhuP: doesn't show hand 
*** SUMMARY ***
Total pot $2.50 | Rake $0 
Seat 1: RohayhuP (button) collected ($2.50)
Seat 2: erpaye (small blind) folded before Flop
Seat 3: ars9 (big blind) folded before Flop
Seat 4: Pe-T folded before Flop (didn't bet)
Seat 5: xcinaz folded before Flop (didn't bet)
Seat 6: ddyyjj folded before Flop (didn't bet)



PokerStars Hand #254295750281:  Hold'em No Limit ($0.50/$1.00 USD) - 2025/01/10 15:27:54 WET [2025/01/10 10:27:54 ET]
Table 'Hertha III' 6-max Seat #2 is the button
Seat 1: RohayhuP ($78.01 in chips) 
Seat 2: erpaye ($108 in chips) 
Seat 3: ars9 ($106.76 in chips) 
Seat 4: Pe-T ($100 in chips) 
Seat 5: xcinaz ($118.70 in chips) 
Seat 6: ddyyjj ($114.38 in chips) 
ars9: posts small blind $0.50
Pe-T: posts big blind $1
*** HOLE CARDS ***
xcinaz: folds 
ddyyjj: folds 
RohayhuP: raises $2 to $3
erpaye: folds 
ars9: folds 
Pe-T: folds 
Uncalled bet ($2) returned to RohayhuP
RohayhuP collected $2.50 from pot
RohayhuP: doesn't show hand 
*** SUMMARY ***
Total pot $2.50 | Rake $0 
Seat 1: RohayhuP collected ($2.50)
Seat 2: erpaye (button) folded before Flop (didn't bet)
Seat 3: ars9 (small blind) folded before Flop
Seat 4: Pe-T (big blind) folded before Flop
Seat 5: xcinaz folded before Flop (didn't bet)
Seat 6: ddyyjj folded before Flop (didn't bet)



PokerStars Hand #254295784507:  Hold'em No Limit ($0.50/$1.00 USD) - 2025/01/10 15:30:33 WET [2025/01/10 10:30:33 ET]
Table 'Hertha III' 6-max Seat #1 is the button
Seat 6: socito ($100 in chips) is sitting out
Seat 1: RohayhuP ($82.11 in chips) 
Seat 2: erpaye ($104.40 in chips) 
Seat 3: ars9 ($109.98 in chips) 
Seat 4: Pe-T ($100 in chips) 
Seat 5: xcinaz ($116.70 in chips) 
erpaye: posts small blind $0.50
ars9: posts big blind $1
socito: sits out 
*** HOLE CARDS ***
Pe-T: folds 
xcinaz: folds 
RohayhuP: raises $1.50 to $2.50
erpaye: folds 
ars9: folds 
Uncalled bet ($1.50) returned to RohayhuP
RohayhuP collected $2.50 from pot
RohayhuP: doesn't show hand 
*** SUMMARY ***
Total pot $2.50 | Rake $0 
Seat 6: socito
Seat 1: RohayhuP (button) collected ($2.50)
Seat 2: erpaye (small blind) folded before Flop
Seat 3: ars9 (big blind) folded before Flop
Seat 4: Pe-T folded before Flop (didn't bet)
Seat 5: xcinaz folded before Flop (didn't bet)



PokerStars Hand #254295789477:  Hold'em No Limit ($0.50/$1.00 USD) - 2025/01/10 15:30:54 WET [2025/01/10 10:30:54 ET]
Table 'Hertha III' 6-max Seat #2 is the button
Seat 6: socito ($100 in chips) is sitting out
Seat 1: RohayhuP ($83.61 in chips) 
Seat 2: erpaye ($103.90 in chips) 
Seat 3: ars9 ($108.98 in chips) 
Seat 4: Pe-T ($100 in chips) 
Seat 5: xcinaz ($116.70 in chips) 
ars9: posts small blind $0.50
Pe-T: posts big blind $1
socito: sits out 
*** HOLE CARDS ***
socito leaves the table
xcinaz: folds 
RohayhuP: raises $2 to $3
erpaye: folds 
ars9: calls $2.50
Pe-T: folds 
*** FLOP *** [2d Ah 5c]
ars9: checks 
RohayhuP: bets $3.33
ars9: calls $3.33
*** TURN *** [2d Ah 5c] [4c]
ars9: checks 
RohayhuP: checks 
*** RIVER *** [2d Ah 5c 4c] [Qs]
ars9: bets $10.38
RohayhuP: folds 
Uncalled bet ($10.38) returned to ars9
ars9 collected $12.98 from pot
*** SUMMARY ***
Total pot $13.66 | Rake $0.68 
Board [2d Ah 5c 4c Qs]
Seat 6: socito
Seat 1: RohayhuP folded on the River
Seat 2: erpaye (button) folded before Flop (didn't bet)
Seat 3: ars9 (small blind) collected ($12.98)
Seat 4: Pe-T (big blind) folded before Flop
Seat 5: xcinaz folded before Flop (didn't bet)



PokerStars Hand #254295805189:  Hold'em No Limit ($0.50/$1.00 USD) - 2025/01/10 15:32:01 WET [2025/01/10 10:32:01 ET]
Table 'Hertha III' 6-max Seat #3 is the button
Seat 1: RohayhuP ($77.28 in chips) 
Seat 2: erpaye ($103.90 in chips) 
Seat 3: ars9 ($115.63 in chips) 
Seat 4: Pe-T ($100 in chips) 
Seat 5: xcinaz ($116.70 in chips) 
Pe-T: posts small blind $0.50
xcinaz: posts big blind $1
*** HOLE CARDS ***
RohayhuP: folds 
erpaye: raises $1.10 to $2.10
ars9: folds 
Pe-T: folds 
xcinaz: folds 
Uncalled bet ($1.10) returned to erpaye
erpaye collected $2.50 from pot
erpaye: doesn't show hand 
*** SUMMARY ***
Total pot $2.50 | Rake $0 
Seat 1: RohayhuP folded before Flop (didn't bet)
Seat 2: erpaye collected ($2.50)
Seat 3: ars9 (button) folded before Flop (didn't bet)
Seat 4: Pe-T (small blind) folded before Flop
Seat 5: xcinaz (big blind) folded before Flop



PokerStars Hand #254295809314:  Hold'em No Limit ($0.50/$1.00 USD) - 2025/01/10 15:32:19 WET [2025/01/10 10:32:19 ET]
Table 'Hertha III' 6-max Seat #4 is the button
Seat 1: RohayhuP ($77.28 in chips) 
Seat 2: erpaye ($105.40 in chips) 
Seat 3: ars9 ($115.63 in chips) 
Seat 4: Pe-T ($100 in chips) 
Seat 5: xcinaz ($115.70 in chips) 
xcinaz: posts small blind $0.50
RohayhuP: posts big blind $1
*** HOLE CARDS ***
erpaye: folds 
ars9: folds 
Pe-T: folds 
xcinaz: raises $2 to $3
RohayhuP: folds 
Uncalled bet ($2) returned to xcinaz
xcinaz collected $2 from pot
xcinaz: doesn't show hand 
*** SUMMARY ***
Total pot $2 | Rake $0 
Seat 1: RohayhuP (big blind) folded before Flop
Seat 2: erpaye folded before Flop (didn't bet)
Seat 3: ars9 folded before Flop (didn't bet)
Seat 4: Pe-T (button) folded before Flop (didn't bet)
Seat 5: xcinaz (small blind) collected ($2)



PokerStars Hand #254295815583:  Hold'em No Limit ($0.50/$1.00 USD) - 2025/01/10 15:32:45 WET [2025/01/10 10:32:45 ET]
Table 'Hertha III' 6-max Seat #5 is the button
Seat 1: RohayhuP ($76.28 in chips) 
Seat 2: erpaye ($105.40 in chips) 
Seat 3: ars9 ($115.63 in chips) 
Seat 4: Pe-T ($100 in chips) 
Seat 5: xcinaz ($116.70 in chips) 
RohayhuP: posts small blind $0.50
erpaye: posts big blind $1
*** HOLE CARDS ***
ars9: folds 
Pe-T: raises $1.50 to $2.50
xcinaz: folds 
RohayhuP: folds 
erpaye: folds 
Uncalled bet ($1.50) returned to Pe-T
Pe-T collected $2.50 from pot
*** SUMMARY ***
Total pot $2.50 | Rake $0 
Seat 1: RohayhuP (small blind) folded before Flop
Seat 2: erpaye (big blind) folded before Flop
Seat 3: ars9 folded before Flop (didn't bet)
Seat 4: Pe-T collected ($2.50)
Seat 5: xcinaz (button) folded before Flop (didn't bet)



PokerStars Hand #254295821176:  Hold'em No Limit ($0.50/$1.00 USD) - 2025/01/10 15:33:09 WET [2025/01/10 10:33:09 ET]
Table 'Hertha III' 6-max Seat #1 is the button
Seat 1: RohayhuP ($75.78 in chips) 
Seat 2: erpaye ($104.40 in chips) 
Seat 3: ars9 ($115.63 in chips) 
Seat 4: Pe-T ($101.50 in chips) 
Seat 5: xcinaz ($116.70 in chips) 
erpaye: posts small blind $0.50
ars9: posts big blind $1
*** HOLE CARDS ***
Pe-T: folds 
xcinaz: folds 
RohayhuP: folds 
erpaye: raises $1.50 to $2.50
ars9: folds 
Uncalled bet ($1.50) returned to erpaye
erpaye collected $2 from pot
erpaye: doesn't show hand 
*** SUMMARY ***
Total pot $2 | Rake $0 
Seat 1: RohayhuP (button) folded before Flop (didn't bet)
Seat 2: erpaye (small blind) collected ($2)
Seat 3: ars9 (big blind) folded before Flop
Seat 4: Pe-T folded before Flop (didn't bet)
Seat 5: xcinaz folded before Flop (didn't bet)



PokerStars Hand #254295825363:  Hold'em No Limit ($0.50/$1.00 USD) - 2025/01/10 15:33:27 WET [2025/01/10 10:33:27 ET]
Table 'Hertha III' 6-max Seat #2 is the button
Seat 1: RohayhuP ($75.78 in chips) 
Seat 2: erpaye ($105.40 in chips) 
Seat 3: ars9 ($114.63 in chips) 
Seat 4: Pe-T ($101.50 in chips) 
Seat 5: xcinaz ($116.70 in chips) 
ars9: posts small blind $0.50
Pe-T: posts big blind $1
*** HOLE CARDS ***
xcinaz: raises $1 to $2
RohayhuP: calls $2
erpaye: folds 
ars9: raises $9 to $11
Pe-T: folds 
xcinaz: calls $9
RohayhuP: calls $9
*** FLOP *** [8d 4d 3h]
ars9: checks 
xcinaz: checks 
RohayhuP: checks 
*** TURN *** [8d 4d 3h] [3s]
ars9: checks 
xcinaz: bets $12.92
RohayhuP: folds 
ars9: raises $23.07 to $35.99
xcinaz: raises $69.71 to $105.70 and is all-in
ars9: folds 
Uncalled bet ($69.71) returned to xcinaz
xcinaz collected $103.48 from pot
xcinaz: doesn't show hand 
*** SUMMARY ***
Total pot $105.98 | Rake $2.50 
Board [8d 4d 3h 3s]
Seat 1: RohayhuP folded on the Turn
Seat 2: erpaye (button) folded before Flop (didn't bet)
Seat 3: ars9 (small blind) folded on the Turn
Seat 4: Pe-T (big blind) folded before Flop
Seat 5: xcinaz collected ($103.48)



PokerStars Hand #254295856200:  Hold'em No Limit ($0.50/$1.00 USD) - 2025/01/10 15:35:38 WET [2025/01/10 10:35:38 ET]
Table 'Hertha III' 6-max Seat #3 is the button
Seat 1: RohayhuP ($100 in chips) 
Seat 2: erpaye ($105.40 in chips) 
Seat 3: ars9 ($67.64 in chips) 
Seat 4: Pe-T ($100.50 in chips) 
Seat 5: xcinaz ($173.19 in chips) 
Pe-T: posts small blind $0.50
xcinaz: posts big blind $1
*** HOLE CARDS ***
RohayhuP: raises $2 to $3
erpaye: raises $5.50 to $8.50
ars9: folds 
Pe-T: folds 
xcinaz: folds 
RohayhuP: raises $11.50 to $20
erpaye: calls $11.50
*** FLOP *** [Th 6s 2c]
RohayhuP: bets $13.71
erpaye: calls $13.71
*** TURN *** [Th 6s 2c] [5c]
RohayhuP: bets $18.21
erpaye: calls $18.21
*** RIVER *** [Th 6s 2c 5c] [9h]
RohayhuP: bets $48.08 and is all-in
erpaye: calls $48.08
*** SHOW DOWN ***
RohayhuP: shows [Ad Ac] (a pair of Aces)
erpaye: shows [Ks Ts] (a pair of Tens)
RohayhuP collected $198.38 from pot
*** SUMMARY ***
Total pot $201.50 | Rake $3.12 
Board [Th 6s 2c 5c 9h]
Seat 1: RohayhuP showed [Ad Ac] and won ($198.38) with a pair of Aces
Seat 2: erpaye showed [Ks Ts] and lost with a pair of Tens
Seat 3: ars9 (button) folded before Flop (didn't bet)
Seat 4: Pe-T (small blind) folded before Flop
Seat 5: xcinaz (big blind) folded before Flop



PokerStars Hand #254295886891:  Hold'em No Limit ($0.50/$1.00 USD) - 2025/01/10 15:37:47 WET [2025/01/10 10:37:47 ET]
Table 'Hertha III' 6-max Seat #4 is the button
Seat 1: RohayhuP ($198.38 in chips) 
Seat 2: erpaye ($100 in chips) 
Seat 3: ars9 ($67.64 in chips) 
Seat 4: Pe-T ($100 in chips) 
Seat 5: xcinaz ($172.19 in chips) 
xcinaz: posts small blind $0.50
RohayhuP: posts big blind $1
*** HOLE CARDS ***
erpaye: raises $1.10 to $2.10
ars9: folds 
Pe-T: folds 
xcinaz: folds 
RohayhuP: calls $1.10
*** FLOP *** [Qh 6c 8h]
RohayhuP: checks 
erpaye: bets $1.47
RohayhuP: folds 
Uncalled bet ($1.47) returned to erpaye
erpaye collected $4.46 from pot
erpaye: doesn't show hand 
*** SUMMARY ***
Total pot $4.70 | Rake $0.24 
Board [Qh 6c 8h]
Seat 1: RohayhuP (big blind) folded on the Flop
Seat 2: erpaye collected ($4.46)
Seat 3: ars9 folded before Flop (didn't bet)
Seat 4: Pe-T (button) folded before Flop (didn't bet)
Seat 5: xcinaz (small blind) folded before Flop



PokerStars Hand #254295897533:  Hold'em No Limit ($0.50/$1.00 USD) - 2025/01/10 15:38:33 WET [2025/01/10 10:38:33 ET]
Table 'Hertha III' 6-max Seat #5 is the button
Seat 1: RohayhuP ($196.28 in chips) 
Seat 2: erpaye ($102.36 in chips) 
Seat 3: ars9 ($67.64 in chips) 
Seat 4: Pe-T ($100 in chips) 
Seat 5: xcinaz ($171.69 in chips) 
RohayhuP: posts small blind $0.50
erpaye: posts big blind $1
*** HOLE CARDS ***
ars9: calls $1
Pe-T: folds 
xcinaz: folds 
RohayhuP: calls $0.50
erpaye: checks 
*** FLOP *** [Ah 9h 5d]
RohayhuP: checks 
erpaye: checks 
ars9: bets $1.43
RohayhuP: folds 
erpaye: folds 
Uncalled bet ($1.43) returned to ars9
ars9 collected $2.85 from pot
*** SUMMARY ***
Total pot $3 | Rake $0.15 
Board [Ah 9h 5d]
Seat 1: RohayhuP (small blind) folded on the Flop
Seat 2: erpaye (big blind) folded on the Flop
Seat 3: ars9 collected ($2.85)
Seat 4: Pe-T folded before Flop (didn't bet)
Seat 5: xcinaz (button) folded before Flop (didn't bet)



PokerStars Hand #254295907702:  Hold'em No Limit ($0.50/$1.00 USD) - 2025/01/10 15:39:15 WET [2025/01/10 10:39:15 ET]
Table 'Hertha III' 6-max Seat #1 is the button
Seat 1: RohayhuP ($195.28 in chips) 
Seat 2: erpaye ($101.36 in chips) 
Seat 3: ars9 ($69.49 in chips) 
Seat 4: Pe-T ($100 in chips) 
Seat 5: xcinaz ($171.69 in chips) 
erpaye: posts small blind $0.50
ars9: posts big blind $1
*** HOLE CARDS ***
Pe-T: folds 
xcinaz: folds 
RohayhuP: raises $1.50 to $2.50
erpaye: folds 
ars9: folds 
Uncalled bet ($1.50) returned to RohayhuP
RohayhuP collected $2.50 from pot
RohayhuP: doesn't show hand 
*** SUMMARY ***
Total pot $2.50 | Rake $0 
Seat 1: RohayhuP (button) collected ($2.50)
Seat 2: erpaye (small blind) folded before Flop
Seat 3: ars9 (big blind) folded before Flop
Seat 4: Pe-T folded before Flop (didn't bet)
Seat 5: xcinaz folded before Flop (didn't bet)



PokerStars Hand #254295912096:  Hold'em No Limit ($0.50/$1.00 USD) - 2025/01/10 15:39:33 WET [2025/01/10 10:39:33 ET]
Table 'Hertha III' 6-max Seat #2 is the button
Seat 1: RohayhuP ($196.78 in chips) 
Seat 2: erpaye ($100.86 in chips) 
Seat 3: ars9 ($68.49 in chips) 
Seat 4: Pe-T ($100 in chips) 
Seat 5: xcinaz ($171.69 in chips) 
ars9: posts small blind $0.50
Pe-T: posts big blind $1
*** HOLE CARDS ***
xcinaz: folds 
RohayhuP: folds 
erpaye: folds 
ars9: raises $1.20 to $2.20
Pe-T: raises $5.80 to $8
Mumija1719 joins the table at seat #6 
Mumija1719 is disconnected 
ars9: folds 
Uncalled bet ($5.80) returned to Pe-T
Pe-T collected $4.40 from pot
*** SUMMARY ***
Total pot $4.40 | Rake $0 
Seat 1: RohayhuP folded before Flop (didn't bet)
Seat 2: erpaye (button) folded before Flop (didn't bet)
Seat 3: ars9 (small blind) folded before Flop
Seat 4: Pe-T (big blind) collected ($4.40)
Seat 5: xcinaz folded before Flop (didn't bet)



PokerStars Hand #254295918265:  Hold'em No Limit ($0.50/$1.00 USD) - 2025/01/10 15:39:58 WET [2025/01/10 10:39:58 ET]
Table 'Hertha III' 6-max Seat #3 is the button
Seat 1: RohayhuP ($196.78 in chips) 
Seat 2: erpaye ($100.86 in chips) 
Seat 3: ars9 ($66.29 in chips) 
Seat 4: Pe-T ($102.20 in chips) 
Seat 5: xcinaz ($171.69 in chips) 
Seat 6: Mumija1719 ($48.07 in chips) 
Pe-T: posts small blind $0.50
xcinaz: posts big blind $1
Mumija1719: posts big blind $1
*** HOLE CARDS ***
Mumija1719: raises $2.50 to $3.50
RohayhuP: calls $3.50
erpaye: folds 
ars9: folds 
Pe-T: calls $3
xcinaz: folds 
*** FLOP *** [9s Th 4d]
Pe-T: checks 
Mumija1719: bets $10.92
RohayhuP: calls $10.92
Pe-T: folds 
*** TURN *** [9s Th 4d] [8s]
Mumija1719: bets $33.65 and is all-in
RohayhuP: calls $33.65
*** RIVER *** [9s Th 4d 8s] [9c]
*** SHOW DOWN ***
Mumija1719: shows [Jh Js] (two pair, Jacks and Nines)
RohayhuP: shows [Td As] (two pair, Tens and Nines)
Mumija1719 collected $98.14 from pot
*** SUMMARY ***
Total pot $100.64 | Rake $2.50 
Board [9s Th 4d 8s 9c]
Seat 1: RohayhuP showed [Td As] and lost with two pair, Tens and Nines
Seat 2: erpaye folded before Flop (didn't bet)
Seat 3: ars9 (button) folded before Flop (didn't bet)
Seat 4: Pe-T (small blind) folded on the Flop
Seat 5: xcinaz (big blind) folded before Flop
Seat 6: Mumija1719 showed [Jh Js] and won ($98.14) with two pair, Jacks and Nines



PokerStars Hand #254295932507:  Hold'em No Limit ($0.50/$1.00 USD) - 2025/01/10 15:40:58 WET [2025/01/10 10:40:58 ET]
Table 'Hertha III' 6-max Seat #4 is the button
Seat 1: RohayhuP ($148.71 in chips) 
Seat 2: erpaye ($100.86 in chips) 
Seat 3: ars9 ($69.29 in chips) 
Seat 4: Pe-T ($100 in chips) 
Seat 5: xcinaz ($170.69 in chips) 
Seat 6: Mumija1719 ($98.14 in chips) 
xcinaz: posts small blind $0.50
Mumija1719: posts big blind $1
*** HOLE CARDS ***
RohayhuP: folds 
erpaye: folds 
ars9: folds 
Pe-T: folds 
xcinaz: folds 
Uncalled bet ($0.50) returned to Mumija1719
Mumija1719 collected $1 from pot
*** SUMMARY ***
Total pot $1 | Rake $0 
Seat 1: RohayhuP folded before Flop (didn't bet)
Seat 2: erpaye folded before Flop (didn't bet)
Seat 3: ars9 folded before Flop (didn't bet)
Seat 4: Pe-T (button) folded before Flop (didn't bet)
Seat 5: xcinaz (small blind) folded before Flop
Seat 6: Mumija1719 (big blind) collected ($1)



PokerStars Hand #254295936117:  Hold'em No Limit ($0.50/$1.00 USD) - 2025/01/10 15:41:13 WET [2025/01/10 10:41:13 ET]
Table 'Hertha III' 6-max Seat #5 is the button
Seat 1: RohayhuP ($148.71 in chips) 
Seat 2: erpaye ($100.86 in chips) 
Seat 3: ars9 ($69.29 in chips) 
Seat 4: Pe-T ($100 in chips) 
Seat 5: xcinaz ($170.19 in chips) 
Seat 6: Mumija1719 ($98.64 in chips) 
Mumija1719: posts small blind $0.50
RohayhuP: posts big blind $1
*** HOLE CARDS ***
erpaye: raises $1.10 to $2.10
ars9: folds 
Pe-T: folds 
xcinaz: raises $5.90 to $8
Mumija1719: folds 
RohayhuP: folds 
erpaye: folds 
Uncalled bet ($5.90) returned to xcinaz
Mumija1719 leaves the table
xcinaz collected $5.70 from pot
xcinaz: doesn't show hand 
*** SUMMARY ***
Total pot $5.70 | Rake $0 
Seat 1: RohayhuP (big blind) folded before Flop
Seat 2: erpaye folded before Flop
Seat 3: ars9 folded before Flop (didn't bet)
Seat 4: Pe-T folded before Flop (didn't bet)
Seat 5: xcinaz (button) collected ($5.70)
Seat 6: Mumija1719 (small blind) folded before Flop



PokerStars Hand #254295944755:  Hold'em No Limit ($0.50/$1.00 USD) - 2025/01/10 15:41:49 WET [2025/01/10 10:41:49 ET]
Table 'Hertha III' 6-max Seat #1 is the button
Seat 1: RohayhuP ($147.71 in chips) 
Seat 2: erpaye ($100 in chips) 
Seat 3: ars9 ($69.29 in chips) 
Seat 4: Pe-T ($100 in chips) 
Seat 5: xcinaz ($173.79 in chips) 
erpaye: posts small blind $0.50
ars9: posts big blind $1
*** HOLE CARDS ***
Pe-T: folds 
xcinaz: folds 
socito joins the table at seat #6 
RohayhuP: folds 
erpaye: raises $1.50 to $2.50
ars9: calls $1.50
*** FLOP *** [3d 5c 7c]
erpaye: checks 
ars9: bets $1.43
erpaye: calls $1.43
*** TURN *** [3d 5c 7c] [5d]
erpaye: checks 
ars9: bets $2.24
erpaye: calls $2.24
*** RIVER *** [3d 5c 7c 5d] [Kd]
erpaye: checks 
ars9: bets $3.52
erpaye: folds 
Uncalled bet ($3.52) returned to ars9
ars9 collected $11.72 from pot
*** SUMMARY ***
Total pot $12.34 | Rake $0.62 
Board [3d 5c 7c 5d Kd]
Seat 1: RohayhuP (button) folded before Flop (didn't bet)
Seat 2: erpaye (small blind) folded on the River
Seat 3: ars9 (big blind) collected ($11.72)
Seat 4: Pe-T folded before Flop (didn't bet)
Seat 5: xcinaz folded before Flop (didn't bet)



PokerStars Hand #254295959492:  Hold'em No Limit ($0.50/$1.00 USD) - 2025/01/10 15:42:50 WET [2025/01/10 10:42:50 ET]
Table 'Hertha III' 6-max Seat #2 is the button
Seat 6: socito ($100 in chips) is sitting out
Seat 1: RohayhuP ($147.71 in chips) 
Seat 2: erpaye ($100 in chips) 
Seat 3: ars9 ($74.84 in chips) 
Seat 4: Pe-T ($100 in chips) 
Seat 5: xcinaz ($173.79 in chips) 
ars9: posts small blind $0.50
Pe-T: posts big blind $1
socito: sits out 
*** HOLE CARDS ***
xcinaz: folds 
RohayhuP: raises $2 to $3
erpaye: folds 
ars9: folds 
Pe-T: folds 
Uncalled bet ($2) returned to RohayhuP
RohayhuP collected $2.50 from pot
RohayhuP: doesn't show hand 
*** SUMMARY ***
Total pot $2.50 | Rake $0 
Seat 6: socito
Seat 1: RohayhuP collected ($2.50)
Seat 2: erpaye (button) folded before Flop (didn't bet)
Seat 3: ars9 (small blind) folded before Flop
Seat 4: Pe-T (big blind) folded before Flop
Seat 5: xcinaz folded before Flop (didn't bet)



PokerStars Hand #254295963162:  Hold'em No Limit ($0.50/$1.00 USD) - 2025/01/10 15:43:05 WET [2025/01/10 10:43:05 ET]
Table 'Hertha III' 6-max Seat #3 is the button
Seat 6: socito ($100 in chips) is sitting out
Seat 1: RohayhuP ($149.21 in chips) 
Seat 2: erpaye ($100 in chips) 
Seat 3: ars9 ($74.34 in chips) 
Seat 4: Pe-T ($100 in chips) 
Seat 5: xcinaz ($173.79 in chips) 
Pe-T: posts small blind $0.50
xcinaz: posts big blind $1
socito: sits out 
*** HOLE CARDS ***
RohayhuP: folds 
erpaye: raises $1.10 to $2.10
ars9: folds 
Pe-T: folds 
xcinaz: folds 
Uncalled bet ($1.10) returned to erpaye
erpaye collected $2.50 from pot
erpaye: doesn't show hand 
*** SUMMARY ***
Total pot $2.50 | Rake $0 
Seat 6: socito
Seat 1: RohayhuP folded before Flop (didn't bet)
Seat 2: erpaye collected ($2.50)
Seat 3: ars9 (button) folded before Flop (didn't bet)
Seat 4: Pe-T (small blind) folded before Flop
Seat 5: xcinaz (big blind) folded before Flop



PokerStars Hand #254295967807:  Hold'em No Limit ($0.50/$1.00 USD) - 2025/01/10 15:43:24 WET [2025/01/10 10:43:24 ET]
Table 'Hertha III' 6-max Seat #4 is the button
Seat 1: RohayhuP ($149.21 in chips) 
Seat 2: erpaye ($101.50 in chips) 
Seat 3: ars9 ($74.34 in chips) 
Seat 4: Pe-T ($100 in chips) 
Seat 5: xcinaz ($172.79 in chips) 
Seat 6: socito ($100 in chips) 
xcinaz: posts small blind $0.50
socito: posts big blind $1
*** HOLE CARDS ***
RohayhuP: folds 
erpaye: raises $1.10 to $2.10
ars9: calls $2.10
Pe-T: raises $6.40 to $8.50
xcinaz: folds 
socito: folds 
erpaye: calls $6.40
ars9: raises $42 to $50.50
Pe-T: folds 
erpaye: folds 
Uncalled bet ($42) returned to ars9
ars9 collected $27 from pot
*** SUMMARY ***
Total pot $27 | Rake $0 
Seat 1: RohayhuP folded before Flop (didn't bet)
Seat 2: erpaye folded before Flop
Seat 3: ars9 collected ($27)
Seat 4: Pe-T (button) folded before Flop
Seat 5: xcinaz (small blind) folded before Flop
Seat 6: socito (big blind) folded before Flop



PokerStars Hand #254295982936:  Hold'em No Limit ($0.50/$1.00 USD) - 2025/01/10 15:44:25 WET [2025/01/10 10:44:25 ET]
Table 'Hertha III' 6-max Seat #5 is the button
Seat 1: RohayhuP ($149.21 in chips) 
Seat 2: erpaye ($100 in chips) 
Seat 3: ars9 ($92.84 in chips) 
Seat 4: Pe-T ($100 in chips) 
Seat 5: xcinaz ($172.29 in chips) 
Seat 6: socito ($100 in chips) 
socito: posts small blind $0.50
RohayhuP: posts big blind $1
*** HOLE CARDS ***
erpaye: folds 
ars9: folds 
Pe-T: folds 
xcinaz: raises $1.50 to $2.50
socito: folds 
RohayhuP: folds 
Uncalled bet ($1.50) returned to xcinaz
xcinaz collected $2.50 from pot
xcinaz: doesn't show hand 
*** SUMMARY ***
Total pot $2.50 | Rake $0 
Seat 1: RohayhuP (big blind) folded before Flop
Seat 2: erpaye folded before Flop (didn't bet)
Seat 3: ars9 folded before Flop (didn't bet)
Seat 4: Pe-T folded before Flop (didn't bet)
Seat 5: xcinaz (button) collected ($2.50)
Seat 6: socito (small blind) folded before Flop



PokerStars Hand #254295990227:  Hold'em No Limit ($0.50/$1.00 USD) - 2025/01/10 15:44:55 WET [2025/01/10 10:44:55 ET]
Table 'Hertha III' 6-max Seat #6 is the button
Seat 1: RohayhuP ($148.21 in chips) 
Seat 2: erpaye ($100 in chips) 
Seat 3: ars9 ($92.84 in chips) 
Seat 4: Pe-T ($100 in chips) 
Seat 5: xcinaz ($173.79 in chips) 
Seat 6: socito ($100 in chips) 
RohayhuP: posts small blind $0.50
erpaye: posts big blind $1
*** HOLE CARDS ***
ars9: folds 
Pe-T: folds 
xcinaz: folds 
socito: folds 
RohayhuP: raises $2 to $3
erpaye: calls $2
*** FLOP *** [4h 3d 8h]
RohayhuP: checks 
erpaye: bets $3.76
RohayhuP: folds 
Uncalled bet ($3.76) returned to erpaye
erpaye collected $5.70 from pot
erpaye: doesn't show hand 
*** SUMMARY ***
Total pot $6 | Rake $0.30 
Board [4h 3d 8h]
Seat 1: RohayhuP (small blind) folded on the Flop
Seat 2: erpaye (big blind) collected ($5.70)
Seat 3: ars9 folded before Flop (didn't bet)
Seat 4: Pe-T folded before Flop (didn't bet)
Seat 5: xcinaz folded before Flop (didn't bet)
Seat 6: socito (button) folded before Flop (didn't bet)



PokerStars Hand #254296004880:  Hold'em No Limit ($0.50/$1.00 USD) - 2025/01/10 15:45:55 WET [2025/01/10 10:45:55 ET]
Table 'Hertha III' 6-max Seat #1 is the button
Seat 1: RohayhuP ($145.21 in chips) 
Seat 2: erpaye ($102.70 in chips) 
Seat 3: ars9 ($92.84 in chips) 
Seat 4: Pe-T ($100 in chips) 
Seat 5: xcinaz ($173.79 in chips) 
Seat 6: socito ($100 in chips) 
erpaye: posts small blind $0.50
ars9: posts big blind $1
*** HOLE CARDS ***
Pe-T: folds 
xcinaz: folds 
socito: raises $1.50 to $2.50
RohayhuP: raises $6.50 to $9
erpaye: folds 
ars9: folds 
socito: folds 
Uncalled bet ($6.50) returned to RohayhuP
RohayhuP collected $6.50 from pot
RohayhuP: doesn't show hand 
*** SUMMARY ***
Total pot $6.50 | Rake $0 
Seat 1: RohayhuP (button) collected ($6.50)
Seat 2: erpaye (small blind) folded before Flop
Seat 3: ars9 (big blind) folded before Flop
Seat 4: Pe-T folded before Flop (didn't bet)
Seat 5: xcinaz folded before Flop (didn't bet)
Seat 6: socito folded before Flop



PokerStars Hand #254296011642:  Hold'em No Limit ($0.50/$1.00 USD) - 2025/01/10 15:46:23 WET [2025/01/10 10:46:23 ET]
Table 'Hertha III' 6-max Seat #2 is the button
Seat 4: Pe-T ($100 in chips) is sitting out
Seat 1: RohayhuP ($149.21 in chips) 
Seat 2: erpaye ($102.20 in chips) 
Seat 3: ars9 ($91.84 in chips) 
Seat 5: xcinaz ($173.79 in chips) 
Seat 6: socito ($100 in chips) 
ars9: posts small blind $0.50
Pe-T: is sitting out 
xcinaz: posts big blind $1
*** HOLE CARDS ***
socito: folds 
RohayhuP: raises $2 to $3
erpaye: calls $3
Pe-T leaves the table
ars9: folds 
xcinaz: folds 
*** FLOP *** [7c 4c 3c]
Kristo 914 joins the table at seat #4 
RohayhuP: bets $3.56
erpaye: calls $3.56
*** TURN *** [7c 4c 3c] [Tc]
RohayhuP: checks 
erpaye: bets $10.42
RohayhuP: folds 
Uncalled bet ($10.42) returned to erpaye
erpaye collected $13.89 from pot
erpaye: doesn't show hand 
*** SUMMARY ***
Total pot $14.62 | Rake $0.73 
Board [7c 4c 3c Tc]
Seat 4: Pe-T
Seat 1: RohayhuP folded on the Turn
Seat 2: erpaye (button) collected ($13.89)
Seat 3: ars9 (small blind) folded before Flop
Seat 5: xcinaz (big blind) folded before Flop
Seat 6: socito folded before Flop (didn't bet)



PokerStars Hand #254296023353:  Hold'em No Limit ($0.50/$1.00 USD) - 2025/01/10 15:47:10 WET [2025/01/10 10:47:10 ET]
Table 'Hertha III' 6-max Seat #3 is the button
Seat 4: Kristo 914 ($100 in chips) is sitting out
Seat 1: RohayhuP ($142.65 in chips) 
Seat 2: erpaye ($109.53 in chips) 
Seat 3: ars9 ($91.34 in chips) 
Seat 5: xcinaz ($172.79 in chips) 
Seat 6: socito ($100 in chips) 
xcinaz: posts small blind $0.50
socito: posts big blind $1
*** HOLE CARDS ***
RohayhuP: folds 
erpaye: folds 
ars9: raises $1.20 to $2.20
xcinaz: folds 
socito: folds 
Uncalled bet ($1.20) returned to ars9
ars9 collected $2.50 from pot
*** SUMMARY ***
Total pot $2.50 | Rake $0 
Seat 4: Kristo 914
Seat 1: RohayhuP folded before Flop (didn't bet)
Seat 2: erpaye folded before Flop (didn't bet)
Seat 3: ars9 (button) collected ($2.50)
Seat 5: xcinaz (small blind) folded before Flop
Seat 6: socito (big blind) folded before Flop



PokerStars Hand #254296027029:  Hold'em No Limit ($0.50/$1.00 USD) - 2025/01/10 15:47:25 WET [2025/01/10 10:47:25 ET]
Table 'Hertha III' 6-max Seat #5 is the button
Seat 4: Kristo 914 ($100 in chips) is sitting out
Seat 1: RohayhuP ($142.65 in chips) 
Seat 2: erpaye ($109.53 in chips) 
Seat 3: ars9 ($92.84 in chips) 
Seat 5: xcinaz ($172.29 in chips) 
Seat 6: socito ($100 in chips) 
socito: posts small blind $0.50
RohayhuP: posts big blind $1
Kristo 914: sits out 
*** HOLE CARDS ***
erpaye: folds 
ars9: folds 
xcinaz: folds 
socito: folds 
Uncalled bet ($0.50) returned to RohayhuP
RohayhuP collected $1 from pot
RohayhuP: doesn't show hand 
*** SUMMARY ***
Total pot $1 | Rake $0 
Seat 4: Kristo 914
Seat 1: RohayhuP (big blind) collected ($1)
Seat 2: erpaye folded before Flop (didn't bet)
Seat 3: ars9 folded before Flop (didn't bet)
Seat 5: xcinaz (button) folded before Flop (didn't bet)
Seat 6: socito (small blind) folded before Flop



PokerStars Hand #254296029544:  Hold'em No Limit ($0.50/$1.00 USD) - 2025/01/10 15:47:35 WET [2025/01/10 10:47:35 ET]
Table 'Hertha III' 6-max Seat #6 is the button
Seat 4: Kristo 914 ($100 in chips) is sitting out
Seat 1: RohayhuP ($143.15 in chips) 
Seat 2: erpaye ($109.53 in chips) 
Seat 3: ars9 ($92.84 in chips) 
Seat 5: xcinaz ($172.29 in chips) 
Seat 6: socito ($100 in chips) 
RohayhuP: posts small blind $0.50
erpaye: posts big blind $1
Kristo 914: sits out 
*** HOLE CARDS ***
ars9: folds 
xcinaz: folds 
socito: folds 
RohayhuP: raises $2 to $3
erpaye: calls $2
*** FLOP *** [7h 9s Js]
RohayhuP: checks 
erpaye: bets $3.76
RohayhuP: folds 
Uncalled bet ($3.76) returned to erpaye
erpaye collected $5.70 from pot
erpaye: doesn't show hand 
*** SUMMARY ***
Total pot $6 | Rake $0.30 
Board [7h 9s Js]
Seat 4: Kristo 914
Seat 1: RohayhuP (small blind) folded on the Flop
Seat 2: erpaye (big blind) collected ($5.70)
Seat 3: ars9 folded before Flop (didn't bet)
Seat 5: xcinaz folded before Flop (didn't bet)
Seat 6: socito (button) folded before Flop (didn't bet)



PokerStars Hand #254296039830:  Hold'em No Limit ($0.50/$1.00 USD) - 2025/01/10 15:48:16 WET [2025/01/10 10:48:16 ET]
Table 'Hertha III' 6-max Seat #1 is the button
Seat 4: Kristo 914 ($100 in chips) is sitting out
Seat 1: RohayhuP ($140.15 in chips) 
Seat 2: erpaye ($112.23 in chips) 
Seat 3: ars9 ($92.84 in chips) 
Seat 5: xcinaz ($172.29 in chips) 
Seat 6: socito ($100 in chips) 
erpaye: posts small blind $0.50
ars9: posts big blind $1
Kristo 914: sits out 
*** HOLE CARDS ***
xcinaz: folds 
socito: raises $1.50 to $2.50
RohayhuP: folds 
erpaye: folds 
ars9: raises $6.50 to $9
socito: folds 
Uncalled bet ($6.50) returned to ars9
ars9 collected $5.50 from pot
*** SUMMARY ***
Total pot $5.50 | Rake $0 
Seat 4: Kristo 914
Seat 1: RohayhuP (button) folded before Flop (didn't bet)
Seat 2: erpaye (small blind) folded before Flop
Seat 3: ars9 (big blind) collected ($5.50)
Seat 5: xcinaz folded before Flop (didn't bet)
Seat 6: socito folded before Flop



PokerStars Hand #254296049562:  Hold'em No Limit ($0.50/$1.00 USD) - 2025/01/10 15:48:56 WET [2025/01/10 10:48:56 ET]
Table 'Hertha III' 6-max Seat #2 is the button
Seat 1: RohayhuP ($140.15 in chips) 
Seat 2: erpaye ($111.73 in chips) 
Seat 3: ars9 ($95.84 in chips) 
Seat 4: Kristo 914 ($100 in chips) 
Seat 5: xcinaz ($172.29 in chips) 
Seat 6: socito ($100 in chips) 
ars9: posts small blind $0.50
Kristo 914: posts big blind $1
*** HOLE CARDS ***
xcinaz: folds 
socito: raises $1.50 to $2.50
RohayhuP: folds 
erpaye: folds 
ars9: folds 
Kristo 914: folds 
Uncalled bet ($1.50) returned to socito
socito collected $2.50 from pot
socito: doesn't show hand 
*** SUMMARY ***
Total pot $2.50 | Rake $0 
Seat 1: RohayhuP folded before Flop (didn't bet)
Seat 2: erpaye (button) folded before Flop (didn't bet)
Seat 3: ars9 (small blind) folded before Flop
Seat 4: Kristo 914 (big blind) folded before Flop
Seat 5: xcinaz folded before Flop (didn't bet)
Seat 6: socito collected ($2.50)



PokerStars Hand #254296057993:  Hold'em No Limit ($0.50/$1.00 USD) - 2025/01/10 15:49:30 WET [2025/01/10 10:49:30 ET]
Table 'Hertha III' 6-max Seat #3 is the button
Seat 1: RohayhuP ($140.15 in chips) 
Seat 2: erpaye ($111.73 in chips) 
Seat 3: ars9 ($95.34 in chips) 
Seat 4: Kristo 914 ($100 in chips) 
Seat 5: xcinaz ($172.29 in chips) 
Seat 6: socito ($101.50 in chips) 
Kristo 914: posts small blind $0.50
xcinaz: posts big blind $1
*** HOLE CARDS ***
socito: folds 
RohayhuP: folds 
erpaye: raises $1.10 to $2.10
ars9: folds 
Kristo 914: folds 
xcinaz: calls $1.10
*** FLOP *** [8d 5d Th]
xcinaz: checks 
erpaye: checks 
*** TURN *** [8d 5d Th] [Ad]
xcinaz: checks 
erpaye: checks 
*** RIVER *** [8d 5d Th Ad] [Kd]
xcinaz: checks 
erpaye: checks 
*** SHOW DOWN ***
xcinaz: shows [6h Kh] (a pair of Kings)
erpaye: shows [2s Ks] (a pair of Kings)
xcinaz collected $2.23 from pot
erpaye collected $2.23 from pot
*** SUMMARY ***
Total pot $4.70 | Rake $0.24 
Board [8d 5d Th Ad Kd]
Seat 1: RohayhuP folded before Flop (didn't bet)
Seat 2: erpaye showed [2s Ks] and won ($2.23) with a pair of Kings
Seat 3: ars9 (button) folded before Flop (didn't bet)
Seat 4: Kristo 914 (small blind) folded before Flop
Seat 5: xcinaz (big blind) showed [6h Kh] and won ($2.23) with a pair of Kings
Seat 6: socito folded before Flop (didn't bet)



PokerStars Hand #254296074314:  Hold'em No Limit ($0.50/$1.00 USD) - 2025/01/10 15:50:37 WET [2025/01/10 10:50:37 ET]
Table 'Hertha III' 6-max Seat #4 is the button
Seat 1: RohayhuP ($140.15 in chips) 
Seat 2: erpaye ($111.86 in chips) 
Seat 3: ars9 ($95.34 in chips) 
Seat 4: Kristo 914 ($100 in chips) 
Seat 5: xcinaz ($172.42 in chips) 
Seat 6: socito ($101.50 in chips) 
xcinaz: posts small blind $0.50
socito: posts big blind $1
*** HOLE CARDS ***
RohayhuP: folds 
erpaye: raises $1.10 to $2.10
ars9: folds 
Kristo 914: folds 
xcinaz: folds 
socito: calls $1.10
*** FLOP *** [7h Kc 9h]
socito: checks 
erpaye: bets $3.44
socito: calls $3.44
*** TURN *** [7h Kc 9h] [7c]
socito: bets $3.50
erpaye: raises $16.88 to $20.38
RohayhuP leaves the table
socito has timed out
socito: folds 
Uncalled bet ($16.88) returned to erpaye
erpaye collected $17.65 from pot
erpaye: doesn't show hand 
*** SUMMARY ***
Total pot $18.58 | Rake $0.93 
Board [7h Kc 9h 7c]
Seat 1: RohayhuP folded before Flop (didn't bet)
Seat 2: erpaye collected ($17.65)
Seat 3: ars9 folded before Flop (didn't bet)
Seat 4: Kristo 914 (button) folded before Flop (didn't bet)
Seat 5: xcinaz (small blind) folded before Flop
Seat 6: socito (big blind) folded on the Turn



PokerStars Hand #254296106984:  Hold'em No Limit ($0.50/$1.00 USD) - 2025/01/10 15:52:50 WET [2025/01/10 10:52:50 ET]
Table 'Hertha III' 6-max Seat #5 is the button
Seat 2: erpaye ($120.47 in chips) is sitting out
Seat 3: ars9 ($95.34 in chips) 
Seat 4: Kristo 914 ($100 in chips) 
Seat 5: xcinaz ($171.92 in chips) 
Seat 6: socito ($100 in chips) 
socito: posts small blind $0.50
erpaye: is sitting out 
ars9: posts big blind $1
*** HOLE CARDS ***
erpaye leaves the table
Kristo 914: raises $1.40 to $2.40
xcinaz: folds 
socito: raises $9.10 to $11.50
ars9: folds 
Kristo 914: folds 
Uncalled bet ($9.10) returned to socito
socito collected $5.80 from pot
socito: doesn't show hand 
*** SUMMARY ***
Total pot $5.80 | Rake $0 
Seat 2: erpaye
Seat 3: ars9 (big blind) folded before Flop
Seat 4: Kristo 914 folded before Flop
Seat 5: xcinaz (button) folded before Flop (didn't bet)
Seat 6: socito (small blind) collected ($5.80)



PokerStars Hand #254296117978:  Hold'em No Limit ($0.50/$1.00 USD) - 2025/01/10 15:53:34 WET [2025/01/10 10:53:34 ET]
Table 'Hertha III' 6-max Seat #6 is the button
Seat 3: ars9 ($94.34 in chips) 
Seat 4: Kristo 914 ($100 in chips) 
Seat 5: xcinaz ($171.92 in chips) 
Seat 6: socito ($103.40 in chips) 
ars9: posts small blind $0.50
Kristo 914: posts big blind $1
*** HOLE CARDS ***
xcinaz: raises $1.20 to $2.20
socito: folds 
ars9: folds 
Kristo 914: folds 
Uncalled bet ($1.20) returned to xcinaz
socito leaves the table
xcinaz collected $2.50 from pot
xcinaz: doesn't show hand 
*** SUMMARY ***
Total pot $2.50 | Rake $0 
Seat 3: ars9 (small blind) folded before Flop
Seat 4: Kristo 914 (big blind) folded before Flop
Seat 5: xcinaz collected ($2.50)
Seat 6: socito (button) folded before Flop (didn't bet)



PokerStars Hand #254296120853:  Hold'em No Limit ($0.50/$1.00 USD) - 2025/01/10 15:53:46 WET [2025/01/10 10:53:46 ET]
Table 'Hertha III' 6-max Seat #4 is the button
Seat 3: ars9 ($93.84 in chips) is sitting out
Seat 4: Kristo 914 ($100 in chips) 
Seat 5: xcinaz ($173.42 in chips) 
Kristo 914: posts small blind $0.50
xcinaz: posts big blind $1
*** HOLE CARDS ***
Kristo 914: folds 
Uncalled bet ($0.50) returned to xcinaz
xcinaz collected $1 from pot
xcinaz: doesn't show hand 
*** SUMMARY ***
Total pot $1 | Rake $0 
Seat 3: ars9
Seat 4: Kristo 914 (button) (small blind) folded before Flop
Seat 5: xcinaz (big blind) collected ($1)



PokerStars Hand #254296122952:  Hold'em No Limit ($0.50/$1.00 USD) - 2025/01/10 15:53:55 WET [2025/01/10 10:53:55 ET]
Table 'Hertha III' 6-max Seat #5 is the button
Seat 3: ars9 ($93.84 in chips) is sitting out
Seat 4: Kristo 914 ($100 in chips) 
Seat 5: xcinaz ($173.92 in chips) 
xcinaz: posts small blind $0.50
Kristo 914: posts big blind $1
*** HOLE CARDS ***
xcinaz: raises $1.50 to $2.50
Kristo 914: raises $8.50 to $11
xcinaz: folds 
Uncalled bet ($8.50) returned to Kristo 914
Kristo 914 collected $5 from pot
Kristo 914: doesn't show hand 
*** SUMMARY ***
Total pot $5 | Rake $0 
Seat 3: ars9
Seat 4: Kristo 914 (big blind) collected ($5)
Seat 5: xcinaz (button) (small blind) folded before Flop



PokerStars Hand #254296693520:  Hold'em No Limit ($0.50/$1.00 USD) - 2025/01/10 16:33:21 WET [2025/01/10 11:33:21 ET]
Table 'Hertha III' 6-max Seat #3 is the button
Seat 2: AlexPinsk1 ($100 in chips) 
Seat 3: S0M30LS3 ($56.21 in chips) 
Seat 4: ptolejmus ($10 in chips) 
Seat 5: raketkasix ($101.50 in chips) 
ptolejmus: posts small blind $0.50
raketkasix: posts big blind $1
*** HOLE CARDS ***
AlexPinsk1: folds 
S0M30LS3: calls $1
ptolejmus: calls $0.50
raketkasix: raises $6 to $7
S0M30LS3: folds 
ptolejmus: folds 
Uncalled bet ($6) returned to raketkasix
raketkasix collected $3 from pot
raketkasix: doesn't show hand 
*** SUMMARY ***
Total pot $3 | Rake $0 
Seat 2: AlexPinsk1 folded before Flop (didn't bet)
Seat 3: S0M30LS3 (button) folded before Flop
Seat 4: ptolejmus (small blind) folded before Flop
Seat 5: raketkasix (big blind) collected ($3)



PokerStars Hand #254296699834:  Hold'em No Limit ($0.50/$1.00 USD) - 2025/01/10 16:33:46 WET [2025/01/10 11:33:46 ET]
Table 'Hertha III' 6-max Seat #4 is the button
Seat 2: AlexPinsk1 ($100 in chips) 
Seat 3: S0M30LS3 ($55.21 in chips) 
Seat 4: ptolejmus ($10 in chips) 
Seat 5: raketkasix ($103.50 in chips) 
raketkasix: posts small blind $0.50
AlexPinsk1: posts big blind $1
*** HOLE CARDS ***
S0M30LS3: calls $1
ptolejmus: raises $9 to $10 and is all-in
raketkasix: folds 
AlexPinsk1: folds 
S0M30LS3: folds 
Uncalled bet ($9) returned to ptolejmus
ptolejmus collected $3.50 from pot
*** SUMMARY ***
Total pot $3.50 | Rake $0 
Seat 2: AlexPinsk1 (big blind) folded before Flop
Seat 3: S0M30LS3 folded before Flop
Seat 4: ptolejmus (button) collected ($3.50)
Seat 5: raketkasix (small blind) folded before Flop



PokerStars Hand #254296704232:  Hold'em No Limit ($0.50/$1.00 USD) - 2025/01/10 16:34:03 WET [2025/01/10 11:34:03 ET]
Table 'Hertha III' 6-max Seat #5 is the button
Seat 2: AlexPinsk1 ($100 in chips) 
Seat 3: S0M30LS3 ($54.21 in chips) 
Seat 4: ptolejmus ($12.50 in chips) 
Seat 5: raketkasix ($103 in chips) 
AlexPinsk1: posts small blind $0.50
S0M30LS3: posts big blind $1
*** HOLE CARDS ***
ptolejmus: raises $1 to $2
raketkasix: folds 
AlexPinsk1: folds 
S0M30LS3: calls $1
*** FLOP *** [4s 3h 2c]
S0M30LS3: checks 
dreimis190 joins the table at seat #6 
ptolejmus: bets $1.16
Evelexy1 joins the table at seat #1 
S0M30LS3: calls $1.16
*** TURN *** [4s 3h 2c] [3s]
S0M30LS3: checks 
ptolejmus: bets $9.34 and is all-in
S0M30LS3: folds 
Uncalled bet ($9.34) returned to ptolejmus
ptolejmus collected $6.48 from pot
*** SUMMARY ***
Total pot $6.82 | Rake $0.34 
Board [4s 3h 2c 3s]
Seat 2: AlexPinsk1 (small blind) folded before Flop
Seat 3: S0M30LS3 (big blind) folded on the Turn
Seat 4: ptolejmus collected ($6.48)
Seat 5: raketkasix (button) folded before Flop (didn't bet)



PokerStars Hand #254296720261:  Hold'em No Limit ($0.50/$1.00 USD) - 2025/01/10 16:35:04 WET [2025/01/10 11:35:04 ET]
Table 'Hertha III' 6-max Seat #2 is the button
Seat 1: Evelexy1 ($100 in chips) is sitting out
Seat 6: dreimis190 ($100 in chips) is sitting out
Seat 2: AlexPinsk1 ($100 in chips) 
Seat 3: S0M30LS3 ($51.05 in chips) 
Seat 4: ptolejmus ($15.82 in chips) 
Seat 5: raketkasix ($103 in chips) 
S0M30LS3: posts small blind $0.50
ptolejmus: posts big blind $1
dreimis190: sits out 
Evelexy1: sits out 
*** HOLE CARDS ***
raketkasix: folds 
AlexPinsk1: raises $1.50 to $2.50
S0M30LS3: folds 
Evelexy1 leaves the table
ptolejmus: folds 
Uncalled bet ($1.50) returned to AlexPinsk1
AlexPinsk1 collected $2.50 from pot
AlexPinsk1: doesn't show hand 
*** SUMMARY ***
Total pot $2.50 | Rake $0 
Seat 1: Evelexy1
Seat 6: dreimis190
Seat 2: AlexPinsk1 (button) collected ($2.50)
Seat 3: S0M30LS3 (small blind) folded before Flop
Seat 4: ptolejmus (big blind) folded before Flop
Seat 5: raketkasix folded before Flop (didn't bet)



PokerStars Hand #254296727270:  Hold'em No Limit ($0.50/$1.00 USD) - 2025/01/10 16:35:32 WET [2025/01/10 11:35:32 ET]
Table 'Hertha III' 6-max Seat #3 is the button
Seat 6: dreimis190 ($100 in chips) is sitting out
Seat 2: AlexPinsk1 ($101.50 in chips) 
Seat 3: S0M30LS3 ($50.55 in chips) 
Seat 4: ptolejmus ($14.82 in chips) 
Seat 5: raketkasix ($103 in chips) 
ptolejmus: posts small blind $0.50
raketkasix: posts big blind $1
dreimis190: sits out 
*** HOLE CARDS ***
AlexPinsk1: folds 
S0M30LS3: calls $1
ptolejmus: folds 
raketkasix: checks 
*** FLOP *** [Th Jh Ah]
raketkasix: checks 
S0M30LS3: bets $1.19
raketkasix: folds 
Uncalled bet ($1.19) returned to S0M30LS3
S0M30LS3 collected $2.35 from pot
*** SUMMARY ***
Total pot $2.50 | Rake $0.15 
Board [Th Jh Ah]
Seat 6: dreimis190
Seat 2: AlexPinsk1 folded before Flop (didn't bet)
Seat 3: S0M30LS3 (button) collected ($2.35)
Seat 4: ptolejmus (small blind) folded before Flop
Seat 5: raketkasix (big blind) folded on the Flop



PokerStars Hand #254296735238:  Hold'em No Limit ($0.50/$1.00 USD) - 2025/01/10 16:36:02 WET [2025/01/10 11:36:02 ET]
Table 'Hertha III' 6-max Seat #4 is the button
Seat 2: AlexPinsk1 ($101.50 in chips) 
Seat 3: S0M30LS3 ($51.90 in chips) 
Seat 4: ptolejmus ($14.32 in chips) 
Seat 5: raketkasix ($102 in chips) 
Seat 6: dreimis190 ($100 in chips) 
raketkasix: posts small blind $0.50
dreimis190: posts big blind $1
*** HOLE CARDS ***
AlexPinsk1: folds 
S0M30LS3: folds 
ptolejmus: folds 
raketkasix: folds 
Uncalled bet ($0.50) returned to dreimis190
dreimis190 collected $1 from pot
dreimis190: doesn't show hand 
*** SUMMARY ***
Total pot $1 | Rake $0 
Seat 2: AlexPinsk1 folded before Flop (didn't bet)
Seat 3: S0M30LS3 folded before Flop (didn't bet)
Seat 4: ptolejmus (button) folded before Flop (didn't bet)
Seat 5: raketkasix (small blind) folded before Flop
Seat 6: dreimis190 (big blind) collected ($1)



PokerStars Hand #254296737862:  Hold'em No Limit ($0.50/$1.00 USD) - 2025/01/10 16:36:12 WET [2025/01/10 11:36:12 ET]
Table 'Hertha III' 6-max Seat #5 is the button
Seat 2: AlexPinsk1 ($101.50 in chips) 
Seat 3: S0M30LS3 ($51.90 in chips) 
Seat 4: ptolejmus ($14.32 in chips) 
Seat 5: raketkasix ($101.50 in chips) 
Seat 6: dreimis190 ($100.50 in chips) 
dreimis190: posts small blind $0.50
AlexPinsk1: posts big blind $1
*** HOLE CARDS ***
Nicedaymybro joins the table at seat #1 
S0M30LS3: folds 
ptolejmus: folds 
raketkasix: raises $1.50 to $2.50
dreimis190: folds 
AlexPinsk1: folds 
Uncalled bet ($1.50) returned to raketkasix
raketkasix collected $2.50 from pot
raketkasix: doesn't show hand 
*** SUMMARY ***
Total pot $2.50 | Rake $0 
Seat 2: AlexPinsk1 (big blind) folded before Flop
Seat 3: S0M30LS3 folded before Flop (didn't bet)
Seat 4: ptolejmus folded before Flop (didn't bet)
Seat 5: raketkasix (button) collected ($2.50)
Seat 6: dreimis190 (small blind) folded before Flop



PokerStars Hand #254296741447:  Hold'em No Limit ($0.50/$1.00 USD) - 2025/01/10 16:36:26 WET [2025/01/10 11:36:26 ET]
Table 'Hertha III' 6-max Seat #6 is the button
Seat 1: Nicedaymybro ($100 in chips) is sitting out
Seat 2: AlexPinsk1 ($100.50 in chips) 
Seat 3: S0M30LS3 ($51.90 in chips) 
Seat 4: ptolejmus ($14.32 in chips) 
Seat 5: raketkasix ($103 in chips) 
Seat 6: dreimis190 ($100 in chips) 
AlexPinsk1: posts small blind $0.50
S0M30LS3: posts big blind $1
*** HOLE CARDS ***
ptolejmus: folds 
raketkasix: folds 
dreimis190: folds 
AlexPinsk1: raises $2 to $3
S0M30LS3: folds 
Uncalled bet ($2) returned to AlexPinsk1
AlexPinsk1 collected $2 from pot
AlexPinsk1: doesn't show hand 
*** SUMMARY ***
Total pot $2 | Rake $0 
Seat 1: Nicedaymybro
Seat 2: AlexPinsk1 (small blind) collected ($2)
Seat 3: S0M30LS3 (big blind) folded before Flop
Seat 4: ptolejmus folded before Flop (didn't bet)
Seat 5: raketkasix folded before Flop (didn't bet)
Seat 6: dreimis190 (button) folded before Flop (didn't bet)



PokerStars Hand #254296744488:  Hold'em No Limit ($0.50/$1.00 USD) - 2025/01/10 16:36:38 WET [2025/01/10 11:36:38 ET]
Table 'Hertha III' 6-max Seat #2 is the button
Seat 1: Nicedaymybro ($100 in chips) is sitting out
Seat 2: AlexPinsk1 ($101.50 in chips) 
Seat 3: S0M30LS3 ($50.90 in chips) 
Seat 4: ptolejmus ($14.32 in chips) 
Seat 5: raketkasix ($103 in chips) 
Seat 6: dreimis190 ($100 in chips) 
S0M30LS3: posts small blind $0.50
ptolejmus: posts big blind $1
Nicedaymybro: sits out 
*** HOLE CARDS ***
raketkasix: folds 
dreimis190: folds 
AlexPinsk1: folds 
S0M30LS3: folds 
Uncalled bet ($0.50) returned to ptolejmus
ptolejmus collected $1 from pot
*** SUMMARY ***
Total pot $1 | Rake $0 
Seat 1: Nicedaymybro
Seat 2: AlexPinsk1 (button) folded before Flop (didn't bet)
Seat 3: S0M30LS3 (small blind) folded before Flop
Seat 4: ptolejmus (big blind) collected ($1)
Seat 5: raketkasix folded before Flop (didn't bet)
Seat 6: dreimis190 folded before Flop (didn't bet)



PokerStars Hand #254296748291:  Hold'em No Limit ($0.50/$1.00 USD) - 2025/01/10 16:36:53 WET [2025/01/10 11:36:53 ET]
Table 'Hertha III' 6-max Seat #3 is the button
Seat 1: Nicedaymybro ($100 in chips) is sitting out
Seat 5: raketkasix ($103 in chips) is sitting out
Seat 2: AlexPinsk1 ($101.50 in chips) 
Seat 3: S0M30LS3 ($50.40 in chips) 
Seat 4: ptolejmus ($14.82 in chips) 
Seat 6: dreimis190 ($100 in chips) 
ptolejmus: posts small blind $0.50
raketkasix: is sitting out 
dreimis190: posts big blind $1
Nicedaymybro: sits out 
*** HOLE CARDS ***
raketkasix leaves the table
AlexPinsk1: folds 
S0M30LS3: calls $1
ptolejmus: calls $0.50
dreimis190: checks 
*** FLOP *** [7s 2d Qs]
ptolejmus: checks 
dreimis190: checks 
S0M30LS3: checks 
*** TURN *** [7s 2d Qs] [3d]
Arayik1880 joins the table at seat #5 
Arayik1880 is disconnected 
ptolejmus: checks 
dreimis190: bets $2.85
S0M30LS3: folds 
ptolejmus: folds 
Uncalled bet ($2.85) returned to dreimis190
dreimis190 collected $2.85 from pot
dreimis190: doesn't show hand 
*** SUMMARY ***
Total pot $3 | Rake $0.15 
Board [7s 2d Qs 3d]
Seat 1: Nicedaymybro
Seat 5: raketkasix
Seat 2: AlexPinsk1 folded before Flop (didn't bet)
Seat 3: S0M30LS3 (button) folded on the Turn
Seat 4: ptolejmus (small blind) folded on the Turn
Seat 6: dreimis190 (big blind) collected ($2.85)



PokerStars Hand #254296762105:  Hold'em No Limit ($0.50/$1.00 USD) - 2025/01/10 16:37:45 WET [2025/01/10 11:37:45 ET]
Table 'Hertha III' 6-max Seat #4 is the button
Seat 5: Arayik1880 ($48.05 in chips) is sitting out
Seat 1: Nicedaymybro ($100 in chips) 
Seat 2: AlexPinsk1 ($101.50 in chips) 
Seat 3: S0M30LS3 ($49.40 in chips) 
Seat 4: ptolejmus ($13.82 in chips) 
Seat 6: dreimis190 ($101.85 in chips) 
dreimis190: posts small blind $0.50
Nicedaymybro: posts big blind $1
*** HOLE CARDS ***
AlexPinsk1: raises $1.50 to $2.50
S0M30LS3: folds 
ptolejmus: raises $11.32 to $13.82 and is all-in
dreimis190: folds 
Nicedaymybro: folds 
AlexPinsk1: folds 
Uncalled bet ($11.32) returned to ptolejmus
ptolejmus collected $6.50 from pot
*** SUMMARY ***
Total pot $6.50 | Rake $0 
Seat 5: Arayik1880
Seat 1: Nicedaymybro (big blind) folded before Flop
Seat 2: AlexPinsk1 folded before Flop
Seat 3: S0M30LS3 folded before Flop (didn't bet)
Seat 4: ptolejmus (button) collected ($6.50)
Seat 6: dreimis190 (small blind) folded before Flop



PokerStars Hand #254296767322:  Hold'em No Limit ($0.50/$1.00 USD) - 2025/01/10 16:38:05 WET [2025/01/10 11:38:05 ET]
Table 'Hertha III' 6-max Seat #6 is the button
Seat 5: Arayik1880 ($48.05 in chips) is sitting out
Seat 1: Nicedaymybro ($100 in chips) 
Seat 2: AlexPinsk1 ($100 in chips) 
Seat 3: S0M30LS3 ($49.40 in chips) 
Seat 4: ptolejmus ($17.82 in chips) 
Seat 6: dreimis190 ($101.35 in chips) 
Nicedaymybro: posts small blind $0.50
AlexPinsk1: posts big blind $1
Arayik1880: sits out 
*** HOLE CARDS ***
S0M30LS3: calls $1
ptolejmus: folds 
dreimis190: folds 
Nicedaymybro: raises $4 to $5
Arayik1880 is disconnected 
AlexPinsk1: folds 
S0M30LS3: folds 
Uncalled bet ($4) returned to Nicedaymybro
Nicedaymybro collected $3 from pot
Nicedaymybro: doesn't show hand 
*** SUMMARY ***
Total pot $3 | Rake $0 
Seat 5: Arayik1880
Seat 1: Nicedaymybro (small blind) collected ($3)
Seat 2: AlexPinsk1 (big blind) folded before Flop
Seat 3: S0M30LS3 folded before Flop
Seat 4: ptolejmus folded before Flop (didn't bet)
Seat 6: dreimis190 (button) folded before Flop (didn't bet)



PokerStars Hand #254296771991:  Hold'em No Limit ($0.50/$1.00 USD) - 2025/01/10 16:38:23 WET [2025/01/10 11:38:23 ET]
Table 'Hertha III' 6-max Seat #1 is the button
Seat 5: Arayik1880 ($48.05 in chips) is sitting out
Seat 1: Nicedaymybro ($102 in chips) 
Seat 2: AlexPinsk1 ($100 in chips) 
Seat 3: S0M30LS3 ($48.40 in chips) 
Seat 4: ptolejmus ($17.82 in chips) 
Seat 6: dreimis190 ($101.35 in chips) 
AlexPinsk1: posts small blind $0.50
S0M30LS3: posts big blind $1
Arayik1880 has timed out while disconnected
Arayik1880: is sitting out 
*** HOLE CARDS ***
ptolejmus: folds 
dreimis190: folds 
Nicedaymybro: raises $1.50 to $2.50
AlexPinsk1: raises $7.50 to $10
S0M30LS3: folds 
Nicedaymybro: calls $7.50
*** FLOP *** [8d Tc Qs]
AlexPinsk1: bets $9.97
Nicedaymybro: calls $9.97
*** TURN *** [8d Tc Qs] [Jc]
Arayik1880 is disconnected 
AlexPinsk1: bets $14
Nicedaymybro: calls $14
*** RIVER *** [8d Tc Qs Jc] [2c]
AlexPinsk1: checks 
Nicedaymybro: bets $68.03 and is all-in
AlexPinsk1: folds 
Uncalled bet ($68.03) returned to Nicedaymybro
Nicedaymybro collected $66.44 from pot
Nicedaymybro: doesn't show hand 
*** SUMMARY ***
Total pot $68.94 | Rake $2.50 
Board [8d Tc Qs Jc 2c]
Seat 5: Arayik1880
Seat 1: Nicedaymybro (button) collected ($66.44)
Seat 2: AlexPinsk1 (small blind) folded on the River
Seat 3: S0M30LS3 (big blind) folded before Flop
Seat 4: ptolejmus folded before Flop (didn't bet)
Seat 6: dreimis190 folded before Flop (didn't bet)



PokerStars Hand #254296803075:  Hold'em No Limit ($0.50/$1.00 USD) - 2025/01/10 16:40:23 WET [2025/01/10 11:40:23 ET]
Table 'Hertha III' 6-max Seat #2 is the button
Seat 4: ptolejmus ($17.82 in chips) is sitting out
Seat 5: Arayik1880 ($48.05 in chips) is sitting out
Seat 1: Nicedaymybro ($134.47 in chips) 
Seat 2: AlexPinsk1 ($100 in chips) 
Seat 3: S0M30LS3 ($47.40 in chips) 
Seat 6: dreimis190 ($101.35 in chips) 
S0M30LS3: posts small blind $0.50
ptolejmus: is sitting out 
Arayik1880 has timed out while disconnected
Arayik1880: is sitting out 
dreimis190: posts big blind $1
*** HOLE CARDS ***
Nicedaymybro: raises $1.50 to $2.50
ptolejmus leaves the table
AlexPinsk1: raises $5 to $7.50
S0M30LS3: folds 
dreimis190: folds 
Nicedaymybro: folds 
Uncalled bet ($5) returned to AlexPinsk1
AlexPinsk1 collected $6.50 from pot
AlexPinsk1: doesn't show hand 
*** SUMMARY ***
Total pot $6.50 | Rake $0 
Seat 4: ptolejmus
Seat 5: Arayik1880
Seat 1: Nicedaymybro folded before Flop
Seat 2: AlexPinsk1 (button) collected ($6.50)
Seat 3: S0M30LS3 (small blind) folded before Flop
Seat 6: dreimis190 (big blind) folded before Flop



PokerStars Hand #254296808286:  Hold'em No Limit ($0.50/$1.00 USD) - 2025/01/10 16:40:43 WET [2025/01/10 11:40:43 ET]
Table 'Hertha III' 6-max Seat #3 is the button
Seat 5: Arayik1880 ($48.05 in chips) is sitting out
Seat 1: Nicedaymybro ($131.97 in chips) 
Seat 2: AlexPinsk1 ($104 in chips) 
Seat 3: S0M30LS3 ($46.90 in chips) 
Seat 6: dreimis190 ($100.35 in chips) 
dreimis190: posts small blind $0.50
Nicedaymybro: posts big blind $1
*** HOLE CARDS ***
raketkasix joins the table at seat #4 
AlexPinsk1: folds 
S0M30LS3: folds 
dreimis190: folds 
Uncalled bet ($0.50) returned to Nicedaymybro
Nicedaymybro collected $1 from pot
Nicedaymybro: doesn't show hand 
*** SUMMARY ***
Total pot $1 | Rake $0 
Seat 5: Arayik1880
Seat 1: Nicedaymybro (big blind) collected ($1)
Seat 2: AlexPinsk1 folded before Flop (didn't bet)
Seat 3: S0M30LS3 (button) folded before Flop (didn't bet)
Seat 6: dreimis190 (small blind) folded before Flop



PokerStars Hand #254296812037:  Hold'em No Limit ($0.50/$1.00 USD) - 2025/01/10 16:40:58 WET [2025/01/10 11:40:58 ET]
Table 'Hertha III' 6-max Seat #6 is the button
Seat 4: raketkasix ($103 in chips) is sitting out
Seat 5: Arayik1880 ($48.05 in chips) is sitting out
Seat 1: Nicedaymybro ($132.47 in chips) 
Seat 2: AlexPinsk1 ($104 in chips) 
Seat 3: S0M30LS3 ($46.90 in chips) 
Seat 6: dreimis190 ($100 in chips) 
Nicedaymybro: posts small blind $0.50
AlexPinsk1: posts big blind $1
raketkasix: sits out 
*** HOLE CARDS ***
S0M30LS3: folds 
dreimis190: folds 
Nicedaymybro: folds 
Uncalled bet ($0.50) returned to AlexPinsk1
AlexPinsk1 collected $1 from pot
AlexPinsk1: doesn't show hand 
*** SUMMARY ***
Total pot $1 | Rake $0 
Seat 4: raketkasix
Seat 5: Arayik1880
Seat 1: Nicedaymybro (small blind) folded before Flop
Seat 2: AlexPinsk1 (big blind) collected ($1)
Seat 3: S0M30LS3 folded before Flop (didn't bet)
Seat 6: dreimis190 (button) folded before Flop (didn't bet)



PokerStars Hand #254296813826:  Hold'em No Limit ($0.50/$1.00 USD) - 2025/01/10 16:41:05 WET [2025/01/10 11:41:05 ET]
Table 'Hertha III' 6-max Seat #1 is the button
Seat 4: raketkasix ($103 in chips) is sitting out
Seat 5: Arayik1880 ($48.05 in chips) is sitting out
Seat 1: Nicedaymybro ($131.97 in chips) 
Seat 2: AlexPinsk1 ($104.50 in chips) 
Seat 3: S0M30LS3 ($46.90 in chips) 
Seat 6: dreimis190 ($100 in chips) 
AlexPinsk1: posts small blind $0.50
S0M30LS3: posts big blind $1
raketkasix: sits out 
*** HOLE CARDS ***
dreimis190: folds 
Nicedaymybro: raises $1.50 to $2.50
AlexPinsk1: folds 
S0M30LS3: calls $1.50
*** FLOP *** [5h Th Ts]
S0M30LS3: checks 
Nicedaymybro: bets $1.72
S0M30LS3: folds 
Uncalled bet ($1.72) returned to Nicedaymybro
Nicedaymybro collected $5.22 from pot
Nicedaymybro: doesn't show hand 
*** SUMMARY ***
Total pot $5.50 | Rake $0.28 
Board [5h Th Ts]
Seat 4: raketkasix
Seat 5: Arayik1880
Seat 1: Nicedaymybro (button) collected ($5.22)
Seat 2: AlexPinsk1 (small blind) folded before Flop
Seat 3: S0M30LS3 (big blind) folded on the Flop
Seat 6: dreimis190 folded before Flop (didn't bet)



PokerStars Hand #254296822131:  Hold'em No Limit ($0.50/$1.00 USD) - 2025/01/10 16:41:37 WET [2025/01/10 11:41:37 ET]
Table 'Hertha III' 6-max Seat #2 is the button
Seat 5: Arayik1880 ($48.05 in chips) is sitting out
Seat 1: Nicedaymybro ($134.69 in chips) 
Seat 2: AlexPinsk1 ($104 in chips) 
Seat 3: S0M30LS3 ($44.40 in chips) 
Seat 4: raketkasix ($103 in chips) 
Seat 6: dreimis190 ($100 in chips) 
S0M30LS3: posts small blind $0.50
raketkasix: posts big blind $1
*** HOLE CARDS ***
dreimis190: folds 
Nicedaymybro: folds 
AlexPinsk1 has timed out
AlexPinsk1: folds 
S0M30LS3: calls $0.50
raketkasix: checks 
*** FLOP *** [7s Kc 8s]
S0M30LS3: checks 
raketkasix: bets $1.43
S0M30LS3: calls $1.43
*** TURN *** [7s Kc 8s] [3d]
S0M30LS3: checks 
raketkasix: checks 
*** RIVER *** [7s Kc 8s 3d] [6h]
S0M30LS3: checks 
raketkasix: checks 
*** SHOW DOWN ***
S0M30LS3: shows [Ad Jc] (high card Ace)
raketkasix: shows [3s 5s] (a pair of Threes)
raketkasix collected $4.62 from pot
*** SUMMARY ***
Total pot $4.86 | Rake $0.24 
Board [7s Kc 8s 3d 6h]
Seat 5: Arayik1880
Seat 1: Nicedaymybro folded before Flop (didn't bet)
Seat 2: AlexPinsk1 (button) folded before Flop (didn't bet)
Seat 3: S0M30LS3 (small blind) showed [Ad Jc] and lost with high card Ace
Seat 4: raketkasix (big blind) showed [3s 5s] and won ($4.62) with a pair of Threes
Seat 6: dreimis190 folded before Flop (didn't bet)



PokerStars Hand #254296845210:  Hold'em No Limit ($0.50/$1.00 USD) - 2025/01/10 16:43:05 WET [2025/01/10 11:43:05 ET]
Table 'Hertha III' 6-max Seat #3 is the button
Seat 2: AlexPinsk1 ($104 in chips) is sitting out
Seat 5: Arayik1880 ($48.05 in chips) is sitting out
Seat 1: Nicedaymybro ($134.69 in chips) 
Seat 3: S0M30LS3 ($41.97 in chips) 
Seat 4: raketkasix ($105.19 in chips) 
Seat 6: dreimis190 ($100 in chips) 
raketkasix: posts small blind $0.50
dreimis190: posts big blind $1
*** HOLE CARDS ***
Nicedaymybro: raises $1.50 to $2.50
S0M30LS3: folds 
raketkasix: folds 
dreimis190: folds 
Uncalled bet ($1.50) returned to Nicedaymybro
Nicedaymybro collected $2.50 from pot
Nicedaymybro: doesn't show hand 
*** SUMMARY ***
Total pot $2.50 | Rake $0 
Seat 2: AlexPinsk1
Seat 5: Arayik1880
Seat 1: Nicedaymybro collected ($2.50)
Seat 3: S0M30LS3 (button) folded before Flop (didn't bet)
Seat 4: raketkasix (small blind) folded before Flop
Seat 6: dreimis190 (big blind) folded before Flop



PokerStars Hand #254296848789:  Hold'em No Limit ($0.50/$1.00 USD) - 2025/01/10 16:43:19 WET [2025/01/10 11:43:19 ET]
Table 'Hertha III' 6-max Seat #4 is the button
Seat 5: Arayik1880 ($48.05 in chips) is sitting out
Seat 1: Nicedaymybro ($136.19 in chips) 
Seat 2: AlexPinsk1 ($104 in chips) 
Seat 3: S0M30LS3 ($41.97 in chips) 
Seat 4: raketkasix ($104.69 in chips) 
Seat 6: dreimis190 ($100 in chips) 
dreimis190: posts small blind $0.50
Nicedaymybro: posts big blind $1
*** HOLE CARDS ***
AlexPinsk1: folds 
S0M30LS3: folds 
raketkasix: folds 
dreimis190: folds 
Uncalled bet ($0.50) returned to Nicedaymybro
Nicedaymybro collected $1 from pot
Nicedaymybro: doesn't show hand 
*** SUMMARY ***
Total pot $1 | Rake $0 
Seat 5: Arayik1880
Seat 1: Nicedaymybro (big blind) collected ($1)
Seat 2: AlexPinsk1 folded before Flop (didn't bet)
Seat 3: S0M30LS3 folded before Flop (didn't bet)
Seat 4: raketkasix (button) folded before Flop (didn't bet)
Seat 6: dreimis190 (small blind) folded before Flop



PokerStars Hand #254296851698:  Hold'em No Limit ($0.50/$1.00 USD) - 2025/01/10 16:43:30 WET [2025/01/10 11:43:30 ET]
Table 'Hertha III' 6-max Seat #6 is the button
Seat 5: Arayik1880 ($48.05 in chips) is sitting out
Seat 1: Nicedaymybro ($136.69 in chips) 
Seat 2: AlexPinsk1 ($104 in chips) 
Seat 3: S0M30LS3 ($41.97 in chips) 
Seat 4: raketkasix ($104.69 in chips) 
Seat 6: dreimis190 ($100 in chips) 
Nicedaymybro: posts small blind $0.50
AlexPinsk1: posts big blind $1
*** HOLE CARDS ***
S0M30LS3: calls $1
raketkasix: folds 
dreimis190: folds 
Nicedaymybro: folds 
AlexPinsk1: raises $4.50 to $5.50
S0M30LS3: calls $4.50
*** FLOP *** [6c 9d 8h]
AlexPinsk1: bets $10
S0M30LS3: folds 
Uncalled bet ($10) returned to AlexPinsk1
AlexPinsk1 collected $10.92 from pot
AlexPinsk1: doesn't show hand 
*** SUMMARY ***
Total pot $11.50 | Rake $0.58 
Board [6c 9d 8h]
Seat 5: Arayik1880
Seat 1: Nicedaymybro (small blind) folded before Flop
Seat 2: AlexPinsk1 (big blind) collected ($10.92)
Seat 3: S0M30LS3 folded on the Flop
Seat 4: raketkasix folded before Flop (didn't bet)
Seat 6: dreimis190 (button) folded before Flop (didn't bet)



PokerStars Hand #254296865082:  Hold'em No Limit ($0.50/$1.00 USD) - 2025/01/10 16:44:21 WET [2025/01/10 11:44:21 ET]
Table 'Hertha III' 6-max Seat #1 is the button
Seat 5: Arayik1880 ($48.05 in chips) is sitting out
Seat 1: Nicedaymybro ($136.19 in chips) 
Seat 2: AlexPinsk1 ($109.42 in chips) 
Seat 3: S0M30LS3 ($36.47 in chips) 
Seat 4: raketkasix ($104.69 in chips) 
Seat 6: dreimis190 ($100 in chips) 
AlexPinsk1: posts small blind $0.50
S0M30LS3: posts big blind $1
*** HOLE CARDS ***
raketkasix: folds 
dreimis190: folds 
Nicedaymybro: raises $1.50 to $2.50
AlexPinsk1: folds 
S0M30LS3: folds 
Uncalled bet ($1.50) returned to Nicedaymybro
Nicedaymybro collected $2.50 from pot
Nicedaymybro: doesn't show hand 
*** SUMMARY ***
Total pot $2.50 | Rake $0 
Seat 5: Arayik1880
Seat 1: Nicedaymybro (button) collected ($2.50)
Seat 2: AlexPinsk1 (small blind) folded before Flop
Seat 3: S0M30LS3 (big blind) folded before Flop
Seat 4: raketkasix folded before Flop (didn't bet)
Seat 6: dreimis190 folded before Flop (didn't bet)



PokerStars Hand #254296867817:  Hold'em No Limit ($0.50/$1.00 USD) - 2025/01/10 16:44:32 WET [2025/01/10 11:44:32 ET]
Table 'Hertha III' 6-max Seat #2 is the button
Seat 5: Arayik1880 ($48.05 in chips) is sitting out
Seat 1: Nicedaymybro ($137.69 in chips) 
Seat 2: AlexPinsk1 ($108.92 in chips) 
Seat 3: S0M30LS3 ($35.47 in chips) 
Seat 4: raketkasix ($104.69 in chips) 
Seat 6: dreimis190 ($100 in chips) 
S0M30LS3: posts small blind $0.50
raketkasix: posts big blind $1
*** HOLE CARDS ***
dreimis190: folds 
Nicedaymybro: folds 
AlexPinsk1: folds 
S0M30LS3: folds 
Uncalled bet ($0.50) returned to raketkasix
raketkasix collected $1 from pot
raketkasix: doesn't show hand 
*** SUMMARY ***
Total pot $1 | Rake $0 
Seat 5: Arayik1880
Seat 1: Nicedaymybro folded before Flop (didn't bet)
Seat 2: AlexPinsk1 (button) folded before Flop (didn't bet)
Seat 3: S0M30LS3 (small blind) folded before Flop
Seat 4: raketkasix (big blind) collected ($1)
Seat 6: dreimis190 folded before Flop (didn't bet)



PokerStars Hand #254296870099:  Hold'em No Limit ($0.50/$1.00 USD) - 2025/01/10 16:44:41 WET [2025/01/10 11:44:41 ET]
Table 'Hertha III' 6-max Seat #3 is the button
Seat 5: Arayik1880 ($48.05 in chips) is sitting out
Seat 1: Nicedaymybro ($137.69 in chips) 
Seat 2: AlexPinsk1 ($108.92 in chips) 
Seat 3: S0M30LS3 ($34.97 in chips) 
Seat 4: raketkasix ($105.19 in chips) 
Seat 6: dreimis190 ($100 in chips) 
raketkasix: posts small blind $0.50
dreimis190: posts big blind $1
*** HOLE CARDS ***
Nicedaymybro: folds 
AlexPinsk1: folds 
S0M30LS3: folds 
raketkasix: folds 
Uncalled bet ($0.50) returned to dreimis190
dreimis190 collected $1 from pot
Arayik1880 leaves the table
dreimis190: doesn't show hand 
*** SUMMARY ***
Total pot $1 | Rake $0 
Seat 5: Arayik1880
Seat 1: Nicedaymybro folded before Flop (didn't bet)
Seat 2: AlexPinsk1 folded before Flop (didn't bet)
Seat 3: S0M30LS3 (button) folded before Flop (didn't bet)
Seat 4: raketkasix (small blind) folded before Flop
Seat 6: dreimis190 (big blind) collected ($1)



PokerStars Hand #254296874133:  Hold'em No Limit ($0.50/$1.00 USD) - 2025/01/10 16:44:56 WET [2025/01/10 11:44:56 ET]
Table 'Hertha III' 6-max Seat #4 is the button
Seat 1: Nicedaymybro ($137.69 in chips) 
Seat 2: AlexPinsk1 ($108.92 in chips) 
Seat 3: S0M30LS3 ($34.97 in chips) 
Seat 4: raketkasix ($104.69 in chips) 
Seat 6: dreimis190 ($100.50 in chips) 
dreimis190: posts small blind $0.50
Nicedaymybro: posts big blind $1
*** HOLE CARDS ***
AlexPinsk1: raises $1.50 to $2.50
S0M30LS3: folds 
raketkasix: folds 
dreimis190: raises $8.50 to $11
Nicedaymybro: folds 
AlexPinsk1: folds 
Uncalled bet ($8.50) returned to dreimis190
dreimis190 collected $6 from pot
dreimis190: doesn't show hand 
*** SUMMARY ***
Total pot $6 | Rake $0 
Seat 1: Nicedaymybro (big blind) folded before Flop
Seat 2: AlexPinsk1 folded before Flop
Seat 3: S0M30LS3 folded before Flop (didn't bet)
Seat 4: raketkasix (button) folded before Flop (didn't bet)
Seat 6: dreimis190 (small blind) collected ($6)



PokerStars Hand #254296879073:  Hold'em No Limit ($0.50/$1.00 USD) - 2025/01/10 16:45:15 WET [2025/01/10 11:45:15 ET]
Table 'Hertha III' 6-max Seat #6 is the button
Seat 1: Nicedaymybro ($136.69 in chips) 
Seat 2: AlexPinsk1 ($106.42 in chips) 
Seat 3: S0M30LS3 ($34.97 in chips) 
Seat 4: raketkasix ($104.69 in chips) 
Seat 6: dreimis190 ($104 in chips) 
Nicedaymybro: posts small blind $0.50
AlexPinsk1: posts big blind $1
*** HOLE CARDS ***
S0M30LS3: calls $1
raketkasix: folds 
dreimis190: raises $2.50 to $3.50
Nicedaymybro: folds 
AlexPinsk1: folds 
S0M30LS3: calls $2.50
*** FLOP *** [7d 2d Td]
S0M30LS3: checks 
dreimis190: bets $2.67
S0M30LS3: folds 
Uncalled bet ($2.67) returned to dreimis190
dreimis190 collected $8.08 from pot
dreimis190: doesn't show hand 
*** SUMMARY ***
Total pot $8.50 | Rake $0.42 
Board [7d 2d Td]
Seat 1: Nicedaymybro (small blind) folded before Flop
Seat 2: AlexPinsk1 (big blind) folded before Flop
Seat 3: S0M30LS3 folded on the Flop
Seat 4: raketkasix folded before Flop (didn't bet)
Seat 6: dreimis190 (button) collected ($8.08)



PokerStars Hand #254296888763:  Hold'em No Limit ($0.50/$1.00 USD) - 2025/01/10 16:45:52 WET [2025/01/10 11:45:52 ET]
Table 'Hertha III' 6-max Seat #1 is the button
Seat 1: Nicedaymybro ($136.19 in chips) 
Seat 2: AlexPinsk1 ($105.42 in chips) 
Seat 3: S0M30LS3 ($31.47 in chips) 
Seat 4: raketkasix ($104.69 in chips) 
Seat 6: dreimis190 ($108.58 in chips) 
AlexPinsk1: posts small blind $0.50
S0M30LS3: posts big blind $1
*** HOLE CARDS ***
raketkasix: folds 
dreimis190: raises $1.50 to $2.50
Nicedaymybro: folds 
AlexPinsk1: folds 
S0M30LS3: folds 
Uncalled bet ($1.50) returned to dreimis190
S0M30LS3 leaves the table
dreimis190 collected $2.50 from pot
dreimis190: doesn't show hand 
*** SUMMARY ***
Total pot $2.50 | Rake $0 
Seat 1: Nicedaymybro (button) folded before Flop (didn't bet)
Seat 2: AlexPinsk1 (small blind) folded before Flop
Seat 3: S0M30LS3 (big blind) folded before Flop
Seat 4: raketkasix folded before Flop (didn't bet)
Seat 6: dreimis190 collected ($2.50)



PokerStars Hand #254296893881:  Hold'em No Limit ($0.50/$1.00 USD) - 2025/01/10 16:46:12 WET [2025/01/10 11:46:12 ET]
Table 'Hertha III' 6-max Seat #2 is the button
Seat 6: dreimis190 ($110.08 in chips) is sitting out
Seat 1: Nicedaymybro ($136.19 in chips) 
Seat 2: AlexPinsk1 ($104.92 in chips) 
Seat 4: raketkasix ($104.69 in chips) 
raketkasix: posts small blind $0.50
dreimis190: is sitting out 
Nicedaymybro: posts big blind $1
*** HOLE CARDS ***
dreimis190 leaves the table
AlexPinsk1: folds 
raketkasix: raises $2 to $3
Nicedaymybro: folds 
Uncalled bet ($2) returned to raketkasix
raketkasix collected $2 from pot
raketkasix: doesn't show hand 
*** SUMMARY ***
Total pot $2 | Rake $0 
Seat 6: dreimis190
Seat 1: Nicedaymybro (big blind) folded before Flop
Seat 2: AlexPinsk1 (button) folded before Flop (didn't bet)
Seat 4: raketkasix (small blind) collected ($2)



PokerStars Hand #254296896517:  Hold'em No Limit ($0.50/$1.00 USD) - 2025/01/10 16:46:22 WET [2025/01/10 11:46:22 ET]
Table 'Hertha III' 6-max Seat #4 is the button
Seat 1: Nicedaymybro ($135.19 in chips) 
Seat 2: AlexPinsk1 ($104.92 in chips) 
Seat 4: raketkasix ($105.69 in chips) 
Nicedaymybro: posts small blind $0.50
AlexPinsk1: posts big blind $1
*** HOLE CARDS ***
raketkasix: folds 
Nicedaymybro: raises $2 to $3
AlexPinsk1: folds 
Uncalled bet ($2) returned to Nicedaymybro
Nicedaymybro collected $2 from pot
Nicedaymybro: doesn't show hand 
*** SUMMARY ***
Total pot $2 | Rake $0 
Seat 1: Nicedaymybro (small blind) collected ($2)
Seat 2: AlexPinsk1 (big blind) folded before Flop
Seat 4: raketkasix (button) folded before Flop (didn't bet)



PokerStars Hand #254296899140:  Hold'em No Limit ($0.50/$1.00 USD) - 2025/01/10 16:46:32 WET [2025/01/10 11:46:32 ET]
Table 'Hertha III' 6-max Seat #2 is the button
Seat 4: raketkasix ($105.69 in chips) is sitting out
Seat 1: Nicedaymybro ($136.19 in chips) 
Seat 2: AlexPinsk1 ($103.92 in chips) 
AlexPinsk1: posts small blind $0.50
raketkasix: is sitting out 
Nicedaymybro: posts big blind $1
*** HOLE CARDS ***
AlexPinsk1: raises $2 to $3
Nicedaymybro: calls $2
*** FLOP *** [3c 2s Ah]
Nicedaymybro: checks 
raketkasix leaves the table
AlexPinsk1: checks 
*** TURN *** [3c 2s Ah] [5s]
Nicedaymybro: bets $4.28
AlexPinsk1: folds 
Uncalled bet ($4.28) returned to Nicedaymybro
Nicedaymybro collected $5.70 from pot
Nicedaymybro: doesn't show hand 
*** SUMMARY ***
Total pot $6 | Rake $0.30 
Board [3c 2s Ah 5s]
Seat 4: raketkasix
Seat 1: Nicedaymybro (big blind) collected ($5.70)
Seat 2: AlexPinsk1 (button) (small blind) folded on the Turn



PokerStars Hand #254297020978:  Hold'em No Limit ($0.50/$1.00 USD) - 2025/01/10 16:54:20 WET [2025/01/10 11:54:20 ET]
Table 'Hertha III' 6-max Seat #3 is the button
Seat 1: raketkasix ($105.69 in chips) 
Seat 2: AlexPinsk1 ($100.92 in chips) 
Seat 3: przemasek ($27 in chips) 
Seat 4: tintin641 ($100 in chips) 
Seat 5: AIien Hand ($100 in chips) 
Seat 6: mr.Jckpot ($100 in chips) 
tintin641: posts small blind $0.50
AIien Hand: posts big blind $1
*** HOLE CARDS ***
mr.Jckpot: raises $1.50 to $2.50
raketkasix: folds 
AlexPinsk1: folds 
przemasek: folds 
tintin641: folds 
AIien Hand: folds 
Uncalled bet ($1.50) returned to mr.Jckpot
mr.Jckpot collected $2.50 from pot
mr.Jckpot: doesn't show hand 
*** SUMMARY ***
Total pot $2.50 | Rake $0 
Seat 1: raketkasix folded before Flop (didn't bet)
Seat 2: AlexPinsk1 folded before Flop (didn't bet)
Seat 3: przemasek (button) folded before Flop (didn't bet)
Seat 4: tintin641 (small blind) folded before Flop
Seat 5: AIien Hand (big blind) folded before Flop
Seat 6: mr.Jckpot collected ($2.50)



PokerStars Hand #254297028344:  Hold'em No Limit ($0.50/$1.00 USD) - 2025/01/10 16:54:48 WET [2025/01/10 11:54:48 ET]
Table 'Hertha III' 6-max Seat #4 is the button
Seat 1: raketkasix ($105.69 in chips) 
Seat 2: AlexPinsk1 ($100.92 in chips) 
Seat 3: przemasek ($27 in chips) 
Seat 4: tintin641 ($100 in chips) 
Seat 5: AIien Hand ($100 in chips) 
Seat 6: mr.Jckpot ($101.50 in chips) 
AIien Hand: posts small blind $0.50
mr.Jckpot: posts big blind $1
*** HOLE CARDS ***
raketkasix: folds 
AlexPinsk1: folds 
przemasek: folds 
tintin641: folds 
AIien Hand: folds 
Uncalled bet ($0.50) returned to mr.Jckpot
mr.Jckpot collected $1 from pot
mr.Jckpot: doesn't show hand 
*** SUMMARY ***
Total pot $1 | Rake $0 
Seat 1: raketkasix folded before Flop (didn't bet)
Seat 2: AlexPinsk1 folded before Flop (didn't bet)
Seat 3: przemasek folded before Flop (didn't bet)
Seat 4: tintin641 (button) folded before Flop (didn't bet)
Seat 5: AIien Hand (small blind) folded before Flop
Seat 6: mr.Jckpot (big blind) collected ($1)



PokerStars Hand #254297033087:  Hold'em No Limit ($0.50/$1.00 USD) - 2025/01/10 16:55:07 WET [2025/01/10 11:55:07 ET]
Table 'Hertha III' 6-max Seat #5 is the button
Seat 1: raketkasix ($105.69 in chips) 
Seat 2: AlexPinsk1 ($100.92 in chips) 
Seat 3: przemasek ($27 in chips) 
Seat 4: tintin641 ($100 in chips) 
Seat 5: AIien Hand ($100 in chips) 
Seat 6: mr.Jckpot ($102 in chips) 
mr.Jckpot: posts small blind $0.50
raketkasix: posts big blind $1
*** HOLE CARDS ***
AlexPinsk1: folds 
przemasek: raises $1 to $2
tintin641: folds 
AIien Hand: calls $2
mr.Jckpot: folds 
raketkasix: calls $1
*** FLOP *** [8d Js 8s]
raketkasix: checks 
przemasek: checks 
AIien Hand: bets $2.47
raketkasix: folds 
przemasek: folds 
Uncalled bet ($2.47) returned to AIien Hand
AIien Hand collected $6.18 from pot
AIien Hand: doesn't show hand 
*** SUMMARY ***
Total pot $6.50 | Rake $0.32 
Board [8d Js 8s]
Seat 1: raketkasix (big blind) folded on the Flop
Seat 2: AlexPinsk1 folded before Flop (didn't bet)
Seat 3: przemasek folded on the Flop
Seat 4: tintin641 folded before Flop (didn't bet)
Seat 5: AIien Hand (button) collected ($6.18)
Seat 6: mr.Jckpot (small blind) folded before Flop



PokerStars Hand #254297043396:  Hold'em No Limit ($0.50/$1.00 USD) - 2025/01/10 16:56:01 WET [2025/01/10 11:56:01 ET]
Table 'Hertha III' 6-max Seat #6 is the button
Seat 1: raketkasix ($103.69 in chips) 
Seat 2: AlexPinsk1 ($100.92 in chips) 
Seat 3: przemasek ($25 in chips) 
Seat 4: tintin641 ($100 in chips) 
Seat 5: AIien Hand ($104.18 in chips) 
Seat 6: mr.Jckpot ($101.50 in chips) 
raketkasix: posts small blind $0.50
AlexPinsk1: posts big blind $1
*** HOLE CARDS ***
przemasek: raises $1 to $2
tintin641: folds 
AIien Hand: raises $2.50 to $4.50
mr.Jckpot: folds 
raketkasix: folds 
AlexPinsk1: folds 
przemasek: calls $2.50
*** FLOP *** [3s Jd 7c]
przemasek: checks 
AIien Hand: bets $2.20
przemasek: calls $2.20
*** TURN *** [3s Jd 7c] [3d]
przemasek: checks 
AIien Hand: bets $21.30
przemasek: calls $18.30 and is all-in
Uncalled bet ($3) returned to AIien Hand
*** RIVER *** [3s Jd 7c 3d] [Jh]
*** SHOW DOWN ***
przemasek: shows [Ad Qh] (two pair, Jacks and Threes)
AIien Hand: shows [Qd Kd] (two pair, Jacks and Threes - lower kicker)
przemasek collected $49 from pot
*** SUMMARY ***
Total pot $51.50 | Rake $2.50 
Board [3s Jd 7c 3d Jh]
Seat 1: raketkasix (small blind) folded before Flop
Seat 2: AlexPinsk1 (big blind) folded before Flop
Seat 3: przemasek showed [Ad Qh] and won ($49) with two pair, Jacks and Threes
Seat 4: tintin641 folded before Flop (didn't bet)
Seat 5: AIien Hand showed [Qd Kd] and lost with two pair, Jacks and Threes
Seat 6: mr.Jckpot (button) folded before Flop (didn't bet)



PokerStars Hand #254297052359:  Hold'em No Limit ($0.50/$1.00 USD) - 2025/01/10 16:56:47 WET [2025/01/10 11:56:47 ET]
Table 'Hertha III' 6-max Seat #1 is the button
Seat 1: raketkasix ($103.19 in chips) 
Seat 2: AlexPinsk1 ($100 in chips) 
Seat 3: przemasek ($49 in chips) 
Seat 4: tintin641 ($100 in chips) 
Seat 5: AIien Hand ($100 in chips) 
Seat 6: mr.Jckpot ($101.50 in chips) 
AlexPinsk1: posts small blind $0.50
przemasek: posts big blind $1
*** HOLE CARDS ***
tintin641: folds 
AIien Hand: folds 
mr.Jckpot: folds 
raketkasix: folds 
AlexPinsk1: folds 
Uncalled bet ($0.50) returned to przemasek
przemasek collected $1 from pot
przemasek: doesn't show hand 
*** SUMMARY ***
Total pot $1 | Rake $0 
Seat 1: raketkasix (button) folded before Flop (didn't bet)
Seat 2: AlexPinsk1 (small blind) folded before Flop
Seat 3: przemasek (big blind) collected ($1)
Seat 4: tintin641 folded before Flop (didn't bet)
Seat 5: AIien Hand folded before Flop (didn't bet)
Seat 6: mr.Jckpot folded before Flop (didn't bet)



PokerStars Hand #254297055372:  Hold'em No Limit ($0.50/$1.00 USD) - 2025/01/10 16:57:03 WET [2025/01/10 11:57:03 ET]
Table 'Hertha III' 6-max Seat #2 is the button
Seat 1: raketkasix ($103.19 in chips) 
Seat 2: AlexPinsk1 ($100 in chips) 
Seat 3: przemasek ($49.50 in chips) 
Seat 4: tintin641 ($100 in chips) 
Seat 5: AIien Hand ($100 in chips) 
Seat 6: mr.Jckpot ($101.50 in chips) 
przemasek: posts small blind $0.50
tintin641: posts big blind $1
*** HOLE CARDS ***
AIien Hand: raises $1 to $2
mr.Jckpot: folds 
raketkasix: folds 
AlexPinsk1: folds 
przemasek: calls $1.50
tintin641: folds 
*** FLOP *** [Ah 6s 4c]
przemasek: checks 
AIien Hand: bets $1.43
przemasek: calls $1.43
*** TURN *** [Ah 6s 4c] [4h]
przemasek: checks 
AIien Hand: checks 
*** RIVER *** [Ah 6s 4c 4h] [3s]
przemasek: checks 
AIien Hand: checks 
*** SHOW DOWN ***
przemasek: shows [6d Qd] (two pair, Sixes and Fours)
AIien Hand: mucks hand 
przemasek collected $7.47 from pot
*** SUMMARY ***
Total pot $7.86 | Rake $0.39 
Board [Ah 6s 4c 4h 3s]
Seat 1: raketkasix folded before Flop (didn't bet)
Seat 2: AlexPinsk1 (button) folded before Flop (didn't bet)
Seat 3: przemasek (small blind) showed [6d Qd] and won ($7.47) with two pair, Sixes and Fours
Seat 4: tintin641 (big blind) folded before Flop
Seat 5: AIien Hand mucked
Seat 6: mr.Jckpot folded before Flop (didn't bet)



PokerStars Hand #254297062323:  Hold'em No Limit ($0.50/$1.00 USD) - 2025/01/10 16:57:39 WET [2025/01/10 11:57:39 ET]
Table 'Hertha III' 6-max Seat #3 is the button
Seat 1: raketkasix ($103.19 in chips) 
Seat 2: AlexPinsk1 ($100 in chips) 
Seat 3: przemasek ($53.54 in chips) 
Seat 4: tintin641 ($100 in chips) 
Seat 5: AIien Hand ($100 in chips) 
Seat 6: mr.Jckpot ($101.50 in chips) 
tintin641: posts small blind $0.50
AIien Hand: posts big blind $1
*** HOLE CARDS ***
mr.Jckpot: folds 
raketkasix: raises $1 to $2
AlexPinsk1: folds 
przemasek: calls $2
tintin641: folds 
AIien Hand: folds 
*** FLOP *** [Js 7d 6c]
raketkasix: checks 
przemasek: bets $6.95
raketkasix: folds 
Uncalled bet ($6.95) returned to przemasek
przemasek collected $5.22 from pot
przemasek: doesn't show hand 
*** SUMMARY ***
Total pot $5.50 | Rake $0.28 
Board [Js 7d 6c]
Seat 1: raketkasix folded on the Flop
Seat 2: AlexPinsk1 folded before Flop (didn't bet)
Seat 3: przemasek (button) collected ($5.22)
Seat 4: tintin641 (small blind) folded before Flop
Seat 5: AIien Hand (big blind) folded before Flop
Seat 6: mr.Jckpot folded before Flop (didn't bet)



PokerStars Hand #254297073402:  Hold'em No Limit ($0.50/$1.00 USD) - 2025/01/10 16:58:35 WET [2025/01/10 11:58:35 ET]
Table 'Hertha III' 6-max Seat #4 is the button
Seat 1: raketkasix ($101.19 in chips) 
Seat 2: AlexPinsk1 ($100 in chips) 
Seat 3: przemasek ($56.76 in chips) 
Seat 4: tintin641 ($100 in chips) 
Seat 5: AIien Hand ($100 in chips) 
Seat 6: mr.Jckpot ($101.50 in chips) 
AIien Hand: posts small blind $0.50
mr.Jckpot: posts big blind $1
*** HOLE CARDS ***
raketkasix: folds 
AlexPinsk1: raises $1.50 to $2.50
przemasek: folds 
tintin641: folds 
AIien Hand: folds 
mr.Jckpot: calls $1.50
*** FLOP *** [Js 4h Ad]
mr.Jckpot: checks 
AlexPinsk1: checks 
*** TURN *** [Js 4h Ad] [Qs]
mr.Jckpot: checks 
AlexPinsk1: checks 
*** RIVER *** [Js 4h Ad Qs] [2h]
mr.Jckpot: checks 
AlexPinsk1: checks 
*** SHOW DOWN ***
mr.Jckpot: shows [5s 5d] (a pair of Fives)
AlexPinsk1: shows [Jc Kd] (a pair of Jacks)
AlexPinsk1 collected $5.22 from pot
*** SUMMARY ***
Total pot $5.50 | Rake $0.28 
Board [Js 4h Ad Qs 2h]
Seat 1: raketkasix folded before Flop (didn't bet)
Seat 2: AlexPinsk1 showed [Jc Kd] and won ($5.22) with a pair of Jacks
Seat 3: przemasek folded before Flop (didn't bet)
Seat 4: tintin641 (button) folded before Flop (didn't bet)
Seat 5: AIien Hand (small blind) folded before Flop
Seat 6: mr.Jckpot (big blind) showed [5s 5d] and lost with a pair of Fives



PokerStars Hand #254297085420:  Hold'em No Limit ($0.50/$1.00 USD) - 2025/01/10 16:59:37 WET [2025/01/10 11:59:37 ET]
Table 'Hertha III' 6-max Seat #5 is the button
Seat 1: raketkasix ($101.19 in chips) 
Seat 2: AlexPinsk1 ($102.72 in chips) 
Seat 3: przemasek ($56.76 in chips) 
Seat 4: tintin641 ($100 in chips) 
Seat 5: AIien Hand ($100 in chips) 
Seat 6: mr.Jckpot ($100 in chips) 
mr.Jckpot: posts small blind $0.50
raketkasix: posts big blind $1
*** HOLE CARDS ***
AlexPinsk1: folds 
przemasek: raises $1 to $2
tintin641: folds 
AIien Hand: raises $4 to $6
mr.Jckpot: folds 
raketkasix: folds 
przemasek: calls $4
*** FLOP *** [Kd Kc 6d]
przemasek: checks 
AIien Hand: bets $3.84
przemasek: calls $3.84
*** TURN *** [Kd Kc 6d] [4c]
przemasek: checks 
AIien Hand: checks 
*** RIVER *** [Kd Kc 6d 4c] [Ks]
przemasek: checks 
AIien Hand: checks 
*** SHOW DOWN ***
przemasek: shows [4d Jd] (a full house, Kings full of Fours)
AIien Hand: mucks hand 
przemasek collected $20.12 from pot
*** SUMMARY ***
Total pot $21.18 | Rake $1.06 
Board [Kd Kc 6d 4c Ks]
Seat 1: raketkasix (big blind) folded before Flop
Seat 2: AlexPinsk1 folded before Flop (didn't bet)
Seat 3: przemasek showed [4d Jd] and won ($20.12) with a full house, Kings full of Fours
Seat 4: tintin641 folded before Flop (didn't bet)
Seat 5: AIien Hand (button) mucked
Seat 6: mr.Jckpot (small blind) folded before Flop



PokerStars Hand #254297093262:  Hold'em No Limit ($0.50/$1.00 USD) - 2025/01/10 17:00:16 WET [2025/01/10 12:00:16 ET]
Table 'Hertha III' 6-max Seat #6 is the button
Seat 1: raketkasix ($100.19 in chips) 
Seat 2: AlexPinsk1 ($102.72 in chips) 
Seat 3: przemasek ($67.04 in chips) 
Seat 4: tintin641 ($100 in chips) 
Seat 5: AIien Hand ($100 in chips) 
Seat 6: mr.Jckpot ($100 in chips) 
raketkasix: posts small blind $0.50
AlexPinsk1: posts big blind $1
*** HOLE CARDS ***
przemasek: folds 
tintin641: raises $1.50 to $2.50
AIien Hand: folds 
mr.Jckpot: folds 
raketkasix: folds 
AlexPinsk1: folds 
Uncalled bet ($1.50) returned to tintin641
tintin641 collected $2.50 from pot
tintin641: doesn't show hand 
*** SUMMARY ***
Total pot $2.50 | Rake $0 
Seat 1: raketkasix (small blind) folded before Flop
Seat 2: AlexPinsk1 (big blind) folded before Flop
Seat 3: przemasek folded before Flop (didn't bet)
Seat 4: tintin641 collected ($2.50)
Seat 5: AIien Hand folded before Flop (didn't bet)
Seat 6: mr.Jckpot (button) folded before Flop (didn't bet)



PokerStars Hand #254297097510:  Hold'em No Limit ($0.50/$1.00 USD) - 2025/01/10 17:00:37 WET [2025/01/10 12:00:37 ET]
Table 'Hertha III' 6-max Seat #1 is the button
Seat 1: raketkasix ($100 in chips) 
Seat 2: AlexPinsk1 ($101.72 in chips) 
Seat 3: przemasek ($67.04 in chips) 
Seat 4: tintin641 ($101.50 in chips) 
Seat 5: AIien Hand ($100 in chips) 
Seat 6: mr.Jckpot ($100 in chips) 
AlexPinsk1: posts small blind $0.50
przemasek: posts big blind $1
*** HOLE CARDS ***
tintin641: raises $1.50 to $2.50
AIien Hand: folds 
mr.Jckpot: folds 
raketkasix: folds 
AlexPinsk1: folds 
przemasek: raises $8.93 to $11.43
tintin641: folds 
Uncalled bet ($8.93) returned to przemasek
przemasek collected $5.50 from pot
przemasek: doesn't show hand 
*** SUMMARY ***
Total pot $5.50 | Rake $0 
Seat 1: raketkasix (button) folded before Flop (didn't bet)
Seat 2: AlexPinsk1 (small blind) folded before Flop
Seat 3: przemasek (big blind) collected ($5.50)
Seat 4: tintin641 folded before Flop
Seat 5: AIien Hand folded before Flop (didn't bet)
Seat 6: mr.Jckpot folded before Flop (didn't bet)



PokerStars Hand #254297103496:  Hold'em No Limit ($0.50/$1.00 USD) - 2025/01/10 17:01:03 WET [2025/01/10 12:01:03 ET]
Table 'Hertha III' 6-max Seat #2 is the button
Seat 1: raketkasix ($100 in chips) 
Seat 2: AlexPinsk1 ($101.22 in chips) 
Seat 3: przemasek ($70.04 in chips) 
Seat 4: tintin641 ($100 in chips) 
Seat 5: AIien Hand ($100 in chips) 
Seat 6: mr.Jckpot ($100 in chips) 
przemasek: posts small blind $0.50
tintin641: posts big blind $1
*** HOLE CARDS ***
AIien Hand: folds 
mr.Jckpot: folds 
raketkasix: raises $1.50 to $2.50
AlexPinsk1: folds 
przemasek: calls $2
tintin641: folds 
*** FLOP *** [3s Qh 2d]
przemasek: checks 
raketkasix: checks 
*** TURN *** [3s Qh 2d] [Kd]
przemasek: checks 
raketkasix: bets $6
przemasek: folds 
Uncalled bet ($6) returned to raketkasix
raketkasix collected $5.70 from pot
raketkasix: doesn't show hand 
*** SUMMARY ***
Total pot $6 | Rake $0.30 
Board [3s Qh 2d Kd]
Seat 1: raketkasix collected ($5.70)
Seat 2: AlexPinsk1 (button) folded before Flop (didn't bet)
Seat 3: przemasek (small blind) folded on the Turn
Seat 4: tintin641 (big blind) folded before Flop
Seat 5: AIien Hand folded before Flop (didn't bet)
Seat 6: mr.Jckpot folded before Flop (didn't bet)



PokerStars Hand #254297115672:  Hold'em No Limit ($0.50/$1.00 USD) - 2025/01/10 17:01:53 WET [2025/01/10 12:01:53 ET]
Table 'Hertha III' 6-max Seat #3 is the button
Seat 1: raketkasix ($103.20 in chips) 
Seat 2: AlexPinsk1 ($101.22 in chips) 
Seat 3: przemasek ($67.54 in chips) 
Seat 4: tintin641 ($100 in chips) 
Seat 5: AIien Hand ($100 in chips) 
Seat 6: mr.Jckpot ($100 in chips) 
tintin641: posts small blind $0.50
AIien Hand: posts big blind $1
*** HOLE CARDS ***
mr.Jckpot: raises $1.50 to $2.50
raketkasix: folds 
AlexPinsk1: folds 
przemasek: calls $2.50
tintin641: folds 
AIien Hand: calls $1.50
*** FLOP *** [Ac Kd 9s]
AIien Hand: checks 
mr.Jckpot: bets $2.51
przemasek: calls $2.51
AIien Hand: folds 
*** TURN *** [Ac Kd 9s] [8c]
mr.Jckpot: bets $4.08
przemasek: calls $4.08
*** RIVER *** [Ac Kd 9s 8c] [4c]
mr.Jckpot: bets $20.12
przemasek: calls $20.12
*** SHOW DOWN ***
mr.Jckpot: shows [Tc Qc] (a flush, Ace high)
przemasek: mucks hand 
mr.Jckpot collected $58.92 from pot
*** SUMMARY ***
Total pot $61.42 | Rake $2.50 
Board [Ac Kd 9s 8c 4c]
Seat 1: raketkasix folded before Flop (didn't bet)
Seat 2: AlexPinsk1 folded before Flop (didn't bet)
Seat 3: przemasek (button) mucked
Seat 4: tintin641 (small blind) folded before Flop
Seat 5: AIien Hand (big blind) folded on the Flop
Seat 6: mr.Jckpot showed [Tc Qc] and won ($58.92) with a flush, Ace high



PokerStars Hand #254297125681:  Hold'em No Limit ($0.50/$1.00 USD) - 2025/01/10 17:02:33 WET [2025/01/10 12:02:33 ET]
Table 'Hertha III' 6-max Seat #4 is the button
Seat 1: raketkasix ($103.20 in chips) 
Seat 2: AlexPinsk1 ($101.22 in chips) 
Seat 3: przemasek ($38.33 in chips) 
Seat 4: tintin641 ($100 in chips) 
Seat 5: AIien Hand ($100 in chips) 
Seat 6: mr.Jckpot ($129.71 in chips) 
AIien Hand: posts small blind $0.50
mr.Jckpot: posts big blind $1
*** HOLE CARDS ***
raketkasix: folds 
AlexPinsk1: folds 
przemasek: calls $1
tintin641: raises $3 to $4
AIien Hand: folds 
mr.Jckpot: folds 
przemasek: calls $3
*** FLOP *** [2s 5s Jc]
przemasek: checks 
tintin641: bets $2.98
przemasek: calls $2.98
*** TURN *** [2s 5s Jc] [3h]
przemasek: checks 
tintin641: checks 
*** RIVER *** [2s 5s Jc 3h] [9d]
przemasek: checks 
tintin641: bets $18
przemasek: folds 
Uncalled bet ($18) returned to tintin641
tintin641 collected $14.69 from pot
tintin641: doesn't show hand 
*** SUMMARY ***
Total pot $15.46 | Rake $0.77 
Board [2s 5s Jc 3h 9d]
Seat 1: raketkasix folded before Flop (didn't bet)
Seat 2: AlexPinsk1 folded before Flop (didn't bet)
Seat 3: przemasek folded on the River
Seat 4: tintin641 (button) collected ($14.69)
Seat 5: AIien Hand (small blind) folded before Flop
Seat 6: mr.Jckpot (big blind) folded before Flop



PokerStars Hand #254297143704:  Hold'em No Limit ($0.50/$1.00 USD) - 2025/01/10 17:03:42 WET [2025/01/10 12:03:42 ET]
Table 'Hertha III' 6-max Seat #5 is the button
Seat 1: raketkasix ($103.20 in chips) 
Seat 2: AlexPinsk1 ($101.22 in chips) 
Seat 3: przemasek ($31.35 in chips) 
Seat 4: tintin641 ($107.71 in chips) 
Seat 5: AIien Hand ($100 in chips) 
Seat 6: mr.Jckpot ($128.71 in chips) 
mr.Jckpot: posts small blind $0.50
raketkasix: posts big blind $1
*** HOLE CARDS ***
AlexPinsk1: raises $1.50 to $2.50
przemasek: raises $11.75 to $14.25
tintin641: folds 
AIien Hand: folds 
mr.Jckpot: folds 
raketkasix: folds 
AlexPinsk1: folds 
Uncalled bet ($11.75) returned to przemasek
przemasek collected $6.50 from pot
przemasek: doesn't show hand 
*** SUMMARY ***
Total pot $6.50 | Rake $0 
Seat 1: raketkasix (big blind) folded before Flop
Seat 2: AlexPinsk1 folded before Flop
Seat 3: przemasek collected ($6.50)
Seat 4: tintin641 folded before Flop (didn't bet)
Seat 5: AIien Hand (button) folded before Flop (didn't bet)
Seat 6: mr.Jckpot (small blind) folded before Flop



PokerStars Hand #254297148718:  Hold'em No Limit ($0.50/$1.00 USD) - 2025/01/10 17:04:02 WET [2025/01/10 12:04:02 ET]
Table 'Hertha III' 6-max Seat #6 is the button
Seat 1: raketkasix ($102.20 in chips) 
Seat 2: AlexPinsk1 ($100 in chips) 
Seat 3: przemasek ($35.35 in chips) 
Seat 4: tintin641 ($107.71 in chips) 
Seat 5: AIien Hand ($100 in chips) 
Seat 6: mr.Jckpot ($128.21 in chips) 
raketkasix: posts small blind $0.50
AlexPinsk1: posts big blind $1
*** HOLE CARDS ***
przemasek: folds 
tintin641: folds 
AIien Hand: raises $1.20 to $2.20
mr.Jckpot: folds 
raketkasix: folds 
AlexPinsk1: folds 
Uncalled bet ($1.20) returned to AIien Hand
AIien Hand collected $2.50 from pot
AIien Hand: doesn't show hand 
*** SUMMARY ***
Total pot $2.50 | Rake $0 
Seat 1: raketkasix (small blind) folded before Flop
Seat 2: AlexPinsk1 (big blind) folded before Flop
Seat 3: przemasek folded before Flop (didn't bet)
Seat 4: tintin641 folded before Flop (didn't bet)
Seat 5: AIien Hand collected ($2.50)
Seat 6: mr.Jckpot (button) folded before Flop (didn't bet)



PokerStars Hand #254297152936:  Hold'em No Limit ($0.50/$1.00 USD) - 2025/01/10 17:04:18 WET [2025/01/10 12:04:18 ET]
Table 'Hertha III' 6-max Seat #1 is the button
Seat 1: raketkasix ($101.70 in chips) 
Seat 2: AlexPinsk1 ($100 in chips) 
Seat 3: przemasek ($35.35 in chips) 
Seat 4: tintin641 ($107.71 in chips) 
Seat 5: AIien Hand ($101.50 in chips) 
Seat 6: mr.Jckpot ($128.21 in chips) 
AlexPinsk1: posts small blind $0.50
przemasek: posts big blind $1
*** HOLE CARDS ***
tintin641: folds 
AIien Hand: folds 
mr.Jckpot: folds 
raketkasix: raises $1.50 to $2.50
AlexPinsk1: folds 
przemasek: calls $1.50
*** FLOP *** [Th 5h 9h]
przemasek: checks 
raketkasix: checks 
*** TURN *** [Th 5h 9h] [Kd]
przemasek: checks 
raketkasix: checks 
*** RIVER *** [Th 5h 9h Kd] [Qh]
przemasek: checks 
raketkasix: bets $3
przemasek: folds 
Uncalled bet ($3) returned to raketkasix
raketkasix collected $5.22 from pot
raketkasix: doesn't show hand 
*** SUMMARY ***
Total pot $5.50 | Rake $0.28 
Board [Th 5h 9h Kd Qh]
Seat 1: raketkasix (button) collected ($5.22)
Seat 2: AlexPinsk1 (small blind) folded before Flop
Seat 3: przemasek (big blind) folded on the River
Seat 4: tintin641 folded before Flop (didn't bet)
Seat 5: AIien Hand folded before Flop (didn't bet)
Seat 6: mr.Jckpot folded before Flop (didn't bet)



PokerStars Hand #254297164801:  Hold'em No Limit ($0.50/$1.00 USD) - 2025/01/10 17:05:03 WET [2025/01/10 12:05:03 ET]
Table 'Hertha III' 6-max Seat #2 is the button
Seat 1: raketkasix ($104.42 in chips) 
Seat 2: AlexPinsk1 ($100 in chips) 
Seat 3: przemasek ($32.85 in chips) 
Seat 4: tintin641 ($107.71 in chips) 
Seat 5: AIien Hand ($101.50 in chips) 
Seat 6: mr.Jckpot ($128.21 in chips) 
przemasek: posts small blind $0.50
tintin641: posts big blind $1
*** HOLE CARDS ***
AIien Hand: folds 
mr.Jckpot: folds 
raketkasix: raises $1.50 to $2.50
AlexPinsk1: folds 
przemasek: raises $12.09 to $14.59
tintin641: folds 
raketkasix: raises $12.41 to $27
przemasek: raises $5.85 to $32.85 and is all-in
raketkasix: calls $5.85
*** FLOP *** [4d 4s As]
*** TURN *** [4d 4s As] [3c]
*** RIVER *** [4d 4s As 3c] [Jh]
*** SHOW DOWN ***
przemasek: shows [Qd Qs] (two pair, Queens and Fours)
raketkasix: shows [Qh Ah] (two pair, Aces and Fours)
raketkasix collected $64.20 from pot
*** SUMMARY ***
Total pot $66.70 | Rake $2.50 
Board [4d 4s As 3c Jh]
Seat 1: raketkasix showed [Qh Ah] and won ($64.20) with two pair, Aces and Fours
Seat 2: AlexPinsk1 (button) folded before Flop (didn't bet)
Seat 3: przemasek (small blind) showed [Qd Qs] and lost with two pair, Queens and Fours
Seat 4: tintin641 (big blind) folded before Flop
Seat 5: AIien Hand folded before Flop (didn't bet)
Seat 6: mr.Jckpot folded before Flop (didn't bet)



PokerStars Hand #254297177568:  Hold'em No Limit ($0.50/$1.00 USD) - 2025/01/10 17:05:51 WET [2025/01/10 12:05:51 ET]
Table 'Hertha III' 6-max Seat #4 is the button
Seat 3: przemasek ($0 in chips) is sitting out
Seat 1: raketkasix ($135.77 in chips) 
Seat 2: AlexPinsk1 ($100 in chips) 
Seat 4: tintin641 ($106.71 in chips) 
Seat 5: AIien Hand ($101.50 in chips) 
Seat 6: mr.Jckpot ($128.21 in chips) 
AIien Hand: posts small blind $0.50
mr.Jckpot: posts big blind $1
*** HOLE CARDS ***
przemasek leaves the table
raketkasix: raises $1.50 to $2.50
AlexPinsk1: folds 
tintin641: raises $5 to $7.50
AIien Hand: folds 
mr.Jckpot: folds 
mattwut1 joins the table at seat #3 
raketkasix: raises $12.50 to $20
tintin641: calls $12.50
*** FLOP *** [Jh 5c 4d]
raketkasix: bets $13
tintin641: calls $13
*** TURN *** [Jh 5c 4d] [Jd]
raketkasix: checks 
tintin641: bets $16.25
raketkasix: raises $86.52 to $102.77 and is all-in
tintin641: folds 
Uncalled bet ($86.52) returned to raketkasix
raketkasix collected $97.50 from pot
raketkasix: doesn't show hand 
*** SUMMARY ***
Total pot $100 | Rake $2.50 
Board [Jh 5c 4d Jd]
Seat 3: przemasek
Seat 1: raketkasix collected ($97.50)
Seat 2: AlexPinsk1 folded before Flop (didn't bet)
Seat 4: tintin641 (button) folded on the Turn
Seat 5: AIien Hand (small blind) folded before Flop
Seat 6: mr.Jckpot (big blind) folded before Flop



PokerStars Hand #254297207809:  Hold'em No Limit ($0.50/$1.00 USD) - 2025/01/10 17:07:47 WET [2025/01/10 12:07:47 ET]
Table 'Hertha III' 6-max Seat #5 is the button
Seat 3: mattwut1 ($100 in chips) is sitting out
Seat 1: raketkasix ($184.02 in chips) 
Seat 2: AlexPinsk1 ($100 in chips) 
Seat 4: tintin641 ($100 in chips) 
Seat 5: AIien Hand ($101 in chips) 
Seat 6: mr.Jckpot ($127.21 in chips) 
mr.Jckpot: posts small blind $0.50
raketkasix: posts big blind $1
mattwut1: sits out 
*** HOLE CARDS ***
AlexPinsk1: folds 
tintin641: raises $1.50 to $2.50
AIien Hand: folds 
mr.Jckpot: raises $9.50 to $12
raketkasix: folds 
tintin641: calls $9.50
*** FLOP *** [6c Qd 7s]
mr.Jckpot: bets $5.23
tintin641: folds 
Uncalled bet ($5.23) returned to mr.Jckpot
mr.Jckpot collected $23.75 from pot
mr.Jckpot: doesn't show hand 
*** SUMMARY ***
Total pot $25 | Rake $1.25 
Board [6c Qd 7s]
Seat 3: mattwut1
Seat 1: raketkasix (big blind) folded before Flop
Seat 2: AlexPinsk1 folded before Flop (didn't bet)
Seat 4: tintin641 folded on the Flop
Seat 5: AIien Hand (button) folded before Flop (didn't bet)
Seat 6: mr.Jckpot (small blind) collected ($23.75)



PokerStars Hand #254297219332:  Hold'em No Limit ($0.50/$1.00 USD) - 2025/01/10 17:08:31 WET [2025/01/10 12:08:31 ET]
Table 'Hertha III' 6-max Seat #6 is the button
Seat 2: AlexPinsk1 ($100 in chips) is sitting out
Seat 1: raketkasix ($183.02 in chips) 
Seat 3: mattwut1 ($100 in chips) 
Seat 4: tintin641 ($100 in chips) 
Seat 5: AIien Hand ($101 in chips) 
Seat 6: mr.Jckpot ($138.96 in chips) 
raketkasix: posts small blind $0.50
AlexPinsk1: is sitting out 
mattwut1: posts big blind $1
*** HOLE CARDS ***
tintin641: folds 
AIien Hand: raises $1.20 to $2.20
mr.Jckpot: folds 
raketkasix: folds 
mattwut1: folds 
Uncalled bet ($1.20) returned to AIien Hand
AIien Hand collected $2.50 from pot
AIien Hand: doesn't show hand 
*** SUMMARY ***
Total pot $2.50 | Rake $0 
Seat 2: AlexPinsk1
Seat 1: raketkasix (small blind) folded before Flop
Seat 3: mattwut1 (big blind) folded before Flop
Seat 4: tintin641 folded before Flop (didn't bet)
Seat 5: AIien Hand collected ($2.50)
Seat 6: mr.Jckpot (button) folded before Flop (didn't bet)



