PokerStars Hand #254299926487:  Hold'em No Limit ($0.50/$1.00 USD) - 2025/01/10 19:44:39 WET [2025/01/10 14:44:39 ET]
Table 'Ianthe III' 6-max Seat #3 is the button
Seat 6: erpaye ($100 in chips) is sitting out
Seat 1: MarekStarts ($50.17 in chips) 
Seat 2: Gfoer ($100 in chips) 
Seat 3: MAO_DZEDYN_S ($100 in chips) 
Seat 4: Manifestorr ($101.38 in chips) 
Seat 5: app1e_j@ck ($100 in chips) 
Manifestorr: posts small blind $0.50
app1e_j@ck: posts big blind $1
erpaye: sits out 
*** HOLE CARDS ***
MarekStarts: raises $8 to $9
Gfoer: folds 
MAO_DZEDYN_S: folds 
Manifestorr: folds 
app1e_j@ck: raises $91 to $100 and is all-in
MarekStarts: calls $41.17 and is all-in
Uncalled bet ($49.83) returned to app1e_j@ck
*** FLOP *** [Jc Qh 2s]
*** TURN *** [Jc Qh 2s] [4s]
*** RIVER *** [Jc Qh 2s 4s] [7s]
*** SHOW DOWN ***
app1e_j@ck: shows [Ac Tc] (high card Ace)
MarekStarts: shows [8c Td] (high card Queen)
app1e_j@ck collected $98.34 from pot
*** SUMMARY ***
Total pot $100.84 | Rake $2.50 
Board [Jc Qh 2s 4s 7s]
Seat 6: erpaye
Seat 1: MarekStarts showed [8c Td] and lost with high card Queen
Seat 2: Gfoer folded before Flop (didn't bet)
Seat 3: MAO_DZEDYN_S (button) folded before Flop (didn't bet)
Seat 4: Manifestorr (small blind) folded before Flop
Seat 5: app1e_j@ck (big blind) showed [Ac Tc] and won ($98.34) with high card Ace



PokerStars Hand #254299935330:  Hold'em No Limit ($0.50/$1.00 USD) - 2025/01/10 19:45:08 WET [2025/01/10 14:45:08 ET]
Table 'Ianthe III' 6-max Seat #4 is the button
Seat 1: MarekStarts ($0 in chips) is sitting out
Seat 2: Gfoer ($100 in chips) 
Seat 3: MAO_DZEDYN_S ($100 in chips) 
Seat 4: Manifestorr ($100.88 in chips) 
Seat 5: app1e_j@ck ($148.17 in chips) 
Seat 6: erpaye ($100 in chips) 
app1e_j@ck: posts small blind $0.50
erpaye: posts big blind $1
*** HOLE CARDS ***
Gfoer: raises $1.20 to $2.20
MAO_DZEDYN_S: folds 
Manifestorr: folds 
app1e_j@ck: folds 
erpaye: folds 
Uncalled bet ($1.20) returned to Gfoer
Gfoer collected $2.50 from pot
Gfoer: doesn't show hand 
*** SUMMARY ***
Total pot $2.50 | Rake $0 
Seat 1: MarekStarts
Seat 2: Gfoer collected ($2.50)
Seat 3: MAO_DZEDYN_S folded before Flop (didn't bet)
Seat 4: Manifestorr (button) folded before Flop (didn't bet)
Seat 5: app1e_j@ck (small blind) folded before Flop
Seat 6: erpaye (big blind) folded before Flop



PokerStars Hand #254299940440:  Hold'em No Limit ($0.50/$1.00 USD) - 2025/01/10 19:45:24 WET [2025/01/10 14:45:24 ET]
Table 'Ianthe III' 6-max Seat #5 is the button
Seat 1: MarekStarts ($0 in chips) is sitting out
Seat 2: Gfoer ($101.50 in chips) 
Seat 3: MAO_DZEDYN_S ($100 in chips) 
Seat 4: Manifestorr ($100.88 in chips) 
Seat 5: app1e_j@ck ($147.67 in chips) 
Seat 6: erpaye ($100 in chips) 
erpaye: posts small blind $0.50
Gfoer: posts big blind $1
*** HOLE CARDS ***
MAO_DZEDYN_S: folds 
Manifestorr: folds 
app1e_j@ck: folds 
erpaye: raises $2 to $3
MarekStarts leaves the table
michasia joins the table at seat #1 
MAO_DZEDYN_S leaves the table
Gfoer: raises $10 to $13
erpaye: calls $10
*** FLOP *** [9d Jc 3c]
erpaye: checks 
Gfoer: bets $5.43
erpaye: folds 
Uncalled bet ($5.43) returned to Gfoer
Gfoer collected $24.70 from pot
Gfoer: doesn't show hand 
*** SUMMARY ***
Total pot $26 | Rake $1.30 
Board [9d Jc 3c]
Seat 1: MarekStarts
Seat 2: Gfoer (big blind) collected ($24.70)
Seat 3: MAO_DZEDYN_S folded before Flop (didn't bet)
Seat 4: Manifestorr folded before Flop (didn't bet)
Seat 5: app1e_j@ck (button) folded before Flop (didn't bet)
Seat 6: erpaye (small blind) folded on the Flop



PokerStars Hand #254299961462:  Hold'em No Limit ($0.50/$1.00 USD) - 2025/01/10 19:46:31 WET [2025/01/10 14:46:31 ET]
Table 'Ianthe III' 6-max Seat #6 is the button
Seat 1: michasia ($100 in chips) is sitting out
Seat 4: Manifestorr ($100.88 in chips) is sitting out
Seat 2: Gfoer ($113.20 in chips) 
Seat 5: app1e_j@ck ($147.67 in chips) 
Seat 6: erpaye ($100 in chips) 
Gfoer: posts small blind $0.50
Manifestorr: is sitting out 
app1e_j@ck: posts big blind $1
*** HOLE CARDS ***
Manifestorr leaves the table
erpaye: raises $1.30 to $2.30
Gfoer: raises $10.20 to $12.50
app1e_j@ck: folds 
erpaye: folds 
Uncalled bet ($10.20) returned to Gfoer
Gfoer collected $5.60 from pot
Gfoer: doesn't show hand 
*** SUMMARY ***
Total pot $5.60 | Rake $0 
Seat 1: michasia
Seat 4: Manifestorr
Seat 2: Gfoer (small blind) collected ($5.60)
Seat 5: app1e_j@ck (big blind) folded before Flop
Seat 6: erpaye (button) folded before Flop



PokerStars Hand #254299967163:  Hold'em No Limit ($0.50/$1.00 USD) - 2025/01/10 19:46:50 WET [2025/01/10 14:46:50 ET]
Table 'Ianthe III' 6-max Seat #2 is the button
Seat 1: michasia ($100 in chips) is sitting out
Seat 2: Gfoer ($116.50 in chips) 
Seat 5: app1e_j@ck ($146.67 in chips) 
Seat 6: erpaye ($100 in chips) 
app1e_j@ck: posts small blind $0.50
erpaye: posts big blind $1
michasia: sits out 
*** HOLE CARDS ***
Gfoer: folds 
app1e_j@ck: folds 
Uncalled bet ($0.50) returned to erpaye
erpaye collected $1 from pot
erpaye: doesn't show hand 
*** SUMMARY ***
Total pot $1 | Rake $0 
Seat 1: michasia
Seat 2: Gfoer (button) folded before Flop (didn't bet)
Seat 5: app1e_j@ck (small blind) folded before Flop
Seat 6: erpaye (big blind) collected ($1)



PokerStars Hand #254299971823:  Hold'em No Limit ($0.50/$1.00 USD) - 2025/01/10 19:47:05 WET [2025/01/10 14:47:05 ET]
Table 'Ianthe III' 6-max Seat #5 is the button
Seat 1: michasia ($100 in chips) 
Seat 2: Gfoer ($116.50 in chips) 
Seat 5: app1e_j@ck ($146.17 in chips) 
Seat 6: erpaye ($100.50 in chips) 
erpaye: posts small blind $0.50
michasia: posts big blind $1
*** HOLE CARDS ***
Gfoer: folds 
app1e_j@ck: folds 
erpaye: raises $2 to $3
michasia: folds 
Uncalled bet ($2) returned to erpaye
erpaye collected $2 from pot
erpaye: doesn't show hand 
*** SUMMARY ***
Total pot $2 | Rake $0 
Seat 1: michasia (big blind) folded before Flop
Seat 2: Gfoer folded before Flop (didn't bet)
Seat 5: app1e_j@ck (button) folded before Flop (didn't bet)
Seat 6: erpaye (small blind) collected ($2)



PokerStars Hand #254299976331:  Hold'em No Limit ($0.50/$1.00 USD) - 2025/01/10 19:47:19 WET [2025/01/10 14:47:19 ET]
Table 'Ianthe III' 6-max Seat #1 is the button
Seat 2: Gfoer ($116.50 in chips) is sitting out
Seat 5: app1e_j@ck ($146.17 in chips) is sitting out
Seat 1: michasia ($100 in chips) 
Seat 6: erpaye ($101.50 in chips) 
michasia: posts small blind $0.50
Gfoer: is sitting out 
app1e_j@ck: is sitting out 
erpaye: posts big blind $1
*** HOLE CARDS ***
michasia: folds 
Uncalled bet ($0.50) returned to erpaye
erpaye collected $1 from pot
erpaye: doesn't show hand 
*** SUMMARY ***
Total pot $1 | Rake $0 
Seat 2: Gfoer
Seat 5: app1e_j@ck
Seat 1: michasia (button) (small blind) folded before Flop
Seat 6: erpaye (big blind) collected ($1)



PokerStars Hand #254299978492:  Hold'em No Limit ($0.50/$1.00 USD) - 2025/01/10 19:47:26 WET [2025/01/10 14:47:26 ET]
Table 'Ianthe III' 6-max Seat #6 is the button
Seat 2: Gfoer ($116.50 in chips) is sitting out
Seat 5: app1e_j@ck ($146.17 in chips) is sitting out
Seat 1: michasia ($100 in chips) 
Seat 6: erpaye ($102 in chips) 
erpaye: posts small blind $0.50
michasia: posts big blind $1
*** HOLE CARDS ***
erpaye: raises $1.20 to $2.20
michasia: folds 
Uncalled bet ($1.20) returned to erpaye
erpaye collected $2 from pot
erpaye: doesn't show hand 
Gfoer leaves the table
app1e_j@ck leaves the table
*** SUMMARY ***
Total pot $2 | Rake $0 
Seat 2: Gfoer
Seat 5: app1e_j@ck
Seat 1: michasia (big blind) folded before Flop
Seat 6: erpaye (button) (small blind) collected ($2)



PokerStars Hand #254299981830:  Hold'em No Limit ($0.50/$1.00 USD) - 2025/01/10 19:47:37 WET [2025/01/10 14:47:37 ET]
Table 'Ianthe III' 6-max Seat #1 is the button
Seat 1: michasia ($100 in chips) 
Seat 6: erpaye ($103 in chips) 
michasia: posts small blind $0.50
erpaye: posts big blind $1
*** HOLE CARDS ***
michasia: folds 
Uncalled bet ($0.50) returned to erpaye
erpaye collected $1 from pot
erpaye: doesn't show hand 
*** SUMMARY ***
Total pot $1 | Rake $0 
Seat 1: michasia (button) (small blind) folded before Flop
Seat 6: erpaye (big blind) collected ($1)



