PokerStars Hand #254206408401:  Hold'em No Limit ($0.50/$1.00 USD) - 2025/01/05 12:26:36 WET [2025/01/05 7:26:36 ET]
Table 'Vaisala' 6-max Seat #4 is the button
Seat 1: ka100pka527 ($80 in chips) 
Seat 2: maxx16111996 ($80 in chips) 
Seat 3: Dai5dop ($100 in chips) 
Seat 4: gudrozd ($100 in chips) 
ka100pka527: posts small blind $0.50
maxx16111996: posts big blind $1
*** HOLE CARDS ***
Dai5dop: folds 
gudrozd: folds 
ka100pka527: raises $1.50 to $2.50
maxx16111996: folds 
Uncalled bet ($1.50) returned to ka100pka527
ka100pka527 collected $2 from pot
ka100pka527: doesn't show hand 
*** SUMMARY ***
Total pot $2 | Rake $0 
Seat 1: ka100pka527 (small blind) collected ($2)
Seat 2: maxx16111996 (big blind) folded before Flop
Seat 3: Dai5dop folded before Flop (didn't bet)
Seat 4: gudrozd (button) folded before Flop (didn't bet)



PokerStars Hand #254206410477:  Hold'em No Limit ($0.50/$1.00 USD) - 2025/01/05 12:26:49 WET [2025/01/05 7:26:49 ET]
Table 'Vaisala' 6-max Seat #1 is the button
Seat 1: ka100pka527 ($100 in chips) 
Seat 2: maxx16111996 ($79 in chips) 
Seat 3: Dai5dop ($100 in chips) 
Seat 4: gudrozd ($100 in chips) 
maxx16111996: posts small blind $0.50
Dai5dop: posts big blind $1
*** HOLE CARDS ***
gudrozd: raises $1.50 to $2.50
ka100pka527: folds 
Pon4uk.ua joins the table at seat #6 
maxx16111996: raises $1.50 to $4
NOTfishON joins the table at seat #5 
Dai5dop: folds 
gudrozd: calls $1.50
*** FLOP *** [3s As 5s]
maxx16111996: bets $1
gudrozd: folds 
Uncalled bet ($1) returned to maxx16111996
maxx16111996 collected $8.55 from pot
*** SUMMARY ***
Total pot $9 | Rake $0.45 
Board [3s As 5s]
Seat 1: ka100pka527 (button) folded before Flop (didn't bet)
Seat 2: maxx16111996 (small blind) collected ($8.55)
Seat 3: Dai5dop (big blind) folded before Flop
Seat 4: gudrozd folded on the Flop



PokerStars Hand #254206415725:  Hold'em No Limit ($0.50/$1.00 USD) - 2025/01/05 12:27:21 WET [2025/01/05 7:27:21 ET]
Table 'Vaisala' 6-max Seat #2 is the button
Seat 5: NOTfishON ($100 in chips) is sitting out
Seat 6: Pon4uk.ua ($100 in chips) is sitting out
Seat 1: ka100pka527 ($100 in chips) 
Seat 2: maxx16111996 ($83.55 in chips) 
Seat 3: Dai5dop ($100 in chips) 
Seat 4: gudrozd ($100 in chips) 
Dai5dop: posts small blind $0.50
gudrozd: posts big blind $1
NOTfishON: sits out 
Pon4uk.ua: sits out 
*** HOLE CARDS ***
ka100pka527: raises $1.50 to $2.50
maxx16111996: calls $2.50
Dai5dop: folds 
gudrozd: folds 
*** FLOP *** [Js 2d 9h]
ka100pka527: checks 
maxx16111996: bets $6.18
ka100pka527: calls $6.18
*** TURN *** [Js 2d 9h] [7h]
ka100pka527: checks 
maxx16111996: bets $17.92
ka100pka527: folds 
Uncalled bet ($17.92) returned to maxx16111996
maxx16111996 collected $17.92 from pot
*** SUMMARY ***
Total pot $18.86 | Rake $0.94 
Board [Js 2d 9h 7h]
Seat 5: NOTfishON
Seat 6: Pon4uk.ua
Seat 1: ka100pka527 folded on the Turn
Seat 2: maxx16111996 (button) collected ($17.92)
Seat 3: Dai5dop (small blind) folded before Flop
Seat 4: gudrozd (big blind) folded before Flop



PokerStars Hand #254206422268:  Hold'em No Limit ($0.50/$1.00 USD) - 2025/01/05 12:28:02 WET [2025/01/05 7:28:02 ET]
Table 'Vaisala' 6-max Seat #3 is the button
Seat 6: Pon4uk.ua ($100 in chips) is sitting out
Seat 1: ka100pka527 ($100 in chips) 
Seat 2: maxx16111996 ($92.79 in chips) 
Seat 3: Dai5dop ($100 in chips) 
Seat 4: gudrozd ($100 in chips) 
Seat 5: NOTfishON ($100 in chips) 
gudrozd: posts small blind $0.50
NOTfishON: posts big blind $1
Pon4uk.ua: sits out 
*** HOLE CARDS ***
ka100pka527: folds 
maxx16111996: folds 
Dai5dop: raises $1.50 to $2.50
gudrozd: folds 
NOTfishON: folds 
Uncalled bet ($1.50) returned to Dai5dop
Dai5dop collected $2.50 from pot
Dai5dop: doesn't show hand 
*** SUMMARY ***
Total pot $2.50 | Rake $0 
Seat 6: Pon4uk.ua
Seat 1: ka100pka527 folded before Flop (didn't bet)
Seat 2: maxx16111996 folded before Flop (didn't bet)
Seat 3: Dai5dop (button) collected ($2.50)
Seat 4: gudrozd (small blind) folded before Flop
Seat 5: NOTfishON (big blind) folded before Flop



PokerStars Hand #254206424368:  Hold'em No Limit ($0.50/$1.00 USD) - 2025/01/05 12:28:15 WET [2025/01/05 7:28:15 ET]
Table 'Vaisala' 6-max Seat #4 is the button
Seat 1: ka100pka527 ($100 in chips) 
Seat 2: maxx16111996 ($92.79 in chips) 
Seat 3: Dai5dop ($101.50 in chips) 
Seat 4: gudrozd ($100 in chips) 
Seat 5: NOTfishON ($100 in chips) 
Seat 6: Pon4uk.ua ($100 in chips) 
NOTfishON: posts small blind $0.50
Pon4uk.ua: posts big blind $1
*** HOLE CARDS ***
ka100pka527: folds 
maxx16111996: folds 
Dai5dop: folds 
gudrozd: folds 
NOTfishON: folds 
Uncalled bet ($0.50) returned to Pon4uk.ua
Pon4uk.ua collected $1 from pot
Pon4uk.ua: doesn't show hand 
*** SUMMARY ***
Total pot $1 | Rake $0 
Seat 1: ka100pka527 folded before Flop (didn't bet)
Seat 2: maxx16111996 folded before Flop (didn't bet)
Seat 3: Dai5dop folded before Flop (didn't bet)
Seat 4: gudrozd (button) folded before Flop (didn't bet)
Seat 5: NOTfishON (small blind) folded before Flop
Seat 6: Pon4uk.ua (big blind) collected ($1)



PokerStars Hand #254206427023:  Hold'em No Limit ($0.50/$1.00 USD) - 2025/01/05 12:28:31 WET [2025/01/05 7:28:31 ET]
Table 'Vaisala' 6-max Seat #5 is the button
Seat 1: ka100pka527 ($100 in chips) 
Seat 2: maxx16111996 ($92.79 in chips) 
Seat 3: Dai5dop ($101.50 in chips) 
Seat 4: gudrozd ($100 in chips) 
Seat 5: NOTfishON ($100 in chips) 
Seat 6: Pon4uk.ua ($100.50 in chips) 
Pon4uk.ua: posts small blind $0.50
ka100pka527: posts big blind $1
*** HOLE CARDS ***
maxx16111996: raises $1 to $2
Dai5dop: folds 
gudrozd: folds 
NOTfishON: folds 
Pon4uk.ua: folds 
ka100pka527: calls $1
*** FLOP *** [Qd 4d Ac]
ka100pka527: checks 
maxx16111996: bets $4.28
ka100pka527: folds 
Uncalled bet ($4.28) returned to maxx16111996
maxx16111996 collected $4.28 from pot
*** SUMMARY ***
Total pot $4.50 | Rake $0.22 
Board [Qd 4d Ac]
Seat 1: ka100pka527 (big blind) folded on the Flop
Seat 2: maxx16111996 collected ($4.28)
Seat 3: Dai5dop folded before Flop (didn't bet)
Seat 4: gudrozd folded before Flop (didn't bet)
Seat 5: NOTfishON (button) folded before Flop (didn't bet)
Seat 6: Pon4uk.ua (small blind) folded before Flop



PokerStars Hand #254206435428:  Hold'em No Limit ($0.50/$1.00 USD) - 2025/01/05 12:29:22 WET [2025/01/05 7:29:22 ET]
Table 'Vaisala' 6-max Seat #6 is the button
Seat 1: ka100pka527 ($100 in chips) 
Seat 2: maxx16111996 ($95.07 in chips) 
Seat 3: Dai5dop ($101.50 in chips) 
Seat 4: gudrozd ($100 in chips) 
Seat 5: NOTfishON ($100 in chips) 
Seat 6: Pon4uk.ua ($100 in chips) 
ka100pka527: posts small blind $0.50
maxx16111996: posts big blind $1
*** HOLE CARDS ***
Dai5dop: folds 
gudrozd: raises $1.50 to $2.50
NOTfishON: raises $5 to $7.50
Pon4uk.ua: folds 
ka100pka527: folds 
maxx16111996: folds 
gudrozd: raises $13.50 to $21
NOTfishON: folds 
Uncalled bet ($13.50) returned to gudrozd
gudrozd collected $16.50 from pot
gudrozd: doesn't show hand 
*** SUMMARY ***
Total pot $16.50 | Rake $0 
Seat 1: ka100pka527 (small blind) folded before Flop
Seat 2: maxx16111996 (big blind) folded before Flop
Seat 3: Dai5dop folded before Flop (didn't bet)
Seat 4: gudrozd collected ($16.50)
Seat 5: NOTfishON folded before Flop
Seat 6: Pon4uk.ua (button) folded before Flop (didn't bet)



PokerStars Hand #254206442498:  Hold'em No Limit ($0.50/$1.00 USD) - 2025/01/05 12:30:04 WET [2025/01/05 7:30:04 ET]
Table 'Vaisala' 6-max Seat #1 is the button
Seat 1: ka100pka527 ($100 in chips) 
Seat 2: maxx16111996 ($94.07 in chips) 
Seat 3: Dai5dop ($101.50 in chips) 
Seat 4: gudrozd ($109 in chips) 
Seat 5: NOTfishON ($100 in chips) 
Seat 6: Pon4uk.ua ($100 in chips) 
maxx16111996: posts small blind $0.50
Dai5dop: posts big blind $1
*** HOLE CARDS ***
gudrozd: folds 
NOTfishON: folds 
Pon4uk.ua: folds 
ka100pka527: folds 
maxx16111996: calls $0.50
Dai5dop: raises $4 to $5
maxx16111996: calls $4
*** FLOP *** [6d 7d Qc]
maxx16111996: checks 
Dai5dop: bets $2.85
maxx16111996: folds 
Uncalled bet ($2.85) returned to Dai5dop
Dai5dop collected $9.50 from pot
Dai5dop: doesn't show hand 
*** SUMMARY ***
Total pot $10 | Rake $0.50 
Board [6d 7d Qc]
Seat 1: ka100pka527 (button) folded before Flop (didn't bet)
Seat 2: maxx16111996 (small blind) folded on the Flop
Seat 3: Dai5dop (big blind) collected ($9.50)
Seat 4: gudrozd folded before Flop (didn't bet)
Seat 5: NOTfishON folded before Flop (didn't bet)
Seat 6: Pon4uk.ua folded before Flop (didn't bet)



PokerStars Hand #254206447784:  Hold'em No Limit ($0.50/$1.00 USD) - 2025/01/05 12:30:36 WET [2025/01/05 7:30:36 ET]
Table 'Vaisala' 6-max Seat #2 is the button
Seat 1: ka100pka527 ($100 in chips) 
Seat 2: maxx16111996 ($89.07 in chips) 
Seat 3: Dai5dop ($106 in chips) 
Seat 4: gudrozd ($109 in chips) 
Seat 5: NOTfishON ($100 in chips) 
Seat 6: Pon4uk.ua ($100 in chips) 
Dai5dop: posts small blind $0.50
gudrozd: posts big blind $1
*** HOLE CARDS ***
NOTfishON: folds 
Pon4uk.ua: folds 
ka100pka527: folds 
maxx16111996: folds 
Dai5dop: raises $2 to $3
gudrozd: folds 
Uncalled bet ($2) returned to Dai5dop
Dai5dop collected $2 from pot
Dai5dop: doesn't show hand 
*** SUMMARY ***
Total pot $2 | Rake $0 
Seat 1: ka100pka527 folded before Flop (didn't bet)
Seat 2: maxx16111996 (button) folded before Flop (didn't bet)
Seat 3: Dai5dop (small blind) collected ($2)
Seat 4: gudrozd (big blind) folded before Flop
Seat 5: NOTfishON folded before Flop (didn't bet)
Seat 6: Pon4uk.ua folded before Flop (didn't bet)



PokerStars Hand #254206449535:  Hold'em No Limit ($0.50/$1.00 USD) - 2025/01/05 12:30:46 WET [2025/01/05 7:30:46 ET]
Table 'Vaisala' 6-max Seat #3 is the button
Seat 1: ka100pka527 ($100 in chips) 
Seat 2: maxx16111996 ($89.07 in chips) 
Seat 3: Dai5dop ($107 in chips) 
Seat 4: gudrozd ($108 in chips) 
Seat 5: NOTfishON ($100 in chips) 
Seat 6: Pon4uk.ua ($100 in chips) 
gudrozd: posts small blind $0.50
NOTfishON: posts big blind $1
*** HOLE CARDS ***
Pon4uk.ua: folds 
Pon4uk.ua leaves the table
ka100pka527: raises $2 to $3
maxx16111996: folds 
Dai5dop: folds 
gudrozd: folds 
NOTfishON: folds 
Uncalled bet ($2) returned to ka100pka527
ka100pka527 collected $2.50 from pot
ka100pka527: doesn't show hand 
*** SUMMARY ***
Total pot $2.50 | Rake $0 
Seat 1: ka100pka527 collected ($2.50)
Seat 2: maxx16111996 folded before Flop (didn't bet)
Seat 3: Dai5dop (button) folded before Flop (didn't bet)
Seat 4: gudrozd (small blind) folded before Flop
Seat 5: NOTfishON (big blind) folded before Flop
Seat 6: Pon4uk.ua folded before Flop (didn't bet)



PokerStars Hand #254206452607:  Hold'em No Limit ($0.50/$1.00 USD) - 2025/01/05 12:31:04 WET [2025/01/05 7:31:04 ET]
Table 'Vaisala' 6-max Seat #4 is the button
Seat 1: ka100pka527 ($101.50 in chips) 
Seat 2: maxx16111996 ($89.07 in chips) 
Seat 3: Dai5dop ($107 in chips) 
Seat 4: gudrozd ($107.50 in chips) 
Seat 5: NOTfishON ($100 in chips) 
NOTfishON: posts small blind $0.50
ka100pka527: posts big blind $1
*** HOLE CARDS ***
maxx16111996: calls $1
Dai5dop: raises $3 to $4
Sadyhov V.V. joins the table at seat #6 
gudrozd: folds 
NOTfishON: folds 
ka100pka527: folds 
maxx16111996: calls $3
*** FLOP *** [3d 7c 5h]
maxx16111996: checks 
Dai5dop: bets $2.71
maxx16111996: calls $2.71
*** TURN *** [3d 7c 5h] [As]
maxx16111996: checks 
Dai5dop: checks 
*** RIVER *** [3d 7c 5h As] [Qc]
maxx16111996: bets $14.17
Dai5dop: raises $86.12 to $100.29 and is all-in
maxx16111996: folds 
Uncalled bet ($86.12) returned to Dai5dop
Dai5dop collected $41.10 from pot
Dai5dop: doesn't show hand 
*** SUMMARY ***
Total pot $43.26 | Rake $2.16 
Board [3d 7c 5h As Qc]
Seat 1: ka100pka527 (big blind) folded before Flop
Seat 2: maxx16111996 folded on the River
Seat 3: Dai5dop collected ($41.10)
Seat 4: gudrozd (button) folded before Flop (didn't bet)
Seat 5: NOTfishON (small blind) folded before Flop



PokerStars Hand #254206464452:  Hold'em No Limit ($0.50/$1.00 USD) - 2025/01/05 12:32:15 WET [2025/01/05 7:32:15 ET]
Table 'Vaisala' 6-max Seat #5 is the button
Seat 6: Sadyhov V.V. ($100 in chips) is sitting out
Seat 1: ka100pka527 ($100.50 in chips) 
Seat 2: maxx16111996 ($68.19 in chips) 
Seat 3: Dai5dop ($127.22 in chips) 
Seat 4: gudrozd ($107.50 in chips) 
Seat 5: NOTfishON ($100 in chips) 
ka100pka527: posts small blind $0.50
maxx16111996: posts big blind $1
*** HOLE CARDS ***
Dai5dop: folds 
gudrozd: raises $1.50 to $2.50
NOTfishON: folds 
ka100pka527: folds 
maxx16111996: folds 
Uncalled bet ($1.50) returned to gudrozd
gudrozd collected $2.50 from pot
gudrozd: doesn't show hand 
*** SUMMARY ***
Total pot $2.50 | Rake $0 
Seat 6: Sadyhov V.V.
Seat 1: ka100pka527 (small blind) folded before Flop
Seat 2: maxx16111996 (big blind) folded before Flop
Seat 3: Dai5dop folded before Flop (didn't bet)
Seat 4: gudrozd collected ($2.50)
Seat 5: NOTfishON (button) folded before Flop (didn't bet)



PokerStars Hand #254206468402:  Hold'em No Limit ($0.50/$1.00 USD) - 2025/01/05 12:32:38 WET [2025/01/05 7:32:38 ET]
Table 'Vaisala' 6-max Seat #1 is the button
Seat 6: Sadyhov V.V. ($100 in chips) is sitting out
Seat 1: ka100pka527 ($100 in chips) 
Seat 2: maxx16111996 ($67.19 in chips) 
Seat 3: Dai5dop ($127.22 in chips) 
Seat 4: gudrozd ($109 in chips) 
Seat 5: NOTfishON ($100 in chips) 
maxx16111996: posts small blind $0.50
Dai5dop: posts big blind $1
Sadyhov V.V.: sits out 
*** HOLE CARDS ***
gudrozd: raises $1.50 to $2.50
NOTfishON: folds 
ka100pka527: calls $2.50
maxx16111996: folds 
Dai5dop: folds 
*** FLOP *** [7d Qh Ah]
gudrozd: checks 
ka100pka527: checks 
*** TURN *** [7d Qh Ah] [Th]
gudrozd: checks 
ka100pka527: bets $4.70
gudrozd: folds 
Uncalled bet ($4.70) returned to ka100pka527
ka100pka527 collected $6.18 from pot
ka100pka527: doesn't show hand 
*** SUMMARY ***
Total pot $6.50 | Rake $0.32 
Board [7d Qh Ah Th]
Seat 6: Sadyhov V.V.
Seat 1: ka100pka527 (button) collected ($6.18)
Seat 2: maxx16111996 (small blind) folded before Flop
Seat 3: Dai5dop (big blind) folded before Flop
Seat 4: gudrozd folded on the Turn
Seat 5: NOTfishON folded before Flop (didn't bet)



PokerStars Hand #254206479441:  Hold'em No Limit ($0.50/$1.00 USD) - 2025/01/05 12:33:43 WET [2025/01/05 7:33:43 ET]
Table 'Vaisala' 6-max Seat #2 is the button
Seat 6: Sadyhov V.V. ($100 in chips) is sitting out
Seat 1: ka100pka527 ($103.68 in chips) 
Seat 2: maxx16111996 ($66.69 in chips) 
Seat 3: Dai5dop ($126.22 in chips) 
Seat 4: gudrozd ($106.50 in chips) 
Seat 5: NOTfishON ($100 in chips) 
Dai5dop: posts small blind $0.50
gudrozd: posts big blind $1
Sadyhov V.V.: sits out 
*** HOLE CARDS ***
NOTfishON: folds 
ka100pka527: raises $1.50 to $2.50
maxx16111996: folds 
Dai5dop: folds 
gudrozd: folds 
Uncalled bet ($1.50) returned to ka100pka527
ka100pka527 collected $2.50 from pot
ka100pka527: doesn't show hand 
*** SUMMARY ***
Total pot $2.50 | Rake $0 
Seat 6: Sadyhov V.V.
Seat 1: ka100pka527 collected ($2.50)
Seat 2: maxx16111996 (button) folded before Flop (didn't bet)
Seat 3: Dai5dop (small blind) folded before Flop
Seat 4: gudrozd (big blind) folded before Flop
Seat 5: NOTfishON folded before Flop (didn't bet)



PokerStars Hand #254206481833:  Hold'em No Limit ($0.50/$1.00 USD) - 2025/01/05 12:33:57 WET [2025/01/05 7:33:57 ET]
Table 'Vaisala' 6-max Seat #3 is the button
Seat 6: Sadyhov V.V. ($100 in chips) is sitting out
Seat 1: ka100pka527 ($105.18 in chips) 
Seat 2: maxx16111996 ($66.69 in chips) 
Seat 3: Dai5dop ($125.72 in chips) 
Seat 4: gudrozd ($105.50 in chips) 
Seat 5: NOTfishON ($100 in chips) 
gudrozd: posts small blind $0.50
NOTfishON: posts big blind $1
Sadyhov V.V.: sits out 
*** HOLE CARDS ***
ka100pka527: folds 
maxx16111996: folds 
Dai5dop: raises $1.50 to $2.50
gudrozd: folds 
NOTfishON: folds 
Uncalled bet ($1.50) returned to Dai5dop
Dai5dop collected $2.50 from pot
Dai5dop: doesn't show hand 
*** SUMMARY ***
Total pot $2.50 | Rake $0 
Seat 6: Sadyhov V.V.
Seat 1: ka100pka527 folded before Flop (didn't bet)
Seat 2: maxx16111996 folded before Flop (didn't bet)
Seat 3: Dai5dop (button) collected ($2.50)
Seat 4: gudrozd (small blind) folded before Flop
Seat 5: NOTfishON (big blind) folded before Flop



PokerStars Hand #254206486069:  Hold'em No Limit ($0.50/$1.00 USD) - 2025/01/05 12:34:22 WET [2025/01/05 7:34:22 ET]
Table 'Vaisala' 6-max Seat #4 is the button
Seat 1: ka100pka527 ($105.18 in chips) 
Seat 2: maxx16111996 ($66.69 in chips) 
Seat 3: Dai5dop ($127.22 in chips) 
Seat 4: gudrozd ($105 in chips) 
Seat 5: NOTfishON ($100 in chips) 
Seat 6: Sadyhov V.V. ($100 in chips) 
NOTfishON: posts small blind $0.50
Sadyhov V.V.: posts big blind $1
*** HOLE CARDS ***
ka100pka527: folds 
maxx16111996: folds 
Dai5dop: folds 
gudrozd: raises $1.50 to $2.50
NOTfishON: raises $8.50 to $11
Sadyhov V.V.: folds 
gudrozd: folds 
Uncalled bet ($8.50) returned to NOTfishON
NOTfishON collected $6 from pot
*** SUMMARY ***
Total pot $6 | Rake $0 
Seat 1: ka100pka527 folded before Flop (didn't bet)
Seat 2: maxx16111996 folded before Flop (didn't bet)
Seat 3: Dai5dop folded before Flop (didn't bet)
Seat 4: gudrozd (button) folded before Flop
Seat 5: NOTfishON (small blind) collected ($6)
Seat 6: Sadyhov V.V. (big blind) folded before Flop



PokerStars Hand #254206493530:  Hold'em No Limit ($0.50/$1.00 USD) - 2025/01/05 12:35:05 WET [2025/01/05 7:35:05 ET]
Table 'Vaisala' 6-max Seat #5 is the button
Seat 1: ka100pka527 ($105.18 in chips) 
Seat 2: maxx16111996 ($66.69 in chips) 
Seat 3: Dai5dop ($127.22 in chips) 
Seat 4: gudrozd ($102.50 in chips) 
Seat 5: NOTfishON ($103.50 in chips) 
Seat 6: Sadyhov V.V. ($100 in chips) 
Sadyhov V.V.: posts small blind $0.50
ka100pka527: posts big blind $1
*** HOLE CARDS ***
maxx16111996: calls $1
Dai5dop: folds 
gudrozd: folds 
NOTfishON: folds 
Sadyhov V.V.: folds 
ka100pka527: checks 
*** FLOP *** [3c Jd Ad]
ka100pka527: checks 
maxx16111996: bets $2.38
ka100pka527: folds 
Uncalled bet ($2.38) returned to maxx16111996
maxx16111996 collected $2.38 from pot
*** SUMMARY ***
Total pot $2.50 | Rake $0.12 
Board [3c Jd Ad]
Seat 1: ka100pka527 (big blind) folded on the Flop
Seat 2: maxx16111996 collected ($2.38)
Seat 3: Dai5dop folded before Flop (didn't bet)
Seat 4: gudrozd folded before Flop (didn't bet)
Seat 5: NOTfishON (button) folded before Flop (didn't bet)
Seat 6: Sadyhov V.V. (small blind) folded before Flop



PokerStars Hand #254206501282:  Hold'em No Limit ($0.50/$1.00 USD) - 2025/01/05 12:35:50 WET [2025/01/05 7:35:50 ET]
Table 'Vaisala' 6-max Seat #6 is the button
Seat 1: ka100pka527 ($104.18 in chips) is sitting out
Seat 2: maxx16111996 ($68.07 in chips) 
Seat 3: Dai5dop ($127.22 in chips) 
Seat 4: gudrozd ($102.50 in chips) 
Seat 5: NOTfishON ($103.50 in chips) 
Seat 6: Sadyhov V.V. ($100 in chips) 
maxx16111996: posts small blind $0.50
Dai5dop: posts big blind $1
*** HOLE CARDS ***
ka100pka527 leaves the table
gudrozd: folds 
BoyLoc0 joins the table at seat #1 
NOTfishON: folds 
Sadyhov V.V.: raises $1.50 to $2.50
maxx16111996: calls $2
Dai5dop: folds 
*** FLOP *** [Qd 5c 9s]
maxx16111996: checks 
Sadyhov V.V.: checks 
*** TURN *** [Qd 5c 9s] [8c]
BoyLoc0 leaves the table
maxx16111996: checks 
Sadyhov V.V.: checks 
*** RIVER *** [Qd 5c 9s 8c] [Ac]
maxx16111996: bets $2.85
Sadyhov V.V.: raises $3.76 to $6.61
maxx16111996: calls $3.76
*** SHOW DOWN ***
Sadyhov V.V.: shows [Ah Kh] (a pair of Aces)
maxx16111996: mucks hand 
Sadyhov V.V. collected $18.26 from pot
*** SUMMARY ***
Total pot $19.22 | Rake $0.96 
Board [Qd 5c 9s 8c Ac]
Seat 1: ka100pka527
Seat 2: maxx16111996 (small blind) mucked
Seat 3: Dai5dop (big blind) folded before Flop
Seat 4: gudrozd folded before Flop (didn't bet)
Seat 5: NOTfishON folded before Flop (didn't bet)
Seat 6: Sadyhov V.V. (button) showed [Ah Kh] and won ($18.26) with a pair of Aces



PokerStars Hand #254206509751:  Hold'em No Limit ($0.50/$1.00 USD) - 2025/01/05 12:36:40 WET [2025/01/05 7:36:40 ET]
Table 'Vaisala' 6-max Seat #2 is the button
Seat 2: maxx16111996 ($58.96 in chips) 
Seat 3: Dai5dop ($126.22 in chips) 
Seat 4: gudrozd ($102.50 in chips) 
Seat 5: NOTfishON ($103.50 in chips) 
Seat 6: Sadyhov V.V. ($109.15 in chips) 
Dai5dop: posts small blind $0.50
gudrozd: posts big blind $1
*** HOLE CARDS ***
NOTfishON: folds 
Sadyhov V.V.: folds 
maxx16111996: folds 
Dai5dop: folds 
Uncalled bet ($0.50) returned to gudrozd
gudrozd collected $1 from pot
gudrozd: doesn't show hand 
maxx16111996 leaves the table
*** SUMMARY ***
Total pot $1 | Rake $0 
Seat 2: maxx16111996 (button) folded before Flop (didn't bet)
Seat 3: Dai5dop (small blind) folded before Flop
Seat 4: gudrozd (big blind) collected ($1)
Seat 5: NOTfishON folded before Flop (didn't bet)
Seat 6: Sadyhov V.V. folded before Flop (didn't bet)



PokerStars Hand #254206511541:  Hold'em No Limit ($0.50/$1.00 USD) - 2025/01/05 12:36:50 WET [2025/01/05 7:36:50 ET]
Table 'Vaisala' 6-max Seat #3 is the button
Seat 3: Dai5dop ($125.72 in chips) 
Seat 4: gudrozd ($103 in chips) 
Seat 5: NOTfishON ($103.50 in chips) 
Seat 6: Sadyhov V.V. ($109.15 in chips) 
gudrozd: posts small blind $0.50
NOTfishON: posts big blind $1
*** HOLE CARDS ***
Sadyhov V.V.: raises $1.50 to $2.50
Dai5dop: raises $5 to $7.50
gudrozd: raises $13.50 to $21
NOTfishON: folds 
Sadyhov V.V.: folds 
Dai5dop: folds 
Uncalled bet ($13.50) returned to gudrozd
gudrozd collected $18.50 from pot
gudrozd: doesn't show hand 
*** SUMMARY ***
Total pot $18.50 | Rake $0 
Seat 3: Dai5dop (button) folded before Flop
Seat 4: gudrozd (small blind) collected ($18.50)
Seat 5: NOTfishON (big blind) folded before Flop
Seat 6: Sadyhov V.V. folded before Flop



PokerStars Hand #254206515398:  Hold'em No Limit ($0.50/$1.00 USD) - 2025/01/05 12:37:14 WET [2025/01/05 7:37:14 ET]
Table 'Vaisala' 6-max Seat #4 is the button
Seat 6: Sadyhov V.V. ($106.65 in chips) is sitting out
Seat 3: Dai5dop ($118.22 in chips) 
Seat 4: gudrozd ($114 in chips) 
Seat 5: NOTfishON ($102.50 in chips) 
NOTfishON: posts small blind $0.50
Sadyhov V.V.: is sitting out 
Dai5dop: posts big blind $1
*** HOLE CARDS ***
gudrozd: raises $1.50 to $2.50
Sadyhov V.V. leaves the table
HappyMSR joins the table at seat #1 
NOTfishON: folds 
Dai5dop: folds 
Uncalled bet ($1.50) returned to gudrozd
gudrozd collected $2.50 from pot
gudrozd: doesn't show hand 
*** SUMMARY ***
Total pot $2.50 | Rake $0 
Seat 6: Sadyhov V.V.
Seat 3: Dai5dop (big blind) folded before Flop
Seat 4: gudrozd (button) collected ($2.50)
Seat 5: NOTfishON (small blind) folded before Flop



PokerStars Hand #254206809112:  Hold'em No Limit ($0.50/$1.00 USD) - 2025/01/05 13:05:30 WET [2025/01/05 8:05:30 ET]
Table 'Vaisala' 6-max Seat #2 is the button
Seat 3: Dai5dop ($117.22 in chips) is sitting out
Seat 2: ka100pka527 ($104.18 in chips) 
Seat 4: dervesh ($100 in chips) 
ka100pka527: posts small blind $0.50
dervesh: posts big blind $1
*** HOLE CARDS ***
Dai5dop leaves the table
ka100pka527: raises $1.50 to $2.50
dervesh: folds 
Uncalled bet ($1.50) returned to ka100pka527
ka100pka527 collected $2 from pot
ka100pka527: doesn't show hand 
*** SUMMARY ***
Total pot $2 | Rake $0 
Seat 3: Dai5dop
Seat 2: ka100pka527 (button) (small blind) collected ($2)
Seat 4: dervesh (big blind) folded before Flop



PokerStars Hand #254206909065:  Hold'em No Limit ($0.50/$1.00 USD) - 2025/01/05 13:14:06 WET [2025/01/05 8:14:06 ET]
Table 'Vaisala' 6-max Seat #2 is the button
Seat 1: valmble ($10 in chips) 
Seat 2: ka100pka527 ($10 in chips) 
ka100pka527: posts small blind $0.50
valmble: posts big blind $1
*** HOLE CARDS ***
ka100pka527: raises $1 to $2
valmble: folds 
Uncalled bet ($1) returned to ka100pka527
ka100pka527 collected $2 from pot
ka100pka527: doesn't show hand 
*** SUMMARY ***
Total pot $2 | Rake $0 
Seat 1: valmble (big blind) folded before Flop
Seat 2: ka100pka527 (button) (small blind) collected ($2)



PokerStars Hand #254206913186:  Hold'em No Limit ($0.50/$1.00 USD) - 2025/01/05 13:14:28 WET [2025/01/05 8:14:28 ET]
Table 'Vaisala' 6-max Seat #1 is the button
Seat 1: valmble ($9 in chips) 
Seat 2: ka100pka527 ($100 in chips) 
valmble: posts small blind $0.50
ka100pka527: posts big blind $1
*** HOLE CARDS ***
valmble: raises $1 to $2
ka100pka527: calls $1
*** FLOP *** [Qh Kc 4s]
ka100pka527: checks 
valmble: checks 
*** TURN *** [Qh Kc 4s] [9h]
ka100pka527: bets $2.53
valmble: calls $2.53
*** RIVER *** [Qh Kc 4s 9h] [3h]
ka100pka527: bets $5.74
valmble: folds 
Uncalled bet ($5.74) returned to ka100pka527
ka100pka527 collected $8.61 from pot
ka100pka527: doesn't show hand 
*** SUMMARY ***
Total pot $9.06 | Rake $0.45 
Board [Qh Kc 4s 9h 3h]
Seat 1: valmble (button) (small blind) folded on the River
Seat 2: ka100pka527 (big blind) collected ($8.61)



PokerStars Hand #254206930228:  Hold'em No Limit ($0.50/$1.00 USD) - 2025/01/05 13:15:54 WET [2025/01/05 8:15:54 ET]
Table 'Vaisala' 6-max Seat #2 is the button
Seat 1: valmble ($4.47 in chips) 
Seat 2: ka100pka527 ($104.08 in chips) 
ka100pka527: posts small blind $0.50
valmble: posts big blind $1
*** HOLE CARDS ***
ka100pka527: folds 
Uncalled bet ($0.50) returned to valmble
valmble collected $1 from pot
valmble: doesn't show hand 
*** SUMMARY ***
Total pot $1 | Rake $0 
Seat 1: valmble (big blind) collected ($1)
Seat 2: ka100pka527 (button) (small blind) folded before Flop



PokerStars Hand #254206933268:  Hold'em No Limit ($0.50/$1.00 USD) - 2025/01/05 13:16:10 WET [2025/01/05 8:16:10 ET]
Table 'Vaisala' 6-max Seat #1 is the button
Seat 1: valmble ($4.97 in chips) 
Seat 2: ka100pka527 ($103.58 in chips) 
valmble: posts small blind $0.50
ka100pka527: posts big blind $1
*** HOLE CARDS ***
valmble: folds 
Uncalled bet ($0.50) returned to ka100pka527
valmble leaves the table
ka100pka527 collected $1 from pot
ka100pka527: doesn't show hand 
*** SUMMARY ***
Total pot $1 | Rake $0 
Seat 1: valmble (button) (small blind) folded before Flop
Seat 2: ka100pka527 (big blind) collected ($1)



