PokerStars Hand #254212901445:  Hold'em No Limit ($0.50/$1.00 USD) - 2025/01/05 18:56:32 WET [2025/01/05 13:56:32 ET]
Table 'Srbija II' 6-max Seat #4 is the button
Seat 1: blistein ($100 in chips) 
Seat 2: yzuk ($100 in chips) 
Seat 3: CichiChanMarian ($106 in chips) 
Seat 4: steelNike ($40 in chips) 
Seat 5: Manifestorr ($100 in chips) 
Seat 6: starsz10 ($42.57 in chips) 
Manifestorr: posts small blind $0.50
starsz10: posts big blind $1
*** HOLE CARDS ***
blistein: folds 
yzuk: raises $1.50 to $2.50
CichiChanMarian: folds 
steelNike: folds 
Manifestorr: folds 
starsz10: calls $1.50
*** FLOP *** [3c 5s Ad]
starsz10: checks 
yzuk: bets $2.66
starsz10: folds 
Uncalled bet ($2.66) returned to yzuk
yzuk collected $5.22 from pot
yzuk: doesn't show hand 
*** SUMMARY ***
Total pot $5.50 | Rake $0.28 
Board [3c 5s Ad]
Seat 1: blistein folded before Flop (didn't bet)
Seat 2: yzuk collected ($5.22)
Seat 3: CichiChanMarian folded before Flop (didn't bet)
Seat 4: steelNike (button) folded before Flop (didn't bet)
Seat 5: Manifestorr (small blind) folded before Flop
Seat 6: starsz10 (big blind) folded on the Flop



PokerStars Hand #254212906829:  Hold'em No Limit ($0.50/$1.00 USD) - 2025/01/05 18:56:56 WET [2025/01/05 13:56:56 ET]
Table 'Srbija II' 6-max Seat #5 is the button
Seat 1: blistein ($100 in chips) 
Seat 2: yzuk ($102.72 in chips) 
Seat 3: CichiChanMarian ($106 in chips) 
Seat 4: steelNike ($40 in chips) 
Seat 5: Manifestorr ($100 in chips) 
Seat 6: starsz10 ($40.07 in chips) 
starsz10: posts small blind $0.50
blistein: posts big blind $1
*** HOLE CARDS ***
yzuk: folds 
CichiChanMarian: folds 
steelNike: raises $1 to $2
Manifestorr: folds 
starsz10: folds 
blistein: folds 
Uncalled bet ($1) returned to steelNike
steelNike collected $2.50 from pot
*** SUMMARY ***
Total pot $2.50 | Rake $0 
Seat 1: blistein (big blind) folded before Flop
Seat 2: yzuk folded before Flop (didn't bet)
Seat 3: CichiChanMarian folded before Flop (didn't bet)
Seat 4: steelNike collected ($2.50)
Seat 5: Manifestorr (button) folded before Flop (didn't bet)
Seat 6: starsz10 (small blind) folded before Flop



PokerStars Hand #254212910432:  Hold'em No Limit ($0.50/$1.00 USD) - 2025/01/05 18:57:12 WET [2025/01/05 13:57:12 ET]
Table 'Srbija II' 6-max Seat #6 is the button
Seat 1: blistein ($100 in chips) 
Seat 2: yzuk ($102.72 in chips) 
Seat 3: CichiChanMarian ($106 in chips) 
Seat 4: steelNike ($41.50 in chips) 
Seat 5: Manifestorr ($100 in chips) 
Seat 6: starsz10 ($39.57 in chips) 
blistein: posts small blind $0.50
yzuk: posts big blind $1
*** HOLE CARDS ***
CichiChanMarian: raises $1.50 to $2.50
steelNike: raises $3.50 to $6
Manifestorr: folds 
starsz10: folds 
blistein: folds 
yzuk: folds 
CichiChanMarian: raises $100 to $106 and is all-in
steelNike: folds 
Uncalled bet ($100) returned to CichiChanMarian
CichiChanMarian collected $13.50 from pot
CichiChanMarian: doesn't show hand 
*** SUMMARY ***
Total pot $13.50 | Rake $0 
Seat 1: blistein (small blind) folded before Flop
Seat 2: yzuk (big blind) folded before Flop
Seat 3: CichiChanMarian collected ($13.50)
Seat 4: steelNike folded before Flop
Seat 5: Manifestorr folded before Flop (didn't bet)
Seat 6: starsz10 (button) folded before Flop (didn't bet)



PokerStars Hand #254212919177:  Hold'em No Limit ($0.50/$1.00 USD) - 2025/01/05 18:57:51 WET [2025/01/05 13:57:51 ET]
Table 'Srbija II' 6-max Seat #1 is the button
Seat 1: blistein ($100 in chips) 
Seat 2: yzuk ($101.72 in chips) 
Seat 3: CichiChanMarian ($113.50 in chips) 
Seat 4: steelNike ($35.50 in chips) 
Seat 5: Manifestorr ($100 in chips) 
Seat 6: starsz10 ($39.57 in chips) 
yzuk: posts small blind $0.50
CichiChanMarian: posts big blind $1
*** HOLE CARDS ***
steelNike: raises $1 to $2
Manifestorr: folds 
starsz10: calls $2
blistein: folds 
yzuk: raises $10 to $12
CichiChanMarian: folds 
steelNike: folds 
starsz10: folds 
Uncalled bet ($10) returned to yzuk
yzuk collected $7 from pot
yzuk: doesn't show hand 
*** SUMMARY ***
Total pot $7 | Rake $0 
Seat 1: blistein (button) folded before Flop (didn't bet)
Seat 2: yzuk (small blind) collected ($7)
Seat 3: CichiChanMarian (big blind) folded before Flop
Seat 4: steelNike folded before Flop
Seat 5: Manifestorr folded before Flop (didn't bet)
Seat 6: starsz10 folded before Flop



PokerStars Hand #254212927840:  Hold'em No Limit ($0.50/$1.00 USD) - 2025/01/05 18:58:29 WET [2025/01/05 13:58:29 ET]
Table 'Srbija II' 6-max Seat #2 is the button
Seat 1: blistein ($100 in chips) 
Seat 2: yzuk ($106.72 in chips) 
Seat 3: CichiChanMarian ($112.50 in chips) 
Seat 4: steelNike ($33.50 in chips) 
Seat 5: Manifestorr ($100 in chips) 
Seat 6: starsz10 ($37.57 in chips) 
CichiChanMarian: posts small blind $0.50
steelNike: posts big blind $1
*** HOLE CARDS ***
Manifestorr: folds 
starsz10: folds 
blistein: folds 
yzuk: raises $1.50 to $2.50
CichiChanMarian: folds 
steelNike: raises $5.50 to $8
yzuk: folds 
Uncalled bet ($5.50) returned to steelNike
steelNike collected $5.50 from pot
*** SUMMARY ***
Total pot $5.50 | Rake $0 
Seat 1: blistein folded before Flop (didn't bet)
Seat 2: yzuk (button) folded before Flop
Seat 3: CichiChanMarian (small blind) folded before Flop
Seat 4: steelNike (big blind) collected ($5.50)
Seat 5: Manifestorr folded before Flop (didn't bet)
Seat 6: starsz10 folded before Flop (didn't bet)



PokerStars Hand #254212933648:  Hold'em No Limit ($0.50/$1.00 USD) - 2025/01/05 18:58:55 WET [2025/01/05 13:58:55 ET]
Table 'Srbija II' 6-max Seat #3 is the button
Seat 1: blistein ($100 in chips) 
Seat 2: yzuk ($104.22 in chips) 
Seat 3: CichiChanMarian ($112 in chips) 
Seat 4: steelNike ($36.50 in chips) 
Seat 5: Manifestorr ($100 in chips) 
Seat 6: starsz10 ($37.57 in chips) 
steelNike: posts small blind $0.50
Manifestorr: posts big blind $1
*** HOLE CARDS ***
starsz10: folds 
blistein: folds 
yzuk: folds 
CichiChanMarian: raises $1.50 to $2.50
steelNike: folds 
Manifestorr: folds 
Uncalled bet ($1.50) returned to CichiChanMarian
CichiChanMarian collected $2.50 from pot
CichiChanMarian: doesn't show hand 
*** SUMMARY ***
Total pot $2.50 | Rake $0 
Seat 1: blistein folded before Flop (didn't bet)
Seat 2: yzuk folded before Flop (didn't bet)
Seat 3: CichiChanMarian (button) collected ($2.50)
Seat 4: steelNike (small blind) folded before Flop
Seat 5: Manifestorr (big blind) folded before Flop
Seat 6: starsz10 folded before Flop (didn't bet)



PokerStars Hand #254212938858:  Hold'em No Limit ($0.50/$1.00 USD) - 2025/01/05 18:59:18 WET [2025/01/05 13:59:18 ET]
Table 'Srbija II' 6-max Seat #4 is the button
Seat 1: blistein ($100 in chips) 
Seat 2: yzuk ($104.22 in chips) 
Seat 3: CichiChanMarian ($113.50 in chips) 
Seat 4: steelNike ($36 in chips) 
Seat 5: Manifestorr ($100 in chips) 
Seat 6: starsz10 ($37.57 in chips) 
Manifestorr: posts small blind $0.50
starsz10: posts big blind $1
*** HOLE CARDS ***
blistein: folds 
yzuk: folds 
CichiChanMarian: raises $1.50 to $2.50
steelNike: folds 
Manifestorr: folds 
starsz10: calls $1.50
*** FLOP *** [Qs Jd Ad]
starsz10: checks 
CichiChanMarian: checks 
*** TURN *** [Qs Jd Ad] [5s]
starsz10: checks 
CichiChanMarian: bets $2.61
starsz10: folds 
Uncalled bet ($2.61) returned to CichiChanMarian
CichiChanMarian collected $5.22 from pot
CichiChanMarian: doesn't show hand 
*** SUMMARY ***
Total pot $5.50 | Rake $0.28 
Board [Qs Jd Ad 5s]
Seat 1: blistein folded before Flop (didn't bet)
Seat 2: yzuk folded before Flop (didn't bet)
Seat 3: CichiChanMarian collected ($5.22)
Seat 4: steelNike (button) folded before Flop (didn't bet)
Seat 5: Manifestorr (small blind) folded before Flop
Seat 6: starsz10 (big blind) folded on the Turn



PokerStars Hand #254212951228:  Hold'em No Limit ($0.50/$1.00 USD) - 2025/01/05 19:00:08 WET [2025/01/05 14:00:08 ET]
Table 'Srbija II' 6-max Seat #5 is the button
Seat 1: blistein ($100 in chips) 
Seat 2: yzuk ($104.22 in chips) 
Seat 3: CichiChanMarian ($116.22 in chips) 
Seat 4: steelNike ($36 in chips) 
Seat 5: Manifestorr ($100 in chips) 
Seat 6: starsz10 ($35.07 in chips) 
starsz10: posts small blind $0.50
blistein: posts big blind $1
*** HOLE CARDS ***
yzuk: folds 
CichiChanMarian: folds 
steelNike: raises $1 to $2
Manifestorr: folds 
starsz10: folds 
blistein: folds 
Uncalled bet ($1) returned to steelNike
steelNike collected $2.50 from pot
*** SUMMARY ***
Total pot $2.50 | Rake $0 
Seat 1: blistein (big blind) folded before Flop
Seat 2: yzuk folded before Flop (didn't bet)
Seat 3: CichiChanMarian folded before Flop (didn't bet)
Seat 4: steelNike collected ($2.50)
Seat 5: Manifestorr (button) folded before Flop (didn't bet)
Seat 6: starsz10 (small blind) folded before Flop



PokerStars Hand #254212957090:  Hold'em No Limit ($0.50/$1.00 USD) - 2025/01/05 19:00:33 WET [2025/01/05 14:00:33 ET]
Table 'Srbija II' 6-max Seat #6 is the button
Seat 1: blistein ($100 in chips) 
Seat 2: yzuk ($104.22 in chips) 
Seat 3: CichiChanMarian ($116.22 in chips) 
Seat 4: steelNike ($37.50 in chips) 
Seat 5: Manifestorr ($100 in chips) 
Seat 6: starsz10 ($34.57 in chips) 
blistein: posts small blind $0.50
yzuk: posts big blind $1
*** HOLE CARDS ***
CichiChanMarian: folds 
steelNike: folds 
Manifestorr: folds 
starsz10: folds 
blistein: folds 
Uncalled bet ($0.50) returned to yzuk
yzuk collected $1 from pot
yzuk: doesn't show hand 
*** SUMMARY ***
Total pot $1 | Rake $0 
Seat 1: blistein (small blind) folded before Flop
Seat 2: yzuk (big blind) collected ($1)
Seat 3: CichiChanMarian folded before Flop (didn't bet)
Seat 4: steelNike folded before Flop (didn't bet)
Seat 5: Manifestorr folded before Flop (didn't bet)
Seat 6: starsz10 (button) folded before Flop (didn't bet)



PokerStars Hand #254212961609:  Hold'em No Limit ($0.50/$1.00 USD) - 2025/01/05 19:00:50 WET [2025/01/05 14:00:50 ET]
Table 'Srbija II' 6-max Seat #1 is the button
Seat 1: blistein ($100 in chips) 
Seat 2: yzuk ($104.72 in chips) 
Seat 3: CichiChanMarian ($116.22 in chips) 
Seat 4: steelNike ($37.50 in chips) 
Seat 5: Manifestorr ($100 in chips) 
Seat 6: starsz10 ($34.57 in chips) 
yzuk: posts small blind $0.50
CichiChanMarian: posts big blind $1
*** HOLE CARDS ***
steelNike: folds 
Manifestorr: raises $1.20 to $2.20
starsz10: folds 
blistein: folds 
yzuk: folds 
CichiChanMarian: folds 
Uncalled bet ($1.20) returned to Manifestorr
Manifestorr collected $2.50 from pot
*** SUMMARY ***
Total pot $2.50 | Rake $0 
Seat 1: blistein (button) folded before Flop (didn't bet)
Seat 2: yzuk (small blind) folded before Flop
Seat 3: CichiChanMarian (big blind) folded before Flop
Seat 4: steelNike folded before Flop (didn't bet)
Seat 5: Manifestorr collected ($2.50)
Seat 6: starsz10 folded before Flop (didn't bet)



PokerStars Hand #254212969418:  Hold'em No Limit ($0.50/$1.00 USD) - 2025/01/05 19:01:18 WET [2025/01/05 14:01:18 ET]
Table 'Srbija II' 6-max Seat #2 is the button
Seat 1: blistein ($100 in chips) 
Seat 2: yzuk ($104.22 in chips) 
Seat 3: CichiChanMarian ($115.22 in chips) 
Seat 4: steelNike ($37.50 in chips) 
Seat 5: Manifestorr ($101.50 in chips) 
Seat 6: starsz10 ($34.57 in chips) 
CichiChanMarian: posts small blind $0.50
steelNike: posts big blind $1
*** HOLE CARDS ***
Manifestorr: folds 
starsz10: calls $1
blistein: folds 
yzuk: folds 
CichiChanMarian: folds 
steelNike: raises $3 to $4
starsz10: calls $3
*** FLOP *** [9s 6d Ad]
steelNike: checks 
starsz10: bets $4.04
steelNike: folds 
Uncalled bet ($4.04) returned to starsz10
starsz10 collected $8.08 from pot
*** SUMMARY ***
Total pot $8.50 | Rake $0.42 
Board [9s 6d Ad]
Seat 1: blistein folded before Flop (didn't bet)
Seat 2: yzuk (button) folded before Flop (didn't bet)
Seat 3: CichiChanMarian (small blind) folded before Flop
Seat 4: steelNike (big blind) folded on the Flop
Seat 5: Manifestorr folded before Flop (didn't bet)
Seat 6: starsz10 collected ($8.08)



PokerStars Hand #254212985169:  Hold'em No Limit ($0.50/$1.00 USD) - 2025/01/05 19:02:08 WET [2025/01/05 14:02:08 ET]
Table 'Srbija II' 6-max Seat #3 is the button
Seat 1: blistein ($100 in chips) 
Seat 2: yzuk ($104.22 in chips) 
Seat 3: CichiChanMarian ($114.72 in chips) 
Seat 4: steelNike ($33.50 in chips) 
Seat 5: Manifestorr ($101.50 in chips) 
Seat 6: starsz10 ($38.65 in chips) 
steelNike: posts small blind $0.50
Manifestorr: posts big blind $1
*** HOLE CARDS ***
starsz10: folds 
blistein: folds 
yzuk: folds 
CichiChanMarian: folds 
steelNike: folds 
Uncalled bet ($0.50) returned to Manifestorr
Manifestorr collected $1 from pot
*** SUMMARY ***
Total pot $1 | Rake $0 
Seat 1: blistein folded before Flop (didn't bet)
Seat 2: yzuk folded before Flop (didn't bet)
Seat 3: CichiChanMarian (button) folded before Flop (didn't bet)
Seat 4: steelNike (small blind) folded before Flop
Seat 5: Manifestorr (big blind) collected ($1)
Seat 6: starsz10 folded before Flop (didn't bet)



PokerStars Hand #254212988639:  Hold'em No Limit ($0.50/$1.00 USD) - 2025/01/05 19:02:19 WET [2025/01/05 14:02:19 ET]
Table 'Srbija II' 6-max Seat #4 is the button
Seat 1: blistein ($100 in chips) 
Seat 2: yzuk ($104.22 in chips) 
Seat 3: CichiChanMarian ($114.72 in chips) 
Seat 4: steelNike ($33 in chips) 
Seat 5: Manifestorr ($102 in chips) 
Seat 6: starsz10 ($38.65 in chips) 
Manifestorr: posts small blind $0.50
starsz10: posts big blind $1
*** HOLE CARDS ***
blistein: folds 
yzuk: folds 
CichiChanMarian: raises $1.50 to $2.50
steelNike: raises $30.50 to $33 and is all-in
Manifestorr: raises $69 to $102 and is all-in
starsz10: folds 
CichiChanMarian: folds 
Uncalled bet ($69) returned to Manifestorr
*** FIRST FLOP *** [Ks 7h 4c]
*** FIRST TURN *** [Ks 7h 4c] [Kc]
*** FIRST RIVER *** [Ks 7h 4c Kc] [8h]
*** SECOND FLOP *** [Ts Jd 5h]
*** SECOND TURN *** [Ts Jd 5h] [8c]
*** SECOND RIVER *** [Ts Jd 5h 8c] [2s]
*** FIRST SHOW DOWN ***
Manifestorr: shows [Kd As] (three of a kind, Kings)
steelNike: shows [6d 6c] (two pair, Kings and Sixes)
Manifestorr collected $33.50 from pot
*** SECOND SHOW DOWN ***
Manifestorr: shows [Kd As] (high card Ace)
steelNike: shows [6d 6c] (a pair of Sixes)
steelNike collected $33.50 from pot
*** SUMMARY ***
Total pot $69.50 | Rake $2.50 
Hand was run twice
FIRST Board [Ks 7h 4c Kc 8h]
SECOND Board [Ts Jd 5h 8c 2s]
Seat 1: blistein folded before Flop (didn't bet)
Seat 2: yzuk folded before Flop (didn't bet)
Seat 3: CichiChanMarian folded before Flop
Seat 4: steelNike (button) showed [6d 6c] and lost with two pair, Kings and Sixes, and won ($33.50) with a pair of Sixes
Seat 5: Manifestorr (small blind) showed [Kd As] and won ($33.50) with three of a kind, Kings, and lost with high card Ace
Seat 6: starsz10 (big blind) folded before Flop



PokerStars Hand #254213007907:  Hold'em No Limit ($0.50/$1.00 USD) - 2025/01/05 19:03:07 WET [2025/01/05 14:03:07 ET]
Table 'Srbija II' 6-max Seat #5 is the button
Seat 1: blistein ($100 in chips) 
Seat 2: yzuk ($104.22 in chips) 
Seat 3: CichiChanMarian ($112.22 in chips) 
Seat 4: steelNike ($33.50 in chips) 
Seat 5: Manifestorr ($102.50 in chips) 
Seat 6: starsz10 ($37.65 in chips) 
starsz10: posts small blind $0.50
blistein: posts big blind $1
*** HOLE CARDS ***
yzuk: folds 
CichiChanMarian: raises $1.50 to $2.50
steelNike: folds 
Manifestorr: folds 
starsz10: folds 
blistein: folds 
Uncalled bet ($1.50) returned to CichiChanMarian
CichiChanMarian collected $2.50 from pot
CichiChanMarian: doesn't show hand 
*** SUMMARY ***
Total pot $2.50 | Rake $0 
Seat 1: blistein (big blind) folded before Flop
Seat 2: yzuk folded before Flop (didn't bet)
Seat 3: CichiChanMarian collected ($2.50)
Seat 4: steelNike folded before Flop (didn't bet)
Seat 5: Manifestorr (button) folded before Flop (didn't bet)
Seat 6: starsz10 (small blind) folded before Flop



PokerStars Hand #254213014742:  Hold'em No Limit ($0.50/$1.00 USD) - 2025/01/05 19:03:23 WET [2025/01/05 14:03:23 ET]
Table 'Srbija II' 6-max Seat #6 is the button
Seat 1: blistein ($100 in chips) 
Seat 2: yzuk ($104.22 in chips) 
Seat 3: CichiChanMarian ($113.72 in chips) 
Seat 4: steelNike ($33.50 in chips) 
Seat 5: Manifestorr ($102.50 in chips) 
Seat 6: starsz10 ($37.15 in chips) 
blistein: posts small blind $0.50
yzuk: posts big blind $1
*** HOLE CARDS ***
CichiChanMarian: folds 
steelNike: raises $1 to $2
Manifestorr: folds 
starsz10: calls $2
blistein: folds 
yzuk: calls $1
*** FLOP *** [2c 3d Ts]
yzuk: checks 
steelNike: bets $3.09
starsz10: calls $3.09
yzuk: calls $3.09
*** TURN *** [2c 3d Ts] [Jh]
yzuk: checks 
steelNike: checks 
starsz10: checks 
*** RIVER *** [2c 3d Ts Jh] [4s]
yzuk: bets $7.64
steelNike: folds 
starsz10: folds 
Uncalled bet ($7.64) returned to yzuk
yzuk collected $14.98 from pot
yzuk: doesn't show hand 
*** SUMMARY ***
Total pot $15.77 | Rake $0.79 
Board [2c 3d Ts Jh 4s]
Seat 1: blistein (small blind) folded before Flop
Seat 2: yzuk (big blind) collected ($14.98)
Seat 3: CichiChanMarian folded before Flop (didn't bet)
Seat 4: steelNike folded on the River
Seat 5: Manifestorr folded before Flop (didn't bet)
Seat 6: starsz10 (button) folded on the River



PokerStars Hand #254213549596:  Hold'em No Limit ($0.50/$1.00 USD) - 2025/01/05 19:04:50 WET [2025/01/05 14:04:50 ET]
Table 'Srbija II' 6-max Seat #1 is the button
Seat 1: blistein ($100 in chips) 
Seat 2: yzuk ($114.11 in chips) 
Seat 3: CichiChanMarian ($113.72 in chips) 
Seat 4: steelNike ($28.41 in chips) 
Seat 5: Manifestorr ($102.50 in chips) 
Seat 6: starsz10 ($32.06 in chips) 
yzuk: posts small blind $0.50
CichiChanMarian: posts big blind $1
*** HOLE CARDS ***
steelNike: folds 
Manifestorr: folds 
starsz10: calls $1
blistein: folds 
yzuk: folds 
CichiChanMarian: checks 
*** FLOP *** [7d Jh 3c]
CichiChanMarian: checks 
starsz10: checks 
*** TURN *** [7d Jh 3c] [Ad]
CichiChanMarian: checks 
starsz10: checks 
*** RIVER *** [7d Jh 3c Ad] [7h]
CichiChanMarian: bets $2.38
starsz10: folds 
Uncalled bet ($2.38) returned to CichiChanMarian
CichiChanMarian collected $2.38 from pot
CichiChanMarian: doesn't show hand 
*** SUMMARY ***
Total pot $2.50 | Rake $0.12 
Board [7d Jh 3c Ad 7h]
Seat 1: blistein (button) folded before Flop (didn't bet)
Seat 2: yzuk (small blind) folded before Flop
Seat 3: CichiChanMarian (big blind) collected ($2.38)
Seat 4: steelNike folded before Flop (didn't bet)
Seat 5: Manifestorr folded before Flop (didn't bet)
Seat 6: starsz10 folded on the River



PokerStars Hand #254213567828:  Hold'em No Limit ($0.50/$1.00 USD) - 2025/01/05 19:05:34 WET [2025/01/05 14:05:34 ET]
Table 'Srbija II' 6-max Seat #2 is the button
Seat 1: blistein ($100 in chips) 
Seat 2: yzuk ($113.61 in chips) 
Seat 3: CichiChanMarian ($115.10 in chips) 
Seat 4: steelNike ($28.41 in chips) 
Seat 5: Manifestorr ($102.50 in chips) 
Seat 6: starsz10 ($31.06 in chips) 
CichiChanMarian: posts small blind $0.50
steelNike: posts big blind $1
*** HOLE CARDS ***
Manifestorr: folds 
starsz10: calls $1
blistein: folds 
yzuk: folds 
CichiChanMarian: folds 
steelNike: checks 
*** FLOP *** [2h 8h Js]
steelNike: checks 
starsz10: checks 
*** TURN *** [2h 8h Js] [Kh]
steelNike: checks 
starsz10: checks 
*** RIVER *** [2h 8h Js Kh] [6d]
steelNike: bets $1.19
starsz10: calls $1.19
*** SHOW DOWN ***
steelNike: shows [5c 3h] (high card King)
starsz10: shows [5s 6h] (a pair of Sixes)
starsz10 collected $4.64 from pot
*** SUMMARY ***
Total pot $4.88 | Rake $0.24 
Board [2h 8h Js Kh 6d]
Seat 1: blistein folded before Flop (didn't bet)
Seat 2: yzuk (button) folded before Flop (didn't bet)
Seat 3: CichiChanMarian (small blind) folded before Flop
Seat 4: steelNike (big blind) showed [5c 3h] and lost with high card King
Seat 5: Manifestorr folded before Flop (didn't bet)
Seat 6: starsz10 showed [5s 6h] and won ($4.64) with a pair of Sixes



PokerStars Hand #254213583302:  Hold'em No Limit ($0.50/$1.00 USD) - 2025/01/05 19:06:12 WET [2025/01/05 14:06:12 ET]
Table 'Srbija II' 6-max Seat #3 is the button
Seat 5: Manifestorr ($102.50 in chips) is sitting out
Seat 1: blistein ($100 in chips) 
Seat 2: yzuk ($113.61 in chips) 
Seat 3: CichiChanMarian ($114.60 in chips) 
Seat 4: steelNike ($26.22 in chips) 
Seat 6: starsz10 ($33.51 in chips) 
steelNike: posts small blind $0.50
Manifestorr: is sitting out 
starsz10: posts big blind $1
*** HOLE CARDS ***
Manifestorr leaves the table
blistein: raises $1.20 to $2.20
yzuk: folds 
b2k-Snick joins the table at seat #5 
CichiChanMarian: folds 
steelNike: folds 
starsz10: calls $1.20
*** FLOP *** [5c 7s Kh]
starsz10: checks 
blistein: bets $1.17
starsz10: calls $1.17
*** TURN *** [5c 7s Kh] [Jh]
starsz10: checks 
blistein: bets $5
starsz10: folds 
Uncalled bet ($5) returned to blistein
blistein collected $6.88 from pot
blistein: doesn't show hand 
*** SUMMARY ***
Total pot $7.24 | Rake $0.36 
Board [5c 7s Kh Jh]
Seat 5: Manifestorr
Seat 1: blistein collected ($6.88)
Seat 2: yzuk folded before Flop (didn't bet)
Seat 3: CichiChanMarian (button) folded before Flop (didn't bet)
Seat 4: steelNike (small blind) folded before Flop
Seat 6: starsz10 (big blind) folded on the Turn



PokerStars Hand #254213611358:  Hold'em No Limit ($0.50/$1.00 USD) - 2025/01/05 19:07:21 WET [2025/01/05 14:07:21 ET]
Table 'Srbija II' 6-max Seat #4 is the button
Seat 5: b2k-Snick ($100 in chips) is sitting out
Seat 1: blistein ($103.51 in chips) 
Seat 2: yzuk ($113.61 in chips) 
Seat 3: CichiChanMarian ($114.60 in chips) 
Seat 4: steelNike ($25.72 in chips) 
Seat 6: starsz10 ($30.14 in chips) 
starsz10: posts small blind $0.50
blistein: posts big blind $1
*** HOLE CARDS ***
yzuk: folds 
CichiChanMarian: raises $1.50 to $2.50
steelNike: folds 
starsz10: folds 
blistein: folds 
Uncalled bet ($1.50) returned to CichiChanMarian
CichiChanMarian collected $2.50 from pot
CichiChanMarian: doesn't show hand 
*** SUMMARY ***
Total pot $2.50 | Rake $0 
Seat 5: b2k-Snick
Seat 1: blistein (big blind) folded before Flop
Seat 2: yzuk folded before Flop (didn't bet)
Seat 3: CichiChanMarian collected ($2.50)
Seat 4: steelNike (button) folded before Flop (didn't bet)
Seat 6: starsz10 (small blind) folded before Flop



PokerStars Hand #254213616495:  Hold'em No Limit ($0.50/$1.00 USD) - 2025/01/05 19:07:34 WET [2025/01/05 14:07:34 ET]
Table 'Srbija II' 6-max Seat #6 is the button
Seat 5: b2k-Snick ($100 in chips) is sitting out
Seat 1: blistein ($102.51 in chips) 
Seat 2: yzuk ($113.61 in chips) 
Seat 3: CichiChanMarian ($116.10 in chips) 
Seat 4: steelNike ($25.72 in chips) 
Seat 6: starsz10 ($29.64 in chips) 
blistein: posts small blind $0.50
yzuk: posts big blind $1
b2k-Snick: sits out 
*** HOLE CARDS ***
CichiChanMarian: raises $1.50 to $2.50
steelNike: folds 
starsz10: folds 
blistein: folds 
yzuk: folds 
Uncalled bet ($1.50) returned to CichiChanMarian
CichiChanMarian collected $2.50 from pot
CichiChanMarian: doesn't show hand 
*** SUMMARY ***
Total pot $2.50 | Rake $0 
Seat 5: b2k-Snick
Seat 1: blistein (small blind) folded before Flop
Seat 2: yzuk (big blind) folded before Flop
Seat 3: CichiChanMarian collected ($2.50)
Seat 4: steelNike folded before Flop (didn't bet)
Seat 6: starsz10 (button) folded before Flop (didn't bet)



PokerStars Hand #254213620420:  Hold'em No Limit ($0.50/$1.00 USD) - 2025/01/05 19:07:44 WET [2025/01/05 14:07:44 ET]
Table 'Srbija II' 6-max Seat #1 is the button
Seat 5: b2k-Snick ($100 in chips) is sitting out
Seat 1: blistein ($102.01 in chips) 
Seat 2: yzuk ($112.61 in chips) 
Seat 3: CichiChanMarian ($117.60 in chips) 
Seat 4: steelNike ($25.72 in chips) 
Seat 6: starsz10 ($29.64 in chips) 
yzuk: posts small blind $0.50
CichiChanMarian: posts big blind $1
b2k-Snick: sits out 
*** HOLE CARDS ***
steelNike: folds 
starsz10: calls $1
blistein: folds 
yzuk: folds 
CichiChanMarian: checks 
*** FLOP *** [Kh Kd 8s]
CichiChanMarian: checks 
starsz10: bets $2.38
CichiChanMarian: folds 
Uncalled bet ($2.38) returned to starsz10
starsz10 collected $2.38 from pot
*** SUMMARY ***
Total pot $2.50 | Rake $0.12 
Board [Kh Kd 8s]
Seat 5: b2k-Snick
Seat 1: blistein (button) folded before Flop (didn't bet)
Seat 2: yzuk (small blind) folded before Flop
Seat 3: CichiChanMarian (big blind) folded on the Flop
Seat 4: steelNike folded before Flop (didn't bet)
Seat 6: starsz10 collected ($2.38)



PokerStars Hand #254213632033:  Hold'em No Limit ($0.50/$1.00 USD) - 2025/01/05 19:08:12 WET [2025/01/05 14:08:12 ET]
Table 'Srbija II' 6-max Seat #2 is the button
Seat 5: b2k-Snick ($100 in chips) is sitting out
Seat 1: blistein ($102.01 in chips) 
Seat 2: yzuk ($112.11 in chips) 
Seat 3: CichiChanMarian ($116.60 in chips) 
Seat 4: steelNike ($25.72 in chips) 
Seat 6: starsz10 ($31.02 in chips) 
CichiChanMarian: posts small blind $0.50
steelNike: posts big blind $1
b2k-Snick: sits out 
*** HOLE CARDS ***
starsz10: folds 
blistein: folds 
yzuk: folds 
CichiChanMarian: folds 
Uncalled bet ($0.50) returned to steelNike
steelNike collected $1 from pot
*** SUMMARY ***
Total pot $1 | Rake $0 
Seat 5: b2k-Snick
Seat 1: blistein folded before Flop (didn't bet)
Seat 2: yzuk (button) folded before Flop (didn't bet)
Seat 3: CichiChanMarian (small blind) folded before Flop
Seat 4: steelNike (big blind) collected ($1)
Seat 6: starsz10 folded before Flop (didn't bet)



PokerStars Hand #254213640508:  Hold'em No Limit ($0.50/$1.00 USD) - 2025/01/05 19:08:34 WET [2025/01/05 14:08:34 ET]
Table 'Srbija II' 6-max Seat #3 is the button
Seat 1: blistein ($102.01 in chips) 
Seat 2: yzuk ($112.11 in chips) 
Seat 3: CichiChanMarian ($116.10 in chips) 
Seat 4: steelNike ($26.22 in chips) 
Seat 5: b2k-Snick ($100 in chips) 
Seat 6: starsz10 ($31.02 in chips) 
steelNike: posts small blind $0.50
b2k-Snick: posts big blind $1
*** HOLE CARDS ***
starsz10: folds 
blistein: folds 
yzuk: folds 
CichiChanMarian: folds 
steelNike: raises $1 to $2
b2k-Snick: calls $1
*** FLOP *** [Js 2s 5h]
steelNike: bets $1
b2k-Snick: folds 
Uncalled bet ($1) returned to steelNike
steelNike collected $3.80 from pot
*** SUMMARY ***
Total pot $4 | Rake $0.20 
Board [Js 2s 5h]
Seat 1: blistein folded before Flop (didn't bet)
Seat 2: yzuk folded before Flop (didn't bet)
Seat 3: CichiChanMarian (button) folded before Flop (didn't bet)
Seat 4: steelNike (small blind) collected ($3.80)
Seat 5: b2k-Snick (big blind) folded on the Flop
Seat 6: starsz10 folded before Flop (didn't bet)



PokerStars Hand #254213658385:  Hold'em No Limit ($0.50/$1.00 USD) - 2025/01/05 19:09:18 WET [2025/01/05 14:09:18 ET]
Table 'Srbija II' 6-max Seat #4 is the button
Seat 1: blistein ($102.01 in chips) 
Seat 2: yzuk ($112.11 in chips) 
Seat 3: CichiChanMarian ($116.10 in chips) 
Seat 4: steelNike ($28.02 in chips) 
Seat 5: b2k-Snick ($100 in chips) 
Seat 6: starsz10 ($31.02 in chips) 
b2k-Snick: posts small blind $0.50
starsz10: posts big blind $1
*** HOLE CARDS ***
blistein: raises $1.20 to $2.20
yzuk: raises $5.30 to $7.50
CichiChanMarian: folds 
steelNike: folds 
b2k-Snick: folds 
starsz10: calls $6.50
blistein: folds 
*** FLOP *** [9c Ad 8c]
starsz10: checks 
yzuk: bets $5.72
starsz10: raises $17.80 to $23.52 and is all-in
yzuk: calls $17.80
*** TURN *** [9c Ad 8c] [Kh]
*** RIVER *** [9c Ad 8c Kh] [7d]
*** SHOW DOWN ***
starsz10: shows [Jd Td] (a straight, Seven to Jack)
yzuk: shows [As Ts] (a pair of Aces)
starsz10 collected $62.24 from pot
*** SUMMARY ***
Total pot $64.74 | Rake $2.50 
Board [9c Ad 8c Kh 7d]
Seat 1: blistein folded before Flop
Seat 2: yzuk showed [As Ts] and lost with a pair of Aces
Seat 3: CichiChanMarian folded before Flop (didn't bet)
Seat 4: steelNike (button) folded before Flop (didn't bet)
Seat 5: b2k-Snick (small blind) folded before Flop
Seat 6: starsz10 (big blind) showed [Jd Td] and won ($62.24) with a straight, Seven to Jack



PokerStars Hand #254213687822:  Hold'em No Limit ($0.50/$1.00 USD) - 2025/01/05 19:10:30 WET [2025/01/05 14:10:30 ET]
Table 'Srbija II' 6-max Seat #5 is the button
Seat 1: blistein ($100 in chips) 
Seat 2: yzuk ($100 in chips) 
Seat 3: CichiChanMarian ($116.10 in chips) 
Seat 4: steelNike ($28.02 in chips) 
Seat 5: b2k-Snick ($100 in chips) 
Seat 6: starsz10 ($62.24 in chips) 
starsz10: posts small blind $0.50
blistein: posts big blind $1
*** HOLE CARDS ***
yzuk: folds 
CichiChanMarian: folds 
steelNike: folds 
b2k-Snick: raises $1.50 to $2.50
starsz10: folds 
blistein: raises $10.50 to $13
b2k-Snick: folds 
Uncalled bet ($10.50) returned to blistein
blistein collected $5.50 from pot
blistein: doesn't show hand 
*** SUMMARY ***
Total pot $5.50 | Rake $0 
Seat 1: blistein (big blind) collected ($5.50)
Seat 2: yzuk folded before Flop (didn't bet)
Seat 3: CichiChanMarian folded before Flop (didn't bet)
Seat 4: steelNike folded before Flop (didn't bet)
Seat 5: b2k-Snick (button) folded before Flop
Seat 6: starsz10 (small blind) folded before Flop



PokerStars Hand #254213698567:  Hold'em No Limit ($0.50/$1.00 USD) - 2025/01/05 19:10:56 WET [2025/01/05 14:10:56 ET]
Table 'Srbija II' 6-max Seat #6 is the button
Seat 1: blistein ($103 in chips) 
Seat 2: yzuk ($100 in chips) 
Seat 3: CichiChanMarian ($116.10 in chips) 
Seat 4: steelNike ($48.02 in chips) 
Seat 5: b2k-Snick ($100 in chips) 
Seat 6: starsz10 ($61.74 in chips) 
blistein: posts small blind $0.50
yzuk: posts big blind $1
*** HOLE CARDS ***
CichiChanMarian: folds 
steelNike: folds 
b2k-Snick: raises $1.50 to $2.50
starsz10: folds 
blistein: folds 
yzuk: raises $10 to $12.50
b2k-Snick: folds 
Uncalled bet ($10) returned to yzuk
yzuk collected $5.50 from pot
yzuk: doesn't show hand 
*** SUMMARY ***
Total pot $5.50 | Rake $0 
Seat 1: blistein (small blind) folded before Flop
Seat 2: yzuk (big blind) collected ($5.50)
Seat 3: CichiChanMarian folded before Flop (didn't bet)
Seat 4: steelNike folded before Flop (didn't bet)
Seat 5: b2k-Snick folded before Flop
Seat 6: starsz10 (button) folded before Flop (didn't bet)



PokerStars Hand #254213709371:  Hold'em No Limit ($0.50/$1.00 USD) - 2025/01/05 19:11:23 WET [2025/01/05 14:11:23 ET]
Table 'Srbija II' 6-max Seat #1 is the button
Seat 1: blistein ($102.50 in chips) 
Seat 2: yzuk ($103 in chips) 
Seat 3: CichiChanMarian ($116.10 in chips) 
Seat 4: steelNike ($48.02 in chips) 
Seat 5: b2k-Snick ($100 in chips) 
Seat 6: starsz10 ($61.74 in chips) 
yzuk: posts small blind $0.50
CichiChanMarian: posts big blind $1
*** HOLE CARDS ***
steelNike: folds 
b2k-Snick: folds 
starsz10: calls $1
blistein: raises $2.50 to $3.50
yzuk: folds 
CichiChanMarian: raises $10.50 to $14
starsz10: folds 
blistein: folds 
Uncalled bet ($10.50) returned to CichiChanMarian
CichiChanMarian collected $8.50 from pot
CichiChanMarian: doesn't show hand 
*** SUMMARY ***
Total pot $8.50 | Rake $0 
Seat 1: blistein (button) folded before Flop
Seat 2: yzuk (small blind) folded before Flop
Seat 3: CichiChanMarian (big blind) collected ($8.50)
Seat 4: steelNike folded before Flop (didn't bet)
Seat 5: b2k-Snick folded before Flop (didn't bet)
Seat 6: starsz10 folded before Flop



PokerStars Hand #254213718296:  Hold'em No Limit ($0.50/$1.00 USD) - 2025/01/05 19:11:45 WET [2025/01/05 14:11:45 ET]
Table 'Srbija II' 6-max Seat #2 is the button
Seat 1: blistein ($100 in chips) 
Seat 2: yzuk ($102.50 in chips) 
Seat 3: CichiChanMarian ($121.10 in chips) 
Seat 4: steelNike ($48.02 in chips) 
Seat 5: b2k-Snick ($100 in chips) 
Seat 6: starsz10 ($60.74 in chips) 
CichiChanMarian: posts small blind $0.50
steelNike: posts big blind $1
*** HOLE CARDS ***
b2k-Snick: folds 
starsz10: calls $1
blistein: folds 
yzuk: folds 
CichiChanMarian: raises $4 to $5
steelNike: folds 
starsz10: calls $4
*** FLOP *** [Th 3c Jc]
CichiChanMarian: checks 
starsz10: bets $6.23
CichiChanMarian: calls $6.23
*** TURN *** [Th 3c Jc] [5s]
CichiChanMarian: checks 
starsz10: bets $22.29
CichiChanMarian: folds 
Uncalled bet ($22.29) returned to starsz10
starsz10 collected $22.29 from pot
*** SUMMARY ***
Total pot $23.46 | Rake $1.17 
Board [Th 3c Jc 5s]
Seat 1: blistein folded before Flop (didn't bet)
Seat 2: yzuk (button) folded before Flop (didn't bet)
Seat 3: CichiChanMarian (small blind) folded on the Turn
Seat 4: steelNike (big blind) folded before Flop
Seat 5: b2k-Snick folded before Flop (didn't bet)
Seat 6: starsz10 collected ($22.29)



PokerStars Hand #254213745441:  Hold'em No Limit ($0.50/$1.00 USD) - 2025/01/05 19:12:51 WET [2025/01/05 14:12:51 ET]
Table 'Srbija II' 6-max Seat #3 is the button
Seat 1: blistein ($100 in chips) 
Seat 2: yzuk ($102.50 in chips) 
Seat 3: CichiChanMarian ($109.87 in chips) 
Seat 4: steelNike ($47.02 in chips) 
Seat 5: b2k-Snick ($100 in chips) 
Seat 6: starsz10 ($71.80 in chips) 
steelNike: posts small blind $0.50
b2k-Snick: posts big blind $1
*** HOLE CARDS ***
starsz10: calls $1
blistein: folds 
yzuk: folds 
CichiChanMarian: folds 
steelNike: calls $0.50
b2k-Snick: checks 
*** FLOP *** [8s Jh 4h]
steelNike: checks 
b2k-Snick: checks 
starsz10: bets $2.85
steelNike: folds 
b2k-Snick: calls $2.85
*** TURN *** [8s Jh 4h] [8h]
b2k-Snick: checks 
starsz10: bets $5.13
b2k-Snick: folds 
Uncalled bet ($5.13) returned to starsz10
starsz10 collected $8.26 from pot
*** SUMMARY ***
Total pot $8.70 | Rake $0.44 
Board [8s Jh 4h 8h]
Seat 1: blistein folded before Flop (didn't bet)
Seat 2: yzuk folded before Flop (didn't bet)
Seat 3: CichiChanMarian (button) folded before Flop (didn't bet)
Seat 4: steelNike (small blind) folded on the Flop
Seat 5: b2k-Snick (big blind) folded on the Turn
Seat 6: starsz10 collected ($8.26)



PokerStars Hand #254213772042:  Hold'em No Limit ($0.50/$1.00 USD) - 2025/01/05 19:13:57 WET [2025/01/05 14:13:57 ET]
Table 'Srbija II' 6-max Seat #4 is the button
Seat 1: blistein ($100 in chips) 
Seat 2: yzuk ($102.50 in chips) 
Seat 3: CichiChanMarian ($109.87 in chips) 
Seat 4: steelNike ($46.02 in chips) 
Seat 5: b2k-Snick ($100 in chips) 
Seat 6: starsz10 ($76.21 in chips) 
b2k-Snick: posts small blind $0.50
starsz10: posts big blind $1
*** HOLE CARDS ***
blistein: folds 
yzuk: folds 
CichiChanMarian: raises $1.50 to $2.50
steelNike: folds 
b2k-Snick: folds 
starsz10: calls $1.50
*** FLOP *** [Qh 4c Kh]
starsz10: checks 
CichiChanMarian: bets $1.72
starsz10: folds 
Uncalled bet ($1.72) returned to CichiChanMarian
CichiChanMarian collected $5.22 from pot
CichiChanMarian: doesn't show hand 
*** SUMMARY ***
Total pot $5.50 | Rake $0.28 
Board [Qh 4c Kh]
Seat 1: blistein folded before Flop (didn't bet)
Seat 2: yzuk folded before Flop (didn't bet)
Seat 3: CichiChanMarian collected ($5.22)
Seat 4: steelNike (button) folded before Flop (didn't bet)
Seat 5: b2k-Snick (small blind) folded before Flop
Seat 6: starsz10 (big blind) folded on the Flop



PokerStars Hand #254213783474:  Hold'em No Limit ($0.50/$1.00 USD) - 2025/01/05 19:14:25 WET [2025/01/05 14:14:25 ET]
Table 'Srbija II' 6-max Seat #5 is the button
Seat 1: blistein ($100 in chips) 
Seat 2: yzuk ($102.50 in chips) 
Seat 3: CichiChanMarian ($112.59 in chips) 
Seat 4: steelNike ($46.02 in chips) 
Seat 5: b2k-Snick ($100 in chips) 
Seat 6: starsz10 ($73.71 in chips) 
starsz10: posts small blind $0.50
blistein: posts big blind $1
*** HOLE CARDS ***
yzuk: folds 
CichiChanMarian: raises $1.50 to $2.50
steelNike: folds 
b2k-Snick: folds 
starsz10: calls $2
blistein: calls $1.50
*** FLOP *** [9d 7d 2d]
starsz10: checks 
blistein: checks 
CichiChanMarian: bets $1.78
starsz10: folds 
blistein: folds 
Uncalled bet ($1.78) returned to CichiChanMarian
CichiChanMarian collected $7.12 from pot
CichiChanMarian: doesn't show hand 
*** SUMMARY ***
Total pot $7.50 | Rake $0.38 
Board [9d 7d 2d]
Seat 1: blistein (big blind) folded on the Flop
Seat 2: yzuk folded before Flop (didn't bet)
Seat 3: CichiChanMarian collected ($7.12)
Seat 4: steelNike folded before Flop (didn't bet)
Seat 5: b2k-Snick (button) folded before Flop (didn't bet)
Seat 6: starsz10 (small blind) folded on the Flop



PokerStars Hand #254213796506:  Hold'em No Limit ($0.50/$1.00 USD) - 2025/01/05 19:14:57 WET [2025/01/05 14:14:57 ET]
Table 'Srbija II' 6-max Seat #6 is the button
Seat 1: blistein ($100 in chips) 
Seat 2: yzuk ($102.50 in chips) 
Seat 3: CichiChanMarian ($117.21 in chips) 
Seat 4: steelNike ($46.02 in chips) 
Seat 5: b2k-Snick ($100 in chips) 
Seat 6: starsz10 ($71.21 in chips) 
blistein: posts small blind $0.50
yzuk: posts big blind $1
*** HOLE CARDS ***
CichiChanMarian: raises $1.50 to $2.50
steelNike: folds 
b2k-Snick: folds 
starsz10: folds 
blistein: folds 
yzuk: folds 
Uncalled bet ($1.50) returned to CichiChanMarian
CichiChanMarian collected $2.50 from pot
CichiChanMarian: doesn't show hand 
*** SUMMARY ***
Total pot $2.50 | Rake $0 
Seat 1: blistein (small blind) folded before Flop
Seat 2: yzuk (big blind) folded before Flop
Seat 3: CichiChanMarian collected ($2.50)
Seat 4: steelNike folded before Flop (didn't bet)
Seat 5: b2k-Snick folded before Flop (didn't bet)
Seat 6: starsz10 (button) folded before Flop (didn't bet)



PokerStars Hand #254213803205:  Hold'em No Limit ($0.50/$1.00 USD) - 2025/01/05 19:15:13 WET [2025/01/05 14:15:13 ET]
Table 'Srbija II' 6-max Seat #1 is the button
Seat 1: blistein ($100 in chips) 
Seat 2: yzuk ($101.50 in chips) 
Seat 3: CichiChanMarian ($118.71 in chips) 
Seat 4: steelNike ($46.02 in chips) 
Seat 5: b2k-Snick ($100 in chips) 
Seat 6: starsz10 ($71.21 in chips) 
yzuk: posts small blind $0.50
CichiChanMarian: posts big blind $1
*** HOLE CARDS ***
steelNike: folds 
b2k-Snick: raises $1 to $2
starsz10: folds 
blistein: folds 
yzuk: folds 
CichiChanMarian: calls $1
*** FLOP *** [Qh Kd 6c]
CichiChanMarian: checks 
b2k-Snick: bets $1.41
CichiChanMarian: folds 
Uncalled bet ($1.41) returned to b2k-Snick
b2k-Snick collected $4.28 from pot
b2k-Snick: doesn't show hand 
*** SUMMARY ***
Total pot $4.50 | Rake $0.22 
Board [Qh Kd 6c]
Seat 1: blistein (button) folded before Flop (didn't bet)
Seat 2: yzuk (small blind) folded before Flop
Seat 3: CichiChanMarian (big blind) folded on the Flop
Seat 4: steelNike folded before Flop (didn't bet)
Seat 5: b2k-Snick collected ($4.28)
Seat 6: starsz10 folded before Flop (didn't bet)



PokerStars Hand #254213816424:  Hold'em No Limit ($0.50/$1.00 USD) - 2025/01/05 19:15:45 WET [2025/01/05 14:15:45 ET]
Table 'Srbija II' 6-max Seat #2 is the button
Seat 1: blistein ($100 in chips) 
Seat 2: yzuk ($101 in chips) 
Seat 3: CichiChanMarian ($116.71 in chips) 
Seat 4: steelNike ($100 in chips) 
Seat 5: b2k-Snick ($102.28 in chips) 
Seat 6: starsz10 ($71.21 in chips) 
CichiChanMarian: posts small blind $0.50
steelNike: posts big blind $1
*** HOLE CARDS ***
b2k-Snick: folds 
starsz10: calls $1
blistein: folds 
yzuk: folds 
CichiChanMarian: raises $4 to $5
steelNike: folds 
starsz10: calls $4
*** FLOP *** [4d Kh Td]
CichiChanMarian: checks 
starsz10: checks 
*** TURN *** [4d Kh Td] [8s]
CichiChanMarian: checks 
starsz10: checks 
*** RIVER *** [4d Kh Td 8s] [3d]
CichiChanMarian: bets $6.90
starsz10: folds 
Uncalled bet ($6.90) returned to CichiChanMarian
CichiChanMarian collected $10.45 from pot
CichiChanMarian: doesn't show hand 
*** SUMMARY ***
Total pot $11 | Rake $0.55 
Board [4d Kh Td 8s 3d]
Seat 1: blistein folded before Flop (didn't bet)
Seat 2: yzuk (button) folded before Flop (didn't bet)
Seat 3: CichiChanMarian (small blind) collected ($10.45)
Seat 4: steelNike (big blind) folded before Flop
Seat 5: b2k-Snick folded before Flop (didn't bet)
Seat 6: starsz10 folded on the River



PokerStars Hand #254213843359:  Hold'em No Limit ($0.50/$1.00 USD) - 2025/01/05 19:16:52 WET [2025/01/05 14:16:52 ET]
Table 'Srbija II' 6-max Seat #3 is the button
Seat 1: blistein ($100 in chips) 
Seat 2: yzuk ($101 in chips) 
Seat 3: CichiChanMarian ($122.16 in chips) 
Seat 4: steelNike ($99 in chips) 
Seat 5: b2k-Snick ($102.28 in chips) 
Seat 6: starsz10 ($66.21 in chips) 
steelNike: posts small blind $0.50
b2k-Snick: posts big blind $1
*** HOLE CARDS ***
starsz10: calls $1
blistein: folds 
yzuk: folds 
CichiChanMarian: folds 
steelNike: raises $5 to $6
b2k-Snick: folds 
starsz10: calls $5
*** FLOP *** [Ts Ah 5h]
steelNike: bets $9.26
starsz10: calls $9.26
*** TURN *** [Ts Ah 5h] [4c]
steelNike: bets $19.50
starsz10: calls $19.50
*** RIVER *** [Ts Ah 5h 4c] [Ks]
steelNike: bets $39.50
starsz10: folds 
Uncalled bet ($39.50) returned to steelNike
steelNike collected $68.02 from pot
*** SUMMARY ***
Total pot $70.52 | Rake $2.50 
Board [Ts Ah 5h 4c Ks]
Seat 1: blistein folded before Flop (didn't bet)
Seat 2: yzuk folded before Flop (didn't bet)
Seat 3: CichiChanMarian (button) folded before Flop (didn't bet)
Seat 4: steelNike (small blind) collected ($68.02)
Seat 5: b2k-Snick (big blind) folded before Flop
Seat 6: starsz10 folded on the River



PokerStars Hand #254213877117:  Hold'em No Limit ($0.50/$1.00 USD) - 2025/01/05 19:18:14 WET [2025/01/05 14:18:14 ET]
Table 'Srbija II' 6-max Seat #4 is the button
Seat 1: blistein ($100 in chips) 
Seat 2: yzuk ($101 in chips) 
Seat 3: CichiChanMarian ($122.16 in chips) 
Seat 4: steelNike ($132.26 in chips) 
Seat 5: b2k-Snick ($101.28 in chips) 
Seat 6: starsz10 ($31.45 in chips) 
b2k-Snick: posts small blind $0.50
starsz10: posts big blind $1
*** HOLE CARDS ***
blistein: folds 
yzuk: folds 
CichiChanMarian: folds 
steelNike: raises $1.30 to $2.30
b2k-Snick: folds 
starsz10: calls $1.30
*** FLOP *** [7c Ts Qc]
starsz10: checks 
steelNike: checks 
*** TURN *** [7c Ts Qc] [2d]
starsz10: bets $4.84
steelNike: folds 
Uncalled bet ($4.84) returned to starsz10
starsz10 collected $4.84 from pot
*** SUMMARY ***
Total pot $5.10 | Rake $0.26 
Board [7c Ts Qc 2d]
Seat 1: blistein folded before Flop (didn't bet)
Seat 2: yzuk folded before Flop (didn't bet)
Seat 3: CichiChanMarian folded before Flop (didn't bet)
Seat 4: steelNike (button) folded on the Turn
Seat 5: b2k-Snick (small blind) folded before Flop
Seat 6: starsz10 (big blind) collected ($4.84)



PokerStars Hand #254213889929:  Hold'em No Limit ($0.50/$1.00 USD) - 2025/01/05 19:18:45 WET [2025/01/05 14:18:45 ET]
Table 'Srbija II' 6-max Seat #5 is the button
Seat 1: blistein ($100 in chips) 
Seat 2: yzuk ($101 in chips) 
Seat 3: CichiChanMarian ($122.16 in chips) 
Seat 4: steelNike ($129.96 in chips) 
Seat 5: b2k-Snick ($100.78 in chips) 
Seat 6: starsz10 ($33.99 in chips) 
starsz10: posts small blind $0.50
blistein: posts big blind $1
*** HOLE CARDS ***
yzuk: folds 
CichiChanMarian: folds 
steelNike: folds 
b2k-Snick: folds 
starsz10: folds 
Uncalled bet ($0.50) returned to blistein
blistein collected $1 from pot
blistein: doesn't show hand 
*** SUMMARY ***
Total pot $1 | Rake $0 
Seat 1: blistein (big blind) collected ($1)
Seat 2: yzuk folded before Flop (didn't bet)
Seat 3: CichiChanMarian folded before Flop (didn't bet)
Seat 4: steelNike folded before Flop (didn't bet)
Seat 5: b2k-Snick (button) folded before Flop (didn't bet)
Seat 6: starsz10 (small blind) folded before Flop



PokerStars Hand #254213896388:  Hold'em No Limit ($0.50/$1.00 USD) - 2025/01/05 19:19:00 WET [2025/01/05 14:19:00 ET]
Table 'Srbija II' 6-max Seat #6 is the button
Seat 1: blistein ($100.50 in chips) 
Seat 2: yzuk ($101 in chips) 
Seat 3: CichiChanMarian ($122.16 in chips) 
Seat 4: steelNike ($129.96 in chips) 
Seat 5: b2k-Snick ($100.78 in chips) 
Seat 6: starsz10 ($33.49 in chips) 
blistein: posts small blind $0.50
yzuk: posts big blind $1
*** HOLE CARDS ***
CichiChanMarian: folds 
steelNike: folds 
b2k-Snick: folds 
starsz10: calls $1
blistein: raises $3 to $4
yzuk: folds 
starsz10: calls $3
*** FLOP *** [6h 8c 6s]
blistein: bets $4.28
starsz10: folds 
Uncalled bet ($4.28) returned to blistein
blistein collected $8.55 from pot
blistein: doesn't show hand 
*** SUMMARY ***
Total pot $9 | Rake $0.45 
Board [6h 8c 6s]
Seat 1: blistein (small blind) collected ($8.55)
Seat 2: yzuk (big blind) folded before Flop
Seat 3: CichiChanMarian folded before Flop (didn't bet)
Seat 4: steelNike folded before Flop (didn't bet)
Seat 5: b2k-Snick folded before Flop (didn't bet)
Seat 6: starsz10 (button) folded on the Flop



PokerStars Hand #254213910590:  Hold'em No Limit ($0.50/$1.00 USD) - 2025/01/05 19:19:35 WET [2025/01/05 14:19:35 ET]
Table 'Srbija II' 6-max Seat #1 is the button
Seat 1: blistein ($105.05 in chips) 
Seat 2: yzuk ($100 in chips) 
Seat 3: CichiChanMarian ($122.16 in chips) 
Seat 4: steelNike ($129.96 in chips) 
Seat 5: b2k-Snick ($100.78 in chips) 
Seat 6: starsz10 ($29.49 in chips) 
yzuk: posts small blind $0.50
CichiChanMarian: posts big blind $1
*** HOLE CARDS ***
steelNike: folds 
b2k-Snick: folds 
starsz10: calls $1
blistein: folds 
yzuk: raises $3 to $4
CichiChanMarian: folds 
starsz10: calls $3
*** FLOP *** [7d Kc Ad]
yzuk: bets $2.91
starsz10: calls $2.91
*** TURN *** [7d Kc Ad] [Kh]
yzuk: checks 
starsz10: checks 
*** RIVER *** [7d Kc Ad Kh] [4c]
yzuk: bets $7.18
starsz10: calls $7.18
*** SHOW DOWN ***
yzuk: shows [Th Jh] (a pair of Kings)
starsz10: shows [Ah 6h] (two pair, Aces and Kings)
starsz10 collected $27.72 from pot
*** SUMMARY ***
Total pot $29.18 | Rake $1.46 
Board [7d Kc Ad Kh 4c]
Seat 1: blistein (button) folded before Flop (didn't bet)
Seat 2: yzuk (small blind) showed [Th Jh] and lost with a pair of Kings
Seat 3: CichiChanMarian (big blind) folded before Flop
Seat 4: steelNike folded before Flop (didn't bet)
Seat 5: b2k-Snick folded before Flop (didn't bet)
Seat 6: starsz10 showed [Ah 6h] and won ($27.72) with two pair, Aces and Kings



PokerStars Hand #254213937175:  Hold'em No Limit ($0.50/$1.00 USD) - 2025/01/05 19:20:40 WET [2025/01/05 14:20:40 ET]
Table 'Srbija II' 6-max Seat #2 is the button
Seat 1: blistein ($105.05 in chips) 
Seat 2: yzuk ($100 in chips) 
Seat 3: CichiChanMarian ($121.16 in chips) 
Seat 4: steelNike ($129.96 in chips) 
Seat 5: b2k-Snick ($100.78 in chips) 
Seat 6: starsz10 ($43.12 in chips) 
CichiChanMarian: posts small blind $0.50
steelNike: posts big blind $1
*** HOLE CARDS ***
b2k-Snick: raises $1.10 to $2.10
starsz10: calls $2.10
blistein: folds 
yzuk: folds 
CichiChanMarian: folds 
steelNike: calls $1.10
*** FLOP *** [2s Kh Kc]
steelNike: checks 
b2k-Snick: checks 
starsz10: bets $3.23
steelNike: folds 
b2k-Snick: raises $4.77 to $8
starsz10: calls $4.77
*** TURN *** [2s Kh Kc] [2d]
b2k-Snick: checks 
starsz10: bets $10.83
b2k-Snick: folds 
Uncalled bet ($10.83) returned to starsz10
starsz10 collected $21.66 from pot
*** SUMMARY ***
Total pot $22.80 | Rake $1.14 
Board [2s Kh Kc 2d]
Seat 1: blistein folded before Flop (didn't bet)
Seat 2: yzuk (button) folded before Flop (didn't bet)
Seat 3: CichiChanMarian (small blind) folded before Flop
Seat 4: steelNike (big blind) folded on the Flop
Seat 5: b2k-Snick folded on the Turn
Seat 6: starsz10 collected ($21.66)



PokerStars Hand #254213965911:  Hold'em No Limit ($0.50/$1.00 USD) - 2025/01/05 19:21:50 WET [2025/01/05 14:21:50 ET]
Table 'Srbija II' 6-max Seat #3 is the button
Seat 1: blistein ($105.05 in chips) 
Seat 2: yzuk ($100 in chips) 
Seat 3: CichiChanMarian ($120.66 in chips) 
Seat 4: steelNike ($127.86 in chips) 
Seat 5: b2k-Snick ($100 in chips) 
Seat 6: starsz10 ($54.68 in chips) 
steelNike: posts small blind $0.50
b2k-Snick: posts big blind $1
*** HOLE CARDS ***
starsz10: calls $1
blistein: folds 
yzuk: folds 
CichiChanMarian: raises $3 to $4
steelNike: folds 
b2k-Snick: folds 
starsz10: calls $3
*** FLOP *** [Ts 2h Ah]
starsz10: bets $4.51
CichiChanMarian: calls $4.51
*** TURN *** [Ts 2h Ah] [4h]
starsz10: bets $8.80
CichiChanMarian: calls $8.80
*** RIVER *** [Ts 2h Ah 4h] [8s]
starsz10: bets $37.37 and is all-in
CichiChanMarian: calls $37.37
*** SHOW DOWN ***
starsz10: shows [9s As] (a pair of Aces)
CichiChanMarian: shows [9h Jh] (a flush, Ace high)
CichiChanMarian collected $108.36 from pot
*** SUMMARY ***
Total pot $110.86 | Rake $2.50 
Board [Ts 2h Ah 4h 8s]
Seat 1: blistein folded before Flop (didn't bet)
Seat 2: yzuk folded before Flop (didn't bet)
Seat 3: CichiChanMarian (button) showed [9h Jh] and won ($108.36) with a flush, Ace high
Seat 4: steelNike (small blind) folded before Flop
Seat 5: b2k-Snick (big blind) folded before Flop
Seat 6: starsz10 showed [9s As] and lost with a pair of Aces



PokerStars Hand #254213989176:  Hold'em No Limit ($0.50/$1.00 USD) - 2025/01/05 19:22:47 WET [2025/01/05 14:22:47 ET]
Table 'Srbija II' 6-max Seat #4 is the button
Seat 6: starsz10 ($0 in chips) is sitting out
Seat 1: blistein ($105.05 in chips) 
Seat 2: yzuk ($100 in chips) 
Seat 3: CichiChanMarian ($174.34 in chips) 
Seat 4: steelNike ($127.36 in chips) 
Seat 5: b2k-Snick ($100 in chips) 
b2k-Snick: posts small blind $0.50
blistein: posts big blind $1
*** HOLE CARDS ***
yzuk: folds 
yzuk leaves the table
CichiChanMarian: folds 
starsz10 leaves the table
steelNike: folds 
b2k-Snick: raises $2 to $3
blistein: folds 
Uncalled bet ($2) returned to b2k-Snick
b2k-Snick collected $2 from pot
b2k-Snick: doesn't show hand 
*** SUMMARY ***
Total pot $2 | Rake $0 
Seat 6: starsz10
Seat 1: blistein (big blind) folded before Flop
Seat 2: yzuk folded before Flop (didn't bet)
Seat 3: CichiChanMarian folded before Flop (didn't bet)
Seat 4: steelNike (button) folded before Flop (didn't bet)
Seat 5: b2k-Snick (small blind) collected ($2)



PokerStars Hand #254214313064:  Hold'em No Limit ($0.50/$1.00 USD) - 2025/01/05 19:35:44 WET [2025/01/05 14:35:44 ET]
Table 'Srbija II' 6-max Seat #6 is the button
Seat 1: Manifestorr ($102.50 in chips) 
Seat 2: AlexPinsk1 ($100 in chips) 
Seat 3: michasia ($100 in chips) 
Seat 4: NISIY ($100 in chips) 
Seat 6: kationur ($80 in chips) 
Manifestorr: posts small blind $0.50
AlexPinsk1: posts big blind $1
*** HOLE CARDS ***
kekoccc joins the table at seat #5 
michasia: folds 
NISIY: raises $1.50 to $2.50
kationur: folds 
Manifestorr: folds 
AlexPinsk1: folds 
Uncalled bet ($1.50) returned to NISIY
NISIY collected $2.50 from pot
NISIY: doesn't show hand 
*** SUMMARY ***
Total pot $2.50 | Rake $0 
Seat 1: Manifestorr (small blind) folded before Flop
Seat 2: AlexPinsk1 (big blind) folded before Flop
Seat 3: michasia folded before Flop (didn't bet)
Seat 4: NISIY collected ($2.50)
Seat 6: kationur (button) folded before Flop (didn't bet)



PokerStars Hand #254214320327:  Hold'em No Limit ($0.50/$1.00 USD) - 2025/01/05 19:36:02 WET [2025/01/05 14:36:02 ET]
Table 'Srbija II' 6-max Seat #1 is the button
Seat 5: kekoccc ($100 in chips) is sitting out
Seat 1: Manifestorr ($102 in chips) 
Seat 2: AlexPinsk1 ($100 in chips) 
Seat 3: michasia ($100 in chips) 
Seat 4: NISIY ($101.50 in chips) 
Seat 6: kationur ($80 in chips) 
AlexPinsk1: posts small blind $0.50
michasia: posts big blind $1
kekoccc: sits out 
*** HOLE CARDS ***
NISIY: raises $1.50 to $2.50
kationur: folds 
Manifestorr: folds 
AlexPinsk1: folds 
michasia: folds 
Uncalled bet ($1.50) returned to NISIY
NISIY collected $2.50 from pot
NISIY: doesn't show hand 
*** SUMMARY ***
Total pot $2.50 | Rake $0 
Seat 5: kekoccc
Seat 1: Manifestorr (button) folded before Flop (didn't bet)
Seat 2: AlexPinsk1 (small blind) folded before Flop
Seat 3: michasia (big blind) folded before Flop
Seat 4: NISIY collected ($2.50)
Seat 6: kationur folded before Flop (didn't bet)



PokerStars Hand #254214329763:  Hold'em No Limit ($0.50/$1.00 USD) - 2025/01/05 19:36:24 WET [2025/01/05 14:36:24 ET]
Table 'Srbija II' 6-max Seat #2 is the button
Seat 5: kekoccc ($100 in chips) is sitting out
Seat 1: Manifestorr ($102 in chips) 
Seat 2: AlexPinsk1 ($100 in chips) 
Seat 3: michasia ($100 in chips) 
Seat 4: NISIY ($103 in chips) 
Seat 6: kationur ($80 in chips) 
michasia: posts small blind $0.50
NISIY: posts big blind $1
kekoccc: sits out 
*** HOLE CARDS ***
kationur: raises $8 to $9
Manifestorr: folds 
AlexPinsk1: folds 
michasia: folds 
NISIY: folds 
Uncalled bet ($8) returned to kationur
kationur collected $2.50 from pot
*** SUMMARY ***
Total pot $2.50 | Rake $0 
Seat 5: kekoccc
Seat 1: Manifestorr folded before Flop (didn't bet)
Seat 2: AlexPinsk1 (button) folded before Flop (didn't bet)
Seat 3: michasia (small blind) folded before Flop
Seat 4: NISIY (big blind) folded before Flop
Seat 6: kationur collected ($2.50)



PokerStars Hand #254214337246:  Hold'em No Limit ($0.50/$1.00 USD) - 2025/01/05 19:36:42 WET [2025/01/05 14:36:42 ET]
Table 'Srbija II' 6-max Seat #3 is the button
Seat 1: Manifestorr ($102 in chips) 
Seat 2: AlexPinsk1 ($100 in chips) 
Seat 3: michasia ($100 in chips) 
Seat 4: NISIY ($102 in chips) 
Seat 5: kekoccc ($100 in chips) 
Seat 6: kationur ($81.50 in chips) 
NISIY: posts small blind $0.50
kekoccc: posts big blind $1
*** HOLE CARDS ***
kationur: raises $5 to $6
Manifestorr: folds 
AlexPinsk1: folds 
michasia: folds 
NISIY: folds 
kekoccc: folds 
Uncalled bet ($5) returned to kationur
kationur collected $2.50 from pot
*** SUMMARY ***
Total pot $2.50 | Rake $0 
Seat 1: Manifestorr folded before Flop (didn't bet)
Seat 2: AlexPinsk1 folded before Flop (didn't bet)
Seat 3: michasia (button) folded before Flop (didn't bet)
Seat 4: NISIY (small blind) folded before Flop
Seat 5: kekoccc (big blind) folded before Flop
Seat 6: kationur collected ($2.50)



PokerStars Hand #254214344901:  Hold'em No Limit ($0.50/$1.00 USD) - 2025/01/05 19:37:00 WET [2025/01/05 14:37:00 ET]
Table 'Srbija II' 6-max Seat #4 is the button
Seat 1: Manifestorr ($102 in chips) 
Seat 2: AlexPinsk1 ($100 in chips) 
Seat 3: michasia ($100 in chips) 
Seat 4: NISIY ($101.50 in chips) 
Seat 5: kekoccc ($100 in chips) 
Seat 6: kationur ($83 in chips) 
kekoccc: posts small blind $0.50
kationur: posts big blind $1
*** HOLE CARDS ***
Manifestorr: folds 
AlexPinsk1: folds 
michasia: folds 
NISIY: folds 
kekoccc: raises $2 to $3
kationur: raises $7 to $10
kekoccc: folds 
Uncalled bet ($7) returned to kationur
kationur collected $6 from pot
*** SUMMARY ***
Total pot $6 | Rake $0 
Seat 1: Manifestorr folded before Flop (didn't bet)
Seat 2: AlexPinsk1 folded before Flop (didn't bet)
Seat 3: michasia folded before Flop (didn't bet)
Seat 4: NISIY (button) folded before Flop (didn't bet)
Seat 5: kekoccc (small blind) folded before Flop
Seat 6: kationur (big blind) collected ($6)



PokerStars Hand #254214353971:  Hold'em No Limit ($0.50/$1.00 USD) - 2025/01/05 19:37:21 WET [2025/01/05 14:37:21 ET]
Table 'Srbija II' 6-max Seat #5 is the button
Seat 1: Manifestorr ($102 in chips) 
Seat 2: AlexPinsk1 ($100 in chips) 
Seat 3: michasia ($100 in chips) 
Seat 4: NISIY ($101.50 in chips) 
Seat 5: kekoccc ($100 in chips) 
Seat 6: kationur ($86 in chips) 
kationur: posts small blind $0.50
Manifestorr: posts big blind $1
*** HOLE CARDS ***
AlexPinsk1: folds 
michasia: folds 
NISIY: raises $1.50 to $2.50
kekoccc: folds 
kationur: folds 
Manifestorr: folds 
Uncalled bet ($1.50) returned to NISIY
NISIY collected $2.50 from pot
NISIY: doesn't show hand 
*** SUMMARY ***
Total pot $2.50 | Rake $0 
Seat 1: Manifestorr (big blind) folded before Flop
Seat 2: AlexPinsk1 folded before Flop (didn't bet)
Seat 3: michasia folded before Flop (didn't bet)
Seat 4: NISIY collected ($2.50)
Seat 5: kekoccc (button) folded before Flop (didn't bet)
Seat 6: kationur (small blind) folded before Flop



PokerStars Hand #254214360215:  Hold'em No Limit ($0.50/$1.00 USD) - 2025/01/05 19:37:36 WET [2025/01/05 14:37:36 ET]
Table 'Srbija II' 6-max Seat #6 is the button
Seat 1: Manifestorr ($101 in chips) 
Seat 2: AlexPinsk1 ($100 in chips) 
Seat 3: michasia ($100 in chips) 
Seat 4: NISIY ($103 in chips) 
Seat 5: kekoccc ($100 in chips) 
Seat 6: kationur ($85.50 in chips) 
Manifestorr: posts small blind $0.50
AlexPinsk1: posts big blind $1
*** HOLE CARDS ***
michasia: folds 
NISIY: raises $1.50 to $2.50
kekoccc: raises $5 to $7.50
kationur: folds 
Manifestorr: folds 
AlexPinsk1: folds 
NISIY: folds 
Uncalled bet ($5) returned to kekoccc
kekoccc collected $6.50 from pot
kekoccc: doesn't show hand 
*** SUMMARY ***
Total pot $6.50 | Rake $0 
Seat 1: Manifestorr (small blind) folded before Flop
Seat 2: AlexPinsk1 (big blind) folded before Flop
Seat 3: michasia folded before Flop (didn't bet)
Seat 4: NISIY folded before Flop
Seat 5: kekoccc collected ($6.50)
Seat 6: kationur (button) folded before Flop (didn't bet)



PokerStars Hand #254214371831:  Hold'em No Limit ($0.50/$1.00 USD) - 2025/01/05 19:38:04 WET [2025/01/05 14:38:04 ET]
Table 'Srbija II' 6-max Seat #1 is the button
Seat 1: Manifestorr ($100.50 in chips) 
Seat 2: AlexPinsk1 ($100 in chips) 
Seat 3: michasia ($100 in chips) 
Seat 4: NISIY ($100.50 in chips) 
Seat 5: kekoccc ($104 in chips) 
Seat 6: kationur ($85.50 in chips) 
AlexPinsk1: posts small blind $0.50
michasia: posts big blind $1
*** HOLE CARDS ***
NISIY: folds 
kekoccc: folds 
kationur: calls $1
Manifestorr: folds 
AlexPinsk1: folds 
michasia: checks 
*** FLOP *** [Qc Kc 5s]
michasia: checks 
kationur: checks 
*** TURN *** [Qc Kc 5s] [3d]
michasia: checks 
kationur: checks 
*** RIVER *** [Qc Kc 5s 3d] [7h]
michasia: checks 
kationur: checks 
*** SHOW DOWN ***
michasia: shows [7d 8s] (a pair of Sevens)
kationur: shows [7s Tc] (a pair of Sevens - King+Queen+Ten kicker)
kationur collected $2.38 from pot
*** SUMMARY ***
Total pot $2.50 | Rake $0.12 
Board [Qc Kc 5s 3d 7h]
Seat 1: Manifestorr (button) folded before Flop (didn't bet)
Seat 2: AlexPinsk1 (small blind) folded before Flop
Seat 3: michasia (big blind) showed [7d 8s] and lost with a pair of Sevens
Seat 4: NISIY folded before Flop (didn't bet)
Seat 5: kekoccc folded before Flop (didn't bet)
Seat 6: kationur showed [7s Tc] and won ($2.38) with a pair of Sevens



PokerStars Hand #254214395727:  Hold'em No Limit ($0.50/$1.00 USD) - 2025/01/05 19:39:02 WET [2025/01/05 14:39:02 ET]
Table 'Srbija II' 6-max Seat #2 is the button
Seat 1: Manifestorr ($100.50 in chips) 
Seat 2: AlexPinsk1 ($100 in chips) 
Seat 3: michasia ($100 in chips) 
Seat 4: NISIY ($100.50 in chips) 
Seat 5: kekoccc ($104 in chips) 
Seat 6: kationur ($86.88 in chips) 
michasia: posts small blind $0.50
NISIY: posts big blind $1
*** HOLE CARDS ***
kekoccc: folds 
kationur: folds 
Manifestorr: folds 
AlexPinsk1: raises $1.50 to $2.50
michasia: folds 
NISIY: folds 
Uncalled bet ($1.50) returned to AlexPinsk1
AlexPinsk1 collected $2.50 from pot
AlexPinsk1: doesn't show hand 
*** SUMMARY ***
Total pot $2.50 | Rake $0 
Seat 1: Manifestorr folded before Flop (didn't bet)
Seat 2: AlexPinsk1 (button) collected ($2.50)
Seat 3: michasia (small blind) folded before Flop
Seat 4: NISIY (big blind) folded before Flop
Seat 5: kekoccc folded before Flop (didn't bet)
Seat 6: kationur folded before Flop (didn't bet)



PokerStars Hand #254214401158:  Hold'em No Limit ($0.50/$1.00 USD) - 2025/01/05 19:39:15 WET [2025/01/05 14:39:15 ET]
Table 'Srbija II' 6-max Seat #3 is the button
Seat 1: Manifestorr ($100.50 in chips) 
Seat 2: AlexPinsk1 ($101.50 in chips) 
Seat 3: michasia ($100 in chips) 
Seat 4: NISIY ($100 in chips) 
Seat 5: kekoccc ($104 in chips) 
Seat 6: kationur ($86.88 in chips) 
NISIY: posts small blind $0.50
kekoccc: posts big blind $1
*** HOLE CARDS ***
kationur: calls $1
Manifestorr: folds 
AlexPinsk1: folds 
michasia: raises $2.50 to $3.50
NISIY: folds 
kekoccc: folds 
kationur: calls $2.50
*** FLOP *** [3s 3d Js]
kationur: checks 
michasia: bets $2.67
kationur: folds 
Uncalled bet ($2.67) returned to michasia
michasia collected $8.08 from pot
michasia: doesn't show hand 
*** SUMMARY ***
Total pot $8.50 | Rake $0.42 
Board [3s 3d Js]
Seat 1: Manifestorr folded before Flop (didn't bet)
Seat 2: AlexPinsk1 folded before Flop (didn't bet)
Seat 3: michasia (button) collected ($8.08)
Seat 4: NISIY (small blind) folded before Flop
Seat 5: kekoccc (big blind) folded before Flop
Seat 6: kationur folded on the Flop



PokerStars Hand #254214422294:  Hold'em No Limit ($0.50/$1.00 USD) - 2025/01/05 19:40:05 WET [2025/01/05 14:40:05 ET]
Table 'Srbija II' 6-max Seat #4 is the button
Seat 1: Manifestorr ($100.50 in chips) 
Seat 2: AlexPinsk1 ($101.50 in chips) 
Seat 3: michasia ($104.58 in chips) 
Seat 4: NISIY ($100 in chips) 
Seat 5: kekoccc ($103 in chips) 
Seat 6: kationur ($83.38 in chips) 
kekoccc: posts small blind $0.50
kationur: posts big blind $1
*** HOLE CARDS ***
Manifestorr: folds 
AlexPinsk1: folds 
michasia: raises $1.80 to $2.80
NISIY: folds 
kekoccc: folds 
kationur: folds 
Uncalled bet ($1.80) returned to michasia
michasia collected $2.50 from pot
michasia: doesn't show hand 
*** SUMMARY ***
Total pot $2.50 | Rake $0 
Seat 1: Manifestorr folded before Flop (didn't bet)
Seat 2: AlexPinsk1 folded before Flop (didn't bet)
Seat 3: michasia collected ($2.50)
Seat 4: NISIY (button) folded before Flop (didn't bet)
Seat 5: kekoccc (small blind) folded before Flop
Seat 6: kationur (big blind) folded before Flop



PokerStars Hand #254214428451:  Hold'em No Limit ($0.50/$1.00 USD) - 2025/01/05 19:40:20 WET [2025/01/05 14:40:20 ET]
Table 'Srbija II' 6-max Seat #5 is the button
Seat 1: Manifestorr ($100.50 in chips) 
Seat 2: AlexPinsk1 ($101.50 in chips) 
Seat 3: michasia ($106.08 in chips) 
Seat 4: NISIY ($100 in chips) 
Seat 5: kekoccc ($102.50 in chips) 
Seat 6: kationur ($82.38 in chips) 
kationur: posts small blind $0.50
Manifestorr: posts big blind $1
*** HOLE CARDS ***
AlexPinsk1: folds 
michasia: folds 
NISIY: folds 
kekoccc: raises $1.50 to $2.50
kationur: raises $4.50 to $7
Manifestorr: folds 
kekoccc: folds 
Uncalled bet ($4.50) returned to kationur
kationur collected $6 from pot
*** SUMMARY ***
Total pot $6 | Rake $0 
Seat 1: Manifestorr (big blind) folded before Flop
Seat 2: AlexPinsk1 folded before Flop (didn't bet)
Seat 3: michasia folded before Flop (didn't bet)
Seat 4: NISIY folded before Flop (didn't bet)
Seat 5: kekoccc (button) folded before Flop
Seat 6: kationur (small blind) collected ($6)



PokerStars Hand #254214438102:  Hold'em No Limit ($0.50/$1.00 USD) - 2025/01/05 19:40:43 WET [2025/01/05 14:40:43 ET]
Table 'Srbija II' 6-max Seat #6 is the button
Seat 1: Manifestorr ($100 in chips) 
Seat 2: AlexPinsk1 ($101.50 in chips) 
Seat 3: michasia ($106.08 in chips) 
Seat 4: NISIY ($100 in chips) 
Seat 5: kekoccc ($100 in chips) 
Seat 6: kationur ($85.88 in chips) 
Manifestorr: posts small blind $0.50
AlexPinsk1: posts big blind $1
*** HOLE CARDS ***
michasia: folds 
NISIY: folds 
kekoccc: folds 
kationur: folds 
Manifestorr: raises $2 to $3
AlexPinsk1: folds 
Uncalled bet ($2) returned to Manifestorr
Manifestorr collected $2 from pot
*** SUMMARY ***
Total pot $2 | Rake $0 
Seat 1: Manifestorr (small blind) collected ($2)
Seat 2: AlexPinsk1 (big blind) folded before Flop
Seat 3: michasia folded before Flop (didn't bet)
Seat 4: NISIY folded before Flop (didn't bet)
Seat 5: kekoccc folded before Flop (didn't bet)
Seat 6: kationur (button) folded before Flop (didn't bet)



PokerStars Hand #254214444464:  Hold'em No Limit ($0.50/$1.00 USD) - 2025/01/05 19:40:58 WET [2025/01/05 14:40:58 ET]
Table 'Srbija II' 6-max Seat #1 is the button
Seat 1: Manifestorr ($101 in chips) 
Seat 2: AlexPinsk1 ($100.50 in chips) 
Seat 3: michasia ($106.08 in chips) 
Seat 4: NISIY ($100 in chips) 
Seat 5: kekoccc ($100 in chips) 
Seat 6: kationur ($85.88 in chips) 
AlexPinsk1: posts small blind $0.50
michasia: posts big blind $1
*** HOLE CARDS ***
NISIY: folds 
kekoccc: folds 
kationur: raises $4 to $5
Manifestorr: folds 
AlexPinsk1: folds 
michasia: folds 
Uncalled bet ($4) returned to kationur
kationur collected $2.50 from pot
*** SUMMARY ***
Total pot $2.50 | Rake $0 
Seat 1: Manifestorr (button) folded before Flop (didn't bet)
Seat 2: AlexPinsk1 (small blind) folded before Flop
Seat 3: michasia (big blind) folded before Flop
Seat 4: NISIY folded before Flop (didn't bet)
Seat 5: kekoccc folded before Flop (didn't bet)
Seat 6: kationur collected ($2.50)



PokerStars Hand #254214451378:  Hold'em No Limit ($0.50/$1.00 USD) - 2025/01/05 19:41:15 WET [2025/01/05 14:41:15 ET]
Table 'Srbija II' 6-max Seat #2 is the button
Seat 1: Manifestorr ($101 in chips) 
Seat 2: AlexPinsk1 ($100 in chips) 
Seat 3: michasia ($105.08 in chips) 
Seat 4: NISIY ($100 in chips) 
Seat 5: kekoccc ($100 in chips) 
Seat 6: kationur ($87.38 in chips) 
michasia: posts small blind $0.50
NISIY: posts big blind $1
*** HOLE CARDS ***
kekoccc: folds 
kationur: folds 
kationur leaves the table
Manifestorr: folds 
AlexPinsk1: raises $1.50 to $2.50
michasia: folds 
sta$igk joins the table at seat #6 
NISIY: raises $9.50 to $12
AlexPinsk1: folds 
Uncalled bet ($9.50) returned to NISIY
NISIY collected $5.50 from pot
NISIY: doesn't show hand 
*** SUMMARY ***
Total pot $5.50 | Rake $0 
Seat 1: Manifestorr folded before Flop (didn't bet)
Seat 2: AlexPinsk1 (button) folded before Flop
Seat 3: michasia (small blind) folded before Flop
Seat 4: NISIY (big blind) collected ($5.50)
Seat 5: kekoccc folded before Flop (didn't bet)
Seat 6: kationur folded before Flop (didn't bet)



PokerStars Hand #254214462407:  Hold'em No Limit ($0.50/$1.00 USD) - 2025/01/05 19:41:41 WET [2025/01/05 14:41:41 ET]
Table 'Srbija II' 6-max Seat #3 is the button
Seat 5: kekoccc ($100 in chips) is sitting out
Seat 1: Manifestorr ($101 in chips) 
Seat 2: AlexPinsk1 ($100 in chips) 
Seat 3: michasia ($104.58 in chips) 
Seat 4: NISIY ($103 in chips) 
Seat 6: sta$igk ($100 in chips) 
NISIY: posts small blind $0.50
kekoccc: is sitting out 
sta$igk: posts big blind $1
*** HOLE CARDS ***
Manifestorr: folds 
kekoccc leaves the table
AlexPinsk1: folds 
michasia: raises $1.80 to $2.80
NISIY: raises $9.20 to $12
sta$igk: folds 
michasia: folds 
Uncalled bet ($9.20) returned to NISIY
NISIY collected $6.60 from pot
NISIY: doesn't show hand 
*** SUMMARY ***
Total pot $6.60 | Rake $0 
Seat 5: kekoccc
Seat 1: Manifestorr folded before Flop (didn't bet)
Seat 2: AlexPinsk1 folded before Flop (didn't bet)
Seat 3: michasia (button) folded before Flop
Seat 4: NISIY (small blind) collected ($6.60)
Seat 6: sta$igk (big blind) folded before Flop



PokerStars Hand #254215005695:  Hold'em No Limit ($0.50/$1.00 USD) - 2025/01/05 20:06:19 WET [2025/01/05 15:06:19 ET]
Table 'Srbija II' 6-max Seat #3 is the button
Seat 1: yzuk ($100 in chips) is sitting out
Seat 2: getjet1952 ($104.77 in chips) 
Seat 3: DEraser ($53.50 in chips) 
Seat 4: Manifestorr ($101.50 in chips) 
Seat 5: illarins ($100 in chips) 
Seat 6: blistein ($100 in chips) 
Manifestorr: posts small blind $0.50
illarins: posts big blind $1
yzuk: sits out 
*** HOLE CARDS ***
blistein: folds 
blistein leaves the table
getjet1952: folds 
DEraser: folds 
Manifestorr: folds 
Uncalled bet ($0.50) returned to illarins
illarins collected $1 from pot
illarins: doesn't show hand 
*** SUMMARY ***
Total pot $1 | Rake $0 
Seat 1: yzuk
Seat 2: getjet1952 folded before Flop (didn't bet)
Seat 3: DEraser (button) folded before Flop (didn't bet)
Seat 4: Manifestorr (small blind) folded before Flop
Seat 5: illarins (big blind) collected ($1)
Seat 6: blistein folded before Flop (didn't bet)



PokerStars Hand #254215010128:  Hold'em No Limit ($0.50/$1.00 USD) - 2025/01/05 20:06:29 WET [2025/01/05 15:06:29 ET]
Table 'Srbija II' 6-max Seat #4 is the button
Seat 1: yzuk ($100 in chips) 
Seat 2: getjet1952 ($104.77 in chips) 
Seat 3: DEraser ($53.50 in chips) 
Seat 4: Manifestorr ($101 in chips) 
Seat 5: illarins ($100.50 in chips) 
illarins: posts small blind $0.50
yzuk: posts big blind $1
*** HOLE CARDS ***
getjet1952: calls $1
DEraser: folds 
Manifestorr: raises $3 to $4
illarins: folds 
yzuk: folds 
getjet1952: folds 
Uncalled bet ($3) returned to Manifestorr
Manifestorr collected $3.50 from pot
*** SUMMARY ***
Total pot $3.50 | Rake $0 
Seat 1: yzuk (big blind) folded before Flop
Seat 2: getjet1952 folded before Flop
Seat 3: DEraser folded before Flop (didn't bet)
Seat 4: Manifestorr (button) collected ($3.50)
Seat 5: illarins (small blind) folded before Flop



PokerStars Hand #254215016900:  Hold'em No Limit ($0.50/$1.00 USD) - 2025/01/05 20:06:45 WET [2025/01/05 15:06:45 ET]
Table 'Srbija II' 6-max Seat #5 is the button
Seat 1: yzuk ($100 in chips) 
Seat 2: getjet1952 ($103.77 in chips) 
Seat 3: DEraser ($53.50 in chips) 
Seat 4: Manifestorr ($103.50 in chips) 
Seat 5: illarins ($100 in chips) 
yzuk: posts small blind $0.50
getjet1952: posts big blind $1
*** HOLE CARDS ***
NISIY joins the table at seat #6 
DEraser: folds 
Manifestorr: folds 
illarins: folds 
yzuk: folds 
Uncalled bet ($0.50) returned to getjet1952
getjet1952 collected $1 from pot
getjet1952: doesn't show hand 
*** SUMMARY ***
Total pot $1 | Rake $0 
Seat 1: yzuk (small blind) folded before Flop
Seat 2: getjet1952 (big blind) collected ($1)
Seat 3: DEraser folded before Flop (didn't bet)
Seat 4: Manifestorr folded before Flop (didn't bet)
Seat 5: illarins (button) folded before Flop (didn't bet)



PokerStars Hand #254215020822:  Hold'em No Limit ($0.50/$1.00 USD) - 2025/01/05 20:06:54 WET [2025/01/05 15:06:54 ET]
Table 'Srbija II' 6-max Seat #1 is the button
Seat 6: NISIY ($106.80 in chips) is sitting out
Seat 1: yzuk ($100 in chips) 
Seat 2: getjet1952 ($104.27 in chips) 
Seat 3: DEraser ($53.50 in chips) 
Seat 4: Manifestorr ($103.50 in chips) 
Seat 5: illarins ($100 in chips) 
getjet1952: posts small blind $0.50
DEraser: posts big blind $1
NISIY: sits out 
*** HOLE CARDS ***
Manifestorr: folds 
illarins: raises $1.50 to $2.50
yzuk: folds 
getjet1952: folds 
DEraser: folds 
Uncalled bet ($1.50) returned to illarins
illarins collected $2.50 from pot
illarins: doesn't show hand 
*** SUMMARY ***
Total pot $2.50 | Rake $0 
Seat 6: NISIY
Seat 1: yzuk (button) folded before Flop (didn't bet)
Seat 2: getjet1952 (small blind) folded before Flop
Seat 3: DEraser (big blind) folded before Flop
Seat 4: Manifestorr folded before Flop (didn't bet)
Seat 5: illarins collected ($2.50)



PokerStars Hand #254215027432:  Hold'em No Limit ($0.50/$1.00 USD) - 2025/01/05 20:07:09 WET [2025/01/05 15:07:09 ET]
Table 'Srbija II' 6-max Seat #2 is the button
Seat 6: NISIY ($106.80 in chips) is sitting out
Seat 1: yzuk ($100 in chips) 
Seat 2: getjet1952 ($103.77 in chips) 
Seat 3: DEraser ($52.50 in chips) 
Seat 4: Manifestorr ($103.50 in chips) 
Seat 5: illarins ($101.50 in chips) 
DEraser: posts small blind $0.50
Manifestorr: posts big blind $1
NISIY: sits out 
*** HOLE CARDS ***
illarins: raises $1.50 to $2.50
yzuk: folds 
getjet1952: folds 
DEraser: folds 
Manifestorr: folds 
Uncalled bet ($1.50) returned to illarins
illarins collected $2.50 from pot
illarins: doesn't show hand 
*** SUMMARY ***
Total pot $2.50 | Rake $0 
Seat 6: NISIY
Seat 1: yzuk folded before Flop (didn't bet)
Seat 2: getjet1952 (button) folded before Flop (didn't bet)
Seat 3: DEraser (small blind) folded before Flop
Seat 4: Manifestorr (big blind) folded before Flop
Seat 5: illarins collected ($2.50)



PokerStars Hand #254215035272:  Hold'em No Limit ($0.50/$1.00 USD) - 2025/01/05 20:07:28 WET [2025/01/05 15:07:28 ET]
Table 'Srbija II' 6-max Seat #3 is the button
Seat 6: NISIY ($106.80 in chips) is sitting out
Seat 1: yzuk ($100 in chips) 
Seat 2: getjet1952 ($103.77 in chips) 
Seat 3: DEraser ($52 in chips) 
Seat 4: Manifestorr ($102.50 in chips) 
Seat 5: illarins ($103 in chips) 
Manifestorr: posts small blind $0.50
illarins: posts big blind $1
NISIY: sits out 
*** HOLE CARDS ***
yzuk: folds 
getjet1952: calls $1
DEraser: folds 
Manifestorr: folds 
illarins: raises $3.50 to $4.50
getjet1952: folds 
Uncalled bet ($3.50) returned to illarins
illarins collected $2.50 from pot
illarins: doesn't show hand 
*** SUMMARY ***
Total pot $2.50 | Rake $0 
Seat 6: NISIY
Seat 1: yzuk folded before Flop (didn't bet)
Seat 2: getjet1952 folded before Flop
Seat 3: DEraser (button) folded before Flop (didn't bet)
Seat 4: Manifestorr (small blind) folded before Flop
Seat 5: illarins (big blind) collected ($2.50)



PokerStars Hand #254215044761:  Hold'em No Limit ($0.50/$1.00 USD) - 2025/01/05 20:07:49 WET [2025/01/05 15:07:49 ET]
Table 'Srbija II' 6-max Seat #4 is the button
Seat 1: yzuk ($100 in chips) 
Seat 2: getjet1952 ($102.77 in chips) 
Seat 3: DEraser ($52 in chips) 
Seat 4: Manifestorr ($102 in chips) 
Seat 5: illarins ($104.50 in chips) 
Seat 6: NISIY ($106.80 in chips) 
illarins: posts small blind $0.50
NISIY: posts big blind $1
*** HOLE CARDS ***
yzuk: folds 
getjet1952: folds 
DEraser: folds 
Manifestorr: raises $1.20 to $2.20
illarins: folds 
NISIY: folds 
Uncalled bet ($1.20) returned to Manifestorr
Manifestorr collected $2.50 from pot
*** SUMMARY ***
Total pot $2.50 | Rake $0 
Seat 1: yzuk folded before Flop (didn't bet)
Seat 2: getjet1952 folded before Flop (didn't bet)
Seat 3: DEraser folded before Flop (didn't bet)
Seat 4: Manifestorr (button) collected ($2.50)
Seat 5: illarins (small blind) folded before Flop
Seat 6: NISIY (big blind) folded before Flop



PokerStars Hand #254215050468:  Hold'em No Limit ($0.50/$1.00 USD) - 2025/01/05 20:08:02 WET [2025/01/05 15:08:02 ET]
Table 'Srbija II' 6-max Seat #5 is the button
Seat 1: yzuk ($100 in chips) 
Seat 2: getjet1952 ($102.77 in chips) 
Seat 3: DEraser ($52 in chips) 
Seat 4: Manifestorr ($103.50 in chips) 
Seat 5: illarins ($104 in chips) 
Seat 6: NISIY ($105.80 in chips) 
NISIY: posts small blind $0.50
yzuk: posts big blind $1
*** HOLE CARDS ***
getjet1952: calls $1
DEraser: folds 
Manifestorr: raises $3 to $4
illarins: folds 
NISIY: folds 
yzuk: folds 
getjet1952: calls $3
*** FLOP *** [5d As 2c]
getjet1952: bets $4.51
Manifestorr: folds 
Uncalled bet ($4.51) returned to getjet1952
getjet1952 collected $9.02 from pot
getjet1952: doesn't show hand 
*** SUMMARY ***
Total pot $9.50 | Rake $0.48 
Board [5d As 2c]
Seat 1: yzuk (big blind) folded before Flop
Seat 2: getjet1952 collected ($9.02)
Seat 3: DEraser folded before Flop (didn't bet)
Seat 4: Manifestorr folded on the Flop
Seat 5: illarins (button) folded before Flop (didn't bet)
Seat 6: NISIY (small blind) folded before Flop



PokerStars Hand #254215059975:  Hold'em No Limit ($0.50/$1.00 USD) - 2025/01/05 20:08:24 WET [2025/01/05 15:08:24 ET]
Table 'Srbija II' 6-max Seat #6 is the button
Seat 1: yzuk ($100 in chips) 
Seat 2: getjet1952 ($107.79 in chips) 
Seat 3: DEraser ($52 in chips) 
Seat 4: Manifestorr ($100 in chips) 
Seat 5: illarins ($104 in chips) 
Seat 6: NISIY ($105.30 in chips) 
yzuk: posts small blind $0.50
getjet1952: posts big blind $1
*** HOLE CARDS ***
DEraser: raises $1.50 to $2.50
Manifestorr: folds 
illarins: folds 
NISIY: folds 
yzuk: folds 
getjet1952: raises $5.50 to $8
DEraser: folds 
Uncalled bet ($5.50) returned to getjet1952
getjet1952 collected $5.50 from pot
getjet1952: doesn't show hand 
*** SUMMARY ***
Total pot $5.50 | Rake $0 
Seat 1: yzuk (small blind) folded before Flop
Seat 2: getjet1952 (big blind) collected ($5.50)
Seat 3: DEraser folded before Flop
Seat 4: Manifestorr folded before Flop (didn't bet)
Seat 5: illarins folded before Flop (didn't bet)
Seat 6: NISIY (button) folded before Flop (didn't bet)



PokerStars Hand #254215070371:  Hold'em No Limit ($0.50/$1.00 USD) - 2025/01/05 20:08:48 WET [2025/01/05 15:08:48 ET]
Table 'Srbija II' 6-max Seat #1 is the button
Seat 1: yzuk ($100 in chips) 
Seat 2: getjet1952 ($110.79 in chips) 
Seat 3: DEraser ($49.50 in chips) 
Seat 4: Manifestorr ($100 in chips) 
Seat 5: illarins ($104 in chips) 
Seat 6: NISIY ($105.30 in chips) 
getjet1952: posts small blind $0.50
DEraser: posts big blind $1
*** HOLE CARDS ***
Manifestorr: raises $1.20 to $2.20
illarins: folds 
NISIY: folds 
yzuk: folds 
getjet1952: calls $1.70
DEraser: folds 
*** FLOP *** [5h Qd Jh]
getjet1952: bets $2.57
Manifestorr: calls $2.57
*** TURN *** [5h Qd Jh] [Kd]
getjet1952: checks 
Manifestorr: bets $14.01
getjet1952: calls $14.01
*** RIVER *** [5h Qd Jh Kd] [7s]
getjet1952: checks 
Manifestorr: checks 
*** SHOW DOWN ***
getjet1952: shows [9c Qh] (a pair of Queens)
Manifestorr: mucks hand 
getjet1952 collected $36.63 from pot
*** SUMMARY ***
Total pot $38.56 | Rake $1.93 
Board [5h Qd Jh Kd 7s]
Seat 1: yzuk (button) folded before Flop (didn't bet)
Seat 2: getjet1952 (small blind) showed [9c Qh] and won ($36.63) with a pair of Queens
Seat 3: DEraser (big blind) folded before Flop
Seat 4: Manifestorr mucked
Seat 5: illarins folded before Flop (didn't bet)
Seat 6: NISIY folded before Flop (didn't bet)



PokerStars Hand #254215085945:  Hold'em No Limit ($0.50/$1.00 USD) - 2025/01/05 20:09:24 WET [2025/01/05 15:09:24 ET]
Table 'Srbija II' 6-max Seat #2 is the button
Seat 1: yzuk ($100 in chips) 
Seat 2: getjet1952 ($128.64 in chips) 
Seat 3: DEraser ($48.50 in chips) 
Seat 4: Manifestorr ($100 in chips) 
Seat 5: illarins ($104 in chips) 
Seat 6: NISIY ($105.30 in chips) 
DEraser: posts small blind $0.50
Manifestorr: posts big blind $1
*** HOLE CARDS ***
illarins: folds 
NISIY: folds 
yzuk: raises $1.50 to $2.50
getjet1952: folds 
DEraser: folds 
Manifestorr: folds 
Uncalled bet ($1.50) returned to yzuk
yzuk collected $2.50 from pot
yzuk: doesn't show hand 
*** SUMMARY ***
Total pot $2.50 | Rake $0 
Seat 1: yzuk collected ($2.50)
Seat 2: getjet1952 (button) folded before Flop (didn't bet)
Seat 3: DEraser (small blind) folded before Flop
Seat 4: Manifestorr (big blind) folded before Flop
Seat 5: illarins folded before Flop (didn't bet)
Seat 6: NISIY folded before Flop (didn't bet)



PokerStars Hand #254215091873:  Hold'em No Limit ($0.50/$1.00 USD) - 2025/01/05 20:09:38 WET [2025/01/05 15:09:38 ET]
Table 'Srbija II' 6-max Seat #3 is the button
Seat 1: yzuk ($101.50 in chips) 
Seat 2: getjet1952 ($128.64 in chips) 
Seat 3: DEraser ($48 in chips) 
Seat 4: Manifestorr ($100 in chips) 
Seat 5: illarins ($104 in chips) 
Seat 6: NISIY ($105.30 in chips) 
Manifestorr: posts small blind $0.50
illarins: posts big blind $1
*** HOLE CARDS ***
NISIY: folds 
yzuk: folds 
getjet1952: folds 
DEraser: folds 
Manifestorr: folds 
Uncalled bet ($0.50) returned to illarins
illarins collected $1 from pot
illarins: doesn't show hand 
*** SUMMARY ***
Total pot $1 | Rake $0 
Seat 1: yzuk folded before Flop (didn't bet)
Seat 2: getjet1952 folded before Flop (didn't bet)
Seat 3: DEraser (button) folded before Flop (didn't bet)
Seat 4: Manifestorr (small blind) folded before Flop
Seat 5: illarins (big blind) collected ($1)
Seat 6: NISIY folded before Flop (didn't bet)



PokerStars Hand #254215095530:  Hold'em No Limit ($0.50/$1.00 USD) - 2025/01/05 20:09:46 WET [2025/01/05 15:09:46 ET]
Table 'Srbija II' 6-max Seat #4 is the button
Seat 1: yzuk ($101.50 in chips) 
Seat 2: getjet1952 ($128.64 in chips) 
Seat 3: DEraser ($48 in chips) 
Seat 4: Manifestorr ($100 in chips) 
Seat 5: illarins ($104.50 in chips) 
Seat 6: NISIY ($105.30 in chips) 
illarins: posts small blind $0.50
NISIY: posts big blind $1
*** HOLE CARDS ***
yzuk: folds 
getjet1952: folds 
DEraser: folds 
Manifestorr: folds 
illarins: folds 
Uncalled bet ($0.50) returned to NISIY
NISIY collected $1 from pot
NISIY: doesn't show hand 
*** SUMMARY ***
Total pot $1 | Rake $0 
Seat 1: yzuk folded before Flop (didn't bet)
Seat 2: getjet1952 folded before Flop (didn't bet)
Seat 3: DEraser folded before Flop (didn't bet)
Seat 4: Manifestorr (button) folded before Flop (didn't bet)
Seat 5: illarins (small blind) folded before Flop
Seat 6: NISIY (big blind) collected ($1)



PokerStars Hand #254215102259:  Hold'em No Limit ($0.50/$1.00 USD) - 2025/01/05 20:10:02 WET [2025/01/05 15:10:02 ET]
Table 'Srbija II' 6-max Seat #5 is the button
Seat 1: yzuk ($101.50 in chips) 
Seat 2: getjet1952 ($128.64 in chips) 
Seat 3: DEraser ($48 in chips) 
Seat 4: Manifestorr ($100 in chips) 
Seat 5: illarins ($104 in chips) 
Seat 6: NISIY ($105.80 in chips) 
NISIY: posts small blind $0.50
yzuk: posts big blind $1
*** HOLE CARDS ***
getjet1952: folds 
DEraser: raises $1.50 to $2.50
Manifestorr: folds 
illarins: folds 
NISIY: folds 
yzuk: folds 
Uncalled bet ($1.50) returned to DEraser
DEraser collected $2.50 from pot
DEraser: doesn't show hand 
*** SUMMARY ***
Total pot $2.50 | Rake $0 
Seat 1: yzuk (big blind) folded before Flop
Seat 2: getjet1952 folded before Flop (didn't bet)
Seat 3: DEraser collected ($2.50)
Seat 4: Manifestorr folded before Flop (didn't bet)
Seat 5: illarins (button) folded before Flop (didn't bet)
Seat 6: NISIY (small blind) folded before Flop



PokerStars Hand #254215108253:  Hold'em No Limit ($0.50/$1.00 USD) - 2025/01/05 20:10:16 WET [2025/01/05 15:10:16 ET]
Table 'Srbija II' 6-max Seat #6 is the button
Seat 1: yzuk ($100.50 in chips) 
Seat 2: getjet1952 ($128.64 in chips) 
Seat 3: DEraser ($49.50 in chips) 
Seat 4: Manifestorr ($100 in chips) 
Seat 5: illarins ($104 in chips) 
Seat 6: NISIY ($105.30 in chips) 
yzuk: posts small blind $0.50
getjet1952: posts big blind $1
*** HOLE CARDS ***
DEraser: raises $1.50 to $2.50
Manifestorr: folds 
illarins: folds 
NISIY: folds 
yzuk: folds 
getjet1952: folds 
Uncalled bet ($1.50) returned to DEraser
DEraser collected $2.50 from pot
DEraser: doesn't show hand 
*** SUMMARY ***
Total pot $2.50 | Rake $0 
Seat 1: yzuk (small blind) folded before Flop
Seat 2: getjet1952 (big blind) folded before Flop
Seat 3: DEraser collected ($2.50)
Seat 4: Manifestorr folded before Flop (didn't bet)
Seat 5: illarins folded before Flop (didn't bet)
Seat 6: NISIY (button) folded before Flop (didn't bet)



PokerStars Hand #254215114556:  Hold'em No Limit ($0.50/$1.00 USD) - 2025/01/05 20:10:30 WET [2025/01/05 15:10:30 ET]
Table 'Srbija II' 6-max Seat #1 is the button
Seat 1: yzuk ($100 in chips) 
Seat 2: getjet1952 ($127.64 in chips) 
Seat 3: DEraser ($51 in chips) 
Seat 4: Manifestorr ($100 in chips) 
Seat 5: illarins ($104 in chips) 
Seat 6: NISIY ($105.30 in chips) 
getjet1952: posts small blind $0.50
DEraser: posts big blind $1
*** HOLE CARDS ***
Manifestorr: folds 
illarins: raises $1.50 to $2.50
NISIY: folds 
yzuk: folds 
getjet1952: raises $6 to $8.50
DEraser: folds 
illarins: calls $6
*** FLOP *** [7h Th 3s]
getjet1952: bets $8.55
illarins: calls $8.55
*** TURN *** [7h Th 3s] [Qc]
getjet1952: checks 
illarins: checks 
*** RIVER *** [7h Th 3s Qc] [Ad]
getjet1952: checks 
illarins: checks 
*** SHOW DOWN ***
getjet1952: shows [Jc Jh] (a pair of Jacks)
illarins: mucks hand 
getjet1952 collected $33.34 from pot
*** SUMMARY ***
Total pot $35.10 | Rake $1.76 
Board [7h Th 3s Qc Ad]
Seat 1: yzuk (button) folded before Flop (didn't bet)
Seat 2: getjet1952 (small blind) showed [Jc Jh] and won ($33.34) with a pair of Jacks
Seat 3: DEraser (big blind) folded before Flop
Seat 4: Manifestorr folded before Flop (didn't bet)
Seat 5: illarins mucked
Seat 6: NISIY folded before Flop (didn't bet)



PokerStars Hand #254215137006:  Hold'em No Limit ($0.50/$1.00 USD) - 2025/01/05 20:11:21 WET [2025/01/05 15:11:21 ET]
Table 'Srbija II' 6-max Seat #2 is the button
Seat 1: yzuk ($100 in chips) 
Seat 2: getjet1952 ($143.93 in chips) 
Seat 3: DEraser ($50 in chips) 
Seat 4: Manifestorr ($100 in chips) 
Seat 5: illarins ($100 in chips) 
Seat 6: NISIY ($105.30 in chips) 
DEraser: posts small blind $0.50
Manifestorr: posts big blind $1
*** HOLE CARDS ***
illarins: folds 
NISIY: folds 
yzuk: raises $1.50 to $2.50
getjet1952: folds 
DEraser: folds 
Manifestorr: calls $1.50
*** FLOP *** [9h Tc 3c]
Manifestorr: checks 
yzuk: checks 
*** TURN *** [9h Tc 3c] [3s]
Manifestorr: bets $1.72
yzuk: raises $4.42 to $6.14
Manifestorr: folds 
Uncalled bet ($4.42) returned to yzuk
yzuk collected $8.49 from pot
yzuk: doesn't show hand 
*** SUMMARY ***
Total pot $8.94 | Rake $0.45 
Board [9h Tc 3c 3s]
Seat 1: yzuk collected ($8.49)
Seat 2: getjet1952 (button) folded before Flop (didn't bet)
Seat 3: DEraser (small blind) folded before Flop
Seat 4: Manifestorr (big blind) folded on the Turn
Seat 5: illarins folded before Flop (didn't bet)
Seat 6: NISIY folded before Flop (didn't bet)



PokerStars Hand #254215154748:  Hold'em No Limit ($0.50/$1.00 USD) - 2025/01/05 20:12:02 WET [2025/01/05 15:12:02 ET]
Table 'Srbija II' 6-max Seat #3 is the button
Seat 1: yzuk ($104.27 in chips) 
Seat 2: getjet1952 ($143.93 in chips) 
Seat 3: DEraser ($49.50 in chips) 
Seat 4: Manifestorr ($100 in chips) 
Seat 5: illarins ($100 in chips) 
Seat 6: NISIY ($105.30 in chips) 
Manifestorr: posts small blind $0.50
illarins: posts big blind $1
*** HOLE CARDS ***
NISIY: folds 
yzuk: raises $1.50 to $2.50
getjet1952: folds 
DEraser: folds 
Manifestorr: folds 
illarins: folds 
Uncalled bet ($1.50) returned to yzuk
yzuk collected $2.50 from pot
yzuk: doesn't show hand 
*** SUMMARY ***
Total pot $2.50 | Rake $0 
Seat 1: yzuk collected ($2.50)
Seat 2: getjet1952 folded before Flop (didn't bet)
Seat 3: DEraser (button) folded before Flop (didn't bet)
Seat 4: Manifestorr (small blind) folded before Flop
Seat 5: illarins (big blind) folded before Flop
Seat 6: NISIY folded before Flop (didn't bet)



PokerStars Hand #254215160074:  Hold'em No Limit ($0.50/$1.00 USD) - 2025/01/05 20:12:15 WET [2025/01/05 15:12:15 ET]
Table 'Srbija II' 6-max Seat #4 is the button
Seat 1: yzuk ($105.77 in chips) 
Seat 2: getjet1952 ($143.93 in chips) 
Seat 3: DEraser ($49.50 in chips) 
Seat 4: Manifestorr ($100 in chips) 
Seat 5: illarins ($100 in chips) 
Seat 6: NISIY ($105.30 in chips) 
illarins: posts small blind $0.50
NISIY: posts big blind $1
*** HOLE CARDS ***
yzuk: folds 
getjet1952: calls $1
DEraser: folds 
Manifestorr: folds 
illarins: folds 
NISIY: checks 
*** FLOP *** [Th Jc Ah]
NISIY: checks 
getjet1952: bets $1.19
NISIY: calls $1.19
*** TURN *** [Th Jc Ah] [Kd]
NISIY: checks 
getjet1952: checks 
*** RIVER *** [Th Jc Ah Kd] [4s]
NISIY: checks 
getjet1952: checks 
*** SHOW DOWN ***
NISIY: shows [2s Ad] (a pair of Aces)
getjet1952: shows [As 4c] (two pair, Aces and Fours)
getjet1952 collected $4.64 from pot
*** SUMMARY ***
Total pot $4.88 | Rake $0.24 
Board [Th Jc Ah Kd 4s]
Seat 1: yzuk folded before Flop (didn't bet)
Seat 2: getjet1952 showed [As 4c] and won ($4.64) with two pair, Aces and Fours
Seat 3: DEraser folded before Flop (didn't bet)
Seat 4: Manifestorr (button) folded before Flop (didn't bet)
Seat 5: illarins (small blind) folded before Flop
Seat 6: NISIY (big blind) showed [2s Ad] and lost with a pair of Aces



PokerStars Hand #254215179054:  Hold'em No Limit ($0.50/$1.00 USD) - 2025/01/05 20:12:59 WET [2025/01/05 15:12:59 ET]
Table 'Srbija II' 6-max Seat #5 is the button
Seat 1: yzuk ($105.77 in chips) 
Seat 2: getjet1952 ($146.38 in chips) 
Seat 3: DEraser ($49.50 in chips) 
Seat 4: Manifestorr ($100 in chips) 
Seat 5: illarins ($100 in chips) 
Seat 6: NISIY ($103.11 in chips) 
NISIY: posts small blind $0.50
yzuk: posts big blind $1
*** HOLE CARDS ***
getjet1952: folds 
DEraser: folds 
Manifestorr: folds 
illarins: folds 
NISIY: folds 
Uncalled bet ($0.50) returned to yzuk
yzuk collected $1 from pot
yzuk: doesn't show hand 
*** SUMMARY ***
Total pot $1 | Rake $0 
Seat 1: yzuk (big blind) collected ($1)
Seat 2: getjet1952 folded before Flop (didn't bet)
Seat 3: DEraser folded before Flop (didn't bet)
Seat 4: Manifestorr folded before Flop (didn't bet)
Seat 5: illarins (button) folded before Flop (didn't bet)
Seat 6: NISIY (small blind) folded before Flop



PokerStars Hand #254215183811:  Hold'em No Limit ($0.50/$1.00 USD) - 2025/01/05 20:13:10 WET [2025/01/05 15:13:10 ET]
Table 'Srbija II' 6-max Seat #6 is the button
Seat 1: yzuk ($106.27 in chips) 
Seat 2: getjet1952 ($146.38 in chips) 
Seat 3: DEraser ($49.50 in chips) 
Seat 4: Manifestorr ($100 in chips) 
Seat 5: illarins ($100 in chips) 
Seat 6: NISIY ($102.61 in chips) 
yzuk: posts small blind $0.50
getjet1952: posts big blind $1
*** HOLE CARDS ***
DEraser: folds 
Manifestorr: raises $1.20 to $2.20
illarins: folds 
NISIY: folds 
yzuk: folds 
getjet1952: raises $4.90 to $7.10
Manifestorr: calls $4.90
*** FLOP *** [9c 3s Ah]
getjet1952: checks 
Manifestorr: checks 
*** TURN *** [9c 3s Ah] [Js]
getjet1952: bets $6.98
Manifestorr: calls $6.98
*** RIVER *** [9c 3s Ah Js] [2h]
getjet1952: checks 
Manifestorr: checks 
*** SHOW DOWN ***
getjet1952: shows [Jd Kd] (a pair of Jacks)
Manifestorr: shows [Qc Qh] (a pair of Queens)
Manifestorr collected $27.23 from pot
*** SUMMARY ***
Total pot $28.66 | Rake $1.43 
Board [9c 3s Ah Js 2h]
Seat 1: yzuk (small blind) folded before Flop
Seat 2: getjet1952 (big blind) showed [Jd Kd] and lost with a pair of Jacks
Seat 3: DEraser folded before Flop (didn't bet)
Seat 4: Manifestorr showed [Qc Qh] and won ($27.23) with a pair of Queens
Seat 5: illarins folded before Flop (didn't bet)
Seat 6: NISIY (button) folded before Flop (didn't bet)



PokerStars Hand #254215201931:  Hold'em No Limit ($0.50/$1.00 USD) - 2025/01/05 20:13:52 WET [2025/01/05 15:13:52 ET]
Table 'Srbija II' 6-max Seat #1 is the button
Seat 1: yzuk ($105.77 in chips) 
Seat 2: getjet1952 ($132.30 in chips) 
Seat 3: DEraser ($49.50 in chips) 
Seat 4: Manifestorr ($113.15 in chips) 
Seat 5: illarins ($100 in chips) 
Seat 6: NISIY ($102.61 in chips) 
getjet1952: posts small blind $0.50
DEraser: posts big blind $1
*** HOLE CARDS ***
Manifestorr: raises $1.20 to $2.20
illarins: folds 
NISIY: folds 
yzuk: folds 
getjet1952: calls $1.70
DEraser: folds 
*** FLOP *** [9s Qd Qh]
getjet1952: checks 
Manifestorr: bets $1.69
getjet1952: calls $1.69
*** TURN *** [9s Qd Qh] [8h]
getjet1952: bets $8.34
Manifestorr: folds 
Uncalled bet ($8.34) returned to getjet1952
getjet1952 collected $8.34 from pot
getjet1952: doesn't show hand 
*** SUMMARY ***
Total pot $8.78 | Rake $0.44 
Board [9s Qd Qh 8h]
Seat 1: yzuk (button) folded before Flop (didn't bet)
Seat 2: getjet1952 (small blind) collected ($8.34)
Seat 3: DEraser (big blind) folded before Flop
Seat 4: Manifestorr folded on the Turn
Seat 5: illarins folded before Flop (didn't bet)
Seat 6: NISIY folded before Flop (didn't bet)



PokerStars Hand #254215215935:  Hold'em No Limit ($0.50/$1.00 USD) - 2025/01/05 20:14:25 WET [2025/01/05 15:14:25 ET]
Table 'Srbija II' 6-max Seat #2 is the button
Seat 1: yzuk ($105.77 in chips) 
Seat 2: getjet1952 ($136.75 in chips) 
Seat 3: DEraser ($48.50 in chips) 
Seat 4: Manifestorr ($109.26 in chips) 
Seat 5: illarins ($100 in chips) 
Seat 6: NISIY ($102.61 in chips) 
DEraser: posts small blind $0.50
Manifestorr: posts big blind $1
*** HOLE CARDS ***
illarins: folds 
NISIY: folds 
yzuk: folds 
getjet1952: folds 
DEraser: folds 
Uncalled bet ($0.50) returned to Manifestorr
Manifestorr collected $1 from pot
*** SUMMARY ***
Total pot $1 | Rake $0 
Seat 1: yzuk folded before Flop (didn't bet)
Seat 2: getjet1952 (button) folded before Flop (didn't bet)
Seat 3: DEraser (small blind) folded before Flop
Seat 4: Manifestorr (big blind) collected ($1)
Seat 5: illarins folded before Flop (didn't bet)
Seat 6: NISIY folded before Flop (didn't bet)



PokerStars Hand #254215221662:  Hold'em No Limit ($0.50/$1.00 USD) - 2025/01/05 20:14:38 WET [2025/01/05 15:14:38 ET]
Table 'Srbija II' 6-max Seat #3 is the button
Seat 1: yzuk ($105.77 in chips) 
Seat 2: getjet1952 ($136.75 in chips) 
Seat 3: DEraser ($48 in chips) 
Seat 4: Manifestorr ($109.76 in chips) 
Seat 5: illarins ($100 in chips) 
Seat 6: NISIY ($102.61 in chips) 
Manifestorr: posts small blind $0.50
illarins: posts big blind $1
*** HOLE CARDS ***
NISIY: folds 
yzuk: folds 
getjet1952: calls $1
DEraser: calls $1
Manifestorr: folds 
illarins: checks 
*** FLOP *** [2d 8c 7d]
illarins: checks 
getjet1952: bets $1.66
DEraser: folds 
illarins: folds 
Uncalled bet ($1.66) returned to getjet1952
getjet1952 collected $3.32 from pot
getjet1952: doesn't show hand 
*** SUMMARY ***
Total pot $3.50 | Rake $0.18 
Board [2d 8c 7d]
Seat 1: yzuk folded before Flop (didn't bet)
Seat 2: getjet1952 collected ($3.32)
Seat 3: DEraser (button) folded on the Flop
Seat 4: Manifestorr (small blind) folded before Flop
Seat 5: illarins (big blind) folded on the Flop
Seat 6: NISIY folded before Flop (didn't bet)



PokerStars Hand #254215238474:  Hold'em No Limit ($0.50/$1.00 USD) - 2025/01/05 20:15:17 WET [2025/01/05 15:15:17 ET]
Table 'Srbija II' 6-max Seat #4 is the button
Seat 1: yzuk ($105.77 in chips) 
Seat 2: getjet1952 ($139.07 in chips) 
Seat 3: DEraser ($47 in chips) 
Seat 4: Manifestorr ($109.26 in chips) 
Seat 5: illarins ($100 in chips) 
Seat 6: NISIY ($102.61 in chips) 
illarins: posts small blind $0.50
NISIY: posts big blind $1
*** HOLE CARDS ***
yzuk: raises $1.50 to $2.50
getjet1952: folds 
DEraser: folds 
Manifestorr: folds 
illarins: raises $9.50 to $12
NISIY: folds 
yzuk: folds 
Uncalled bet ($9.50) returned to illarins
illarins collected $6 from pot
illarins: doesn't show hand 
*** SUMMARY ***
Total pot $6 | Rake $0 
Seat 1: yzuk folded before Flop
Seat 2: getjet1952 folded before Flop (didn't bet)
Seat 3: DEraser folded before Flop (didn't bet)
Seat 4: Manifestorr (button) folded before Flop (didn't bet)
Seat 5: illarins (small blind) collected ($6)
Seat 6: NISIY (big blind) folded before Flop



PokerStars Hand #254215246257:  Hold'em No Limit ($0.50/$1.00 USD) - 2025/01/05 20:15:35 WET [2025/01/05 15:15:35 ET]
Table 'Srbija II' 6-max Seat #5 is the button
Seat 1: yzuk ($103.27 in chips) is sitting out
Seat 2: getjet1952 ($139.07 in chips) 
Seat 3: DEraser ($47 in chips) 
Seat 4: Manifestorr ($109.26 in chips) 
Seat 5: illarins ($103.50 in chips) 
Seat 6: NISIY ($101.61 in chips) 
NISIY: posts small blind $0.50
getjet1952: posts big blind $1
*** HOLE CARDS ***
yzuk leaves the table
DEraser: folds 
Manifestorr: folds 
illarins: folds 
NISIY: folds 
Uncalled bet ($0.50) returned to getjet1952
getjet1952 collected $1 from pot
getjet1952: doesn't show hand 
*** SUMMARY ***
Total pot $1 | Rake $0 
Seat 1: yzuk
Seat 2: getjet1952 (big blind) collected ($1)
Seat 3: DEraser folded before Flop (didn't bet)
Seat 4: Manifestorr folded before Flop (didn't bet)
Seat 5: illarins (button) folded before Flop (didn't bet)
Seat 6: NISIY (small blind) folded before Flop



PokerStars Hand #254215250971:  Hold'em No Limit ($0.50/$1.00 USD) - 2025/01/05 20:15:45 WET [2025/01/05 15:15:45 ET]
Table 'Srbija II' 6-max Seat #6 is the button
Seat 2: getjet1952 ($139.57 in chips) 
Seat 3: DEraser ($47 in chips) 
Seat 4: Manifestorr ($109.26 in chips) 
Seat 5: illarins ($103.50 in chips) 
Seat 6: NISIY ($101.11 in chips) 
getjet1952: posts small blind $0.50
DEraser: posts big blind $1
*** HOLE CARDS ***
Manifestorr: folds 
illarins: folds 
NISIY: raises $1.50 to $2.50
getjet1952: folds 
DEraser: folds 
Uncalled bet ($1.50) returned to NISIY
NISIY collected $2.50 from pot
NISIY: doesn't show hand 
*** SUMMARY ***
Total pot $2.50 | Rake $0 
Seat 2: getjet1952 (small blind) folded before Flop
Seat 3: DEraser (big blind) folded before Flop
Seat 4: Manifestorr folded before Flop (didn't bet)
Seat 5: illarins folded before Flop (didn't bet)
Seat 6: NISIY (button) collected ($2.50)



PokerStars Hand #254215256596:  Hold'em No Limit ($0.50/$1.00 USD) - 2025/01/05 20:15:58 WET [2025/01/05 15:15:58 ET]
Table 'Srbija II' 6-max Seat #2 is the button
Seat 2: getjet1952 ($139.07 in chips) 
Seat 3: DEraser ($46 in chips) 
Seat 4: Manifestorr ($109.26 in chips) 
Seat 5: illarins ($103.50 in chips) 
Seat 6: NISIY ($102.61 in chips) 
DEraser: posts small blind $0.50
Manifestorr: posts big blind $1
*** HOLE CARDS ***
illarins: folds 
NISIY: raises $1.50 to $2.50
getjet1952: folds 
DEraser: folds 
Manifestorr: calls $1.50
*** FLOP *** [Ts 9c 2c]
Manifestorr: checks 
NISIY: checks 
*** TURN *** [Ts 9c 2c] [Kh]
Manifestorr: bets $7.05
NISIY: folds 
Uncalled bet ($7.05) returned to Manifestorr
NISIY leaves the table
Manifestorr collected $5.22 from pot
*** SUMMARY ***
Total pot $5.50 | Rake $0.28 
Board [Ts 9c 2c Kh]
Seat 2: getjet1952 (button) folded before Flop (didn't bet)
Seat 3: DEraser (small blind) folded before Flop
Seat 4: Manifestorr (big blind) collected ($5.22)
Seat 5: illarins folded before Flop (didn't bet)
Seat 6: NISIY folded on the Turn



PokerStars Hand #254215272127:  Hold'em No Limit ($0.50/$1.00 USD) - 2025/01/05 20:16:34 WET [2025/01/05 15:16:34 ET]
Table 'Srbija II' 6-max Seat #3 is the button
Seat 2: getjet1952 ($139.07 in chips) 
Seat 3: DEraser ($45.50 in chips) 
Seat 4: Manifestorr ($111.98 in chips) 
Seat 5: illarins ($103.50 in chips) 
Manifestorr: posts small blind $0.50
illarins: posts big blind $1
*** HOLE CARDS ***
getjet1952: calls $1
DEraser: folds 
Manifestorr: raises $4 to $5
illarins: folds 
getjet1952: calls $4
*** FLOP *** [6h 3h 7d]
Manifestorr: bets $7.84
getjet1952: folds 
Uncalled bet ($7.84) returned to Manifestorr
Manifestorr collected $10.45 from pot
*** SUMMARY ***
Total pot $11 | Rake $0.55 
Board [6h 3h 7d]
Seat 2: getjet1952 folded on the Flop
Seat 3: DEraser (button) folded before Flop (didn't bet)
Seat 4: Manifestorr (small blind) collected ($10.45)
Seat 5: illarins (big blind) folded before Flop



PokerStars Hand #254215280212:  Hold'em No Limit ($0.50/$1.00 USD) - 2025/01/05 20:16:53 WET [2025/01/05 15:16:53 ET]
Table 'Srbija II' 6-max Seat #4 is the button
Seat 2: getjet1952 ($134.07 in chips) 
Seat 3: DEraser ($45.50 in chips) 
Seat 4: Manifestorr ($117.43 in chips) 
Seat 5: illarins ($102.50 in chips) 
illarins: posts small blind $0.50
getjet1952: posts big blind $1
*** HOLE CARDS ***
fataleggs13 joins the table at seat #6 
DEraser: folds 
Manifestorr: folds 
illarins: folds 
Uncalled bet ($0.50) returned to getjet1952
getjet1952 collected $1 from pot
getjet1952: doesn't show hand 
*** SUMMARY ***
Total pot $1 | Rake $0 
Seat 2: getjet1952 (big blind) collected ($1)
Seat 3: DEraser folded before Flop (didn't bet)
Seat 4: Manifestorr (button) folded before Flop (didn't bet)
Seat 5: illarins (small blind) folded before Flop



PokerStars Hand #254215283435:  Hold'em No Limit ($0.50/$1.00 USD) - 2025/01/05 20:17:01 WET [2025/01/05 15:17:01 ET]
Table 'Srbija II' 6-max Seat #5 is the button
Seat 6: fataleggs13 ($75 in chips) is sitting out
Seat 2: getjet1952 ($134.57 in chips) 
Seat 3: DEraser ($45.50 in chips) 
Seat 4: Manifestorr ($117.43 in chips) 
Seat 5: illarins ($102 in chips) 
getjet1952: posts small blind $0.50
DEraser: posts big blind $1
*** HOLE CARDS ***
Manifestorr: folds 
illarins: raises $1.50 to $2.50
getjet1952: folds 
DEraser: folds 
Uncalled bet ($1.50) returned to illarins
illarins collected $2.50 from pot
illarins: doesn't show hand 
*** SUMMARY ***
Total pot $2.50 | Rake $0 
Seat 6: fataleggs13
Seat 2: getjet1952 (small blind) folded before Flop
Seat 3: DEraser (big blind) folded before Flop
Seat 4: Manifestorr folded before Flop (didn't bet)
Seat 5: illarins (button) collected ($2.50)



PokerStars Hand #254215290233:  Hold'em No Limit ($0.50/$1.00 USD) - 2025/01/05 20:17:17 WET [2025/01/05 15:17:17 ET]
Table 'Srbija II' 6-max Seat #2 is the button
Seat 4: Manifestorr ($117.43 in chips) is sitting out
Seat 6: fataleggs13 ($75 in chips) is sitting out
Seat 2: getjet1952 ($134.07 in chips) 
Seat 3: DEraser ($44.50 in chips) 
Seat 5: illarins ($103.50 in chips) 
DEraser: posts small blind $0.50
Manifestorr: is sitting out 
illarins: posts big blind $1
fataleggs13: sits out 
*** HOLE CARDS ***
getjet1952: folds 
Manifestorr leaves the table
DEraser: folds 
Uncalled bet ($0.50) returned to illarins
michasia joins the table at seat #4 
illarins collected $1 from pot
illarins: doesn't show hand 
*** SUMMARY ***
Total pot $1 | Rake $0 
Seat 4: Manifestorr
Seat 6: fataleggs13
Seat 2: getjet1952 (button) folded before Flop (didn't bet)
Seat 3: DEraser (small blind) folded before Flop
Seat 5: illarins (big blind) collected ($1)



PokerStars Hand #254215294082:  Hold'em No Limit ($0.50/$1.00 USD) - 2025/01/05 20:17:26 WET [2025/01/05 15:17:26 ET]
Table 'Srbija II' 6-max Seat #3 is the button
Seat 4: michasia ($101.78 in chips) is sitting out
Seat 2: getjet1952 ($134.07 in chips) 
Seat 3: DEraser ($44 in chips) 
Seat 5: illarins ($104 in chips) 
Seat 6: fataleggs13 ($75 in chips) 
illarins: posts small blind $0.50
fataleggs13: posts big blind $1
*** HOLE CARDS ***
getjet1952: folds 
DEraser: folds 
illarins: raises $2 to $3
fataleggs13: folds 
Uncalled bet ($2) returned to illarins
illarins collected $2 from pot
illarins: doesn't show hand 
*** SUMMARY ***
Total pot $2 | Rake $0 
Seat 4: michasia
Seat 2: getjet1952 folded before Flop (didn't bet)
Seat 3: DEraser (button) folded before Flop (didn't bet)
Seat 5: illarins (small blind) collected ($2)
Seat 6: fataleggs13 (big blind) folded before Flop



PokerStars Hand #254215302304:  Hold'em No Limit ($0.50/$1.00 USD) - 2025/01/05 20:17:44 WET [2025/01/05 15:17:44 ET]
Table 'Srbija II' 6-max Seat #5 is the button
Seat 4: michasia ($101.78 in chips) is sitting out
Seat 2: getjet1952 ($134.07 in chips) 
Seat 3: DEraser ($44 in chips) 
Seat 5: illarins ($105 in chips) 
Seat 6: fataleggs13 ($75 in chips) 
fataleggs13: posts small blind $0.50
getjet1952: posts big blind $1
michasia: sits out 
*** HOLE CARDS ***
DEraser: raises $1.50 to $2.50
illarins: folds 
fataleggs13: folds 
getjet1952: calls $1.50
*** FLOP *** [3d 7d 8d]
getjet1952: bets $2.61
NOTfishON joins the table at seat #1 
DEraser: calls $2.61
*** TURN *** [3d 7d 8d] [Qs]
getjet1952: checks 
DEraser: bets $3.36
getjet1952: calls $3.36
*** RIVER *** [3d 7d 8d Qs] [Td]
getjet1952: checks 
DEraser: bets $12.43
getjet1952: folds 
Uncalled bet ($12.43) returned to DEraser
DEraser collected $16.57 from pot
DEraser: doesn't show hand 
*** SUMMARY ***
Total pot $17.44 | Rake $0.87 
Board [3d 7d 8d Qs Td]
Seat 4: michasia
Seat 2: getjet1952 (big blind) folded on the River
Seat 3: DEraser collected ($16.57)
Seat 5: illarins (button) folded before Flop (didn't bet)
Seat 6: fataleggs13 (small blind) folded before Flop



PokerStars Hand #254215325376:  Hold'em No Limit ($0.50/$1.00 USD) - 2025/01/05 20:18:37 WET [2025/01/05 15:18:37 ET]
Table 'Srbija II' 6-max Seat #6 is the button
Seat 1: NOTfishON ($100 in chips) is sitting out
Seat 4: michasia ($101.78 in chips) is sitting out
Seat 2: getjet1952 ($125.60 in chips) 
Seat 3: DEraser ($52.10 in chips) 
Seat 5: illarins ($105 in chips) 
Seat 6: fataleggs13 ($75 in chips) 
getjet1952: posts small blind $0.50
DEraser: posts big blind $1
michasia: sits out 
*** HOLE CARDS ***
illarins: folds 
fataleggs13: folds 
getjet1952: raises $1 to $2
DEraser: folds 
Uncalled bet ($1) returned to getjet1952
getjet1952 collected $2 from pot
getjet1952: doesn't show hand 
*** SUMMARY ***
Total pot $2 | Rake $0 
Seat 1: NOTfishON
Seat 4: michasia
Seat 2: getjet1952 (small blind) collected ($2)
Seat 3: DEraser (big blind) folded before Flop
Seat 5: illarins folded before Flop (didn't bet)
Seat 6: fataleggs13 (button) folded before Flop (didn't bet)



PokerStars Hand #254215334405:  Hold'em No Limit ($0.50/$1.00 USD) - 2025/01/05 20:18:58 WET [2025/01/05 15:18:58 ET]
Table 'Srbija II' 6-max Seat #2 is the button
Seat 1: NOTfishON ($100 in chips) is sitting out
Seat 2: getjet1952 ($126.60 in chips) 
Seat 3: DEraser ($51.10 in chips) 
Seat 4: michasia ($101.78 in chips) 
Seat 5: illarins ($105 in chips) 
Seat 6: fataleggs13 ($75 in chips) 
DEraser: posts small blind $0.50
michasia: posts big blind $1
NOTfishON: sits out 
*** HOLE CARDS ***
illarins: folds 
fataleggs13: raises $1.20 to $2.20
getjet1952: folds 
DEraser: folds 
michasia: folds 
Uncalled bet ($1.20) returned to fataleggs13
fataleggs13 collected $2.50 from pot
fataleggs13: doesn't show hand 
*** SUMMARY ***
Total pot $2.50 | Rake $0 
Seat 1: NOTfishON
Seat 2: getjet1952 (button) folded before Flop (didn't bet)
Seat 3: DEraser (small blind) folded before Flop
Seat 4: michasia (big blind) folded before Flop
Seat 5: illarins folded before Flop (didn't bet)
Seat 6: fataleggs13 collected ($2.50)



PokerStars Hand #254215338906:  Hold'em No Limit ($0.50/$1.00 USD) - 2025/01/05 20:19:08 WET [2025/01/05 15:19:08 ET]
Table 'Srbija II' 6-max Seat #3 is the button
Seat 1: NOTfishON ($100 in chips) is sitting out
Seat 2: getjet1952 ($126.60 in chips) 
Seat 3: DEraser ($50.60 in chips) 
Seat 4: michasia ($100.78 in chips) 
Seat 5: illarins ($105 in chips) 
Seat 6: fataleggs13 ($76.50 in chips) 
michasia: posts small blind $0.50
illarins: posts big blind $1
NOTfishON: sits out 
*** HOLE CARDS ***
fataleggs13: folds 
getjet1952: folds 
DEraser: raises $1.50 to $2.50
michasia: raises $9.50 to $12
illarins: folds 
DEraser: folds 
Uncalled bet ($9.50) returned to michasia
michasia collected $6 from pot
michasia: doesn't show hand 
*** SUMMARY ***
Total pot $6 | Rake $0 
Seat 1: NOTfishON
Seat 2: getjet1952 folded before Flop (didn't bet)
Seat 3: DEraser (button) folded before Flop
Seat 4: michasia (small blind) collected ($6)
Seat 5: illarins (big blind) folded before Flop
Seat 6: fataleggs13 folded before Flop (didn't bet)



PokerStars Hand #254215348061:  Hold'em No Limit ($0.50/$1.00 USD) - 2025/01/05 20:19:30 WET [2025/01/05 15:19:30 ET]
Table 'Srbija II' 6-max Seat #4 is the button
Seat 1: NOTfishON ($100 in chips) is sitting out
Seat 2: getjet1952 ($126.60 in chips) 
Seat 3: DEraser ($48.10 in chips) 
Seat 4: michasia ($104.28 in chips) 
Seat 5: illarins ($104 in chips) 
Seat 6: fataleggs13 ($76.50 in chips) 
illarins: posts small blind $0.50
fataleggs13: posts big blind $1
NOTfishON: sits out 
*** HOLE CARDS ***
getjet1952: calls $1
DEraser: folds 
michasia: folds 
illarins: raises $3.50 to $4.50
fataleggs13: folds 
getjet1952: folds 
Uncalled bet ($3.50) returned to illarins
illarins collected $3 from pot
illarins: doesn't show hand 
*** SUMMARY ***
Total pot $3 | Rake $0 
Seat 1: NOTfishON
Seat 2: getjet1952 folded before Flop
Seat 3: DEraser folded before Flop (didn't bet)
Seat 4: michasia (button) folded before Flop (didn't bet)
Seat 5: illarins (small blind) collected ($3)
Seat 6: fataleggs13 (big blind) folded before Flop



PokerStars Hand #254215356259:  Hold'em No Limit ($0.50/$1.00 USD) - 2025/01/05 20:19:48 WET [2025/01/05 15:19:48 ET]
Table 'Srbija II' 6-max Seat #5 is the button
Seat 1: NOTfishON ($100 in chips) 
Seat 2: getjet1952 ($125.60 in chips) 
Seat 3: DEraser ($48.10 in chips) 
Seat 4: michasia ($104.28 in chips) 
Seat 5: illarins ($106 in chips) 
Seat 6: fataleggs13 ($75.50 in chips) 
fataleggs13: posts small blind $0.50
NOTfishON: posts big blind $1
*** HOLE CARDS ***
getjet1952: folds 
DEraser: raises $1.50 to $2.50
michasia: folds 
illarins: folds 
fataleggs13: folds 
NOTfishON: folds 
Uncalled bet ($1.50) returned to DEraser
DEraser collected $2.50 from pot
DEraser: doesn't show hand 
*** SUMMARY ***
Total pot $2.50 | Rake $0 
Seat 1: NOTfishON (big blind) folded before Flop
Seat 2: getjet1952 folded before Flop (didn't bet)
Seat 3: DEraser collected ($2.50)
Seat 4: michasia folded before Flop (didn't bet)
Seat 5: illarins (button) folded before Flop (didn't bet)
Seat 6: fataleggs13 (small blind) folded before Flop



PokerStars Hand #254215367691:  Hold'em No Limit ($0.50/$1.00 USD) - 2025/01/05 20:20:15 WET [2025/01/05 15:20:15 ET]
Table 'Srbija II' 6-max Seat #6 is the button
Seat 1: NOTfishON ($100 in chips) 
Seat 2: getjet1952 ($125.60 in chips) 
Seat 3: DEraser ($49.60 in chips) 
Seat 4: michasia ($104.28 in chips) 
Seat 5: illarins ($106 in chips) 
Seat 6: fataleggs13 ($75 in chips) 
NOTfishON: posts small blind $0.50
getjet1952: posts big blind $1
*** HOLE CARDS ***
DEraser: folds 
michasia: folds 
illarins: folds 
fataleggs13: raises $1.50 to $2.50
NOTfishON: folds 
getjet1952: folds 
Uncalled bet ($1.50) returned to fataleggs13
fataleggs13 collected $2.50 from pot
fataleggs13: doesn't show hand 
*** SUMMARY ***
Total pot $2.50 | Rake $0 
Seat 1: NOTfishON (small blind) folded before Flop
Seat 2: getjet1952 (big blind) folded before Flop
Seat 3: DEraser folded before Flop (didn't bet)
Seat 4: michasia folded before Flop (didn't bet)
Seat 5: illarins folded before Flop (didn't bet)
Seat 6: fataleggs13 (button) collected ($2.50)



PokerStars Hand #254215376083:  Hold'em No Limit ($0.50/$1.00 USD) - 2025/01/05 20:20:33 WET [2025/01/05 15:20:33 ET]
Table 'Srbija II' 6-max Seat #1 is the button
Seat 1: NOTfishON ($100 in chips) 
Seat 2: getjet1952 ($124.60 in chips) 
Seat 3: DEraser ($49.60 in chips) 
Seat 4: michasia ($104.28 in chips) 
Seat 5: illarins ($106 in chips) 
Seat 6: fataleggs13 ($76.50 in chips) 
getjet1952: posts small blind $0.50
DEraser: posts big blind $1
*** HOLE CARDS ***
michasia: folds 
illarins: folds 
fataleggs13: folds 
NOTfishON: folds 
getjet1952: folds 
Uncalled bet ($0.50) returned to DEraser
DEraser collected $1 from pot
DEraser: doesn't show hand 
*** SUMMARY ***
Total pot $1 | Rake $0 
Seat 1: NOTfishON (button) folded before Flop (didn't bet)
Seat 2: getjet1952 (small blind) folded before Flop
Seat 3: DEraser (big blind) collected ($1)
Seat 4: michasia folded before Flop (didn't bet)
Seat 5: illarins folded before Flop (didn't bet)
Seat 6: fataleggs13 folded before Flop (didn't bet)



PokerStars Hand #254215383185:  Hold'em No Limit ($0.50/$1.00 USD) - 2025/01/05 20:20:50 WET [2025/01/05 15:20:50 ET]
Table 'Srbija II' 6-max Seat #2 is the button
Seat 1: NOTfishON ($100 in chips) 
Seat 2: getjet1952 ($124.10 in chips) 
Seat 3: DEraser ($50.10 in chips) 
Seat 4: michasia ($104.28 in chips) 
Seat 5: illarins ($106 in chips) 
Seat 6: fataleggs13 ($76.50 in chips) 
DEraser: posts small blind $0.50
michasia: posts big blind $1
*** HOLE CARDS ***
illarins: folds 
fataleggs13: folds 
NOTfishON: folds 
getjet1952: calls $1
DEraser: calls $0.50
michasia: checks 
*** FLOP *** [Kh 9s 6s]
DEraser: checks 
michasia: checks 
getjet1952: checks 
*** TURN *** [Kh 9s 6s] [Kd]
DEraser: bets $2.14
michasia: folds 
getjet1952: folds 
Uncalled bet ($2.14) returned to DEraser
DEraser collected $2.85 from pot
DEraser: doesn't show hand 
*** SUMMARY ***
Total pot $3 | Rake $0.15 
Board [Kh 9s 6s Kd]
Seat 1: NOTfishON folded before Flop (didn't bet)
Seat 2: getjet1952 (button) folded on the Turn
Seat 3: DEraser (small blind) collected ($2.85)
Seat 4: michasia (big blind) folded on the Turn
Seat 5: illarins folded before Flop (didn't bet)
Seat 6: fataleggs13 folded before Flop (didn't bet)



PokerStars Hand #254215399977:  Hold'em No Limit ($0.50/$1.00 USD) - 2025/01/05 20:21:29 WET [2025/01/05 15:21:29 ET]
Table 'Srbija II' 6-max Seat #3 is the button
Seat 1: NOTfishON ($100 in chips) 
Seat 2: getjet1952 ($123.10 in chips) 
Seat 3: DEraser ($51.95 in chips) 
Seat 4: michasia ($103.28 in chips) 
Seat 5: illarins ($106 in chips) 
Seat 6: fataleggs13 ($76.50 in chips) 
michasia: posts small blind $0.50
illarins: posts big blind $1
*** HOLE CARDS ***
fataleggs13: folds 
NOTfishON: folds 
getjet1952: folds 
DEraser: raises $1.50 to $2.50
fataleggs13 leaves the table
michasia: folds 
illarins: folds 
Uncalled bet ($1.50) returned to DEraser
erpaye joins the table at seat #6 
DEraser collected $2.50 from pot
DEraser: doesn't show hand 
*** SUMMARY ***
Total pot $2.50 | Rake $0 
Seat 1: NOTfishON folded before Flop (didn't bet)
Seat 2: getjet1952 folded before Flop (didn't bet)
Seat 3: DEraser (button) collected ($2.50)
Seat 4: michasia (small blind) folded before Flop
Seat 5: illarins (big blind) folded before Flop
Seat 6: fataleggs13 folded before Flop (didn't bet)



PokerStars Hand #254215409254:  Hold'em No Limit ($0.50/$1.00 USD) - 2025/01/05 20:21:50 WET [2025/01/05 15:21:50 ET]
Table 'Srbija II' 6-max Seat #4 is the button
Seat 1: NOTfishON ($100 in chips) 
Seat 2: getjet1952 ($123.10 in chips) 
Seat 3: DEraser ($53.45 in chips) 
Seat 4: michasia ($102.78 in chips) 
Seat 5: illarins ($105 in chips) 
Seat 6: erpaye ($100 in chips) 
illarins: posts small blind $0.50
erpaye: posts big blind $1
*** HOLE CARDS ***
NOTfishON: folds 
getjet1952: calls $1
DEraser: folds 
michasia: folds 
illarins: folds 
erpaye: checks 
*** FLOP *** [7c 7h Ks]
erpaye: bets $1
getjet1952: calls $1
*** TURN *** [7c 7h Ks] [Tc]
erpaye: checks 
getjet1952: bets $2.14
erpaye: calls $2.14
*** RIVER *** [7c 7h Ks Tc] [Qd]
erpaye: bets $4.17
getjet1952: folds 
Uncalled bet ($4.17) returned to erpaye
erpaye collected $8.34 from pot
erpaye: doesn't show hand 
*** SUMMARY ***
Total pot $8.78 | Rake $0.44 
Board [7c 7h Ks Tc Qd]
Seat 1: NOTfishON folded before Flop (didn't bet)
Seat 2: getjet1952 folded on the River
Seat 3: DEraser folded before Flop (didn't bet)
Seat 4: michasia (button) folded before Flop (didn't bet)
Seat 5: illarins (small blind) folded before Flop
Seat 6: erpaye (big blind) collected ($8.34)



PokerStars Hand #254215431315:  Hold'em No Limit ($0.50/$1.00 USD) - 2025/01/05 20:22:41 WET [2025/01/05 15:22:41 ET]
Table 'Srbija II' 6-max Seat #5 is the button
Seat 1: NOTfishON ($100 in chips) is sitting out
Seat 2: getjet1952 ($118.96 in chips) 
Seat 3: DEraser ($53.45 in chips) 
Seat 4: michasia ($102.78 in chips) 
Seat 5: illarins ($104.50 in chips) 
Seat 6: erpaye ($104.20 in chips) 
erpaye: posts small blind $0.50
NOTfishON: is sitting out 
getjet1952: posts big blind $1
*** HOLE CARDS ***
DEraser: folds 
michasia: raises $1.80 to $2.80
illarins: folds 
erpaye: folds 
getjet1952: calls $1.80
*** FLOP *** [4h 5d 5s]
getjet1952: checks 
NOTfishON leaves the table
michasia: bets $1.91
getjet1952: calls $1.91
*** TURN *** [4h 5d 5s] [Tc]
getjet1952: bets $4.71
michasia: folds 
Uncalled bet ($4.71) returned to getjet1952
getjet1952 collected $9.42 from pot
getjet1952: doesn't show hand 
*** SUMMARY ***
Total pot $9.92 | Rake $0.50 
Board [4h 5d 5s Tc]
Seat 1: NOTfishON
Seat 2: getjet1952 (big blind) collected ($9.42)
Seat 3: DEraser folded before Flop (didn't bet)
Seat 4: michasia folded on the Turn
Seat 5: illarins (button) folded before Flop (didn't bet)
Seat 6: erpaye (small blind) folded before Flop



PokerStars Hand #254215443119:  Hold'em No Limit ($0.50/$1.00 USD) - 2025/01/05 20:23:09 WET [2025/01/05 15:23:09 ET]
Table 'Srbija II' 6-max Seat #6 is the button
Seat 2: getjet1952 ($123.67 in chips) 
Seat 3: DEraser ($53.45 in chips) 
Seat 4: michasia ($100 in chips) 
Seat 5: illarins ($104.50 in chips) 
Seat 6: erpaye ($103.70 in chips) 
getjet1952: posts small blind $0.50
DEraser: posts big blind $1
*** HOLE CARDS ***
michasia: folds 
illarins: folds 
v1lo4ka joins the table at seat #1 
erpaye: raises $1.30 to $2.30
getjet1952: folds 
DEraser: folds 
Uncalled bet ($1.30) returned to erpaye
erpaye collected $2.50 from pot
erpaye: doesn't show hand 
*** SUMMARY ***
Total pot $2.50 | Rake $0 
Seat 2: getjet1952 (small blind) folded before Flop
Seat 3: DEraser (big blind) folded before Flop
Seat 4: michasia folded before Flop (didn't bet)
Seat 5: illarins folded before Flop (didn't bet)
Seat 6: erpaye (button) collected ($2.50)



PokerStars Hand #254215449399:  Hold'em No Limit ($0.50/$1.00 USD) - 2025/01/05 20:23:23 WET [2025/01/05 15:23:23 ET]
Table 'Srbija II' 6-max Seat #2 is the button
Seat 1: v1lo4ka ($100 in chips) is sitting out
Seat 2: getjet1952 ($123.17 in chips) 
Seat 3: DEraser ($52.45 in chips) 
Seat 4: michasia ($100 in chips) 
Seat 5: illarins ($104.50 in chips) 
Seat 6: erpaye ($105.20 in chips) 
DEraser: posts small blind $0.50
michasia: posts big blind $1
v1lo4ka: sits out 
*** HOLE CARDS ***
illarins: folds 
erpaye: folds 
getjet1952: calls $1
DEraser: folds 
michasia: raises $2.50 to $3.50
getjet1952: folds 
Uncalled bet ($2.50) returned to michasia
michasia collected $2.50 from pot
michasia: doesn't show hand 
*** SUMMARY ***
Total pot $2.50 | Rake $0 
Seat 1: v1lo4ka
Seat 2: getjet1952 (button) folded before Flop
Seat 3: DEraser (small blind) folded before Flop
Seat 4: michasia (big blind) collected ($2.50)
Seat 5: illarins folded before Flop (didn't bet)
Seat 6: erpaye folded before Flop (didn't bet)



PokerStars Hand #254215456728:  Hold'em No Limit ($0.50/$1.00 USD) - 2025/01/05 20:23:40 WET [2025/01/05 15:23:40 ET]
Table 'Srbija II' 6-max Seat #3 is the button
Seat 1: v1lo4ka ($100 in chips) is sitting out
Seat 2: getjet1952 ($122.17 in chips) 
Seat 3: DEraser ($51.95 in chips) 
Seat 4: michasia ($101.50 in chips) 
Seat 5: illarins ($104.50 in chips) 
Seat 6: erpaye ($105.20 in chips) 
michasia: posts small blind $0.50
illarins: posts big blind $1
v1lo4ka: sits out 
*** HOLE CARDS ***
erpaye: raises $1.10 to $2.10
getjet1952: folds 
DEraser: raises $4.90 to $7
michasia: folds 
illarins: folds 
erpaye: folds 
Uncalled bet ($4.90) returned to DEraser
DEraser collected $5.70 from pot
DEraser: doesn't show hand 
*** SUMMARY ***
Total pot $5.70 | Rake $0 
Seat 1: v1lo4ka
Seat 2: getjet1952 folded before Flop (didn't bet)
Seat 3: DEraser (button) collected ($5.70)
Seat 4: michasia (small blind) folded before Flop
Seat 5: illarins (big blind) folded before Flop
Seat 6: erpaye folded before Flop



PokerStars Hand #254215464939:  Hold'em No Limit ($0.50/$1.00 USD) - 2025/01/05 20:24:00 WET [2025/01/05 15:24:00 ET]
Table 'Srbija II' 6-max Seat #4 is the button
Seat 1: v1lo4ka ($100 in chips) is sitting out
Seat 2: getjet1952 ($122.17 in chips) 
Seat 3: DEraser ($55.55 in chips) 
Seat 4: michasia ($101 in chips) 
Seat 5: illarins ($103.50 in chips) 
Seat 6: erpaye ($103.10 in chips) 
illarins: posts small blind $0.50
erpaye: posts big blind $1
v1lo4ka: sits out 
*** HOLE CARDS ***
getjet1952: calls $1
DEraser: folds 
michasia: folds 
illarins: folds 
erpaye: checks 
*** FLOP *** [Qc 5c 6s]
erpaye: bets $1
getjet1952: raises $2.19 to $3.19
erpaye: calls $2.19
*** TURN *** [Qc 5c 6s] [8d]
erpaye: checks 
getjet1952: checks 
*** RIVER *** [Qc 5c 6s 8d] [Js]
erpaye: checks 
getjet1952: checks 
*** SHOW DOWN ***
erpaye: shows [3d 6c] (a pair of Sixes)
getjet1952: mucks hand 
erpaye collected $8.44 from pot
*** SUMMARY ***
Total pot $8.88 | Rake $0.44 
Board [Qc 5c 6s 8d Js]
Seat 1: v1lo4ka
Seat 2: getjet1952 mucked
Seat 3: DEraser folded before Flop (didn't bet)
Seat 4: michasia (button) folded before Flop (didn't bet)
Seat 5: illarins (small blind) folded before Flop
Seat 6: erpaye (big blind) showed [3d 6c] and won ($8.44) with a pair of Sixes



PokerStars Hand #254215479486:  Hold'em No Limit ($0.50/$1.00 USD) - 2025/01/05 20:24:33 WET [2025/01/05 15:24:33 ET]
Table 'Srbija II' 6-max Seat #5 is the button
Seat 1: v1lo4ka ($100 in chips) 
Seat 2: getjet1952 ($117.98 in chips) 
Seat 3: DEraser ($55.55 in chips) 
Seat 4: michasia ($101 in chips) 
Seat 5: illarins ($103 in chips) 
Seat 6: erpaye ($107.35 in chips) 
erpaye: posts small blind $0.50
v1lo4ka: posts big blind $1
*** HOLE CARDS ***
getjet1952: calls $1
DEraser: folds 
michasia: folds 
illarins: raises $3 to $4
erpaye: raises $11.20 to $15.20
v1lo4ka: folds 
getjet1952: folds 
illarins: folds 
Uncalled bet ($11.20) returned to erpaye
erpaye collected $10 from pot
erpaye: doesn't show hand 
*** SUMMARY ***
Total pot $10 | Rake $0 
Seat 1: v1lo4ka (big blind) folded before Flop
Seat 2: getjet1952 folded before Flop
Seat 3: DEraser folded before Flop (didn't bet)
Seat 4: michasia folded before Flop (didn't bet)
Seat 5: illarins (button) folded before Flop
Seat 6: erpaye (small blind) collected ($10)



PokerStars Hand #254215490664:  Hold'em No Limit ($0.50/$1.00 USD) - 2025/01/05 20:24:59 WET [2025/01/05 15:24:59 ET]
Table 'Srbija II' 6-max Seat #6 is the button
Seat 1: v1lo4ka ($100 in chips) 
Seat 2: getjet1952 ($116.98 in chips) 
Seat 3: DEraser ($55.55 in chips) 
Seat 4: michasia ($101 in chips) 
Seat 5: illarins ($100 in chips) 
Seat 6: erpaye ($113.35 in chips) 
v1lo4ka: posts small blind $0.50
getjet1952: posts big blind $1
*** HOLE CARDS ***
DEraser: folds 
michasia: raises $1.60 to $2.60
illarins: folds 
erpaye: folds 
v1lo4ka: raises $9.40 to $12
getjet1952: folds 
michasia: folds 
Uncalled bet ($9.40) returned to v1lo4ka
v1lo4ka collected $6.20 from pot
v1lo4ka: doesn't show hand 
*** SUMMARY ***
Total pot $6.20 | Rake $0 
Seat 1: v1lo4ka (small blind) collected ($6.20)
Seat 2: getjet1952 (big blind) folded before Flop
Seat 3: DEraser folded before Flop (didn't bet)
Seat 4: michasia folded before Flop
Seat 5: illarins folded before Flop (didn't bet)
Seat 6: erpaye (button) folded before Flop (didn't bet)



PokerStars Hand #254215502714:  Hold'em No Limit ($0.50/$1.00 USD) - 2025/01/05 20:25:27 WET [2025/01/05 15:25:27 ET]
Table 'Srbija II' 6-max Seat #1 is the button
Seat 1: v1lo4ka ($103.60 in chips) 
Seat 2: getjet1952 ($115.98 in chips) 
Seat 3: DEraser ($55.55 in chips) 
Seat 4: michasia ($100 in chips) 
Seat 5: illarins ($100 in chips) 
Seat 6: erpaye ($113.35 in chips) 
getjet1952: posts small blind $0.50
DEraser: posts big blind $1
*** HOLE CARDS ***
michasia: folds 
illarins: folds 
erpaye: raises $1.80 to $2.80
v1lo4ka: folds 
getjet1952: folds 
DEraser: raises $5.20 to $8
erpaye: calls $5.20
*** FLOP *** [Th 6c Td]
DEraser: checks 
erpaye: checks 
*** TURN *** [Th 6c Td] [As]
DEraser: bets $5.17
erpaye: calls $5.17
*** RIVER *** [Th 6c Td As] [4d]
DEraser: bets $7
erpaye: folds 
Uncalled bet ($7) returned to DEraser
DEraser collected $25.50 from pot
DEraser: doesn't show hand 
*** SUMMARY ***
Total pot $26.84 | Rake $1.34 
Board [Th 6c Td As 4d]
Seat 1: v1lo4ka (button) folded before Flop (didn't bet)
Seat 2: getjet1952 (small blind) folded before Flop
Seat 3: DEraser (big blind) collected ($25.50)
Seat 4: michasia folded before Flop (didn't bet)
Seat 5: illarins folded before Flop (didn't bet)
Seat 6: erpaye folded on the River



PokerStars Hand #254215530224:  Hold'em No Limit ($0.50/$1.00 USD) - 2025/01/05 20:26:32 WET [2025/01/05 15:26:32 ET]
Table 'Srbija II' 6-max Seat #2 is the button
Seat 1: v1lo4ka ($103.60 in chips) 
Seat 2: getjet1952 ($115.48 in chips) 
Seat 3: DEraser ($67.88 in chips) 
Seat 4: michasia ($100 in chips) 
Seat 5: illarins ($100 in chips) 
Seat 6: erpaye ($100.18 in chips) 
DEraser: posts small blind $0.50
michasia: posts big blind $1
*** HOLE CARDS ***
illarins: raises $1.50 to $2.50
erpaye: folds 
v1lo4ka: folds 
getjet1952: folds 
DEraser: folds 
michasia: folds 
Uncalled bet ($1.50) returned to illarins
illarins collected $2.50 from pot
illarins: doesn't show hand 
*** SUMMARY ***
Total pot $2.50 | Rake $0 
Seat 1: v1lo4ka folded before Flop (didn't bet)
Seat 2: getjet1952 (button) folded before Flop (didn't bet)
Seat 3: DEraser (small blind) folded before Flop
Seat 4: michasia (big blind) folded before Flop
Seat 5: illarins collected ($2.50)
Seat 6: erpaye folded before Flop (didn't bet)



PokerStars Hand #254215535300:  Hold'em No Limit ($0.50/$1.00 USD) - 2025/01/05 20:26:44 WET [2025/01/05 15:26:44 ET]
Table 'Srbija II' 6-max Seat #3 is the button
Seat 1: v1lo4ka ($103.60 in chips) 
Seat 2: getjet1952 ($115.48 in chips) 
Seat 3: DEraser ($67.38 in chips) 
Seat 4: michasia ($100 in chips) 
Seat 5: illarins ($101.50 in chips) 
Seat 6: erpaye ($100.18 in chips) 
michasia: posts small blind $0.50
illarins: posts big blind $1
*** HOLE CARDS ***
erpaye: folds 
v1lo4ka: folds 
getjet1952: folds 
DEraser: folds 
michasia: raises $2 to $3
illarins: calls $2
*** FLOP *** [7c 7h Ad]
michasia: bets $1.88
illarins: folds 
Uncalled bet ($1.88) returned to michasia
michasia collected $5.70 from pot
michasia: doesn't show hand 
*** SUMMARY ***
Total pot $6 | Rake $0.30 
Board [7c 7h Ad]
Seat 1: v1lo4ka folded before Flop (didn't bet)
Seat 2: getjet1952 folded before Flop (didn't bet)
Seat 3: DEraser (button) folded before Flop (didn't bet)
Seat 4: michasia (small blind) collected ($5.70)
Seat 5: illarins (big blind) folded on the Flop
Seat 6: erpaye folded before Flop (didn't bet)



PokerStars Hand #254215544344:  Hold'em No Limit ($0.50/$1.00 USD) - 2025/01/05 20:27:05 WET [2025/01/05 15:27:05 ET]
Table 'Srbija II' 6-max Seat #4 is the button
Seat 1: v1lo4ka ($103.60 in chips) 
Seat 2: getjet1952 ($115.48 in chips) 
Seat 3: DEraser ($67.38 in chips) 
Seat 4: michasia ($102.70 in chips) 
Seat 5: illarins ($100 in chips) 
Seat 6: erpaye ($100.18 in chips) 
illarins: posts small blind $0.50
erpaye: posts big blind $1
*** HOLE CARDS ***
v1lo4ka: folds 
getjet1952: calls $1
DEraser: folds 
michasia: raises $2.50 to $3.50
illarins: folds 
erpaye: calls $2.50
getjet1952: raises $11 to $14.50
michasia: folds 
erpaye: folds 
Uncalled bet ($11) returned to getjet1952
getjet1952 collected $11 from pot
getjet1952: doesn't show hand 
*** SUMMARY ***
Total pot $11 | Rake $0 
Seat 1: v1lo4ka folded before Flop (didn't bet)
Seat 2: getjet1952 collected ($11)
Seat 3: DEraser folded before Flop (didn't bet)
Seat 4: michasia (button) folded before Flop
Seat 5: illarins (small blind) folded before Flop
Seat 6: erpaye (big blind) folded before Flop



PokerStars Hand #254215556572:  Hold'em No Limit ($0.50/$1.00 USD) - 2025/01/05 20:27:35 WET [2025/01/05 15:27:35 ET]
Table 'Srbija II' 6-max Seat #5 is the button
Seat 1: v1lo4ka ($103.60 in chips) 
Seat 2: getjet1952 ($122.98 in chips) 
Seat 3: DEraser ($67.38 in chips) 
Seat 4: michasia ($100 in chips) 
Seat 5: illarins ($100 in chips) 
Seat 6: erpaye ($100 in chips) 
erpaye: posts small blind $0.50
v1lo4ka: posts big blind $1
*** HOLE CARDS ***
getjet1952: calls $1
DEraser: folds 
michasia: raises $2.50 to $3.50
illarins: folds 
erpaye: folds 
v1lo4ka: raises $10 to $13.50
getjet1952: calls $12.50
michasia: raises $86.50 to $100 and is all-in
v1lo4ka: folds 
getjet1952: folds 
Uncalled bet ($86.50) returned to michasia
michasia collected $41 from pot
michasia: doesn't show hand 
*** SUMMARY ***
Total pot $41 | Rake $0 
Seat 1: v1lo4ka (big blind) folded before Flop
Seat 2: getjet1952 folded before Flop
Seat 3: DEraser folded before Flop (didn't bet)
Seat 4: michasia collected ($41)
Seat 5: illarins (button) folded before Flop (didn't bet)
Seat 6: erpaye (small blind) folded before Flop



PokerStars Hand #254215570468:  Hold'em No Limit ($0.50/$1.00 USD) - 2025/01/05 20:28:07 WET [2025/01/05 15:28:07 ET]
Table 'Srbija II' 6-max Seat #6 is the button
Seat 1: v1lo4ka ($100 in chips) 
Seat 2: getjet1952 ($109.48 in chips) 
Seat 3: DEraser ($67.38 in chips) 
Seat 4: michasia ($127.50 in chips) 
Seat 5: illarins ($100 in chips) 
Seat 6: erpaye ($100 in chips) 
v1lo4ka: posts small blind $0.50
getjet1952: posts big blind $1
*** HOLE CARDS ***
DEraser: folds 
michasia: raises $1.60 to $2.60
illarins: raises $5.40 to $8
erpaye: folds 
v1lo4ka: folds 
getjet1952: folds 
michasia: raises $14 to $22
illarins: folds 
Uncalled bet ($14) returned to michasia
getjet1952 leaves the table
michasia collected $17.50 from pot
michasia: doesn't show hand 
*** SUMMARY ***
Total pot $17.50 | Rake $0 
Seat 1: v1lo4ka (small blind) folded before Flop
Seat 2: getjet1952 (big blind) folded before Flop
Seat 3: DEraser folded before Flop (didn't bet)
Seat 4: michasia collected ($17.50)
Seat 5: illarins folded before Flop
Seat 6: erpaye (button) folded before Flop (didn't bet)



PokerStars Hand #254215582159:  Hold'em No Limit ($0.50/$1.00 USD) - 2025/01/05 20:28:35 WET [2025/01/05 15:28:35 ET]
Table 'Srbija II' 6-max Seat #1 is the button
Seat 1: v1lo4ka ($100 in chips) 
Seat 3: DEraser ($67.38 in chips) 
Seat 4: michasia ($137 in chips) 
Seat 5: illarins ($100 in chips) 
Seat 6: erpaye ($100 in chips) 
DEraser: posts small blind $0.50
michasia: posts big blind $1
*** HOLE CARDS ***
illarins: folds 
erpaye: folds 
v1lo4ka: folds 
DEraser: folds 
Uncalled bet ($0.50) returned to michasia
michasia collected $1 from pot
michasia: doesn't show hand 
*** SUMMARY ***
Total pot $1 | Rake $0 
Seat 1: v1lo4ka (button) folded before Flop (didn't bet)
Seat 3: DEraser (small blind) folded before Flop
Seat 4: michasia (big blind) collected ($1)
Seat 5: illarins folded before Flop (didn't bet)
Seat 6: erpaye folded before Flop (didn't bet)



