PokerStars Hand #254222822239:  Hold'em No Limit ($0.50/$1.00 USD) - 2025/01/05 3:26:41 WET [2025/01/05 22:26:41 ET]
Table 'Dunant' 6-max Seat #6 is the button
Seat 1: 50CandyJoe ($100 in chips) 
Seat 2: CashfishT ($100 in chips) 
Seat 3: abidaz10 ($62.75 in chips) 
Seat 4: avlee1 ($103.50 in chips) 
Seat 5: cacan89 ($61.03 in chips) 
Seat 6: Joker007r ($100 in chips) 
50CandyJoe: posts small blind $0.50
CashfishT: posts big blind $1
*** HOLE CARDS ***
abidaz10: folds 
avlee1: folds 
cacan89: folds 
Joker007r: raises $1.50 to $2.50
50CandyJoe: folds 
abidaz10 is disconnected 
CashfishT: calls $1.50
*** FLOP *** [6h 2d 8c]
CashfishT: checks 
Joker007r: checks 
*** TURN *** [6h 2d 8c] [4d]
CashfishT: bets $2.61
Joker007r: folds 
Uncalled bet ($2.61) returned to CashfishT
CashfishT collected $5.22 from pot
CashfishT: doesn't show hand 
*** SUMMARY ***
Total pot $5.50 | Rake $0.28 
Board [6h 2d 8c 4d]
Seat 1: 50CandyJoe (small blind) folded before Flop
Seat 2: CashfishT (big blind) collected ($5.22)
Seat 3: abidaz10 folded before Flop (didn't bet)
Seat 4: avlee1 folded before Flop (didn't bet)
Seat 5: cacan89 folded before Flop (didn't bet)
Seat 6: Joker007r (button) folded on the Turn



PokerStars Hand #254222828267:  Hold'em No Limit ($0.50/$1.00 USD) - 2025/01/05 3:27:25 WET [2025/01/05 22:27:25 ET]
Table 'Dunant' 6-max Seat #1 is the button
Seat 1: 50CandyJoe ($100 in chips) 
Seat 2: CashfishT ($102.72 in chips) 
Seat 3: abidaz10 ($62.75 in chips) 
Seat 4: avlee1 ($103.50 in chips) 
Seat 5: cacan89 ($61.03 in chips) 
Seat 6: Joker007r ($100 in chips) 
CashfishT: posts small blind $0.50
abidaz10: posts big blind $1
*** HOLE CARDS ***
avlee1: folds 
cacan89: folds 
Joker007r: raises $1.50 to $2.50
50CandyJoe: calls $2.50
CashfishT: folds 
abidaz10: folds 
*** FLOP *** [6c Th 3s]
Joker007r: checks 
50CandyJoe: checks 
*** TURN *** [6c Th 3s] [9h]
Joker007r: bets $9.76
50CandyJoe: folds 
Uncalled bet ($9.76) returned to Joker007r
Joker007r collected $6.18 from pot
Joker007r: doesn't show hand 
*** SUMMARY ***
Total pot $6.50 | Rake $0.32 
Board [6c Th 3s 9h]
Seat 1: 50CandyJoe (button) folded on the Turn
Seat 2: CashfishT (small blind) folded before Flop
Seat 3: abidaz10 (big blind) folded before Flop
Seat 4: avlee1 folded before Flop (didn't bet)
Seat 5: cacan89 folded before Flop (didn't bet)
Seat 6: Joker007r collected ($6.18)



PokerStars Hand #254222832067:  Hold'em No Limit ($0.50/$1.00 USD) - 2025/01/05 3:27:54 WET [2025/01/05 22:27:54 ET]
Table 'Dunant' 6-max Seat #2 is the button
Seat 1: 50CandyJoe ($100 in chips) 
Seat 2: CashfishT ($102.22 in chips) 
Seat 3: abidaz10 ($61.75 in chips) 
Seat 4: avlee1 ($103.50 in chips) 
Seat 5: cacan89 ($61.03 in chips) 
Seat 6: Joker007r ($103.68 in chips) 
abidaz10: posts small blind $0.50
avlee1: posts big blind $1
*** HOLE CARDS ***
cacan89: raises $1 to $2
Joker007r: raises $5 to $7
50CandyJoe: folds 
CashfishT: folds 
abidaz10: folds 
avlee1: folds 
cacan89: calls $5
*** FLOP *** [7s Kd Jh]
cacan89: checks 
Joker007r: checks 
*** TURN *** [7s Kd Jh] [Ah]
cacan89: bets $7.36
Joker007r: calls $7.36
*** RIVER *** [7s Kd Jh Ah] [5c]
cacan89: bets $28.71
Joker007r: folds 
Uncalled bet ($28.71) returned to cacan89
cacan89 collected $28.71 from pot
*** SUMMARY ***
Total pot $30.22 | Rake $1.51 
Board [7s Kd Jh Ah 5c]
Seat 1: 50CandyJoe folded before Flop (didn't bet)
Seat 2: CashfishT (button) folded before Flop (didn't bet)
Seat 3: abidaz10 (small blind) folded before Flop
Seat 4: avlee1 (big blind) folded before Flop
Seat 5: cacan89 collected ($28.71)
Seat 6: Joker007r folded on the River



PokerStars Hand #254222839134:  Hold'em No Limit ($0.50/$1.00 USD) - 2025/01/05 3:28:45 WET [2025/01/05 22:28:45 ET]
Table 'Dunant' 6-max Seat #3 is the button
Seat 1: 50CandyJoe ($100 in chips) 
Seat 2: CashfishT ($102.22 in chips) 
Seat 3: abidaz10 ($61.25 in chips) 
Seat 4: avlee1 ($102.50 in chips) 
Seat 5: cacan89 ($75.38 in chips) 
Seat 6: Joker007r ($100 in chips) 
avlee1: posts small blind $0.50
cacan89: posts big blind $1
*** HOLE CARDS ***
Joker007r: folds 
50CandyJoe: folds 
CashfishT: folds 
abidaz10: raises $3 to $4
avlee1: folds 
cacan89: folds 
Uncalled bet ($3) returned to abidaz10
abidaz10 collected $2.50 from pot
*** SUMMARY ***
Total pot $2.50 | Rake $0 
Seat 1: 50CandyJoe folded before Flop (didn't bet)
Seat 2: CashfishT folded before Flop (didn't bet)
Seat 3: abidaz10 (button) collected ($2.50)
Seat 4: avlee1 (small blind) folded before Flop
Seat 5: cacan89 (big blind) folded before Flop
Seat 6: Joker007r folded before Flop (didn't bet)



PokerStars Hand #254222843876:  Hold'em No Limit ($0.50/$1.00 USD) - 2025/01/05 3:29:20 WET [2025/01/05 22:29:20 ET]
Table 'Dunant' 6-max Seat #4 is the button
Seat 1: 50CandyJoe ($100 in chips) 
Seat 2: CashfishT ($102.22 in chips) 
Seat 3: abidaz10 ($62.75 in chips) 
Seat 4: avlee1 ($102 in chips) 
Seat 5: cacan89 ($74.38 in chips) 
Seat 6: Joker007r ($100 in chips) 
cacan89: posts small blind $0.50
Joker007r: posts big blind $1
*** HOLE CARDS ***
50CandyJoe: raises $1.20 to $2.20
CashfishT: folds 
abidaz10: raises $5.20 to $7.40
avlee1: folds 
cacan89: folds 
Joker007r: folds 
50CandyJoe: calls $5.20
*** FLOP *** [3c 9d Jd]
50CandyJoe: checks 
abidaz10: bets $9.74
50CandyJoe: calls $9.74
*** TURN *** [3c 9d Jd] [Ac]
50CandyJoe: checks 
abidaz10: bets $10
50CandyJoe: folds 
Uncalled bet ($10) returned to abidaz10
abidaz10 collected $33.99 from pot
*** SUMMARY ***
Total pot $35.78 | Rake $1.79 
Board [3c 9d Jd Ac]
Seat 1: 50CandyJoe folded on the Turn
Seat 2: CashfishT folded before Flop (didn't bet)
Seat 3: abidaz10 collected ($33.99)
Seat 4: avlee1 (button) folded before Flop (didn't bet)
Seat 5: cacan89 (small blind) folded before Flop
Seat 6: Joker007r (big blind) folded before Flop



PokerStars Hand #254222853837:  Hold'em No Limit ($0.50/$1.00 USD) - 2025/01/05 3:30:34 WET [2025/01/05 22:30:34 ET]
Table 'Dunant' 6-max Seat #5 is the button
Seat 1: 50CandyJoe ($100 in chips) 
Seat 2: CashfishT ($102.22 in chips) 
Seat 3: abidaz10 ($79.60 in chips) 
Seat 4: avlee1 ($102 in chips) 
Seat 5: cacan89 ($73.88 in chips) 
Seat 6: Joker007r ($100 in chips) 
Joker007r: posts small blind $0.50
50CandyJoe: posts big blind $1
*** HOLE CARDS ***
CashfishT: folds 
abidaz10: folds 
avlee1: folds 
cacan89: folds 
Joker007r: raises $2 to $3
50CandyJoe: calls $2
*** FLOP *** [9s 4s Jd]
Joker007r: checks 
50CandyJoe: bets $3.76
abidaz10 is disconnected 
Joker007r: raises $7.52 to $11.28
50CandyJoe: calls $7.52
*** TURN *** [9s 4s Jd] [9c]
Joker007r: bets $19.80
50CandyJoe: calls $19.80
*** RIVER *** [9s 4s Jd 9c] [6s]
Joker007r: bets $65.92 and is all-in
50CandyJoe: folds 
Uncalled bet ($65.92) returned to Joker007r
Joker007r collected $65.66 from pot
Joker007r: doesn't show hand 
*** SUMMARY ***
Total pot $68.16 | Rake $2.50 
Board [9s 4s Jd 9c 6s]
Seat 1: 50CandyJoe (big blind) folded on the River
Seat 2: CashfishT folded before Flop (didn't bet)
Seat 3: abidaz10 folded before Flop (didn't bet)
Seat 4: avlee1 folded before Flop (didn't bet)
Seat 5: cacan89 (button) folded before Flop (didn't bet)
Seat 6: Joker007r (small blind) collected ($65.66)



PokerStars Hand #254222867753:  Hold'em No Limit ($0.50/$1.00 USD) - 2025/01/05 3:32:19 WET [2025/01/05 22:32:19 ET]
Table 'Dunant' 6-max Seat #6 is the button
Seat 1: 50CandyJoe ($100 in chips) 
Seat 2: CashfishT ($102.22 in chips) 
Seat 3: abidaz10 ($79.60 in chips) 
Seat 4: avlee1 ($102 in chips) 
Seat 5: cacan89 ($73.88 in chips) 
Seat 6: Joker007r ($131.58 in chips) 
50CandyJoe: posts small blind $0.50
CashfishT: posts big blind $1
*** HOLE CARDS ***
abidaz10: raises $2 to $3
avlee1: folds 
cacan89: folds 
Joker007r: folds 
50CandyJoe: folds 
CashfishT: calls $2
*** FLOP *** [Qs As Kd]
CashfishT: checks 
abidaz10: checks 
*** TURN *** [Qs As Kd] [8d]
CashfishT: bets $4.64
abidaz10: calls $4.64
*** RIVER *** [Qs As Kd 8d] [Tc]
CashfishT: checks 
abidaz10: bets $14.99
CashfishT: folds 
Uncalled bet ($14.99) returned to abidaz10
abidaz10 collected $14.99 from pot
abidaz10: doesn't show hand 
*** SUMMARY ***
Total pot $15.78 | Rake $0.79 
Board [Qs As Kd 8d Tc]
Seat 1: 50CandyJoe (small blind) folded before Flop
Seat 2: CashfishT (big blind) folded on the River
Seat 3: abidaz10 collected ($14.99)
Seat 4: avlee1 folded before Flop (didn't bet)
Seat 5: cacan89 folded before Flop (didn't bet)
Seat 6: Joker007r (button) folded before Flop (didn't bet)



PokerStars Hand #254222876771:  Hold'em No Limit ($0.50/$1.00 USD) - 2025/01/05 3:33:27 WET [2025/01/05 22:33:27 ET]
Table 'Dunant' 6-max Seat #1 is the button
Seat 1: 50CandyJoe ($100 in chips) 
Seat 2: CashfishT ($100 in chips) 
Seat 3: abidaz10 ($86.95 in chips) 
Seat 4: avlee1 ($102 in chips) 
Seat 5: cacan89 ($73.88 in chips) 
Seat 6: Joker007r ($131.58 in chips) 
CashfishT: posts small blind $0.50
abidaz10: posts big blind $1
*** HOLE CARDS ***
avlee1: folds 
cacan89: raises $2 to $3
Joker007r: folds 
50CandyJoe: folds 
CashfishT: folds 
abidaz10: folds 
Uncalled bet ($2) returned to cacan89
cacan89 collected $2.50 from pot
*** SUMMARY ***
Total pot $2.50 | Rake $0 
Seat 1: 50CandyJoe (button) folded before Flop (didn't bet)
Seat 2: CashfishT (small blind) folded before Flop
Seat 3: abidaz10 (big blind) folded before Flop
Seat 4: avlee1 folded before Flop (didn't bet)
Seat 5: cacan89 collected ($2.50)
Seat 6: Joker007r folded before Flop (didn't bet)



PokerStars Hand #254222879672:  Hold'em No Limit ($0.50/$1.00 USD) - 2025/01/05 3:33:48 WET [2025/01/05 22:33:48 ET]
Table 'Dunant' 6-max Seat #2 is the button
Seat 1: 50CandyJoe ($100 in chips) 
Seat 2: CashfishT ($100 in chips) 
Seat 3: abidaz10 ($85.95 in chips) 
Seat 4: avlee1 ($102 in chips) 
Seat 5: cacan89 ($75.38 in chips) 
Seat 6: Joker007r ($131.58 in chips) 
abidaz10: posts small blind $0.50
avlee1: posts big blind $1
*** HOLE CARDS ***
cacan89: calls $1
Joker007r: raises $3 to $4
50CandyJoe: folds 
CashfishT: folds 
abidaz10: calls $3.50
avlee1: folds 
cacan89: calls $3
*** FLOP *** [4d 7d Th]
abidaz10: checks 
cacan89: checks 
Joker007r: checks 
*** TURN *** [4d 7d Th] [7h]
abidaz10: bets $6.18
cacan89: raises $6.82 to $13
Joker007r: folds 
abidaz10: calls $6.82
*** RIVER *** [4d 7d Th 7h] [8s]
abidaz10: bets $12
cacan89: raises $18 to $30
abidaz10: folds 
Uncalled bet ($18) returned to cacan89
cacan89 collected $60.50 from pot
*** SUMMARY ***
Total pot $63 | Rake $2.50 
Board [4d 7d Th 7h 8s]
Seat 1: 50CandyJoe folded before Flop (didn't bet)
Seat 2: CashfishT (button) folded before Flop (didn't bet)
Seat 3: abidaz10 (small blind) folded on the River
Seat 4: avlee1 (big blind) folded before Flop
Seat 5: cacan89 collected ($60.50)
Seat 6: Joker007r folded on the Turn



PokerStars Hand #254222891068:  Hold'em No Limit ($0.50/$1.00 USD) - 2025/01/05 3:35:14 WET [2025/01/05 22:35:14 ET]
Table 'Dunant' 6-max Seat #3 is the button
Seat 1: 50CandyJoe ($100 in chips) 
Seat 2: CashfishT ($100 in chips) 
Seat 3: abidaz10 ($56.95 in chips) 
Seat 4: avlee1 ($101 in chips) 
Seat 5: cacan89 ($106.88 in chips) 
Seat 6: Joker007r ($127.58 in chips) 
avlee1: posts small blind $0.50
cacan89: posts big blind $1
*** HOLE CARDS ***
Joker007r: raises $1.38 to $2.38
50CandyJoe: folds 
CashfishT: folds 
abidaz10: folds 
avlee1: folds 
cacan89: folds 
Uncalled bet ($1.38) returned to Joker007r
Joker007r collected $2.50 from pot
Joker007r: doesn't show hand 
*** SUMMARY ***
Total pot $2.50 | Rake $0 
Seat 1: 50CandyJoe folded before Flop (didn't bet)
Seat 2: CashfishT folded before Flop (didn't bet)
Seat 3: abidaz10 (button) folded before Flop (didn't bet)
Seat 4: avlee1 (small blind) folded before Flop
Seat 5: cacan89 (big blind) folded before Flop
Seat 6: Joker007r collected ($2.50)



PokerStars Hand #254222893189:  Hold'em No Limit ($0.50/$1.00 USD) - 2025/01/05 3:35:29 WET [2025/01/05 22:35:29 ET]
Table 'Dunant' 6-max Seat #4 is the button
Seat 1: 50CandyJoe ($100 in chips) 
Seat 2: CashfishT ($100 in chips) 
Seat 3: abidaz10 ($56.95 in chips) 
Seat 4: avlee1 ($100.50 in chips) 
Seat 5: cacan89 ($105.88 in chips) 
Seat 6: Joker007r ($129.08 in chips) 
cacan89: posts small blind $0.50
Joker007r: posts big blind $1
*** HOLE CARDS ***
50CandyJoe: folds 
CashfishT: folds 
abidaz10: raises $2 to $3
avlee1: folds 
cacan89: folds 
Joker007r: folds 
Uncalled bet ($2) returned to abidaz10
abidaz10 collected $2.50 from pot
*** SUMMARY ***
Total pot $2.50 | Rake $0 
Seat 1: 50CandyJoe folded before Flop (didn't bet)
Seat 2: CashfishT folded before Flop (didn't bet)
Seat 3: abidaz10 collected ($2.50)
Seat 4: avlee1 (button) folded before Flop (didn't bet)
Seat 5: cacan89 (small blind) folded before Flop
Seat 6: Joker007r (big blind) folded before Flop



PokerStars Hand #254222896196:  Hold'em No Limit ($0.50/$1.00 USD) - 2025/01/05 3:35:52 WET [2025/01/05 22:35:52 ET]
Table 'Dunant' 6-max Seat #5 is the button
Seat 1: 50CandyJoe ($100 in chips) 
Seat 2: CashfishT ($100 in chips) 
Seat 3: abidaz10 ($58.45 in chips) 
Seat 4: avlee1 ($100.50 in chips) 
Seat 5: cacan89 ($105.38 in chips) 
Seat 6: Joker007r ($128.08 in chips) 
Joker007r: posts small blind $0.50
50CandyJoe: posts big blind $1
*** HOLE CARDS ***
CashfishT: folds 
abidaz10: folds 
avlee1: folds 
cacan89: raises $2 to $3
Joker007r: folds 
50CandyJoe: calls $2
*** FLOP *** [6d 8d Js]
50CandyJoe: checks 
cacan89: checks 
*** TURN *** [6d 8d Js] [2d]
50CandyJoe: bets $3.09
cacan89: calls $3.09
*** RIVER *** [6d 8d Js 2d] [7s]
50CandyJoe: checks 
cacan89: bets $6.03
50CandyJoe: calls $6.03
*** SHOW DOWN ***
cacan89: shows [Kd Jh] (a pair of Jacks)
50CandyJoe: mucks hand 
cacan89 collected $23.50 from pot
*** SUMMARY ***
Total pot $24.74 | Rake $1.24 
Board [6d 8d Js 2d 7s]
Seat 1: 50CandyJoe (big blind) mucked
Seat 2: CashfishT folded before Flop (didn't bet)
Seat 3: abidaz10 folded before Flop (didn't bet)
Seat 4: avlee1 folded before Flop (didn't bet)
Seat 5: cacan89 (button) showed [Kd Jh] and won ($23.50) with a pair of Jacks
Seat 6: Joker007r (small blind) folded before Flop



PokerStars Hand #254222900128:  Hold'em No Limit ($0.50/$1.00 USD) - 2025/01/05 3:36:22 WET [2025/01/05 22:36:22 ET]
Table 'Dunant' 6-max Seat #6 is the button
Seat 1: 50CandyJoe ($100 in chips) 
Seat 2: CashfishT ($100 in chips) 
Seat 3: abidaz10 ($58.45 in chips) 
Seat 4: avlee1 ($100.50 in chips) 
Seat 5: cacan89 ($116.76 in chips) 
Seat 6: Joker007r ($127.58 in chips) 
50CandyJoe: posts small blind $0.50
CashfishT: posts big blind $1
*** HOLE CARDS ***
abidaz10: raises $2 to $3
avlee1: folds 
cacan89: folds 
Joker007r: calls $3
50CandyJoe: folds 
CashfishT: folds 
*** FLOP *** [7d Jh Kc]
abidaz10: checks 
Joker007r: checks 
*** TURN *** [7d Jh Kc] [4s]
abidaz10: bets $5.56
Joker007r: folds 
Uncalled bet ($5.56) returned to abidaz10
abidaz10 collected $7.12 from pot
*** SUMMARY ***
Total pot $7.50 | Rake $0.38 
Board [7d Jh Kc 4s]
Seat 1: 50CandyJoe (small blind) folded before Flop
Seat 2: CashfishT (big blind) folded before Flop
Seat 3: abidaz10 collected ($7.12)
Seat 4: avlee1 folded before Flop (didn't bet)
Seat 5: cacan89 folded before Flop (didn't bet)
Seat 6: Joker007r (button) folded on the Turn



PokerStars Hand #254222907070:  Hold'em No Limit ($0.50/$1.00 USD) - 2025/01/05 3:37:15 WET [2025/01/05 22:37:15 ET]
Table 'Dunant' 6-max Seat #1 is the button
Seat 1: 50CandyJoe ($100 in chips) 
Seat 2: CashfishT ($100 in chips) 
Seat 3: abidaz10 ($62.57 in chips) 
Seat 4: avlee1 ($100.50 in chips) 
Seat 5: cacan89 ($116.76 in chips) 
Seat 6: Joker007r ($124.58 in chips) 
CashfishT: posts small blind $0.50
abidaz10: posts big blind $1
*** HOLE CARDS ***
avlee1: folds 
cacan89: raises $2 to $3
Joker007r: raises $6 to $9
50CandyJoe: folds 
CashfishT: folds 
abidaz10: calls $8
cacan89: raises $12 to $21
Joker007r: folds 
abidaz10: calls $12
*** FLOP *** [Qd 4c Jh]
abidaz10: checks 
cacan89: bets $24.50
abidaz10: calls $24.50
*** TURN *** [Qd 4c Jh] [Tc]
abidaz10: bets $17.07 and is all-in
cacan89: calls $17.07
*** RIVER *** [Qd 4c Jh Tc] [Qh]
*** SHOW DOWN ***
abidaz10: shows [Ks Td] (two pair, Queens and Tens)
cacan89: shows [Kc Ad] (a straight, Ten to Ace)
cacan89 collected $132.14 from pot
*** SUMMARY ***
Total pot $134.64 | Rake $2.50 
Board [Qd 4c Jh Tc Qh]
Seat 1: 50CandyJoe (button) folded before Flop (didn't bet)
Seat 2: CashfishT (small blind) folded before Flop
Seat 3: abidaz10 (big blind) showed [Ks Td] and lost with two pair, Queens and Tens
Seat 4: avlee1 folded before Flop (didn't bet)
Seat 5: cacan89 showed [Kc Ad] and won ($132.14) with a straight, Ten to Ace
Seat 6: Joker007r folded before Flop



PokerStars Hand #254222916639:  Hold'em No Limit ($0.50/$1.00 USD) - 2025/01/05 3:38:28 WET [2025/01/05 22:38:28 ET]
Table 'Dunant' 6-max Seat #2 is the button
Seat 3: abidaz10 ($0 in chips) is sitting out
Seat 1: 50CandyJoe ($100 in chips) 
Seat 2: CashfishT ($100 in chips) 
Seat 4: avlee1 ($100.50 in chips) 
Seat 5: cacan89 ($186.33 in chips) 
Seat 6: Joker007r ($115.58 in chips) 
avlee1: posts small blind $0.50
cacan89: posts big blind $1
*** HOLE CARDS ***
Joker007r: folds 
50CandyJoe: folds 
CashfishT: raises $1.20 to $2.20
avlee1: folds 
cacan89: folds 
Uncalled bet ($1.20) returned to CashfishT
CashfishT collected $2.50 from pot
CashfishT: doesn't show hand 
*** SUMMARY ***
Total pot $2.50 | Rake $0 
Seat 3: abidaz10
Seat 1: 50CandyJoe folded before Flop (didn't bet)
Seat 2: CashfishT (button) collected ($2.50)
Seat 4: avlee1 (small blind) folded before Flop
Seat 5: cacan89 (big blind) folded before Flop
Seat 6: Joker007r folded before Flop (didn't bet)



PokerStars Hand #254222917905:  Hold'em No Limit ($0.50/$1.00 USD) - 2025/01/05 3:38:38 WET [2025/01/05 22:38:38 ET]
Table 'Dunant' 6-max Seat #4 is the button
Seat 3: abidaz10 ($0 in chips) is sitting out
Seat 1: 50CandyJoe ($100 in chips) 
Seat 2: CashfishT ($101.50 in chips) 
Seat 4: avlee1 ($100 in chips) 
Seat 5: cacan89 ($185.33 in chips) 
Seat 6: Joker007r ($115.58 in chips) 
cacan89: posts small blind $0.50
Joker007r: posts big blind $1
*** HOLE CARDS ***
abidaz10 leaves the table
50CandyJoe: folds 
CashfishT: folds 
avlee1: folds 
cacan89: calls $0.50
Joker007r: checks 
*** FLOP *** [8c Th 2d]
cacan89: checks 
Joker007r: checks 
*** TURN *** [8c Th 2d] [8h]
cacan89: checks 
Joker007r: checks 
*** RIVER *** [8c Th 2d 8h] [4h]
cacan89: bets $1.90
Joker007r: folds 
Uncalled bet ($1.90) returned to cacan89
cacan89 collected $1.90 from pot
*** SUMMARY ***
Total pot $2 | Rake $0.10 
Board [8c Th 2d 8h 4h]
Seat 3: abidaz10
Seat 1: 50CandyJoe folded before Flop (didn't bet)
Seat 2: CashfishT folded before Flop (didn't bet)
Seat 4: avlee1 (button) folded before Flop (didn't bet)
Seat 5: cacan89 (small blind) collected ($1.90)
Seat 6: Joker007r (big blind) folded on the River



PokerStars Hand #254222923308:  Hold'em No Limit ($0.50/$1.00 USD) - 2025/01/05 3:39:20 WET [2025/01/05 22:39:20 ET]
Table 'Dunant' 6-max Seat #5 is the button
Seat 1: 50CandyJoe ($100 in chips) 
Seat 2: CashfishT ($101.50 in chips) 
Seat 4: avlee1 ($100 in chips) 
Seat 5: cacan89 ($186.23 in chips) 
Seat 6: Joker007r ($114.58 in chips) 
Joker007r: posts small blind $0.50
50CandyJoe: posts big blind $1
*** HOLE CARDS ***
CashfishT: folds 
avlee1: folds 
cacan89: folds 
Joker007r: folds 
Uncalled bet ($0.50) returned to 50CandyJoe
50CandyJoe collected $1 from pot
50CandyJoe: doesn't show hand 
*** SUMMARY ***
Total pot $1 | Rake $0 
Seat 1: 50CandyJoe (big blind) collected ($1)
Seat 2: CashfishT folded before Flop (didn't bet)
Seat 4: avlee1 folded before Flop (didn't bet)
Seat 5: cacan89 (button) folded before Flop (didn't bet)
Seat 6: Joker007r (small blind) folded before Flop



PokerStars Hand #254222924898:  Hold'em No Limit ($0.50/$1.00 USD) - 2025/01/05 3:39:33 WET [2025/01/05 22:39:33 ET]
Table 'Dunant' 6-max Seat #6 is the button
Seat 1: 50CandyJoe ($100.50 in chips) 
Seat 2: CashfishT ($101.50 in chips) 
Seat 4: avlee1 ($100 in chips) 
Seat 5: cacan89 ($186.23 in chips) 
Seat 6: Joker007r ($114.08 in chips) 
50CandyJoe: posts small blind $0.50
CashfishT: posts big blind $1
*** HOLE CARDS ***
avlee1: raises $1.50 to $2.50
cacan89: folds 
Joker007r: folds 
LuckyShikari joins the table at seat #3 
50CandyJoe: raises $7.50 to $10
CashfishT: folds 
avlee1: folds 
Uncalled bet ($7.50) returned to 50CandyJoe
50CandyJoe collected $6 from pot
50CandyJoe: doesn't show hand 
*** SUMMARY ***
Total pot $6 | Rake $0 
Seat 1: 50CandyJoe (small blind) collected ($6)
Seat 2: CashfishT (big blind) folded before Flop
Seat 4: avlee1 folded before Flop
Seat 5: cacan89 folded before Flop (didn't bet)
Seat 6: Joker007r (button) folded before Flop (didn't bet)



PokerStars Hand #254222929767:  Hold'em No Limit ($0.50/$1.00 USD) - 2025/01/05 3:40:11 WET [2025/01/05 22:40:11 ET]
Table 'Dunant' 6-max Seat #1 is the button
Seat 1: 50CandyJoe ($104 in chips) 
Seat 2: CashfishT ($100.50 in chips) 
Seat 3: LuckyShikari ($100 in chips) 
Seat 4: avlee1 ($100 in chips) 
Seat 5: cacan89 ($186.23 in chips) 
Seat 6: Joker007r ($114.08 in chips) 
CashfishT: posts small blind $0.50
LuckyShikari: posts big blind $1
*** HOLE CARDS ***
avlee1: folds 
cacan89: folds 
Joker007r: raises $1.50 to $2.50
50CandyJoe: folds 
CashfishT: folds 
LuckyShikari: folds 
Uncalled bet ($1.50) returned to Joker007r
Joker007r collected $2.50 from pot
Joker007r: doesn't show hand 
*** SUMMARY ***
Total pot $2.50 | Rake $0 
Seat 1: 50CandyJoe (button) folded before Flop (didn't bet)
Seat 2: CashfishT (small blind) folded before Flop
Seat 3: LuckyShikari (big blind) folded before Flop
Seat 4: avlee1 folded before Flop (didn't bet)
Seat 5: cacan89 folded before Flop (didn't bet)
Seat 6: Joker007r collected ($2.50)



PokerStars Hand #254222931794:  Hold'em No Limit ($0.50/$1.00 USD) - 2025/01/05 3:40:28 WET [2025/01/05 22:40:28 ET]
Table 'Dunant' 6-max Seat #2 is the button
Seat 4: avlee1 ($100 in chips) is sitting out
Seat 1: 50CandyJoe ($104 in chips) 
Seat 2: CashfishT ($100 in chips) 
Seat 3: LuckyShikari ($100 in chips) 
Seat 5: cacan89 ($186.23 in chips) 
Seat 6: Joker007r ($115.58 in chips) 
LuckyShikari: posts small blind $0.50
avlee1: is sitting out 
cacan89: posts big blind $1
*** HOLE CARDS ***
Joker007r: folds 
avlee1 leaves the table
50CandyJoe: folds 
CashfishT: folds 
tukeiron joins the table at seat #4 
LuckyShikari: raises $4 to $5
cacan89: folds 
Uncalled bet ($4) returned to LuckyShikari
LuckyShikari collected $2 from pot
LuckyShikari: doesn't show hand 
*** SUMMARY ***
Total pot $2 | Rake $0 
Seat 4: avlee1
Seat 1: 50CandyJoe folded before Flop (didn't bet)
Seat 2: CashfishT (button) folded before Flop (didn't bet)
Seat 3: LuckyShikari (small blind) collected ($2)
Seat 5: cacan89 (big blind) folded before Flop
Seat 6: Joker007r folded before Flop (didn't bet)



PokerStars Hand #254222933663:  Hold'em No Limit ($0.50/$1.00 USD) - 2025/01/05 3:40:42 WET [2025/01/05 22:40:42 ET]
Table 'Dunant' 6-max Seat #3 is the button
Seat 4: tukeiron ($100 in chips) is sitting out
Seat 1: 50CandyJoe ($104 in chips) 
Seat 2: CashfishT ($100 in chips) 
Seat 3: LuckyShikari ($101 in chips) 
Seat 5: cacan89 ($185.23 in chips) 
Seat 6: Joker007r ($115.58 in chips) 
cacan89: posts small blind $0.50
Joker007r: posts big blind $1
*** HOLE CARDS ***
50CandyJoe: folds 
CashfishT: raises $1.20 to $2.20
LuckyShikari: folds 
cacan89: folds 
Joker007r: folds 
Uncalled bet ($1.20) returned to CashfishT
CashfishT collected $2.50 from pot
CashfishT: doesn't show hand 
*** SUMMARY ***
Total pot $2.50 | Rake $0 
Seat 4: tukeiron
Seat 1: 50CandyJoe folded before Flop (didn't bet)
Seat 2: CashfishT collected ($2.50)
Seat 3: LuckyShikari (button) folded before Flop (didn't bet)
Seat 5: cacan89 (small blind) folded before Flop
Seat 6: Joker007r (big blind) folded before Flop



PokerStars Hand #254222934994:  Hold'em No Limit ($0.50/$1.00 USD) - 2025/01/05 3:40:53 WET [2025/01/05 22:40:53 ET]
Table 'Dunant' 6-max Seat #5 is the button
Seat 4: tukeiron ($100 in chips) is sitting out
Seat 1: 50CandyJoe ($104 in chips) 
Seat 2: CashfishT ($101.50 in chips) 
Seat 3: LuckyShikari ($101 in chips) 
Seat 5: cacan89 ($184.73 in chips) 
Seat 6: Joker007r ($114.58 in chips) 
Joker007r: posts small blind $0.50
50CandyJoe: posts big blind $1
tukeiron: sits out 
*** HOLE CARDS ***
CashfishT: folds 
LuckyShikari: raises $1.50 to $2.50
cacan89: calls $2.50
Joker007r: folds 
50CandyJoe: folds 
*** FLOP *** [2h 4h Ts]
LuckyShikari: checks 
cacan89: checks 
*** TURN *** [2h 4h Ts] [2d]
LuckyShikari: checks 
cacan89: bets $3.09
LuckyShikari: folds 
Uncalled bet ($3.09) returned to cacan89
cacan89 collected $6.18 from pot
*** SUMMARY ***
Total pot $6.50 | Rake $0.32 
Board [2h 4h Ts 2d]
Seat 4: tukeiron
Seat 1: 50CandyJoe (big blind) folded before Flop
Seat 2: CashfishT folded before Flop (didn't bet)
Seat 3: LuckyShikari folded on the Turn
Seat 5: cacan89 (button) collected ($6.18)
Seat 6: Joker007r (small blind) folded before Flop



PokerStars Hand #254222939090:  Hold'em No Limit ($0.50/$1.00 USD) - 2025/01/05 3:41:24 WET [2025/01/05 22:41:24 ET]
Table 'Dunant' 6-max Seat #6 is the button
Seat 4: tukeiron ($100 in chips) is sitting out
Seat 1: 50CandyJoe ($103 in chips) 
Seat 2: CashfishT ($101.50 in chips) 
Seat 3: LuckyShikari ($100 in chips) 
Seat 5: cacan89 ($188.41 in chips) 
Seat 6: Joker007r ($114.08 in chips) 
50CandyJoe: posts small blind $0.50
CashfishT: posts big blind $1
tukeiron: sits out 
*** HOLE CARDS ***
LuckyShikari: raises $1.50 to $2.50
cacan89: folds 
Joker007r: folds 
50CandyJoe: folds 
CashfishT: folds 
Uncalled bet ($1.50) returned to LuckyShikari
LuckyShikari collected $2.50 from pot
LuckyShikari: doesn't show hand 
*** SUMMARY ***
Total pot $2.50 | Rake $0 
Seat 4: tukeiron
Seat 1: 50CandyJoe (small blind) folded before Flop
Seat 2: CashfishT (big blind) folded before Flop
Seat 3: LuckyShikari collected ($2.50)
Seat 5: cacan89 folded before Flop (didn't bet)
Seat 6: Joker007r (button) folded before Flop (didn't bet)



PokerStars Hand #254222941066:  Hold'em No Limit ($0.50/$1.00 USD) - 2025/01/05 3:41:40 WET [2025/01/05 22:41:40 ET]
Table 'Dunant' 6-max Seat #1 is the button
Seat 4: tukeiron ($100 in chips) is sitting out
Seat 1: 50CandyJoe ($102.50 in chips) 
Seat 2: CashfishT ($100.50 in chips) 
Seat 3: LuckyShikari ($101.50 in chips) 
Seat 5: cacan89 ($188.41 in chips) 
Seat 6: Joker007r ($114.08 in chips) 
CashfishT: posts small blind $0.50
LuckyShikari: posts big blind $1
tukeiron: sits out 
*** HOLE CARDS ***
cacan89: folds 
Joker007r: folds 
50CandyJoe: folds 
CashfishT: folds 
Uncalled bet ($0.50) returned to LuckyShikari
LuckyShikari collected $1 from pot
LuckyShikari: doesn't show hand 
*** SUMMARY ***
Total pot $1 | Rake $0 
Seat 4: tukeiron
Seat 1: 50CandyJoe (button) folded before Flop (didn't bet)
Seat 2: CashfishT (small blind) folded before Flop
Seat 3: LuckyShikari (big blind) collected ($1)
Seat 5: cacan89 folded before Flop (didn't bet)
Seat 6: Joker007r folded before Flop (didn't bet)



PokerStars Hand #254222944350:  Hold'em No Limit ($0.50/$1.00 USD) - 2025/01/05 3:42:05 WET [2025/01/05 22:42:05 ET]
Table 'Dunant' 6-max Seat #2 is the button
Seat 1: 50CandyJoe ($102.50 in chips) 
Seat 2: CashfishT ($100 in chips) 
Seat 3: LuckyShikari ($102 in chips) 
Seat 4: tukeiron ($100 in chips) 
Seat 5: cacan89 ($188.41 in chips) 
Seat 6: Joker007r ($114.08 in chips) 
LuckyShikari: posts small blind $0.50
tukeiron: posts big blind $1
*** HOLE CARDS ***
cacan89: calls $1
Joker007r: folds 
50CandyJoe: raises $2.50 to $3.50
CashfishT: folds 
LuckyShikari: raises $10 to $13.50
tukeiron: folds 
cacan89: folds 
50CandyJoe: folds 
Uncalled bet ($10) returned to LuckyShikari
LuckyShikari collected $9 from pot
LuckyShikari: doesn't show hand 
*** SUMMARY ***
Total pot $9 | Rake $0 
Seat 1: 50CandyJoe folded before Flop
Seat 2: CashfishT (button) folded before Flop (didn't bet)
Seat 3: LuckyShikari (small blind) collected ($9)
Seat 4: tukeiron (big blind) folded before Flop
Seat 5: cacan89 folded before Flop
Seat 6: Joker007r folded before Flop (didn't bet)



PokerStars Hand #254222948003:  Hold'em No Limit ($0.50/$1.00 USD) - 2025/01/05 3:42:33 WET [2025/01/05 22:42:33 ET]
Table 'Dunant' 6-max Seat #3 is the button
Seat 1: 50CandyJoe ($100 in chips) 
Seat 2: CashfishT ($100 in chips) 
Seat 3: LuckyShikari ($107.50 in chips) 
Seat 4: tukeiron ($100 in chips) 
Seat 5: cacan89 ($187.41 in chips) 
Seat 6: Joker007r ($114.08 in chips) 
tukeiron: posts small blind $0.50
cacan89: posts big blind $1
*** HOLE CARDS ***
Joker007r: raises $2 to $3
50CandyJoe: folds 
CashfishT: folds 
LuckyShikari: folds 
tukeiron: folds 
cacan89: raises $6 to $9
Joker007r: calls $6
*** FLOP *** [6s 3s Kc]
cacan89: checks 
Joker007r: checks 
*** TURN *** [6s 3s Kc] [Jd]
cacan89: checks 
Joker007r: checks 
*** RIVER *** [6s 3s Kc Jd] [Qd]
cacan89: bets $17.58
Joker007r: calls $17.58
*** SHOW DOWN ***
cacan89: shows [3c 3d] (three of a kind, Threes)
Joker007r: shows [Qs Qc] (three of a kind, Queens)
Joker007r collected $51.16 from pot
*** SUMMARY ***
Total pot $53.66 | Rake $2.50 
Board [6s 3s Kc Jd Qd]
Seat 1: 50CandyJoe folded before Flop (didn't bet)
Seat 2: CashfishT folded before Flop (didn't bet)
Seat 3: LuckyShikari (button) folded before Flop (didn't bet)
Seat 4: tukeiron (small blind) folded before Flop
Seat 5: cacan89 (big blind) showed [3c 3d] and lost with three of a kind, Threes
Seat 6: Joker007r showed [Qs Qc] and won ($51.16) with three of a kind, Queens



PokerStars Hand #254222955191:  Hold'em No Limit ($0.50/$1.00 USD) - 2025/01/05 3:43:29 WET [2025/01/05 22:43:29 ET]
Table 'Dunant' 6-max Seat #4 is the button
Seat 1: 50CandyJoe ($100 in chips) 
Seat 2: CashfishT ($100 in chips) 
Seat 3: LuckyShikari ($107.50 in chips) 
Seat 4: tukeiron ($100 in chips) 
Seat 5: cacan89 ($160.83 in chips) 
Seat 6: Joker007r ($138.66 in chips) 
cacan89: posts small blind $0.50
Joker007r: posts big blind $1
*** HOLE CARDS ***
50CandyJoe: folds 
CashfishT: folds 
LuckyShikari: folds 
tukeiron: raises $1.50 to $2.50
cacan89: folds 
Joker007r: folds 
Uncalled bet ($1.50) returned to tukeiron
tukeiron collected $2.50 from pot
tukeiron: doesn't show hand 
*** SUMMARY ***
Total pot $2.50 | Rake $0 
Seat 1: 50CandyJoe folded before Flop (didn't bet)
Seat 2: CashfishT folded before Flop (didn't bet)
Seat 3: LuckyShikari folded before Flop (didn't bet)
Seat 4: tukeiron (button) collected ($2.50)
Seat 5: cacan89 (small blind) folded before Flop
Seat 6: Joker007r (big blind) folded before Flop



