PokerStars Hand #254217894166:  Hold'em No Limit ($0.50/$1.00 USD) - 2025/01/05 22:06:42 WET [2025/01/05 17:06:42 ET]
Table 'Virgo II' 6-max Seat #1 is the button
Seat 1: SorinS28 ($100.50 in chips) 
Seat 2: AllN1ghtL0ng ($100 in chips) 
Seat 3: CichiChanMarian ($100 in chips) 
AllN1ghtL0ng: posts small blind $0.50
CichiChanMarian: posts big blind $1
*** HOLE CARDS ***
SorinS28: folds 
AllN1ghtL0ng: folds 
Uncalled bet ($0.50) returned to CichiChanMarian
CichiChanMarian collected $1 from pot
CichiChanMarian: doesn't show hand 
*** SUMMARY ***
Total pot $1 | Rake $0 
Seat 1: SorinS28 (button) folded before Flop (didn't bet)
Seat 2: AllN1ghtL0ng (small blind) folded before Flop
Seat 3: CichiChanMarian (big blind) collected ($1)



PokerStars Hand #254217899261:  Hold'em No Limit ($0.50/$1.00 USD) - 2025/01/05 22:06:55 WET [2025/01/05 17:06:55 ET]
Table 'Virgo II' 6-max Seat #2 is the button
Seat 1: SorinS28 ($100.50 in chips) 
Seat 2: AllN1ghtL0ng ($100 in chips) 
Seat 3: CichiChanMarian ($100.50 in chips) 
CichiChanMarian: posts small blind $0.50
SorinS28: posts big blind $1
*** HOLE CARDS ***
AllN1ghtL0ng: folds 
CichiChanMarian: folds 
Uncalled bet ($0.50) returned to SorinS28
SorinS28 collected $1 from pot
SorinS28: doesn't show hand 
*** SUMMARY ***
Total pot $1 | Rake $0 
Seat 1: SorinS28 (big blind) collected ($1)
Seat 2: AllN1ghtL0ng (button) folded before Flop (didn't bet)
Seat 3: CichiChanMarian (small blind) folded before Flop



PokerStars Hand #254217903991:  Hold'em No Limit ($0.50/$1.00 USD) - 2025/01/05 22:07:06 WET [2025/01/05 17:07:06 ET]
Table 'Virgo II' 6-max Seat #1 is the button
Seat 2: AllN1ghtL0ng ($100 in chips) is sitting out
Seat 1: SorinS28 ($101 in chips) 
Seat 3: CichiChanMarian ($100 in chips) 
SorinS28: posts small blind $0.50
AllN1ghtL0ng: is sitting out 
CichiChanMarian: posts big blind $1
*** HOLE CARDS ***
SorinS28: folds 
Uncalled bet ($0.50) returned to CichiChanMarian
CichiChanMarian collected $1 from pot
CichiChanMarian: doesn't show hand 
*** SUMMARY ***
Total pot $1 | Rake $0 
Seat 2: AllN1ghtL0ng
Seat 1: SorinS28 (button) (small blind) folded before Flop
Seat 3: CichiChanMarian (big blind) collected ($1)



PokerStars Hand #254217907697:  Hold'em No Limit ($0.50/$1.00 USD) - 2025/01/05 22:07:15 WET [2025/01/05 17:07:15 ET]
Table 'Virgo II' 6-max Seat #3 is the button
Seat 2: AllN1ghtL0ng ($100 in chips) is sitting out
Seat 1: SorinS28 ($100.50 in chips) 
Seat 3: CichiChanMarian ($100.50 in chips) 
CichiChanMarian: posts small blind $0.50
SorinS28: posts big blind $1
*** HOLE CARDS ***
AllN1ghtL0ng leaves the table
CichiChanMarian: raises $2 to $3
SorinS28: calls $2
*** FLOP *** [6c 6h 7c]
SorinS28: checks 
CichiChanMarian: checks 
*** TURN *** [6c 6h 7c] [Jh]
SorinS28: checks 
CichiChanMarian: checks 
*** RIVER *** [6c 6h 7c Jh] [Qh]
jih1104 joins the table at seat #2 
jih1104 is disconnected 
Alinyr joins the table at seat #4 
kekoccc joins the table at seat #6 
SorinS28: checks 
CichiChanMarian: bets $4.28
AlexPinsk1 joins the table at seat #5 
SorinS28: calls $4.28
*** SHOW DOWN ***
CichiChanMarian: shows [Kc 9h] (a pair of Sixes)
SorinS28: shows [4d 7d] (two pair, Sevens and Sixes)
SorinS28 collected $13.83 from pot
*** SUMMARY ***
Total pot $14.56 | Rake $0.73 
Board [6c 6h 7c Jh Qh]
Seat 2: AllN1ghtL0ng
Seat 1: SorinS28 (big blind) showed [4d 7d] and won ($13.83) with two pair, Sevens and Sixes
Seat 3: CichiChanMarian (button) (small blind) showed [Kc 9h] and lost with a pair of Sixes



PokerStars Hand #254217929224:  Hold'em No Limit ($0.50/$1.00 USD) - 2025/01/05 22:08:08 WET [2025/01/05 17:08:08 ET]
Table 'Virgo II' 6-max Seat #4 is the button
Seat 1: SorinS28 ($107.05 in chips) is sitting out
Seat 2: jih1104 ($62.09 in chips) 
Seat 3: CichiChanMarian ($100 in chips) 
Seat 4: Alinyr ($100 in chips) 
Seat 5: AlexPinsk1 ($100 in chips) 
Seat 6: kekoccc ($100 in chips) 
AlexPinsk1: posts small blind $0.50
kekoccc: posts big blind $1
*** HOLE CARDS ***
jih1104: folds 
CichiChanMarian: folds 
Alinyr: raises $1.50 to $2.50
AlexPinsk1: folds 
kekoccc: calls $1.50
*** FLOP *** [5c Th 3s]
kekoccc: checks 
Alinyr: bets $1.30
kekoccc: calls $1.30
*** TURN *** [5c Th 3s] [3d]
kekoccc: checks 
Alinyr: checks 
*** RIVER *** [5c Th 3s 3d] [Ah]
kekoccc: checks 
Alinyr: bets $5.78
kekoccc: folds 
Uncalled bet ($5.78) returned to Alinyr
Alinyr collected $7.70 from pot
Alinyr: doesn't show hand 
*** SUMMARY ***
Total pot $8.10 | Rake $0.40 
Board [5c Th 3s 3d Ah]
Seat 1: SorinS28
Seat 2: jih1104 folded before Flop (didn't bet)
Seat 3: CichiChanMarian folded before Flop (didn't bet)
Seat 4: Alinyr (button) collected ($7.70)
Seat 5: AlexPinsk1 (small blind) folded before Flop
Seat 6: kekoccc (big blind) folded on the River



PokerStars Hand #254217963077:  Hold'em No Limit ($0.50/$1.00 USD) - 2025/01/05 22:09:32 WET [2025/01/05 17:09:32 ET]
Table 'Virgo II' 6-max Seat #5 is the button
Seat 1: SorinS28 ($107.05 in chips) is sitting out
Seat 2: jih1104 ($62.09 in chips) 
Seat 3: CichiChanMarian ($100 in chips) 
Seat 4: Alinyr ($103.90 in chips) 
Seat 5: AlexPinsk1 ($100 in chips) 
Seat 6: kekoccc ($100 in chips) 
kekoccc: posts small blind $0.50
jih1104: posts big blind $1
*** HOLE CARDS ***
CichiChanMarian: folds 
Alinyr: raises $1.28 to $2.28
AlexPinsk1: folds 
kekoccc: folds 
jih1104: calls $1.28
*** FLOP *** [3d 5c Js]
jih1104: checks 
Alinyr: bets $1.59
jih1104: calls $1.59
*** TURN *** [3d 5c Js] [3c]
jih1104: checks 
Alinyr: checks 
*** RIVER *** [3d 5c Js 3c] [2h]
jih1104: bets $4
Alinyr: calls $4
*** SHOW DOWN ***
jih1104: shows [4s 6h] (a straight, Deuce to Six)
Alinyr: mucks hand 
jih1104 collected $15.43 from pot
*** SUMMARY ***
Total pot $16.24 | Rake $0.81 
Board [3d 5c Js 3c 2h]
Seat 1: SorinS28
Seat 2: jih1104 (big blind) showed [4s 6h] and won ($15.43) with a straight, Deuce to Six
Seat 3: CichiChanMarian folded before Flop (didn't bet)
Seat 4: Alinyr mucked
Seat 5: AlexPinsk1 (button) folded before Flop (didn't bet)
Seat 6: kekoccc (small blind) folded before Flop



PokerStars Hand #254217991818:  Hold'em No Limit ($0.50/$1.00 USD) - 2025/01/05 22:10:44 WET [2025/01/05 17:10:44 ET]
Table 'Virgo II' 6-max Seat #6 is the button
Seat 1: SorinS28 ($107.05 in chips) is sitting out
Seat 2: jih1104 ($69.65 in chips) 
Seat 3: CichiChanMarian ($100 in chips) 
Seat 4: Alinyr ($100 in chips) 
Seat 5: AlexPinsk1 ($100 in chips) 
Seat 6: kekoccc ($100 in chips) 
jih1104: posts small blind $0.50
CichiChanMarian: posts big blind $1
*** HOLE CARDS ***
Alinyr: raises $1.05 to $2.05
AlexPinsk1: raises $4.95 to $7
kekoccc: folds 
jih1104: folds 
CichiChanMarian: folds 
Alinyr: folds 
Uncalled bet ($4.95) returned to AlexPinsk1
AlexPinsk1 collected $5.60 from pot
AlexPinsk1: doesn't show hand 
*** SUMMARY ***
Total pot $5.60 | Rake $0 
Seat 1: SorinS28
Seat 2: jih1104 (small blind) folded before Flop
Seat 3: CichiChanMarian (big blind) folded before Flop
Seat 4: Alinyr folded before Flop
Seat 5: AlexPinsk1 collected ($5.60)
Seat 6: kekoccc (button) folded before Flop (didn't bet)



PokerStars Hand #254218002214:  Hold'em No Limit ($0.50/$1.00 USD) - 2025/01/05 22:11:10 WET [2025/01/05 17:11:10 ET]
Table 'Virgo II' 6-max Seat #2 is the button
Seat 1: SorinS28 ($107.05 in chips) is sitting out
Seat 2: jih1104 ($69.15 in chips) 
Seat 3: CichiChanMarian ($100 in chips) 
Seat 4: Alinyr ($100 in chips) 
Seat 5: AlexPinsk1 ($103.55 in chips) 
Seat 6: kekoccc ($100 in chips) 
CichiChanMarian: posts small blind $0.50
Alinyr: posts big blind $1
SorinS28: sits out 
*** HOLE CARDS ***
AlexPinsk1: raises $1.50 to $2.50
kekoccc: folds 
jih1104: calls $2.50
CichiChanMarian: folds 
Alinyr: folds 
*** FLOP *** [5c Ac 2d]
AlexPinsk1: checks 
jih1104: checks 
*** TURN *** [5c Ac 2d] [7d]
AlexPinsk1: bets $2.04
jih1104: calls $2.04
*** RIVER *** [5c Ac 2d 7d] [3c]
AlexPinsk1: checks 
jih1104: bets $6
AlexPinsk1: calls $6
*** SHOW DOWN ***
jih1104: shows [9d Td] (high card Ace)
AlexPinsk1: shows [8c 8s] (a pair of Eights)
AlexPinsk1 collected $21.45 from pot
*** SUMMARY ***
Total pot $22.58 | Rake $1.13 
Board [5c Ac 2d 7d 3c]
Seat 1: SorinS28
Seat 2: jih1104 (button) showed [9d Td] and lost with high card Ace
Seat 3: CichiChanMarian (small blind) folded before Flop
Seat 4: Alinyr (big blind) folded before Flop
Seat 5: AlexPinsk1 showed [8c 8s] and won ($21.45) with a pair of Eights
Seat 6: kekoccc folded before Flop (didn't bet)



PokerStars Hand #254218024565:  Hold'em No Limit ($0.50/$1.00 USD) - 2025/01/05 22:12:06 WET [2025/01/05 17:12:06 ET]
Table 'Virgo II' 6-max Seat #3 is the button
Seat 1: SorinS28 ($107.05 in chips) is sitting out
Seat 2: jih1104 ($58.61 in chips) 
Seat 3: CichiChanMarian ($100 in chips) 
Seat 4: Alinyr ($100 in chips) 
Seat 5: AlexPinsk1 ($114.46 in chips) 
Seat 6: kekoccc ($100 in chips) 
Alinyr: posts small blind $0.50
AlexPinsk1: posts big blind $1
SorinS28: sits out 
*** HOLE CARDS ***
kekoccc: folds 
jih1104: folds 
CichiChanMarian: raises $1.50 to $2.50
Alinyr: folds 
AlexPinsk1: raises $9.50 to $12
CichiChanMarian: folds 
Uncalled bet ($9.50) returned to AlexPinsk1
AlexPinsk1 collected $5.50 from pot
AlexPinsk1: doesn't show hand 
*** SUMMARY ***
Total pot $5.50 | Rake $0 
Seat 1: SorinS28
Seat 2: jih1104 folded before Flop (didn't bet)
Seat 3: CichiChanMarian (button) folded before Flop
Seat 4: Alinyr (small blind) folded before Flop
Seat 5: AlexPinsk1 (big blind) collected ($5.50)
Seat 6: kekoccc folded before Flop (didn't bet)



PokerStars Hand #254218033086:  Hold'em No Limit ($0.50/$1.00 USD) - 2025/01/05 22:12:27 WET [2025/01/05 17:12:27 ET]
Table 'Virgo II' 6-max Seat #4 is the button
Seat 1: SorinS28 ($107.05 in chips) is sitting out
Seat 2: jih1104 ($58.61 in chips) 
Seat 3: CichiChanMarian ($100 in chips) 
Seat 4: Alinyr ($100 in chips) 
Seat 5: AlexPinsk1 ($117.46 in chips) 
Seat 6: kekoccc ($100 in chips) 
AlexPinsk1: posts small blind $0.50
kekoccc: posts big blind $1
SorinS28: sits out 
*** HOLE CARDS ***
jih1104: calls $1
CichiChanMarian: raises $3 to $4
Alinyr: folds 
AlexPinsk1: folds 
kekoccc: folds 
jih1104: calls $3
*** FLOP *** [As 8h Jd]
jih1104: checks 
CichiChanMarian: bets $2.98
jih1104: calls $2.98
*** TURN *** [As 8h Jd] [4c]
jih1104: checks 
CichiChanMarian: bets $11.02
jih1104: folds 
Uncalled bet ($11.02) returned to CichiChanMarian
CichiChanMarian collected $14.69 from pot
CichiChanMarian: doesn't show hand 
*** SUMMARY ***
Total pot $15.46 | Rake $0.77 
Board [As 8h Jd 4c]
Seat 1: SorinS28
Seat 2: jih1104 folded on the Turn
Seat 3: CichiChanMarian collected ($14.69)
Seat 4: Alinyr (button) folded before Flop (didn't bet)
Seat 5: AlexPinsk1 (small blind) folded before Flop
Seat 6: kekoccc (big blind) folded before Flop



PokerStars Hand #254218048748:  Hold'em No Limit ($0.50/$1.00 USD) - 2025/01/05 22:13:07 WET [2025/01/05 17:13:07 ET]
Table 'Virgo II' 6-max Seat #5 is the button
Seat 1: SorinS28 ($107.05 in chips) 
Seat 2: jih1104 ($51.63 in chips) 
Seat 3: CichiChanMarian ($107.71 in chips) 
Seat 4: Alinyr ($100 in chips) 
Seat 5: AlexPinsk1 ($116.96 in chips) 
Seat 6: kekoccc ($100 in chips) 
kekoccc: posts small blind $0.50
SorinS28: posts big blind $1
*** HOLE CARDS ***
jih1104: folds 
CichiChanMarian: folds 
Alinyr: folds 
AlexPinsk1: raises $1.50 to $2.50
kekoccc: folds 
SorinS28: calls $1.50
*** FLOP *** [9h 6h 9d]
SorinS28: checks 
AlexPinsk1: checks 
*** TURN *** [9h 6h 9d] [Ks]
SorinS28: checks 
AlexPinsk1: checks 
*** RIVER *** [9h 6h 9d Ks] [Kc]
SorinS28: checks 
AlexPinsk1: checks 
*** SHOW DOWN ***
SorinS28: shows [Jc Td] (two pair, Kings and Nines)
AlexPinsk1: shows [4h Ac] (two pair, Kings and Nines - Ace kicker)
AlexPinsk1 collected $5.22 from pot
*** SUMMARY ***
Total pot $5.50 | Rake $0.28 
Board [9h 6h 9d Ks Kc]
Seat 1: SorinS28 (big blind) showed [Jc Td] and lost with two pair, Kings and Nines
Seat 2: jih1104 folded before Flop (didn't bet)
Seat 3: CichiChanMarian folded before Flop (didn't bet)
Seat 4: Alinyr folded before Flop (didn't bet)
Seat 5: AlexPinsk1 (button) showed [4h Ac] and won ($5.22) with two pair, Kings and Nines
Seat 6: kekoccc (small blind) folded before Flop



PokerStars Hand #254218074150:  Hold'em No Limit ($0.50/$1.00 USD) - 2025/01/05 22:14:11 WET [2025/01/05 17:14:11 ET]
Table 'Virgo II' 6-max Seat #6 is the button
Seat 1: SorinS28 ($104.55 in chips) 
Seat 2: jih1104 ($51.63 in chips) 
Seat 3: CichiChanMarian ($107.71 in chips) 
Seat 4: Alinyr ($100 in chips) 
Seat 5: AlexPinsk1 ($119.68 in chips) 
Seat 6: kekoccc ($100 in chips) 
SorinS28: posts small blind $0.50
jih1104: posts big blind $1
*** HOLE CARDS ***
CichiChanMarian: folds 
Alinyr: folds 
AlexPinsk1: folds 
kekoccc: raises $1.50 to $2.50
SorinS28: folds 
jih1104: calls $1.50
*** FLOP *** [7c Kd Jh]
jih1104: checks 
kekoccc: bets $2.09
jih1104: folds 
Uncalled bet ($2.09) returned to kekoccc
kekoccc collected $5.22 from pot
kekoccc: doesn't show hand 
*** SUMMARY ***
Total pot $5.50 | Rake $0.28 
Board [7c Kd Jh]
Seat 1: SorinS28 (small blind) folded before Flop
Seat 2: jih1104 (big blind) folded on the Flop
Seat 3: CichiChanMarian folded before Flop (didn't bet)
Seat 4: Alinyr folded before Flop (didn't bet)
Seat 5: AlexPinsk1 folded before Flop (didn't bet)
Seat 6: kekoccc (button) collected ($5.22)



PokerStars Hand #254218087945:  Hold'em No Limit ($0.50/$1.00 USD) - 2025/01/05 22:14:46 WET [2025/01/05 17:14:46 ET]
Table 'Virgo II' 6-max Seat #1 is the button
Seat 1: SorinS28 ($104.05 in chips) 
Seat 2: jih1104 ($49.13 in chips) 
Seat 3: CichiChanMarian ($107.71 in chips) 
Seat 4: Alinyr ($100 in chips) 
Seat 5: AlexPinsk1 ($119.68 in chips) 
Seat 6: kekoccc ($102.72 in chips) 
jih1104: posts small blind $0.50
CichiChanMarian: posts big blind $1
*** HOLE CARDS ***
Alinyr: folds 
AlexPinsk1: folds 
kekoccc: folds 
SorinS28: folds 
jih1104: raises $1 to $2
CichiChanMarian: calls $1
*** FLOP *** [8s 5s 3d]
jih1104: bets $1.90
CichiChanMarian: calls $1.90
*** TURN *** [8s 5s 3d] [2d]
jih1104: bets $7.41
CichiChanMarian: calls $7.41
*** RIVER *** [8s 5s 3d 2d] [6h]
jih1104: bets $7
CichiChanMarian: calls $7
*** SHOW DOWN ***
jih1104: shows [6d 8d] (two pair, Eights and Sixes)
CichiChanMarian: mucks hand 
jih1104 collected $34.79 from pot
*** SUMMARY ***
Total pot $36.62 | Rake $1.83 
Board [8s 5s 3d 2d 6h]
Seat 1: SorinS28 (button) folded before Flop (didn't bet)
Seat 2: jih1104 (small blind) showed [6d 8d] and won ($34.79) with two pair, Eights and Sixes
Seat 3: CichiChanMarian (big blind) mucked
Seat 4: Alinyr folded before Flop (didn't bet)
Seat 5: AlexPinsk1 folded before Flop (didn't bet)
Seat 6: kekoccc folded before Flop (didn't bet)



PokerStars Hand #254218116729:  Hold'em No Limit ($0.50/$1.00 USD) - 2025/01/05 22:15:58 WET [2025/01/05 17:15:58 ET]
Table 'Virgo II' 6-max Seat #2 is the button
Seat 1: SorinS28 ($104.05 in chips) 
Seat 2: jih1104 ($65.61 in chips) 
Seat 3: CichiChanMarian ($100 in chips) 
Seat 4: Alinyr ($100 in chips) 
Seat 5: AlexPinsk1 ($119.68 in chips) 
Seat 6: kekoccc ($102.72 in chips) 
CichiChanMarian: posts small blind $0.50
Alinyr: posts big blind $1
*** HOLE CARDS ***
AlexPinsk1: raises $1.50 to $2.50
kekoccc: folds 
SorinS28: folds 
jih1104: calls $2.50
CichiChanMarian: folds 
Alinyr: calls $1.50
*** FLOP *** [9d 3h 6s]
Alinyr: checks 
AlexPinsk1: checks 
jih1104: bets $3
Alinyr: raises $8.98 to $11.98
AlexPinsk1: folds 
jih1104: folds 
Uncalled bet ($8.98) returned to Alinyr
Alinyr collected $13.30 from pot
Alinyr: doesn't show hand 
*** SUMMARY ***
Total pot $14 | Rake $0.70 
Board [9d 3h 6s]
Seat 1: SorinS28 folded before Flop (didn't bet)
Seat 2: jih1104 (button) folded on the Flop
Seat 3: CichiChanMarian (small blind) folded before Flop
Seat 4: Alinyr (big blind) collected ($13.30)
Seat 5: AlexPinsk1 folded on the Flop
Seat 6: kekoccc folded before Flop (didn't bet)



PokerStars Hand #254218151349:  Hold'em No Limit ($0.50/$1.00 USD) - 2025/01/05 22:17:24 WET [2025/01/05 17:17:24 ET]
Table 'Virgo II' 6-max Seat #3 is the button
Seat 1: SorinS28 ($104.05 in chips) 
Seat 2: jih1104 ($60.11 in chips) 
Seat 3: CichiChanMarian ($100 in chips) 
Seat 4: Alinyr ($107.80 in chips) 
Seat 5: AlexPinsk1 ($117.18 in chips) 
Seat 6: kekoccc ($102.72 in chips) 
Alinyr: posts small blind $0.50
AlexPinsk1: posts big blind $1
*** HOLE CARDS ***
kekoccc: folds 
SorinS28: raises $1.02 to $2.02
jih1104: calls $2.02
CichiChanMarian: folds 
Alinyr: folds 
AlexPinsk1: folds 
*** FLOP *** [As Ks 9h]
SorinS28: checks 
jih1104: checks 
*** TURN *** [As Ks 9h] [Kh]
SorinS28: bets $2.89
jih1104: calls $2.89
*** RIVER *** [As Ks 9h Kh] [Kd]
SorinS28: checks 
jih1104: checks 
*** SHOW DOWN ***
SorinS28: shows [Jh Ad] (a full house, Kings full of Aces)
jih1104: mucks hand 
SorinS28 collected $10.75 from pot
*** SUMMARY ***
Total pot $11.32 | Rake $0.57 
Board [As Ks 9h Kh Kd]
Seat 1: SorinS28 showed [Jh Ad] and won ($10.75) with a full house, Kings full of Aces
Seat 2: jih1104 mucked
Seat 3: CichiChanMarian (button) folded before Flop (didn't bet)
Seat 4: Alinyr (small blind) folded before Flop
Seat 5: AlexPinsk1 (big blind) folded before Flop
Seat 6: kekoccc folded before Flop (didn't bet)



PokerStars Hand #254218175219:  Hold'em No Limit ($0.50/$1.00 USD) - 2025/01/05 22:18:24 WET [2025/01/05 17:18:24 ET]
Table 'Virgo II' 6-max Seat #4 is the button
Seat 1: SorinS28 ($109.89 in chips) 
Seat 2: jih1104 ($55.20 in chips) 
Seat 3: CichiChanMarian ($100 in chips) 
Seat 4: Alinyr ($107.30 in chips) 
Seat 5: AlexPinsk1 ($116.18 in chips) 
Seat 6: kekoccc ($102.72 in chips) 
AlexPinsk1: posts small blind $0.50
kekoccc: posts big blind $1
*** HOLE CARDS ***
SorinS28: folds 
jih1104: folds 
CichiChanMarian: raises $1.50 to $2.50
Alinyr: folds 
AlexPinsk1: folds 
kekoccc: folds 
Uncalled bet ($1.50) returned to CichiChanMarian
CichiChanMarian collected $2.50 from pot
CichiChanMarian: doesn't show hand 
*** SUMMARY ***
Total pot $2.50 | Rake $0 
Seat 1: SorinS28 folded before Flop (didn't bet)
Seat 2: jih1104 folded before Flop (didn't bet)
Seat 3: CichiChanMarian collected ($2.50)
Seat 4: Alinyr (button) folded before Flop (didn't bet)
Seat 5: AlexPinsk1 (small blind) folded before Flop
Seat 6: kekoccc (big blind) folded before Flop



PokerStars Hand #254218181190:  Hold'em No Limit ($0.50/$1.00 USD) - 2025/01/05 22:18:40 WET [2025/01/05 17:18:40 ET]
Table 'Virgo II' 6-max Seat #5 is the button
Seat 1: SorinS28 ($109.89 in chips) 
Seat 2: jih1104 ($55.20 in chips) 
Seat 3: CichiChanMarian ($101.50 in chips) 
Seat 4: Alinyr ($107.30 in chips) 
Seat 5: AlexPinsk1 ($115.68 in chips) 
Seat 6: kekoccc ($101.72 in chips) 
kekoccc: posts small blind $0.50
SorinS28: posts big blind $1
*** HOLE CARDS ***
jih1104: raises $2 to $3
CichiChanMarian: folds 
Alinyr: folds 
AlexPinsk1: folds 
kekoccc: folds 
SorinS28: folds 
Uncalled bet ($2) returned to jih1104
jih1104 collected $2.50 from pot
*** SUMMARY ***
Total pot $2.50 | Rake $0 
Seat 1: SorinS28 (big blind) folded before Flop
Seat 2: jih1104 collected ($2.50)
Seat 3: CichiChanMarian folded before Flop (didn't bet)
Seat 4: Alinyr folded before Flop (didn't bet)
Seat 5: AlexPinsk1 (button) folded before Flop (didn't bet)
Seat 6: kekoccc (small blind) folded before Flop



PokerStars Hand #254218190655:  Hold'em No Limit ($0.50/$1.00 USD) - 2025/01/05 22:19:04 WET [2025/01/05 17:19:04 ET]
Table 'Virgo II' 6-max Seat #6 is the button
Seat 1: SorinS28 ($108.89 in chips) 
Seat 2: jih1104 ($56.70 in chips) 
Seat 3: CichiChanMarian ($101.50 in chips) 
Seat 4: Alinyr ($107.30 in chips) 
Seat 5: AlexPinsk1 ($115.68 in chips) 
Seat 6: kekoccc ($101.22 in chips) 
SorinS28: posts small blind $0.50
jih1104: posts big blind $1
*** HOLE CARDS ***
CichiChanMarian: folds 
Alinyr: folds 
AlexPinsk1: raises $1.50 to $2.50
kekoccc: folds 
SorinS28: folds 
jih1104: calls $1.50
*** FLOP *** [6h Js 4s]
jih1104: checks 
AlexPinsk1: checks 
*** TURN *** [6h Js 4s] [9h]
jih1104: checks 
AlexPinsk1: bets $7
jih1104: folds 
Uncalled bet ($7) returned to AlexPinsk1
AlexPinsk1 collected $5.22 from pot
AlexPinsk1: doesn't show hand 
*** SUMMARY ***
Total pot $5.50 | Rake $0.28 
Board [6h Js 4s 9h]
Seat 1: SorinS28 (small blind) folded before Flop
Seat 2: jih1104 (big blind) folded on the Turn
Seat 3: CichiChanMarian folded before Flop (didn't bet)
Seat 4: Alinyr folded before Flop (didn't bet)
Seat 5: AlexPinsk1 collected ($5.22)
Seat 6: kekoccc (button) folded before Flop (didn't bet)



PokerStars Hand #254218205100:  Hold'em No Limit ($0.50/$1.00 USD) - 2025/01/05 22:19:41 WET [2025/01/05 17:19:41 ET]
Table 'Virgo II' 6-max Seat #1 is the button
Seat 1: SorinS28 ($108.39 in chips) 
Seat 2: jih1104 ($54.20 in chips) 
Seat 3: CichiChanMarian ($101.50 in chips) 
Seat 4: Alinyr ($107.30 in chips) 
Seat 5: AlexPinsk1 ($118.40 in chips) 
Seat 6: kekoccc ($101.22 in chips) 
jih1104: posts small blind $0.50
CichiChanMarian: posts big blind $1
*** HOLE CARDS ***
Alinyr: folds 
AlexPinsk1: raises $1.50 to $2.50
kekoccc: folds 
SorinS28: folds 
jih1104: calls $2
CichiChanMarian: folds 
*** FLOP *** [Ah 8c 2s]
jih1104: checks 
AlexPinsk1: checks 
*** TURN *** [Ah 8c 2s] [Kd]
jih1104: checks 
AlexPinsk1: checks 
*** RIVER *** [Ah 8c 2s Kd] [4c]
jih1104: checks 
AlexPinsk1: checks 
*** SHOW DOWN ***
jih1104: shows [6c 8h] (a pair of Eights)
AlexPinsk1: shows [Kc Ts] (a pair of Kings)
AlexPinsk1 collected $5.70 from pot
*** SUMMARY ***
Total pot $6 | Rake $0.30 
Board [Ah 8c 2s Kd 4c]
Seat 1: SorinS28 (button) folded before Flop (didn't bet)
Seat 2: jih1104 (small blind) showed [6c 8h] and lost with a pair of Eights
Seat 3: CichiChanMarian (big blind) folded before Flop
Seat 4: Alinyr folded before Flop (didn't bet)
Seat 5: AlexPinsk1 showed [Kc Ts] and won ($5.70) with a pair of Kings
Seat 6: kekoccc folded before Flop (didn't bet)



PokerStars Hand #254218226352:  Hold'em No Limit ($0.50/$1.00 USD) - 2025/01/05 22:20:35 WET [2025/01/05 17:20:35 ET]
Table 'Virgo II' 6-max Seat #2 is the button
Seat 1: SorinS28 ($108.39 in chips) 
Seat 2: jih1104 ($51.70 in chips) 
Seat 3: CichiChanMarian ($100.50 in chips) 
Seat 4: Alinyr ($107.30 in chips) 
Seat 5: AlexPinsk1 ($121.60 in chips) 
Seat 6: kekoccc ($101.22 in chips) 
CichiChanMarian: posts small blind $0.50
Alinyr: posts big blind $1
*** HOLE CARDS ***
AlexPinsk1: folds 
kekoccc: raises $1.50 to $2.50
SorinS28: folds 
jih1104: folds 
CichiChanMarian: folds 
Alinyr: folds 
Uncalled bet ($1.50) returned to kekoccc
kekoccc collected $2.50 from pot
kekoccc: doesn't show hand 
*** SUMMARY ***
Total pot $2.50 | Rake $0 
Seat 1: SorinS28 folded before Flop (didn't bet)
Seat 2: jih1104 (button) folded before Flop (didn't bet)
Seat 3: CichiChanMarian (small blind) folded before Flop
Seat 4: Alinyr (big blind) folded before Flop
Seat 5: AlexPinsk1 folded before Flop (didn't bet)
Seat 6: kekoccc collected ($2.50)



PokerStars Hand #254218232178:  Hold'em No Limit ($0.50/$1.00 USD) - 2025/01/05 22:20:49 WET [2025/01/05 17:20:49 ET]
Table 'Virgo II' 6-max Seat #3 is the button
Seat 1: SorinS28 ($108.39 in chips) 
Seat 2: jih1104 ($51.70 in chips) 
Seat 3: CichiChanMarian ($100 in chips) 
Seat 4: Alinyr ($106.30 in chips) 
Seat 5: AlexPinsk1 ($121.60 in chips) 
Seat 6: kekoccc ($102.72 in chips) 
Alinyr: posts small blind $0.50
AlexPinsk1: posts big blind $1
*** HOLE CARDS ***
kekoccc: folds 
SorinS28: folds 
jih1104: folds 
CichiChanMarian: folds 
Alinyr: raises $2 to $3
AlexPinsk1: folds 
Uncalled bet ($2) returned to Alinyr
Alinyr collected $2 from pot
Alinyr: doesn't show hand 
*** SUMMARY ***
Total pot $2 | Rake $0 
Seat 1: SorinS28 folded before Flop (didn't bet)
Seat 2: jih1104 folded before Flop (didn't bet)
Seat 3: CichiChanMarian (button) folded before Flop (didn't bet)
Seat 4: Alinyr (small blind) collected ($2)
Seat 5: AlexPinsk1 (big blind) folded before Flop
Seat 6: kekoccc folded before Flop (didn't bet)



PokerStars Hand #254218241068:  Hold'em No Limit ($0.50/$1.00 USD) - 2025/01/05 22:21:12 WET [2025/01/05 17:21:12 ET]
Table 'Virgo II' 6-max Seat #4 is the button
Seat 1: SorinS28 ($108.39 in chips) 
Seat 2: jih1104 ($51.70 in chips) 
Seat 3: CichiChanMarian ($100 in chips) 
Seat 4: Alinyr ($107.30 in chips) 
Seat 5: AlexPinsk1 ($120.60 in chips) 
Seat 6: kekoccc ($102.72 in chips) 
AlexPinsk1: posts small blind $0.50
kekoccc: posts big blind $1
*** HOLE CARDS ***
SorinS28: folds 
jih1104: calls $1
CichiChanMarian: folds 
Alinyr: folds 
AlexPinsk1: folds 
kekoccc: raises $4.50 to $5.50
jih1104: calls $4.50
*** FLOP *** [3d 8s 9d]
kekoccc: checks 
jih1104: checks 
*** TURN *** [3d 8s 9d] [Ah]
kekoccc: bets $5.45
jih1104: folds 
Uncalled bet ($5.45) returned to kekoccc
kekoccc collected $10.92 from pot
kekoccc: doesn't show hand 
*** SUMMARY ***
Total pot $11.50 | Rake $0.58 
Board [3d 8s 9d Ah]
Seat 1: SorinS28 folded before Flop (didn't bet)
Seat 2: jih1104 folded on the Turn
Seat 3: CichiChanMarian folded before Flop (didn't bet)
Seat 4: Alinyr (button) folded before Flop (didn't bet)
Seat 5: AlexPinsk1 (small blind) folded before Flop
Seat 6: kekoccc (big blind) collected ($10.92)



PokerStars Hand #254218261927:  Hold'em No Limit ($0.50/$1.00 USD) - 2025/01/05 22:22:04 WET [2025/01/05 17:22:04 ET]
Table 'Virgo II' 6-max Seat #5 is the button
Seat 1: SorinS28 ($108.39 in chips) 
Seat 2: jih1104 ($46.20 in chips) 
Seat 3: CichiChanMarian ($100 in chips) 
Seat 4: Alinyr ($107.30 in chips) 
Seat 5: AlexPinsk1 ($120.10 in chips) 
Seat 6: kekoccc ($108.14 in chips) 
kekoccc: posts small blind $0.50
SorinS28: posts big blind $1
*** HOLE CARDS ***
jih1104: folds 
CichiChanMarian: raises $1.50 to $2.50
Alinyr: folds 
AlexPinsk1: folds 
kekoccc: folds 
SorinS28: folds 
Uncalled bet ($1.50) returned to CichiChanMarian
CichiChanMarian collected $2.50 from pot
CichiChanMarian: doesn't show hand 
*** SUMMARY ***
Total pot $2.50 | Rake $0 
Seat 1: SorinS28 (big blind) folded before Flop
Seat 2: jih1104 folded before Flop (didn't bet)
Seat 3: CichiChanMarian collected ($2.50)
Seat 4: Alinyr folded before Flop (didn't bet)
Seat 5: AlexPinsk1 (button) folded before Flop (didn't bet)
Seat 6: kekoccc (small blind) folded before Flop



PokerStars Hand #254218266517:  Hold'em No Limit ($0.50/$1.00 USD) - 2025/01/05 22:22:16 WET [2025/01/05 17:22:16 ET]
Table 'Virgo II' 6-max Seat #6 is the button
Seat 1: SorinS28 ($107.39 in chips) 
Seat 2: jih1104 ($46.20 in chips) 
Seat 3: CichiChanMarian ($101.50 in chips) 
Seat 4: Alinyr ($107.30 in chips) 
Seat 5: AlexPinsk1 ($120.10 in chips) 
Seat 6: kekoccc ($107.64 in chips) 
SorinS28: posts small blind $0.50
jih1104: posts big blind $1
*** HOLE CARDS ***
CichiChanMarian: folds 
Alinyr: folds 
AlexPinsk1: folds 
kekoccc: folds 
SorinS28: folds 
Uncalled bet ($0.50) returned to jih1104
jih1104 collected $1 from pot
*** SUMMARY ***
Total pot $1 | Rake $0 
Seat 1: SorinS28 (small blind) folded before Flop
Seat 2: jih1104 (big blind) collected ($1)
Seat 3: CichiChanMarian folded before Flop (didn't bet)
Seat 4: Alinyr folded before Flop (didn't bet)
Seat 5: AlexPinsk1 folded before Flop (didn't bet)
Seat 6: kekoccc (button) folded before Flop (didn't bet)



PokerStars Hand #254218275134:  Hold'em No Limit ($0.50/$1.00 USD) - 2025/01/05 22:22:37 WET [2025/01/05 17:22:37 ET]
Table 'Virgo II' 6-max Seat #1 is the button
Seat 1: SorinS28 ($106.89 in chips) 
Seat 2: jih1104 ($46.70 in chips) 
Seat 3: CichiChanMarian ($101.50 in chips) 
Seat 4: Alinyr ($107.30 in chips) 
Seat 5: AlexPinsk1 ($120.10 in chips) 
Seat 6: kekoccc ($107.64 in chips) 
jih1104: posts small blind $0.50
CichiChanMarian: posts big blind $1
*** HOLE CARDS ***
Alinyr: raises $1.05 to $2.05
AlexPinsk1: folds 
kekoccc: folds 
SorinS28: folds 
jih1104: raises $3.95 to $6
CichiChanMarian: folds 
Alinyr: calls $3.95
*** FLOP *** [Qc 5d Qs]
jih1104: bets $10
Alinyr: raises $65.50 to $75.50
jih1104: calls $30.70 and is all-in
Uncalled bet ($34.80) returned to Alinyr
*** TURN *** [Qc 5d Qs] [5s]
*** RIVER *** [Qc 5d Qs 5s] [Qd]
*** SHOW DOWN ***
jih1104: shows [8d 8c] (a full house, Queens full of Eights)
Alinyr: shows [9s 9h] (a full house, Queens full of Nines)
Alinyr collected $91.90 from pot
*** SUMMARY ***
Total pot $94.40 | Rake $2.50 
Board [Qc 5d Qs 5s Qd]
Seat 1: SorinS28 (button) folded before Flop (didn't bet)
Seat 2: jih1104 (small blind) showed [8d 8c] and lost with a full house, Queens full of Eights
Seat 3: CichiChanMarian (big blind) folded before Flop
Seat 4: Alinyr showed [9s 9h] and won ($91.90) with a full house, Queens full of Nines
Seat 5: AlexPinsk1 folded before Flop (didn't bet)
Seat 6: kekoccc folded before Flop (didn't bet)



PokerStars Hand #254218303126:  Hold'em No Limit ($0.50/$1.00 USD) - 2025/01/05 22:23:48 WET [2025/01/05 17:23:48 ET]
Table 'Virgo II' 6-max Seat #3 is the button
Seat 2: jih1104 ($0 in chips) is sitting out
Seat 1: SorinS28 ($106.89 in chips) 
Seat 3: CichiChanMarian ($100.50 in chips) 
Seat 4: Alinyr ($152.50 in chips) 
Seat 5: AlexPinsk1 ($120.10 in chips) 
Seat 6: kekoccc ($107.64 in chips) 
Alinyr: posts small blind $0.50
AlexPinsk1: posts big blind $1
*** HOLE CARDS ***
kekoccc: folds 
SorinS28: folds 
CichiChanMarian: folds 
Alinyr: folds 
Uncalled bet ($0.50) returned to AlexPinsk1
AlexPinsk1 collected $1 from pot
AlexPinsk1: doesn't show hand 
jih1104 leaves the table
*** SUMMARY ***
Total pot $1 | Rake $0 
Seat 2: jih1104
Seat 1: SorinS28 folded before Flop (didn't bet)
Seat 3: CichiChanMarian (button) folded before Flop (didn't bet)
Seat 4: Alinyr (small blind) folded before Flop
Seat 5: AlexPinsk1 (big blind) collected ($1)
Seat 6: kekoccc folded before Flop (didn't bet)



PokerStars Hand #254218307577:  Hold'em No Limit ($0.50/$1.00 USD) - 2025/01/05 22:23:59 WET [2025/01/05 17:23:59 ET]
Table 'Virgo II' 6-max Seat #4 is the button
Seat 1: SorinS28 ($106.89 in chips) 
Seat 3: CichiChanMarian ($100.50 in chips) 
Seat 4: Alinyr ($152 in chips) 
Seat 5: AlexPinsk1 ($120.60 in chips) 
Seat 6: kekoccc ($107.64 in chips) 
AlexPinsk1: posts small blind $0.50
kekoccc: posts big blind $1
*** HOLE CARDS ***
SorinS28: folds 
CichiChanMarian: raises $1.50 to $2.50
Alinyr: folds 
AlexPinsk1: folds 
kekoccc: folds 
Uncalled bet ($1.50) returned to CichiChanMarian
CichiChanMarian collected $2.50 from pot
CichiChanMarian: doesn't show hand 
*** SUMMARY ***
Total pot $2.50 | Rake $0 
Seat 1: SorinS28 folded before Flop (didn't bet)
Seat 3: CichiChanMarian collected ($2.50)
Seat 4: Alinyr (button) folded before Flop (didn't bet)
Seat 5: AlexPinsk1 (small blind) folded before Flop
Seat 6: kekoccc (big blind) folded before Flop



PokerStars Hand #254218315457:  Hold'em No Limit ($0.50/$1.00 USD) - 2025/01/05 22:24:19 WET [2025/01/05 17:24:19 ET]
Table 'Virgo II' 6-max Seat #5 is the button
Seat 1: SorinS28 ($106.89 in chips) 
Seat 3: CichiChanMarian ($102 in chips) 
Seat 4: Alinyr ($152 in chips) 
Seat 5: AlexPinsk1 ($120.10 in chips) 
Seat 6: kekoccc ($106.64 in chips) 
kekoccc: posts small blind $0.50
SorinS28: posts big blind $1
*** HOLE CARDS ***
CichiChanMarian: raises $1.50 to $2.50
Alinyr: folds 
AlexPinsk1: folds 
kekoccc: folds 
SorinS28: folds 
Uncalled bet ($1.50) returned to CichiChanMarian
CichiChanMarian collected $2.50 from pot
CichiChanMarian: doesn't show hand 
*** SUMMARY ***
Total pot $2.50 | Rake $0 
Seat 1: SorinS28 (big blind) folded before Flop
Seat 3: CichiChanMarian collected ($2.50)
Seat 4: Alinyr folded before Flop (didn't bet)
Seat 5: AlexPinsk1 (button) folded before Flop (didn't bet)
Seat 6: kekoccc (small blind) folded before Flop



