PokerStars Hand #254220879874:  Hold'em No Limit ($0.50/$1.00 USD) - 2025/01/05 0:36:35 WET [2025/01/05 19:36:35 ET]
Table 'Shura II' 6-max Seat #4 is the button
Seat 1: Manifestorr ($104.45 in chips) 
Seat 2: m0nTTu ($100 in chips) 
Seat 3: rao999 ($101 in chips) 
Seat 4: gia870402 ($50.64 in chips) 
Seat 5: SorinS28 ($102.03 in chips) 
Seat 6: Supermegopro ($101.50 in chips) 
SorinS28: posts small blind $0.50
Supermegopro: posts big blind $1
*** HOLE CARDS ***
Manifestorr: folds 
m0nTTu: folds 
rao999: raises $1.50 to $2.50
gia870402: folds 
SorinS28: folds 
Supermegopro: folds 
Uncalled bet ($1.50) returned to rao999
rao999 collected $2.50 from pot
rao999: doesn't show hand 
*** SUMMARY ***
Total pot $2.50 | Rake $0 
Seat 1: Manifestorr folded before Flop (didn't bet)
Seat 2: m0nTTu folded before Flop (didn't bet)
Seat 3: rao999 collected ($2.50)
Seat 4: gia870402 (button) folded before Flop (didn't bet)
Seat 5: SorinS28 (small blind) folded before Flop
Seat 6: Supermegopro (big blind) folded before Flop



PokerStars Hand #254220884179:  Hold'em No Limit ($0.50/$1.00 USD) - 2025/01/05 0:36:52 WET [2025/01/05 19:36:52 ET]
Table 'Shura II' 6-max Seat #5 is the button
Seat 1: Manifestorr ($104.45 in chips) 
Seat 2: m0nTTu ($100 in chips) 
Seat 3: rao999 ($102.50 in chips) 
Seat 4: gia870402 ($50.64 in chips) 
Seat 5: SorinS28 ($101.53 in chips) 
Seat 6: Supermegopro ($100.50 in chips) 
Supermegopro: posts small blind $0.50
Manifestorr: posts big blind $1
*** HOLE CARDS ***
m0nTTu: folds 
rao999: folds 
gia870402: calls $1
SorinS28: folds 
Supermegopro: folds 
Manifestorr: checks 
*** FLOP *** [Ks 6h 8c]
Manifestorr: checks 
gia870402: checks 
*** TURN *** [Ks 6h 8c] [8h]
Manifestorr: checks 
gia870402: checks 
*** RIVER *** [Ks 6h 8c 8h] [Jd]
Manifestorr: checks 
gia870402: checks 
*** SHOW DOWN ***
Manifestorr: shows [2s Ac] (a pair of Eights)
gia870402: shows [6s 4c] (two pair, Eights and Sixes)
gia870402 collected $2.38 from pot
*** SUMMARY ***
Total pot $2.50 | Rake $0.12 
Board [Ks 6h 8c 8h Jd]
Seat 1: Manifestorr (big blind) showed [2s Ac] and lost with a pair of Eights
Seat 2: m0nTTu folded before Flop (didn't bet)
Seat 3: rao999 folded before Flop (didn't bet)
Seat 4: gia870402 showed [6s 4c] and won ($2.38) with two pair, Eights and Sixes
Seat 5: SorinS28 (button) folded before Flop (didn't bet)
Seat 6: Supermegopro (small blind) folded before Flop



PokerStars Hand #254220891765:  Hold'em No Limit ($0.50/$1.00 USD) - 2025/01/05 0:37:21 WET [2025/01/05 19:37:21 ET]
Table 'Shura II' 6-max Seat #6 is the button
Seat 1: Manifestorr ($103.45 in chips) 
Seat 2: m0nTTu ($100 in chips) 
Seat 3: rao999 ($102.50 in chips) 
Seat 4: gia870402 ($52.02 in chips) 
Seat 5: SorinS28 ($101.53 in chips) 
Seat 6: Supermegopro ($100 in chips) 
Manifestorr: posts small blind $0.50
m0nTTu: posts big blind $1
*** HOLE CARDS ***
rao999: folds 
gia870402: calls $1
SorinS28: folds 
Supermegopro: raises $3 to $4
Manifestorr: folds 
m0nTTu: folds 
gia870402: calls $3
*** FLOP *** [Ad Kc Ks]
gia870402: checks 
Supermegopro: bets $2.98
gia870402: calls $2.98
*** TURN *** [Ad Kc Ks] [Qc]
gia870402: checks 
Supermegopro: checks 
*** RIVER *** [Ad Kc Ks Qc] [Ts]
gia870402: checks 
Supermegopro: checks 
*** SHOW DOWN ***
gia870402: shows [5s As] (two pair, Aces and Kings)
Supermegopro: mucks hand 
gia870402 collected $14.69 from pot
*** SUMMARY ***
Total pot $15.46 | Rake $0.77 
Board [Ad Kc Ks Qc Ts]
Seat 1: Manifestorr (small blind) folded before Flop
Seat 2: m0nTTu (big blind) folded before Flop
Seat 3: rao999 folded before Flop (didn't bet)
Seat 4: gia870402 showed [5s As] and won ($14.69) with two pair, Aces and Kings
Seat 5: SorinS28 folded before Flop (didn't bet)
Seat 6: Supermegopro (button) mucked



PokerStars Hand #254220908595:  Hold'em No Limit ($0.50/$1.00 USD) - 2025/01/05 0:38:25 WET [2025/01/05 19:38:25 ET]
Table 'Shura II' 6-max Seat #1 is the button
Seat 1: Manifestorr ($102.95 in chips) 
Seat 2: m0nTTu ($99 in chips) 
Seat 3: rao999 ($102.50 in chips) 
Seat 4: gia870402 ($59.73 in chips) 
Seat 5: SorinS28 ($101.53 in chips) 
Seat 6: Supermegopro ($100 in chips) 
m0nTTu: posts small blind $0.50
rao999: posts big blind $1
*** HOLE CARDS ***
gia870402: calls $1
SorinS28: folds 
Supermegopro: folds 
Manifestorr: folds 
m0nTTu: folds 
rao999: raises $4 to $5
gia870402: calls $4
*** FLOP *** [2h 5d Td]
rao999: bets $6.59
gia870402: calls $6.59
*** TURN *** [2h 5d Td] [4s]
rao999: bets $16.88
gia870402: calls $16.88
*** RIVER *** [2h 5d Td 4s] [6s]
rao999: checks 
gia870402: checks 
*** SHOW DOWN ***
rao999: shows [Qh Qd] (a pair of Queens)
gia870402: mucks hand 
rao999 collected $54.94 from pot
*** SUMMARY ***
Total pot $57.44 | Rake $2.50 
Board [2h 5d Td 4s 6s]
Seat 1: Manifestorr (button) folded before Flop (didn't bet)
Seat 2: m0nTTu (small blind) folded before Flop
Seat 3: rao999 (big blind) showed [Qh Qd] and won ($54.94) with a pair of Queens
Seat 4: gia870402 mucked
Seat 5: SorinS28 folded before Flop (didn't bet)
Seat 6: Supermegopro folded before Flop (didn't bet)



PokerStars Hand #254220919028:  Hold'em No Limit ($0.50/$1.00 USD) - 2025/01/05 0:39:05 WET [2025/01/05 19:39:05 ET]
Table 'Shura II' 6-max Seat #2 is the button
Seat 1: Manifestorr ($102.95 in chips) 
Seat 2: m0nTTu ($98.50 in chips) 
Seat 3: rao999 ($128.97 in chips) 
Seat 4: gia870402 ($31.26 in chips) 
Seat 5: SorinS28 ($101.53 in chips) 
Seat 6: Supermegopro ($100 in chips) 
rao999: posts small blind $0.50
gia870402: posts big blind $1
*** HOLE CARDS ***
SorinS28: folds 
Supermegopro: raises $1.50 to $2.50
Manifestorr: folds 
m0nTTu: calls $2.50
rao999: folds 
gia870402: calls $1.50
*** FLOP *** [8s 3c 4d]
gia870402: checks 
Supermegopro: bets $9.50
m0nTTu: folds 
gia870402: folds 
Uncalled bet ($9.50) returned to Supermegopro
Supermegopro collected $7.60 from pot
Supermegopro: doesn't show hand 
*** SUMMARY ***
Total pot $8 | Rake $0.40 
Board [8s 3c 4d]
Seat 1: Manifestorr folded before Flop (didn't bet)
Seat 2: m0nTTu (button) folded on the Flop
Seat 3: rao999 (small blind) folded before Flop
Seat 4: gia870402 (big blind) folded on the Flop
Seat 5: SorinS28 folded before Flop (didn't bet)
Seat 6: Supermegopro collected ($7.60)



PokerStars Hand #254220931079:  Hold'em No Limit ($0.50/$1.00 USD) - 2025/01/05 0:39:51 WET [2025/01/05 19:39:51 ET]
Table 'Shura II' 6-max Seat #3 is the button
Seat 1: Manifestorr ($102.95 in chips) 
Seat 2: m0nTTu ($96 in chips) 
Seat 3: rao999 ($128.47 in chips) 
Seat 4: gia870402 ($28.76 in chips) 
Seat 5: SorinS28 ($101.53 in chips) 
Seat 6: Supermegopro ($105.10 in chips) 
gia870402: posts small blind $0.50
SorinS28: posts big blind $1
*** HOLE CARDS ***
Supermegopro: folds 
Manifestorr: folds 
m0nTTu: folds 
rao999: folds 
gia870402: calls $0.50
SorinS28: checks 
*** FLOP *** [6d Jh 3h]
gia870402: checks 
SorinS28: bets $1
gia870402: calls $1
*** TURN *** [6d Jh 3h] [9h]
gia870402: checks 
SorinS28: bets $3.23
gia870402: calls $3.23
*** RIVER *** [6d Jh 3h 9h] [8d]
gia870402: checks 
SorinS28: bets $33.80
gia870402: folds 
Uncalled bet ($33.80) returned to SorinS28
SorinS28 collected $9.94 from pot
SorinS28: doesn't show hand 
*** SUMMARY ***
Total pot $10.46 | Rake $0.52 
Board [6d Jh 3h 9h 8d]
Seat 1: Manifestorr folded before Flop (didn't bet)
Seat 2: m0nTTu folded before Flop (didn't bet)
Seat 3: rao999 (button) folded before Flop (didn't bet)
Seat 4: gia870402 (small blind) folded on the River
Seat 5: SorinS28 (big blind) collected ($9.94)
Seat 6: Supermegopro folded before Flop (didn't bet)



PokerStars Hand #254220942414:  Hold'em No Limit ($0.50/$1.00 USD) - 2025/01/05 0:40:35 WET [2025/01/05 19:40:35 ET]
Table 'Shura II' 6-max Seat #4 is the button
Seat 1: Manifestorr ($102.95 in chips) 
Seat 2: m0nTTu ($96 in chips) 
Seat 3: rao999 ($128.47 in chips) 
Seat 4: gia870402 ($23.53 in chips) 
Seat 5: SorinS28 ($106.24 in chips) 
Seat 6: Supermegopro ($105.10 in chips) 
SorinS28: posts small blind $0.50
Supermegopro: posts big blind $1
*** HOLE CARDS ***
Manifestorr: folds 
m0nTTu: folds 
rao999: folds 
gia870402: calls $1
SorinS28: raises $4 to $5
Supermegopro: folds 
gia870402: calls $4
*** FLOP *** [Th Kc As]
SorinS28: checks 
gia870402: bets $18.53 and is all-in
SorinS28: calls $18.53
*** TURN *** [Th Kc As] [5h]
*** RIVER *** [Th Kc As 5h] [Td]
*** SHOW DOWN ***
SorinS28: shows [Qc Jd] (a straight, Ten to Ace)
gia870402: shows [7s Qh] (a pair of Tens)
SorinS28 collected $45.66 from pot
gia870402 cashed out the hand for $2.91 | Cash Out Fee $0.06
*** SUMMARY ***
Total pot $48.06 | Rake $2.40 
Board [Th Kc As 5h Td]
Seat 1: Manifestorr folded before Flop (didn't bet)
Seat 2: m0nTTu folded before Flop (didn't bet)
Seat 3: rao999 folded before Flop (didn't bet)
Seat 4: gia870402 (button) showed [7s Qh] and lost with a pair of Tens (cashed out).
Seat 5: SorinS28 (small blind) showed [Qc Jd] and won ($45.66) with a straight, Ten to Ace
Seat 6: Supermegopro (big blind) folded before Flop



PokerStars Hand #254220954797:  Hold'em No Limit ($0.50/$1.00 USD) - 2025/01/05 0:41:23 WET [2025/01/05 19:41:23 ET]
Table 'Shura II' 6-max Seat #5 is the button
Seat 1: Manifestorr ($102.95 in chips) 
Seat 2: m0nTTu ($96 in chips) 
Seat 3: rao999 ($128.47 in chips) 
Seat 4: gia870402 ($2.91 in chips) 
Seat 5: SorinS28 ($128.37 in chips) 
Seat 6: Supermegopro ($104.10 in chips) 
Supermegopro: posts small blind $0.50
Manifestorr: posts big blind $1
*** HOLE CARDS ***
m0nTTu: folds 
rao999: folds 
gia870402: raises $1.91 to $2.91 and is all-in
SorinS28: folds 
Supermegopro: folds 
Manifestorr: folds 
Uncalled bet ($1.91) returned to gia870402
gia870402 collected $2.50 from pot
*** SUMMARY ***
Total pot $2.50 | Rake $0 
Seat 1: Manifestorr (big blind) folded before Flop
Seat 2: m0nTTu folded before Flop (didn't bet)
Seat 3: rao999 folded before Flop (didn't bet)
Seat 4: gia870402 collected ($2.50)
Seat 5: SorinS28 (button) folded before Flop (didn't bet)
Seat 6: Supermegopro (small blind) folded before Flop



PokerStars Hand #254220964523:  Hold'em No Limit ($0.50/$1.00 USD) - 2025/01/05 0:42:01 WET [2025/01/05 19:42:01 ET]
Table 'Shura II' 6-max Seat #6 is the button
Seat 1: Manifestorr ($101.95 in chips) 
Seat 2: m0nTTu ($96 in chips) 
Seat 3: rao999 ($128.47 in chips) 
Seat 4: gia870402 ($4.41 in chips) 
Seat 5: SorinS28 ($128.37 in chips) 
Seat 6: Supermegopro ($103.60 in chips) 
Manifestorr: posts small blind $0.50
m0nTTu: posts big blind $1
*** HOLE CARDS ***
rao999: folds 
gia870402: raises $3.41 to $4.41 and is all-in
SorinS28: folds 
Supermegopro: folds 
Manifestorr: calls $3.91
m0nTTu: raises $9.59 to $14
Manifestorr: calls $9.59
*** FLOP *** [5s Jc Js]
Manifestorr: checks 
m0nTTu: checks 
*** TURN *** [5s Jc Js] [6h]
Manifestorr: bets $10.66
m0nTTu: calls $10.66
*** RIVER *** [5s Jc Js 6h] [4h]
Manifestorr: checks 
m0nTTu: bets $16.91
Manifestorr: folds 
Uncalled bet ($16.91) returned to m0nTTu
*** SHOW DOWN ***
m0nTTu: shows [Ah Ad] (two pair, Aces and Jacks)
m0nTTu collected $38.66 from side pot
gia870402: shows [Td Qd] (a pair of Jacks)
m0nTTu collected $12.57 from main pot
*** SUMMARY ***
Total pot $53.73 Main pot $12.57. Side pot $38.66. | Rake $2.50 
Board [5s Jc Js 6h 4h]
Seat 1: Manifestorr (small blind) folded on the River
Seat 2: m0nTTu (big blind) showed [Ah Ad] and won ($51.23) with two pair, Aces and Jacks
Seat 3: rao999 folded before Flop (didn't bet)
Seat 4: gia870402 showed [Td Qd] and lost with a pair of Jacks
Seat 5: SorinS28 folded before Flop (didn't bet)
Seat 6: Supermegopro (button) folded before Flop (didn't bet)



PokerStars Hand #254220982634:  Hold'em No Limit ($0.50/$1.00 USD) - 2025/01/05 0:43:12 WET [2025/01/05 19:43:12 ET]
Table 'Shura II' 6-max Seat #1 is the button
Seat 4: gia870402 ($0 in chips) is sitting out
Seat 1: Manifestorr ($100 in chips) 
Seat 2: m0nTTu ($122.57 in chips) 
Seat 3: rao999 ($128.47 in chips) 
Seat 5: SorinS28 ($128.37 in chips) 
Seat 6: Supermegopro ($103.60 in chips) 
m0nTTu: posts small blind $0.50
rao999: posts big blind $1
*** HOLE CARDS ***
SorinS28: folds 
Supermegopro: folds 
Manifestorr: raises $1.20 to $2.20
gia870402 is disconnected 
m0nTTu: folds 
rao999: folds 
Uncalled bet ($1.20) returned to Manifestorr
Manifestorr collected $2.50 from pot
*** SUMMARY ***
Total pot $2.50 | Rake $0 
Seat 4: gia870402
Seat 1: Manifestorr (button) collected ($2.50)
Seat 2: m0nTTu (small blind) folded before Flop
Seat 3: rao999 (big blind) folded before Flop
Seat 5: SorinS28 folded before Flop (didn't bet)
Seat 6: Supermegopro folded before Flop (didn't bet)



PokerStars Hand #254220988470:  Hold'em No Limit ($0.50/$1.00 USD) - 2025/01/05 0:43:36 WET [2025/01/05 19:43:36 ET]
Table 'Shura II' 6-max Seat #2 is the button
Seat 4: gia870402 ($0 in chips) is sitting out
Seat 1: Manifestorr ($101.50 in chips) 
Seat 2: m0nTTu ($122.07 in chips) 
Seat 3: rao999 ($127.47 in chips) 
Seat 5: SorinS28 ($128.37 in chips) 
Seat 6: Supermegopro ($103.60 in chips) 
rao999: posts small blind $0.50
SorinS28: posts big blind $1
*** HOLE CARDS ***
Supermegopro: folds 
Manifestorr: raises $1.20 to $2.20
m0nTTu: folds 
rao999: folds 
SorinS28: calls $1.20
*** FLOP *** [Js Kd 9d]
SorinS28: checks 
Manifestorr: checks 
*** TURN *** [Js Kd 9d] [3d]
SorinS28: checks 
Manifestorr: checks 
*** RIVER *** [Js Kd 9d 3d] [9s]
SorinS28: bets $1.54
Manifestorr: folds 
Uncalled bet ($1.54) returned to SorinS28
SorinS28 collected $4.66 from pot
SorinS28: doesn't show hand 
*** SUMMARY ***
Total pot $4.90 | Rake $0.24 
Board [Js Kd 9d 3d 9s]
Seat 4: gia870402
Seat 1: Manifestorr folded on the River
Seat 2: m0nTTu (button) folded before Flop (didn't bet)
Seat 3: rao999 (small blind) folded before Flop
Seat 5: SorinS28 (big blind) collected ($4.66)
Seat 6: Supermegopro folded before Flop (didn't bet)



PokerStars Hand #254221003223:  Hold'em No Limit ($0.50/$1.00 USD) - 2025/01/05 0:44:34 WET [2025/01/05 19:44:34 ET]
Table 'Shura II' 6-max Seat #3 is the button
Seat 4: gia870402 ($0 in chips) is sitting out
Seat 1: Manifestorr ($100 in chips) 
Seat 2: m0nTTu ($122.07 in chips) 
Seat 3: rao999 ($126.97 in chips) 
Seat 5: SorinS28 ($130.83 in chips) 
Seat 6: Supermegopro ($103.60 in chips) 
SorinS28: posts small blind $0.50
Supermegopro: posts big blind $1
*** HOLE CARDS ***
Manifestorr: folds 
m0nTTu: folds 
rao999: raises $1.50 to $2.50
SorinS28: folds 
Supermegopro: calls $1.50
*** FLOP *** [5s Tc Ks]
Supermegopro: checks 
rao999: bets $3.45
Supermegopro: calls $3.45
*** TURN *** [5s Tc Ks] [2h]
Supermegopro: checks 
rao999: bets $12.50
Supermegopro: folds 
Uncalled bet ($12.50) returned to rao999
rao999 collected $11.78 from pot
rao999: doesn't show hand 
*** SUMMARY ***
Total pot $12.40 | Rake $0.62 
Board [5s Tc Ks 2h]
Seat 4: gia870402
Seat 1: Manifestorr folded before Flop (didn't bet)
Seat 2: m0nTTu folded before Flop (didn't bet)
Seat 3: rao999 (button) collected ($11.78)
Seat 5: SorinS28 (small blind) folded before Flop
Seat 6: Supermegopro (big blind) folded on the Turn



PokerStars Hand #254221016411:  Hold'em No Limit ($0.50/$1.00 USD) - 2025/01/05 0:45:28 WET [2025/01/05 19:45:28 ET]
Table 'Shura II' 6-max Seat #5 is the button
Seat 4: gia870402 ($0 in chips) is sitting out
Seat 1: Manifestorr ($100 in chips) 
Seat 2: m0nTTu ($122.07 in chips) 
Seat 3: rao999 ($132.80 in chips) 
Seat 5: SorinS28 ($130.33 in chips) 
Seat 6: Supermegopro ($100 in chips) 
Supermegopro: posts small blind $0.50
Manifestorr: posts big blind $1
*** HOLE CARDS ***
m0nTTu: folds 
rao999: folds 
SorinS28: folds 
Supermegopro: raises $2 to $3
Manifestorr: folds 
Uncalled bet ($2) returned to Supermegopro
Supermegopro collected $2 from pot
Supermegopro: doesn't show hand 
*** SUMMARY ***
Total pot $2 | Rake $0 
Seat 4: gia870402
Seat 1: Manifestorr (big blind) folded before Flop
Seat 2: m0nTTu folded before Flop (didn't bet)
Seat 3: rao999 folded before Flop (didn't bet)
Seat 5: SorinS28 (button) folded before Flop (didn't bet)
Seat 6: Supermegopro (small blind) collected ($2)



PokerStars Hand #254221021816:  Hold'em No Limit ($0.50/$1.00 USD) - 2025/01/05 0:45:50 WET [2025/01/05 19:45:50 ET]
Table 'Shura II' 6-max Seat #1 is the button
Seat 4: gia870402 ($0 in chips) is sitting out
Seat 1: Manifestorr ($100 in chips) 
Seat 2: m0nTTu ($122.07 in chips) 
Seat 3: rao999 ($132.80 in chips) 
Seat 5: SorinS28 ($130.33 in chips) 
m0nTTu: posts small blind $0.50
rao999: posts big blind $1
*** HOLE CARDS ***
SorinS28: raises $1.30 to $2.30
Manifestorr: folds 
m0nTTu: folds 
GuigaMan joins the table at seat #6 
rao999: calls $1.30
*** FLOP *** [Qc Th 6d]
rao999: checks 
SorinS28: bets $1.36
rao999: folds 
Uncalled bet ($1.36) returned to SorinS28
SorinS28 collected $4.84 from pot
SorinS28: doesn't show hand 
*** SUMMARY ***
Total pot $5.10 | Rake $0.26 
Board [Qc Th 6d]
Seat 4: gia870402
Seat 1: Manifestorr (button) folded before Flop (didn't bet)
Seat 2: m0nTTu (small blind) folded before Flop
Seat 3: rao999 (big blind) folded on the Flop
Seat 5: SorinS28 collected ($4.84)



PokerStars Hand #254221035992:  Hold'em No Limit ($0.50/$1.00 USD) - 2025/01/05 0:46:48 WET [2025/01/05 19:46:48 ET]
Table 'Shura II' 6-max Seat #2 is the button
Seat 4: gia870402 ($0 in chips) is sitting out
Seat 5: SorinS28 ($132.87 in chips) is sitting out
Seat 1: Manifestorr ($100 in chips) 
Seat 2: m0nTTu ($121.57 in chips) 
Seat 3: rao999 ($130.50 in chips) 
Seat 6: GuigaMan ($100 in chips) 
rao999: posts small blind $0.50
SorinS28: is sitting out 
GuigaMan: posts big blind $1
*** HOLE CARDS ***
SorinS28 leaves the table
Manifestorr: raises $1.20 to $2.20
m0nTTu: folds 
rao999: folds 
GuigaMan: folds 
Uncalled bet ($1.20) returned to Manifestorr
Manifestorr collected $2.50 from pot
*** SUMMARY ***
Total pot $2.50 | Rake $0 
Seat 4: gia870402
Seat 5: SorinS28
Seat 1: Manifestorr collected ($2.50)
Seat 2: m0nTTu (button) folded before Flop (didn't bet)
Seat 3: rao999 (small blind) folded before Flop
Seat 6: GuigaMan (big blind) folded before Flop



PokerStars Hand #254221039739:  Hold'em No Limit ($0.50/$1.00 USD) - 2025/01/05 0:47:03 WET [2025/01/05 19:47:03 ET]
Table 'Shura II' 6-max Seat #6 is the button
Seat 1: Manifestorr ($101.50 in chips) is sitting out
Seat 2: m0nTTu ($121.57 in chips) is sitting out
Seat 4: gia870402 ($0 in chips) is sitting out
Seat 3: rao999 ($130 in chips) 
Seat 6: GuigaMan ($100 in chips) 
GuigaMan: posts small blind $0.50
Manifestorr: is sitting out 
m0nTTu: is sitting out 
rao999: posts big blind $1
*** HOLE CARDS ***
GuigaMan: folds 
Uncalled bet ($0.50) returned to rao999
rao999 collected $1 from pot
rao999: doesn't show hand 
*** SUMMARY ***
Total pot $1 | Rake $0 
Seat 1: Manifestorr
Seat 2: m0nTTu
Seat 4: gia870402
Seat 3: rao999 (big blind) collected ($1)
Seat 6: GuigaMan (button) (small blind) folded before Flop



PokerStars Hand #254221041274:  Hold'em No Limit ($0.50/$1.00 USD) - 2025/01/05 0:47:10 WET [2025/01/05 19:47:10 ET]
Table 'Shura II' 6-max Seat #3 is the button
Seat 1: Manifestorr ($101.50 in chips) is sitting out
Seat 4: gia870402 ($0 in chips) is sitting out
Seat 3: rao999 ($130.50 in chips) 
Seat 6: GuigaMan ($100 in chips) 
m0nTTu leaves the table
rao999: posts small blind $0.50
GuigaMan: posts big blind $1
*** HOLE CARDS ***
rao999: folds 
Uncalled bet ($0.50) returned to GuigaMan
GuigaMan collected $1 from pot
GuigaMan: doesn't show hand 
*** SUMMARY ***
Total pot $1 | Rake $0 
Seat 1: Manifestorr
Seat 4: gia870402
Seat 3: rao999 (button) (small blind) folded before Flop
Seat 6: GuigaMan (big blind) collected ($1)



