PokerStars Hand #254216870218:  Hold'em No Limit ($0.50/$1.00 USD) - 2025/01/05 21:22:12 WET [2025/01/05 16:22:12 ET]
Table 'Antilia III' 6-max Seat #4 is the button
Seat 1: michasia ($118.17 in chips) 
Seat 2: sltn ($121.51 in chips) 
Seat 3: MauriFierro27 ($100 in chips) 
Seat 4: baboune4 ($91.11 in chips) 
Seat 5: CichiChanMarian ($100 in chips) 
Seat 6: kars0n ($100 in chips) 
CichiChanMarian: posts small blind $0.50
kars0n: posts big blind $1
*** HOLE CARDS ***
michasia: folds 
sltn: folds 
MauriFierro27: raises $1.50 to $2.50
baboune4: calls $2.50
CichiChanMarian: raises $11.50 to $14
kars0n: folds 
MauriFierro27: calls $11.50
baboune4: folds 
*** FLOP *** [4s 4c 2h]
CichiChanMarian: bets $14.96
MauriFierro27: calls $14.96
*** TURN *** [4s 4c 2h] [Tc]
CichiChanMarian: checks 
MauriFierro27: checks 
*** RIVER *** [4s 4c 2h Tc] [2d]
CichiChanMarian: checks 
MauriFierro27: checks 
*** SHOW DOWN ***
CichiChanMarian: shows [7c 7h] (two pair, Sevens and Fours)
MauriFierro27: mucks hand 
CichiChanMarian collected $58.92 from pot
*** SUMMARY ***
Total pot $61.42 | Rake $2.50 
Board [4s 4c 2h Tc 2d]
Seat 1: michasia folded before Flop (didn't bet)
Seat 2: sltn folded before Flop (didn't bet)
Seat 3: MauriFierro27 mucked
Seat 4: baboune4 (button) folded before Flop
Seat 5: CichiChanMarian (small blind) showed [7c 7h] and won ($58.92) with two pair, Sevens and Fours
Seat 6: kars0n (big blind) folded before Flop



PokerStars Hand #254216904181:  Hold'em No Limit ($0.50/$1.00 USD) - 2025/01/05 21:23:33 WET [2025/01/05 16:23:33 ET]
Table 'Antilia III' 6-max Seat #5 is the button
Seat 1: michasia ($118.17 in chips) 
Seat 2: sltn ($121.51 in chips) 
Seat 3: MauriFierro27 ($100 in chips) 
Seat 4: baboune4 ($88.61 in chips) 
Seat 5: CichiChanMarian ($129.96 in chips) 
Seat 6: kars0n ($100 in chips) 
kars0n: posts small blind $0.50
michasia: posts big blind $1
*** HOLE CARDS ***
sltn: folds 
MauriFierro27: folds 
baboune4: folds 
CichiChanMarian: folds 
kars0n: raises $2 to $3
michasia: calls $2
*** FLOP *** [Ac 2c 3s]
kars0n: checks 
michasia: checks 
*** TURN *** [Ac 2c 3s] [Ah]
kars0n: checks 
michasia: checks 
*** RIVER *** [Ac 2c 3s Ah] [2d]
kars0n: bets $5.70
michasia: folds 
Uncalled bet ($5.70) returned to kars0n
kars0n collected $5.70 from pot
kars0n: doesn't show hand 
*** SUMMARY ***
Total pot $6 | Rake $0.30 
Board [Ac 2c 3s Ah 2d]
Seat 1: michasia (big blind) folded on the River
Seat 2: sltn folded before Flop (didn't bet)
Seat 3: MauriFierro27 folded before Flop (didn't bet)
Seat 4: baboune4 folded before Flop (didn't bet)
Seat 5: CichiChanMarian (button) folded before Flop (didn't bet)
Seat 6: kars0n (small blind) collected ($5.70)



PokerStars Hand #254216916571:  Hold'em No Limit ($0.50/$1.00 USD) - 2025/01/05 21:24:03 WET [2025/01/05 16:24:03 ET]
Table 'Antilia III' 6-max Seat #6 is the button
Seat 1: michasia ($115.17 in chips) 
Seat 2: sltn ($121.51 in chips) 
Seat 3: MauriFierro27 ($100 in chips) 
Seat 4: baboune4 ($88.61 in chips) 
Seat 5: CichiChanMarian ($129.96 in chips) 
Seat 6: kars0n ($102.70 in chips) 
michasia: posts small blind $0.50
sltn: posts big blind $1
*** HOLE CARDS ***
MauriFierro27: folds 
baboune4: folds 
CichiChanMarian: raises $1.50 to $2.50
kars0n: folds 
michasia: raises $9.50 to $12
sltn: folds 
CichiChanMarian: folds 
Uncalled bet ($9.50) returned to michasia
michasia collected $6 from pot
michasia: doesn't show hand 
*** SUMMARY ***
Total pot $6 | Rake $0 
Seat 1: michasia (small blind) collected ($6)
Seat 2: sltn (big blind) folded before Flop
Seat 3: MauriFierro27 folded before Flop (didn't bet)
Seat 4: baboune4 folded before Flop (didn't bet)
Seat 5: CichiChanMarian folded before Flop
Seat 6: kars0n (button) folded before Flop (didn't bet)



PokerStars Hand #254216924532:  Hold'em No Limit ($0.50/$1.00 USD) - 2025/01/05 21:24:22 WET [2025/01/05 16:24:22 ET]
Table 'Antilia III' 6-max Seat #1 is the button
Seat 1: michasia ($118.67 in chips) 
Seat 2: sltn ($120.51 in chips) 
Seat 3: MauriFierro27 ($100 in chips) 
Seat 4: baboune4 ($88.61 in chips) 
Seat 5: CichiChanMarian ($127.46 in chips) 
Seat 6: kars0n ($102.70 in chips) 
sltn: posts small blind $0.50
MauriFierro27: posts big blind $1
*** HOLE CARDS ***
baboune4: raises $2.50 to $3.50
CichiChanMarian: folds 
kars0n: calls $3.50
michasia: raises $10.50 to $14
sltn: folds 
MauriFierro27: folds 
baboune4: calls $10.50
kars0n: folds 
*** FLOP *** [5s 3d 5h]
baboune4: checks 
michasia: checks 
*** TURN *** [5s 3d 5h] [9c]
baboune4: checks 
michasia: bets $20.90
baboune4: calls $20.90
*** RIVER *** [5s 3d 5h 9c] [Qh]
baboune4: checks 
michasia: checks 
*** SHOW DOWN ***
baboune4: shows [Ac Qs] (two pair, Queens and Fives)
michasia: mucks hand 
baboune4 collected $72.30 from pot
*** SUMMARY ***
Total pot $74.80 | Rake $2.50 
Board [5s 3d 5h 9c Qh]
Seat 1: michasia (button) mucked
Seat 2: sltn (small blind) folded before Flop
Seat 3: MauriFierro27 (big blind) folded before Flop
Seat 4: baboune4 showed [Ac Qs] and won ($72.30) with two pair, Queens and Fives
Seat 5: CichiChanMarian folded before Flop (didn't bet)
Seat 6: kars0n folded before Flop



PokerStars Hand #254216941692:  Hold'em No Limit ($0.50/$1.00 USD) - 2025/01/05 21:25:03 WET [2025/01/05 16:25:03 ET]
Table 'Antilia III' 6-max Seat #2 is the button
Seat 1: michasia ($100 in chips) 
Seat 2: sltn ($120.01 in chips) 
Seat 3: MauriFierro27 ($100 in chips) 
Seat 4: baboune4 ($126.01 in chips) 
Seat 5: CichiChanMarian ($127.46 in chips) 
Seat 6: kars0n ($100 in chips) 
MauriFierro27: posts small blind $0.50
baboune4: posts big blind $1
*** HOLE CARDS ***
CichiChanMarian: folds 
kars0n: folds 
michasia: folds 
sltn: folds 
MauriFierro27: raises $2.50 to $3.50
baboune4: calls $2.50
*** FLOP *** [6d 9s Ks]
MauriFierro27: bets $4.43
baboune4: folds 
Uncalled bet ($4.43) returned to MauriFierro27
MauriFierro27 collected $6.65 from pot
MauriFierro27: doesn't show hand 
*** SUMMARY ***
Total pot $7 | Rake $0.35 
Board [6d 9s Ks]
Seat 1: michasia folded before Flop (didn't bet)
Seat 2: sltn (button) folded before Flop (didn't bet)
Seat 3: MauriFierro27 (small blind) collected ($6.65)
Seat 4: baboune4 (big blind) folded on the Flop
Seat 5: CichiChanMarian folded before Flop (didn't bet)
Seat 6: kars0n folded before Flop (didn't bet)



PokerStars Hand #254216950296:  Hold'em No Limit ($0.50/$1.00 USD) - 2025/01/05 21:25:23 WET [2025/01/05 16:25:23 ET]
Table 'Antilia III' 6-max Seat #3 is the button
Seat 1: michasia ($100 in chips) 
Seat 2: sltn ($120.01 in chips) 
Seat 3: MauriFierro27 ($103.15 in chips) 
Seat 4: baboune4 ($122.51 in chips) 
Seat 5: CichiChanMarian ($127.46 in chips) 
Seat 6: kars0n ($100 in chips) 
baboune4: posts small blind $0.50
CichiChanMarian: posts big blind $1
*** HOLE CARDS ***
kars0n: folds 
michasia: folds 
sltn: folds 
MauriFierro27: folds 
baboune4: raises $2 to $3
CichiChanMarian: calls $2
*** FLOP *** [3d Ah Qh]
baboune4: bets $5.70
CichiChanMarian: folds 
Uncalled bet ($5.70) returned to baboune4
baboune4 collected $5.70 from pot
baboune4: doesn't show hand 
*** SUMMARY ***
Total pot $6 | Rake $0.30 
Board [3d Ah Qh]
Seat 1: michasia folded before Flop (didn't bet)
Seat 2: sltn folded before Flop (didn't bet)
Seat 3: MauriFierro27 (button) folded before Flop (didn't bet)
Seat 4: baboune4 (small blind) collected ($5.70)
Seat 5: CichiChanMarian (big blind) folded on the Flop
Seat 6: kars0n folded before Flop (didn't bet)



PokerStars Hand #254216962323:  Hold'em No Limit ($0.50/$1.00 USD) - 2025/01/05 21:25:51 WET [2025/01/05 16:25:51 ET]
Table 'Antilia III' 6-max Seat #4 is the button
Seat 1: michasia ($100 in chips) 
Seat 2: sltn ($120.01 in chips) 
Seat 3: MauriFierro27 ($103.15 in chips) 
Seat 4: baboune4 ($125.21 in chips) 
Seat 5: CichiChanMarian ($124.46 in chips) 
Seat 6: kars0n ($100 in chips) 
CichiChanMarian: posts small blind $0.50
kars0n: posts big blind $1
*** HOLE CARDS ***
michasia: folds 
sltn: raises $1.50 to $2.50
MauriFierro27: folds 
baboune4: folds 
CichiChanMarian: folds 
kars0n: folds 
Uncalled bet ($1.50) returned to sltn
sltn collected $2.50 from pot
sltn: doesn't show hand 
*** SUMMARY ***
Total pot $2.50 | Rake $0 
Seat 1: michasia folded before Flop (didn't bet)
Seat 2: sltn collected ($2.50)
Seat 3: MauriFierro27 folded before Flop (didn't bet)
Seat 4: baboune4 (button) folded before Flop (didn't bet)
Seat 5: CichiChanMarian (small blind) folded before Flop
Seat 6: kars0n (big blind) folded before Flop



PokerStars Hand #254216969979:  Hold'em No Limit ($0.50/$1.00 USD) - 2025/01/05 21:26:09 WET [2025/01/05 16:26:09 ET]
Table 'Antilia III' 6-max Seat #5 is the button
Seat 1: michasia ($100 in chips) 
Seat 2: sltn ($121.51 in chips) 
Seat 3: MauriFierro27 ($103.15 in chips) 
Seat 4: baboune4 ($125.21 in chips) 
Seat 5: CichiChanMarian ($123.96 in chips) 
Seat 6: kars0n ($100 in chips) 
kars0n: posts small blind $0.50
michasia: posts big blind $1
*** HOLE CARDS ***
sltn: folds 
MauriFierro27: folds 
baboune4: raises $2.50 to $3.50
CichiChanMarian: folds 
kars0n: raises $9 to $12.50
michasia: folds 
baboune4: calls $9
*** FLOP *** [7c 3s Ts]
kars0n: bets $8.15
baboune4: calls $8.15
*** TURN *** [7c 3s Ts] [2d]
kars0n: checks 
baboune4: checks 
*** RIVER *** [7c 3s Ts 2d] [9h]
kars0n: checks 
baboune4: checks 
*** SHOW DOWN ***
kars0n: shows [Ac Jc] (high card Ace)
baboune4: mucks hand 
kars0n collected $40.18 from pot
*** SUMMARY ***
Total pot $42.30 | Rake $2.12 
Board [7c 3s Ts 2d 9h]
Seat 1: michasia (big blind) folded before Flop
Seat 2: sltn folded before Flop (didn't bet)
Seat 3: MauriFierro27 folded before Flop (didn't bet)
Seat 4: baboune4 mucked
Seat 5: CichiChanMarian (button) folded before Flop (didn't bet)
Seat 6: kars0n (small blind) showed [Ac Jc] and won ($40.18) with high card Ace



PokerStars Hand #254216992375:  Hold'em No Limit ($0.50/$1.00 USD) - 2025/01/05 21:27:03 WET [2025/01/05 16:27:03 ET]
Table 'Antilia III' 6-max Seat #6 is the button
Seat 1: michasia ($100 in chips) 
Seat 2: sltn ($121.51 in chips) 
Seat 3: MauriFierro27 ($103.15 in chips) 
Seat 4: baboune4 ($104.56 in chips) 
Seat 5: CichiChanMarian ($123.96 in chips) 
Seat 6: kars0n ($119.53 in chips) 
michasia: posts small blind $0.50
sltn: posts big blind $1
*** HOLE CARDS ***
MauriFierro27: folds 
baboune4: raises $4 to $5
CichiChanMarian: raises $20 to $25
kars0n: folds 
michasia: folds 
sltn: folds 
baboune4: folds 
Uncalled bet ($20) returned to CichiChanMarian
CichiChanMarian collected $11.50 from pot
CichiChanMarian: doesn't show hand 
*** SUMMARY ***
Total pot $11.50 | Rake $0 
Seat 1: michasia (small blind) folded before Flop
Seat 2: sltn (big blind) folded before Flop
Seat 3: MauriFierro27 folded before Flop (didn't bet)
Seat 4: baboune4 folded before Flop
Seat 5: CichiChanMarian collected ($11.50)
Seat 6: kars0n (button) folded before Flop (didn't bet)



PokerStars Hand #254217008795:  Hold'em No Limit ($0.50/$1.00 USD) - 2025/01/05 21:27:41 WET [2025/01/05 16:27:41 ET]
Table 'Antilia III' 6-max Seat #1 is the button
Seat 1: michasia ($100 in chips) 
Seat 2: sltn ($120.51 in chips) 
Seat 3: MauriFierro27 ($103.15 in chips) 
Seat 4: baboune4 ($99.56 in chips) 
Seat 5: CichiChanMarian ($130.46 in chips) 
Seat 6: kars0n ($119.53 in chips) 
sltn: posts small blind $0.50
MauriFierro27: posts big blind $1
*** HOLE CARDS ***
baboune4: folds 
CichiChanMarian: folds 
kars0n: folds 
michasia: folds 
sltn: raises $2 to $3
MauriFierro27: calls $2
*** FLOP *** [Qc 7c 6h]
sltn: checks 
MauriFierro27: bets $2.85
sltn: raises $8.55 to $11.40
MauriFierro27: folds 
Uncalled bet ($8.55) returned to sltn
sltn collected $11.12 from pot
sltn: doesn't show hand 
*** SUMMARY ***
Total pot $11.70 | Rake $0.58 
Board [Qc 7c 6h]
Seat 1: michasia (button) folded before Flop (didn't bet)
Seat 2: sltn (small blind) collected ($11.12)
Seat 3: MauriFierro27 (big blind) folded on the Flop
Seat 4: baboune4 folded before Flop (didn't bet)
Seat 5: CichiChanMarian folded before Flop (didn't bet)
Seat 6: kars0n folded before Flop (didn't bet)



PokerStars Hand #254217032737:  Hold'em No Limit ($0.50/$1.00 USD) - 2025/01/05 21:28:39 WET [2025/01/05 16:28:39 ET]
Table 'Antilia III' 6-max Seat #2 is the button
Seat 1: michasia ($100 in chips) 
Seat 2: sltn ($125.78 in chips) 
Seat 3: MauriFierro27 ($100 in chips) 
Seat 4: baboune4 ($99.56 in chips) 
Seat 5: CichiChanMarian ($130.46 in chips) 
Seat 6: kars0n ($119.53 in chips) 
MauriFierro27: posts small blind $0.50
baboune4: posts big blind $1
*** HOLE CARDS ***
CichiChanMarian: folds 
kars0n: folds 
michasia: folds 
sltn: raises $1.50 to $2.50
MauriFierro27: folds 
baboune4: calls $1.50
*** FLOP *** [Th Jc Qs]
baboune4: checks 
sltn: bets $1.72
baboune4: calls $1.72
*** TURN *** [Th Jc Qs] [4s]
baboune4: checks 
sltn: checks 
*** RIVER *** [Th Jc Qs 4s] [8h]
baboune4: bets $8.49
sltn: folds 
Uncalled bet ($8.49) returned to baboune4
baboune4 collected $8.49 from pot
baboune4: doesn't show hand 
*** SUMMARY ***
Total pot $8.94 | Rake $0.45 
Board [Th Jc Qs 4s 8h]
Seat 1: michasia folded before Flop (didn't bet)
Seat 2: sltn (button) folded on the River
Seat 3: MauriFierro27 (small blind) folded before Flop
Seat 4: baboune4 (big blind) collected ($8.49)
Seat 5: CichiChanMarian folded before Flop (didn't bet)
Seat 6: kars0n folded before Flop (didn't bet)



PokerStars Hand #254217048776:  Hold'em No Limit ($0.50/$1.00 USD) - 2025/01/05 21:29:17 WET [2025/01/05 16:29:17 ET]
Table 'Antilia III' 6-max Seat #3 is the button
Seat 1: michasia ($100 in chips) 
Seat 2: sltn ($121.56 in chips) 
Seat 3: MauriFierro27 ($100 in chips) 
Seat 4: baboune4 ($103.83 in chips) 
Seat 5: CichiChanMarian ($130.46 in chips) 
Seat 6: kars0n ($119.53 in chips) 
baboune4: posts small blind $0.50
CichiChanMarian: posts big blind $1
*** HOLE CARDS ***
kars0n: raises $1 to $2
michasia: folds 
sltn: folds 
MauriFierro27: folds 
baboune4: folds 
CichiChanMarian: calls $1
*** FLOP *** [Qs 2c 9c]
CichiChanMarian: checks 
kars0n: checks 
*** TURN *** [Qs 2c 9c] [3d]
CichiChanMarian: bets $5.69
kars0n: folds 
Uncalled bet ($5.69) returned to CichiChanMarian
sltn leaves the table
CichiChanMarian collected $4.28 from pot
CichiChanMarian: doesn't show hand 
*** SUMMARY ***
Total pot $4.50 | Rake $0.22 
Board [Qs 2c 9c 3d]
Seat 1: michasia folded before Flop (didn't bet)
Seat 2: sltn folded before Flop (didn't bet)
Seat 3: MauriFierro27 (button) folded before Flop (didn't bet)
Seat 4: baboune4 (small blind) folded before Flop
Seat 5: CichiChanMarian (big blind) collected ($4.28)
Seat 6: kars0n folded on the Turn



PokerStars Hand #254217065197:  Hold'em No Limit ($0.50/$1.00 USD) - 2025/01/05 21:29:57 WET [2025/01/05 16:29:57 ET]
Table 'Antilia III' 6-max Seat #4 is the button
Seat 1: michasia ($100 in chips) 
Seat 3: MauriFierro27 ($100 in chips) 
Seat 4: baboune4 ($103.33 in chips) 
Seat 5: CichiChanMarian ($132.74 in chips) 
Seat 6: kars0n ($117.53 in chips) 
CichiChanMarian: posts small blind $0.50
kars0n: posts big blind $1
*** HOLE CARDS ***
michasia: raises $1.60 to $2.60
MauriFierro27: folds 
baboune4: folds 
CichiChanMarian: folds 
kars0n: folds 
Uncalled bet ($1.60) returned to michasia
XneferX joins the table at seat #2 
michasia collected $2.50 from pot
michasia: doesn't show hand 
*** SUMMARY ***
Total pot $2.50 | Rake $0 
Seat 1: michasia collected ($2.50)
Seat 3: MauriFierro27 folded before Flop (didn't bet)
Seat 4: baboune4 (button) folded before Flop (didn't bet)
Seat 5: CichiChanMarian (small blind) folded before Flop
Seat 6: kars0n (big blind) folded before Flop



PokerStars Hand #254217070796:  Hold'em No Limit ($0.50/$1.00 USD) - 2025/01/05 21:30:10 WET [2025/01/05 16:30:10 ET]
Table 'Antilia III' 6-max Seat #5 is the button
Seat 2: XneferX ($100 in chips) is sitting out
Seat 1: michasia ($101.50 in chips) 
Seat 3: MauriFierro27 ($100 in chips) 
Seat 4: baboune4 ($103.33 in chips) 
Seat 5: CichiChanMarian ($132.24 in chips) 
Seat 6: kars0n ($116.53 in chips) 
kars0n: posts small blind $0.50
michasia: posts big blind $1
XneferX: sits out 
*** HOLE CARDS ***
MauriFierro27: folds 
baboune4: raises $2.50 to $3.50
CichiChanMarian: folds 
kars0n: raises $9 to $12.50
michasia: folds 
baboune4: calls $9
*** FLOP *** [Kd Qs Qc]
kars0n: bets $8.15
baboune4: folds 
Uncalled bet ($8.15) returned to kars0n
kars0n collected $24.70 from pot
kars0n: doesn't show hand 
*** SUMMARY ***
Total pot $26 | Rake $1.30 
Board [Kd Qs Qc]
Seat 2: XneferX
Seat 1: michasia (big blind) folded before Flop
Seat 3: MauriFierro27 folded before Flop (didn't bet)
Seat 4: baboune4 folded on the Flop
Seat 5: CichiChanMarian (button) folded before Flop (didn't bet)
Seat 6: kars0n (small blind) collected ($24.70)



PokerStars Hand #254217079613:  Hold'em No Limit ($0.50/$1.00 USD) - 2025/01/05 21:30:32 WET [2025/01/05 16:30:32 ET]
Table 'Antilia III' 6-max Seat #6 is the button
Seat 1: michasia ($100.50 in chips) 
Seat 2: XneferX ($100 in chips) 
Seat 3: MauriFierro27 ($100 in chips) 
Seat 4: baboune4 ($90.83 in chips) 
Seat 5: CichiChanMarian ($132.24 in chips) 
Seat 6: kars0n ($128.73 in chips) 
michasia: posts small blind $0.50
XneferX: posts big blind $1
*** HOLE CARDS ***
MauriFierro27: folds 
baboune4: folds 
CichiChanMarian: raises $1.50 to $2.50
kars0n: folds 
michasia: folds 
XneferX: folds 
Uncalled bet ($1.50) returned to CichiChanMarian
CichiChanMarian collected $2.50 from pot
CichiChanMarian: doesn't show hand 
*** SUMMARY ***
Total pot $2.50 | Rake $0 
Seat 1: michasia (small blind) folded before Flop
Seat 2: XneferX (big blind) folded before Flop
Seat 3: MauriFierro27 folded before Flop (didn't bet)
Seat 4: baboune4 folded before Flop (didn't bet)
Seat 5: CichiChanMarian collected ($2.50)
Seat 6: kars0n (button) folded before Flop (didn't bet)



PokerStars Hand #254217087740:  Hold'em No Limit ($0.50/$1.00 USD) - 2025/01/05 21:30:51 WET [2025/01/05 16:30:51 ET]
Table 'Antilia III' 6-max Seat #1 is the button
Seat 1: michasia ($100 in chips) 
Seat 2: XneferX ($100 in chips) 
Seat 3: MauriFierro27 ($100 in chips) 
Seat 4: baboune4 ($90.83 in chips) 
Seat 5: CichiChanMarian ($133.74 in chips) 
Seat 6: kars0n ($128.73 in chips) 
XneferX: posts small blind $0.50
MauriFierro27: posts big blind $1
*** HOLE CARDS ***
baboune4: folds 
CichiChanMarian: folds 
kars0n: folds 
michasia: raises $1.80 to $2.80
XneferX: folds 
MauriFierro27: folds 
Uncalled bet ($1.80) returned to michasia
michasia collected $2.50 from pot
michasia: doesn't show hand 
*** SUMMARY ***
Total pot $2.50 | Rake $0 
Seat 1: michasia (button) collected ($2.50)
Seat 2: XneferX (small blind) folded before Flop
Seat 3: MauriFierro27 (big blind) folded before Flop
Seat 4: baboune4 folded before Flop (didn't bet)
Seat 5: CichiChanMarian folded before Flop (didn't bet)
Seat 6: kars0n folded before Flop (didn't bet)



PokerStars Hand #254217098608:  Hold'em No Limit ($0.50/$1.00 USD) - 2025/01/05 21:31:17 WET [2025/01/05 16:31:17 ET]
Table 'Antilia III' 6-max Seat #2 is the button
Seat 1: michasia ($101.50 in chips) 
Seat 2: XneferX ($100 in chips) 
Seat 3: MauriFierro27 ($100 in chips) 
Seat 4: baboune4 ($90.83 in chips) 
Seat 5: CichiChanMarian ($133.74 in chips) 
Seat 6: kars0n ($128.73 in chips) 
MauriFierro27: posts small blind $0.50
baboune4: posts big blind $1
*** HOLE CARDS ***
CichiChanMarian: raises $1.50 to $2.50
kars0n: folds 
michasia: folds 
XneferX: folds 
MauriFierro27: folds 
baboune4: calls $1.50
*** FLOP *** [Ah 5d Qc]
baboune4: checks 
CichiChanMarian: checks 
*** TURN *** [Ah 5d Qc] [2s]
baboune4: checks 
CichiChanMarian: checks 
*** RIVER *** [Ah 5d Qc 2s] [8h]
baboune4: checks 
CichiChanMarian: bets $2.61
baboune4: calls $2.61
*** SHOW DOWN ***
CichiChanMarian: shows [Ts Td] (a pair of Tens)
baboune4: mucks hand 
CichiChanMarian collected $10.18 from pot
*** SUMMARY ***
Total pot $10.72 | Rake $0.54 
Board [Ah 5d Qc 2s 8h]
Seat 1: michasia folded before Flop (didn't bet)
Seat 2: XneferX (button) folded before Flop (didn't bet)
Seat 3: MauriFierro27 (small blind) folded before Flop
Seat 4: baboune4 (big blind) mucked
Seat 5: CichiChanMarian showed [Ts Td] and won ($10.18) with a pair of Tens
Seat 6: kars0n folded before Flop (didn't bet)



PokerStars Hand #254217113232:  Hold'em No Limit ($0.50/$1.00 USD) - 2025/01/05 21:31:52 WET [2025/01/05 16:31:52 ET]
Table 'Antilia III' 6-max Seat #3 is the button
Seat 1: michasia ($101.50 in chips) 
Seat 2: XneferX ($100 in chips) 
Seat 3: MauriFierro27 ($100 in chips) 
Seat 4: baboune4 ($85.72 in chips) 
Seat 5: CichiChanMarian ($138.81 in chips) 
Seat 6: kars0n ($128.73 in chips) 
baboune4: posts small blind $0.50
CichiChanMarian: posts big blind $1
*** HOLE CARDS ***
kars0n: folds 
michasia: raises $1.60 to $2.60
XneferX: folds 
MauriFierro27: folds 
baboune4: folds 
CichiChanMarian: folds 
Uncalled bet ($1.60) returned to michasia
michasia collected $2.50 from pot
michasia: doesn't show hand 
*** SUMMARY ***
Total pot $2.50 | Rake $0 
Seat 1: michasia collected ($2.50)
Seat 2: XneferX folded before Flop (didn't bet)
Seat 3: MauriFierro27 (button) folded before Flop (didn't bet)
Seat 4: baboune4 (small blind) folded before Flop
Seat 5: CichiChanMarian (big blind) folded before Flop
Seat 6: kars0n folded before Flop (didn't bet)



PokerStars Hand #254217118603:  Hold'em No Limit ($0.50/$1.00 USD) - 2025/01/05 21:32:05 WET [2025/01/05 16:32:05 ET]
Table 'Antilia III' 6-max Seat #4 is the button
Seat 1: michasia ($103 in chips) 
Seat 2: XneferX ($100 in chips) 
Seat 3: MauriFierro27 ($100 in chips) 
Seat 4: baboune4 ($85.22 in chips) 
Seat 5: CichiChanMarian ($137.81 in chips) 
Seat 6: kars0n ($128.73 in chips) 
CichiChanMarian: posts small blind $0.50
kars0n: posts big blind $1
*** HOLE CARDS ***
michasia: folds 
XneferX: folds 
MauriFierro27: folds 
baboune4: raises $2.50 to $3.50
CichiChanMarian: folds 
kars0n: calls $2.50
*** FLOP *** [4c Jc Th]
kars0n: checks 
baboune4: bets $7.12
kars0n: folds 
Uncalled bet ($7.12) returned to baboune4
baboune4 collected $7.12 from pot
baboune4: doesn't show hand 
*** SUMMARY ***
Total pot $7.50 | Rake $0.38 
Board [4c Jc Th]
Seat 1: michasia folded before Flop (didn't bet)
Seat 2: XneferX folded before Flop (didn't bet)
Seat 3: MauriFierro27 folded before Flop (didn't bet)
Seat 4: baboune4 (button) collected ($7.12)
Seat 5: CichiChanMarian (small blind) folded before Flop
Seat 6: kars0n (big blind) folded on the Flop



PokerStars Hand #254217132940:  Hold'em No Limit ($0.50/$1.00 USD) - 2025/01/05 21:32:40 WET [2025/01/05 16:32:40 ET]
Table 'Antilia III' 6-max Seat #5 is the button
Seat 1: michasia ($103 in chips) 
Seat 2: XneferX ($100 in chips) 
Seat 3: MauriFierro27 ($100 in chips) 
Seat 4: baboune4 ($88.84 in chips) 
Seat 5: CichiChanMarian ($137.31 in chips) 
Seat 6: kars0n ($125.23 in chips) 
kars0n: posts small blind $0.50
michasia: posts big blind $1
*** HOLE CARDS ***
XneferX: folds 
MauriFierro27: raises $1.20 to $2.20
baboune4: folds 
CichiChanMarian: folds 
kars0n: folds 
michasia: folds 
Uncalled bet ($1.20) returned to MauriFierro27
MauriFierro27 collected $2.50 from pot
MauriFierro27: doesn't show hand 
*** SUMMARY ***
Total pot $2.50 | Rake $0 
Seat 1: michasia (big blind) folded before Flop
Seat 2: XneferX folded before Flop (didn't bet)
Seat 3: MauriFierro27 collected ($2.50)
Seat 4: baboune4 folded before Flop (didn't bet)
Seat 5: CichiChanMarian (button) folded before Flop (didn't bet)
Seat 6: kars0n (small blind) folded before Flop



PokerStars Hand #254217139071:  Hold'em No Limit ($0.50/$1.00 USD) - 2025/01/05 21:32:54 WET [2025/01/05 16:32:54 ET]
Table 'Antilia III' 6-max Seat #6 is the button
Seat 1: michasia ($102 in chips) 
Seat 2: XneferX ($100 in chips) 
Seat 3: MauriFierro27 ($101.50 in chips) 
Seat 4: baboune4 ($88.84 in chips) 
Seat 5: CichiChanMarian ($137.31 in chips) 
Seat 6: kars0n ($124.73 in chips) 
michasia: posts small blind $0.50
XneferX: posts big blind $1
*** HOLE CARDS ***
MauriFierro27: folds 
baboune4: folds 
CichiChanMarian: raises $1.50 to $2.50
kars0n: folds 
michasia: folds 
XneferX: calls $1.50
*** FLOP *** [Kc 4s Tc]
XneferX: checks 
CichiChanMarian: bets $1.72
XneferX: calls $1.72
*** TURN *** [Kc 4s Tc] [3s]
XneferX: checks 
CichiChanMarian: checks 
*** RIVER *** [Kc 4s Tc 3s] [Th]
XneferX: bets $6.54
CichiChanMarian: folds 
Uncalled bet ($6.54) returned to XneferX
XneferX collected $8.49 from pot
XneferX: doesn't show hand 
*** SUMMARY ***
Total pot $8.94 | Rake $0.45 
Board [Kc 4s Tc 3s Th]
Seat 1: michasia (small blind) folded before Flop
Seat 2: XneferX (big blind) collected ($8.49)
Seat 3: MauriFierro27 folded before Flop (didn't bet)
Seat 4: baboune4 folded before Flop (didn't bet)
Seat 5: CichiChanMarian folded on the River
Seat 6: kars0n (button) folded before Flop (didn't bet)



PokerStars Hand #254217161689:  Hold'em No Limit ($0.50/$1.00 USD) - 2025/01/05 21:33:48 WET [2025/01/05 16:33:48 ET]
Table 'Antilia III' 6-max Seat #1 is the button
Seat 1: michasia ($101.50 in chips) 
Seat 2: XneferX ($104.27 in chips) 
Seat 3: MauriFierro27 ($101.50 in chips) 
Seat 4: baboune4 ($88.84 in chips) 
Seat 5: CichiChanMarian ($133.09 in chips) 
Seat 6: kars0n ($124.73 in chips) 
XneferX: posts small blind $0.50
MauriFierro27: posts big blind $1
*** HOLE CARDS ***
baboune4: raises $2.50 to $3.50
CichiChanMarian: raises $10.50 to $14
kars0n: folds 
michasia: folds 
XneferX: folds 
MauriFierro27: folds 
baboune4: calls $10.50
*** FLOP *** [2s Qs 7c]
baboune4: bets $74.84 and is all-in
CichiChanMarian: calls $74.84
*** TURN *** [2s Qs 7c] [9d]
*** RIVER *** [2s Qs 7c 9d] [7s]
*** SHOW DOWN ***
baboune4: shows [Kh Th] (a pair of Sevens)
CichiChanMarian: shows [Qh Ac] (two pair, Queens and Sevens)
CichiChanMarian collected $176.68 from pot
*** SUMMARY ***
Total pot $179.18 | Rake $2.50 
Board [2s Qs 7c 9d 7s]
Seat 1: michasia (button) folded before Flop (didn't bet)
Seat 2: XneferX (small blind) folded before Flop
Seat 3: MauriFierro27 (big blind) folded before Flop
Seat 4: baboune4 showed [Kh Th] and lost with a pair of Sevens
Seat 5: CichiChanMarian showed [Qh Ac] and won ($176.68) with two pair, Queens and Sevens
Seat 6: kars0n folded before Flop (didn't bet)



PokerStars Hand #254217176269:  Hold'em No Limit ($0.50/$1.00 USD) - 2025/01/05 21:34:24 WET [2025/01/05 16:34:24 ET]
Table 'Antilia III' 6-max Seat #2 is the button
Seat 1: michasia ($101.50 in chips) 
Seat 2: XneferX ($103.77 in chips) 
Seat 3: MauriFierro27 ($100.50 in chips) 
Seat 5: CichiChanMarian ($220.93 in chips) 
Seat 6: kars0n ($124.73 in chips) 
MauriFierro27: posts small blind $0.50
CichiChanMarian: posts big blind $1
*** HOLE CARDS ***
kars0n: folds 
michasia: raises $1.80 to $2.80
XneferX: raises $4.70 to $7.50
MauriFierro27: folds 
CichiChanMarian: folds 
michasia: folds 
Uncalled bet ($4.70) returned to XneferX
XneferX collected $7.10 from pot
XneferX: doesn't show hand 
Mr_Dick666 joins the table at seat #4 
*** SUMMARY ***
Total pot $7.10 | Rake $0 
Seat 1: michasia folded before Flop
Seat 2: XneferX (button) collected ($7.10)
Seat 3: MauriFierro27 (small blind) folded before Flop
Seat 5: CichiChanMarian (big blind) folded before Flop
Seat 6: kars0n folded before Flop (didn't bet)



PokerStars Hand #254217185313:  Hold'em No Limit ($0.50/$1.00 USD) - 2025/01/05 21:34:45 WET [2025/01/05 16:34:45 ET]
Table 'Antilia III' 6-max Seat #3 is the button
Seat 4: Mr_Dick666 ($100 in chips) is sitting out
Seat 1: michasia ($100 in chips) 
Seat 2: XneferX ($108.07 in chips) 
Seat 3: MauriFierro27 ($100 in chips) 
Seat 5: CichiChanMarian ($219.93 in chips) 
Seat 6: kars0n ($124.73 in chips) 
CichiChanMarian: posts small blind $0.50
kars0n: posts big blind $1
*** HOLE CARDS ***
michasia: raises $1.60 to $2.60
XneferX: folds 
MauriFierro27: folds 
CichiChanMarian: folds 
kars0n: folds 
Uncalled bet ($1.60) returned to michasia
michasia collected $2.50 from pot
michasia: doesn't show hand 
*** SUMMARY ***
Total pot $2.50 | Rake $0 
Seat 4: Mr_Dick666
Seat 1: michasia collected ($2.50)
Seat 2: XneferX folded before Flop (didn't bet)
Seat 3: MauriFierro27 (button) folded before Flop (didn't bet)
Seat 5: CichiChanMarian (small blind) folded before Flop
Seat 6: kars0n (big blind) folded before Flop



PokerStars Hand #254217193949:  Hold'em No Limit ($0.50/$1.00 USD) - 2025/01/05 21:35:06 WET [2025/01/05 16:35:06 ET]
Table 'Antilia III' 6-max Seat #5 is the button
Seat 1: michasia ($101.50 in chips) is sitting out
Seat 4: Mr_Dick666 ($100 in chips) is sitting out
Seat 2: XneferX ($108.07 in chips) 
Seat 3: MauriFierro27 ($100 in chips) 
Seat 5: CichiChanMarian ($219.43 in chips) 
Seat 6: kars0n ($123.73 in chips) 
kars0n: posts small blind $0.50
michasia: is sitting out 
XneferX: posts big blind $1
Mr_Dick666: sits out 
*** HOLE CARDS ***
MauriFierro27: folds 
michasia leaves the table
CichiChanMarian: raises $1.50 to $2.50
kars0n: folds 
XneferX: raises $6.50 to $9
CichiChanMarian: folds 
Uncalled bet ($6.50) returned to XneferX
XneferX collected $5.50 from pot
XneferX: doesn't show hand 
*** SUMMARY ***
Total pot $5.50 | Rake $0 
Seat 1: michasia
Seat 4: Mr_Dick666
Seat 2: XneferX (big blind) collected ($5.50)
Seat 3: MauriFierro27 folded before Flop (didn't bet)
Seat 5: CichiChanMarian (button) folded before Flop
Seat 6: kars0n (small blind) folded before Flop



PokerStars Hand #254217204204:  Hold'em No Limit ($0.50/$1.00 USD) - 2025/01/05 21:35:31 WET [2025/01/05 16:35:31 ET]
Table 'Antilia III' 6-max Seat #6 is the button
Seat 3: MauriFierro27 ($100 in chips) is sitting out
Seat 2: XneferX ($111.07 in chips) 
Seat 4: Mr_Dick666 ($100 in chips) 
Seat 5: CichiChanMarian ($216.93 in chips) 
Seat 6: kars0n ($123.23 in chips) 
XneferX: posts small blind $0.50
MauriFierro27: is sitting out 
Mr_Dick666: posts big blind $1
*** HOLE CARDS ***
MauriFierro27 leaves the table
CichiChanMarian: folds 
kars0n: raises $1.50 to $2.50
XneferX: folds 
Mr_Dick666: folds 
Uncalled bet ($1.50) returned to kars0n
kars0n collected $2.50 from pot
kars0n: doesn't show hand 
*** SUMMARY ***
Total pot $2.50 | Rake $0 
Seat 3: MauriFierro27
Seat 2: XneferX (small blind) folded before Flop
Seat 4: Mr_Dick666 (big blind) folded before Flop
Seat 5: CichiChanMarian folded before Flop (didn't bet)
Seat 6: kars0n (button) collected ($2.50)



