PokerStars Hand #254222479686:  Hold'em No Limit ($0.50/$1.00 USD) - 2025/01/05 2:47:34 WET [2025/01/05 21:47:34 ET]
Table 'Nele II' 6-max Seat #1 is the button
Seat 1: danuuutz ($101.86 in chips) 
Seat 2: swardy100 ($39.60 in chips) 
Seat 3: XneferX ($100 in chips) 
Seat 6: Manifestorr ($100 in chips) 
swardy100: posts small blind $0.50
XneferX: posts big blind $1
*** HOLE CARDS ***
Manifestorr: folds 
danuuutz: folds 
swardy100: folds 
Uncalled bet ($0.50) returned to XneferX
danuuutz leaves the table
XneferX collected $1 from pot
XneferX: doesn't show hand 
50CandyJoe joins the table at seat #4 
*** SUMMARY ***
Total pot $1 | Rake $0 
Seat 1: danuuutz (button) folded before Flop (didn't bet)
Seat 2: swardy100 (small blind) folded before Flop
Seat 3: XneferX (big blind) collected ($1)
Seat 6: Manifestorr folded before Flop (didn't bet)



PokerStars Hand #254222482878:  Hold'em No Limit ($0.50/$1.00 USD) - 2025/01/05 2:47:52 WET [2025/01/05 21:47:52 ET]
Table 'Nele II' 6-max Seat #3 is the button
Seat 2: swardy100 ($39.10 in chips) is sitting out
Seat 4: 50CandyJoe ($100 in chips) is sitting out
Seat 3: XneferX ($100.50 in chips) 
Seat 6: Manifestorr ($100 in chips) 
XneferX: posts small blind $0.50
Manifestorr: posts big blind $1
*** HOLE CARDS ***
XneferX: raises $1.90 to $2.90
Manifestorr: folds 
Uncalled bet ($1.90) returned to XneferX
XneferX collected $2 from pot
XneferX: doesn't show hand 
*** SUMMARY ***
Total pot $2 | Rake $0 
Seat 2: swardy100
Seat 4: 50CandyJoe
Seat 3: XneferX (button) (small blind) collected ($2)
Seat 6: Manifestorr (big blind) folded before Flop



PokerStars Hand #254222485016:  Hold'em No Limit ($0.50/$1.00 USD) - 2025/01/05 2:48:05 WET [2025/01/05 21:48:05 ET]
Table 'Nele II' 6-max Seat #6 is the button
Seat 2: swardy100 ($39.10 in chips) is sitting out
Seat 3: XneferX ($101.50 in chips) 
Seat 4: 50CandyJoe ($100 in chips) 
Seat 6: Manifestorr ($100 in chips) 
XneferX: posts small blind $0.50
50CandyJoe: posts big blind $1
*** HOLE CARDS ***
Manifestorr: raises $1.20 to $2.20
XneferX: folds 
50CandyJoe: calls $1.20
*** FLOP *** [2h 6c 2d]
50CandyJoe: checks 
Manifestorr: bets $1.54
50CandyJoe: calls $1.54
*** TURN *** [2h 6c 2d] [Qh]
MauriFierro27 joins the table at seat #5 
50CandyJoe: checks 
GERAKLmeat joins the table at seat #1 
Manifestorr: checks 
*** RIVER *** [2h 6c 2d Qh] [8h]
50CandyJoe: checks 
Manifestorr: checks 
*** SHOW DOWN ***
50CandyJoe: shows [7h As] (a pair of Deuces)
Manifestorr: mucks hand 
50CandyJoe collected $7.58 from pot
*** SUMMARY ***
Total pot $7.98 | Rake $0.40 
Board [2h 6c 2d Qh 8h]
Seat 2: swardy100
Seat 3: XneferX (small blind) folded before Flop
Seat 4: 50CandyJoe (big blind) showed [7h As] and won ($7.58) with a pair of Deuces
Seat 6: Manifestorr (button) mucked



PokerStars Hand #254222494177:  Hold'em No Limit ($0.50/$1.00 USD) - 2025/01/05 2:48:59 WET [2025/01/05 21:48:59 ET]
Table 'Nele II' 6-max Seat #3 is the button
Seat 1: GERAKLmeat ($10 in chips) is sitting out
Seat 2: swardy100 ($39.10 in chips) is sitting out
Seat 3: XneferX ($101 in chips) 
Seat 4: 50CandyJoe ($103.84 in chips) 
Seat 5: MauriFierro27 ($100 in chips) 
Seat 6: Manifestorr ($100 in chips) 
50CandyJoe: posts small blind $0.50
MauriFierro27: posts big blind $1
GERAKLmeat: sits out 
*** HOLE CARDS ***
Manifestorr: folds 
XneferX: raises $1.77 to $2.77
50CandyJoe: folds 
MauriFierro27: folds 
Uncalled bet ($1.77) returned to XneferX
XneferX collected $2.50 from pot
XneferX: doesn't show hand 
*** SUMMARY ***
Total pot $2.50 | Rake $0 
Seat 1: GERAKLmeat
Seat 2: swardy100
Seat 3: XneferX (button) collected ($2.50)
Seat 4: 50CandyJoe (small blind) folded before Flop
Seat 5: MauriFierro27 (big blind) folded before Flop
Seat 6: Manifestorr folded before Flop (didn't bet)



PokerStars Hand #254222498650:  Hold'em No Limit ($0.50/$1.00 USD) - 2025/01/05 2:49:26 WET [2025/01/05 21:49:26 ET]
Table 'Nele II' 6-max Seat #4 is the button
Seat 1: GERAKLmeat ($10 in chips) is sitting out
Seat 2: swardy100 ($39.10 in chips) is sitting out
Seat 3: XneferX ($102.50 in chips) 
Seat 4: 50CandyJoe ($103.34 in chips) 
Seat 5: MauriFierro27 ($100 in chips) 
Seat 6: Manifestorr ($100 in chips) 
MauriFierro27: posts small blind $0.50
Manifestorr: posts big blind $1
GERAKLmeat: sits out 
*** HOLE CARDS ***
XneferX: folds 
50CandyJoe: folds 
MauriFierro27: folds 
Uncalled bet ($0.50) returned to Manifestorr
Manifestorr collected $1 from pot
*** SUMMARY ***
Total pot $1 | Rake $0 
Seat 1: GERAKLmeat
Seat 2: swardy100
Seat 3: XneferX folded before Flop (didn't bet)
Seat 4: 50CandyJoe (button) folded before Flop (didn't bet)
Seat 5: MauriFierro27 (small blind) folded before Flop
Seat 6: Manifestorr (big blind) collected ($1)



PokerStars Hand #254222500654:  Hold'em No Limit ($0.50/$1.00 USD) - 2025/01/05 2:49:38 WET [2025/01/05 21:49:38 ET]
Table 'Nele II' 6-max Seat #5 is the button
Seat 2: swardy100 ($39.10 in chips) is sitting out
Seat 1: GERAKLmeat ($10 in chips) 
Seat 3: XneferX ($102.50 in chips) 
Seat 4: 50CandyJoe ($103.34 in chips) 
Seat 5: MauriFierro27 ($100 in chips) 
Seat 6: Manifestorr ($100.50 in chips) 
Manifestorr: posts small blind $0.50
GERAKLmeat: posts big blind $1
*** HOLE CARDS ***
swardy100 is disconnected 
XneferX: folds 
50CandyJoe: raises $1.20 to $2.20
MauriFierro27: folds 
Manifestorr: folds 
GERAKLmeat: folds 
Uncalled bet ($1.20) returned to 50CandyJoe
50CandyJoe collected $2.50 from pot
50CandyJoe: doesn't show hand 
*** SUMMARY ***
Total pot $2.50 | Rake $0 
Seat 2: swardy100
Seat 1: GERAKLmeat (big blind) folded before Flop
Seat 3: XneferX folded before Flop (didn't bet)
Seat 4: 50CandyJoe collected ($2.50)
Seat 5: MauriFierro27 (button) folded before Flop (didn't bet)
Seat 6: Manifestorr (small blind) folded before Flop



PokerStars Hand #254222504006:  Hold'em No Limit ($0.50/$1.00 USD) - 2025/01/05 2:49:57 WET [2025/01/05 21:49:57 ET]
Table 'Nele II' 6-max Seat #6 is the button
Seat 2: swardy100 ($39.10 in chips) is sitting out
Seat 3: XneferX ($102.50 in chips) is sitting out
Seat 1: GERAKLmeat ($9 in chips) 
Seat 4: 50CandyJoe ($104.84 in chips) 
Seat 5: MauriFierro27 ($100 in chips) 
Seat 6: Manifestorr ($100 in chips) 
GERAKLmeat: posts small blind $0.50
XneferX: is sitting out 
50CandyJoe: posts big blind $1
*** HOLE CARDS ***
MauriFierro27: raises $1.20 to $2.20
Manifestorr: folds 
XneferX leaves the table
GERAKLmeat: folds 
50CandyJoe: calls $1.20
*** FLOP *** [8c 5h As]
50CandyJoe: checks 
MauriFierro27: bets $1.54
50CandyJoe: raises $5.46 to $7
MauriFierro27: calls $5.46
*** TURN *** [8c 5h As] [Th]
50CandyJoe: checks 
MauriFierro27: bets $13.50
50CandyJoe: folds 
Uncalled bet ($13.50) returned to MauriFierro27
MauriFierro27 collected $17.96 from pot
MauriFierro27: doesn't show hand 
*** SUMMARY ***
Total pot $18.90 | Rake $0.94 
Board [8c 5h As Th]
Seat 2: swardy100
Seat 3: XneferX
Seat 1: GERAKLmeat (small blind) folded before Flop
Seat 4: 50CandyJoe (big blind) folded on the Turn
Seat 5: MauriFierro27 collected ($17.96)
Seat 6: Manifestorr (button) folded before Flop (didn't bet)



PokerStars Hand #254222515229:  Hold'em No Limit ($0.50/$1.00 USD) - 2025/01/05 2:51:05 WET [2025/01/05 21:51:05 ET]
Table 'Nele II' 6-max Seat #1 is the button
Seat 2: swardy100 ($39.10 in chips) is sitting out
Seat 1: GERAKLmeat ($8.50 in chips) 
Seat 4: 50CandyJoe ($100 in chips) 
Seat 5: MauriFierro27 ($108.76 in chips) 
Seat 6: Manifestorr ($100 in chips) 
50CandyJoe: posts small blind $0.50
MauriFierro27: posts big blind $1
*** HOLE CARDS ***
Manifestorr: folds 
GERAKLmeat: folds 
50CandyJoe: folds 
Uncalled bet ($0.50) returned to MauriFierro27
MauriFierro27 collected $1 from pot
MauriFierro27: doesn't show hand 
*** SUMMARY ***
Total pot $1 | Rake $0 
Seat 2: swardy100
Seat 1: GERAKLmeat (button) folded before Flop (didn't bet)
Seat 4: 50CandyJoe (small blind) folded before Flop
Seat 5: MauriFierro27 (big blind) collected ($1)
Seat 6: Manifestorr folded before Flop (didn't bet)



PokerStars Hand #254222516864:  Hold'em No Limit ($0.50/$1.00 USD) - 2025/01/05 2:51:15 WET [2025/01/05 21:51:15 ET]
Table 'Nele II' 6-max Seat #4 is the button
Seat 1: GERAKLmeat ($8.50 in chips) 
Seat 2: swardy100 ($39.10 in chips) 
Seat 4: 50CandyJoe ($100 in chips) 
Seat 5: MauriFierro27 ($109.26 in chips) 
Seat 6: Manifestorr ($100 in chips) 
MauriFierro27: posts small blind $0.50
Manifestorr: posts big blind $1
swardy100: posts small & big blinds $1.50
*** HOLE CARDS ***
GERAKLmeat: raises $7.50 to $8.50 and is all-in
swardy100: folds 
50CandyJoe: folds 
MauriFierro27: folds 
Manifestorr: folds 
Uncalled bet ($7.50) returned to GERAKLmeat
swardy100 leaves the table
GERAKLmeat collected $4 from pot
GERAKLmeat: doesn't show hand 
*** SUMMARY ***
Total pot $4 | Rake $0 
Seat 1: GERAKLmeat collected ($4)
Seat 2: swardy100 folded before Flop (didn't bet)
Seat 4: 50CandyJoe (button) folded before Flop (didn't bet)
Seat 5: MauriFierro27 (small blind) folded before Flop
Seat 6: Manifestorr (big blind) folded before Flop



PokerStars Hand #254222519820:  Hold'em No Limit ($0.50/$1.00 USD) - 2025/01/05 2:51:33 WET [2025/01/05 21:51:33 ET]
Table 'Nele II' 6-max Seat #5 is the button
Seat 1: GERAKLmeat ($11.50 in chips) 
Seat 4: 50CandyJoe ($100 in chips) 
Seat 5: MauriFierro27 ($108.76 in chips) 
Seat 6: Manifestorr ($100 in chips) 
Manifestorr: posts small blind $0.50
GERAKLmeat: posts big blind $1
*** HOLE CARDS ***
50CandyJoe: folds 
MauriFierro27: raises $1.20 to $2.20
Manifestorr: raises $8.80 to $11
GERAKLmeat: folds 
MauriFierro27: folds 
Uncalled bet ($8.80) returned to Manifestorr
Manifestorr collected $5.40 from pot
*** SUMMARY ***
Total pot $5.40 | Rake $0 
Seat 1: GERAKLmeat (big blind) folded before Flop
Seat 4: 50CandyJoe folded before Flop (didn't bet)
Seat 5: MauriFierro27 (button) folded before Flop
Seat 6: Manifestorr (small blind) collected ($5.40)



PokerStars Hand #254222524695:  Hold'em No Limit ($0.50/$1.00 USD) - 2025/01/05 2:52:02 WET [2025/01/05 21:52:02 ET]
Table 'Nele II' 6-max Seat #6 is the button
Seat 1: GERAKLmeat ($10.50 in chips) 
Seat 4: 50CandyJoe ($100 in chips) 
Seat 5: MauriFierro27 ($106.56 in chips) 
Seat 6: Manifestorr ($103.20 in chips) 
GERAKLmeat: posts small blind $0.50
50CandyJoe: posts big blind $1
*** HOLE CARDS ***
MauriFierro27: folds 
Manifestorr: folds 
GERAKLmeat: calls $0.50
50CandyJoe: checks 
*** FLOP *** [5h Tc 7h]
GERAKLmeat: bets $1
50CandyJoe: folds 
Uncalled bet ($1) returned to GERAKLmeat
GERAKLmeat collected $1.90 from pot
GERAKLmeat: doesn't show hand 
*** SUMMARY ***
Total pot $2 | Rake $0.10 
Board [5h Tc 7h]
Seat 1: GERAKLmeat (small blind) collected ($1.90)
Seat 4: 50CandyJoe (big blind) folded on the Flop
Seat 5: MauriFierro27 folded before Flop (didn't bet)
Seat 6: Manifestorr (button) folded before Flop (didn't bet)



PokerStars Hand #254222529676:  Hold'em No Limit ($0.50/$1.00 USD) - 2025/01/05 2:52:32 WET [2025/01/05 21:52:32 ET]
Table 'Nele II' 6-max Seat #4 is the button
Seat 5: MauriFierro27 ($106.56 in chips) is sitting out
Seat 6: Manifestorr ($103.20 in chips) is sitting out
Seat 1: GERAKLmeat ($11.40 in chips) 
Seat 4: 50CandyJoe ($100 in chips) 
50CandyJoe: posts small blind $0.50
MauriFierro27: is sitting out 
Manifestorr: is sitting out 
GERAKLmeat: posts big blind $1
*** HOLE CARDS ***
MauriFierro27 leaves the table
50CandyJoe: raises $1 to $2
Manifestorr leaves the table
GERAKLmeat: calls $1
*** FLOP *** [Td 3s Qs]
GERAKLmeat: checks 
50CandyJoe: checks 
*** TURN *** [Td 3s Qs] [6s]
GERAKLmeat: checks 
50CandyJoe: checks 
*** RIVER *** [Td 3s Qs 6s] [5h]
GERAKLmeat: bets $1.90
50CandyJoe: folds 
Uncalled bet ($1.90) returned to GERAKLmeat
GERAKLmeat collected $3.80 from pot
GERAKLmeat: doesn't show hand 
*** SUMMARY ***
Total pot $4 | Rake $0.20 
Board [Td 3s Qs 6s 5h]
Seat 5: MauriFierro27
Seat 6: Manifestorr
Seat 1: GERAKLmeat (big blind) collected ($3.80)
Seat 4: 50CandyJoe (button) (small blind) folded on the River



PokerStars Hand #254222538271:  Hold'em No Limit ($0.50/$1.00 USD) - 2025/01/05 2:53:26 WET [2025/01/05 21:53:26 ET]
Table 'Nele II' 6-max Seat #1 is the button
Seat 1: GERAKLmeat ($13.20 in chips) 
Seat 4: 50CandyJoe ($100 in chips) 
GERAKLmeat: posts small blind $0.50
50CandyJoe: posts big blind $1
*** HOLE CARDS ***
GERAKLmeat: raises $12.20 to $13.20 and is all-in
50CandyJoe: calls $12.20
kingKy1414 joins the table at seat #5 
*** FLOP *** [5c Js 3s]
kingKy1414 is disconnected 
*** TURN *** [5c Js 3s] [9c]
*** RIVER *** [5c Js 3s 9c] [Qs]
*** SHOW DOWN ***
50CandyJoe: shows [Td Kh] (a straight, Nine to King)
GERAKLmeat: shows [6d 9d] (a pair of Nines)
Consig|iori joins the table at seat #6 
50CandyJoe collected $25.40 from pot
*** SUMMARY ***
Total pot $26.40 | Rake $1 
Board [5c Js 3s 9c Qs]
Seat 1: GERAKLmeat (button) (small blind) showed [6d 9d] and lost with a pair of Nines
Seat 4: 50CandyJoe (big blind) showed [Td Kh] and won ($25.40) with a straight, Nine to King



PokerStars Hand #254222540937:  Hold'em No Limit ($0.50/$1.00 USD) - 2025/01/05 2:53:43 WET [2025/01/05 21:53:43 ET]
Table 'Nele II' 6-max Seat #1 is the button
Seat 6: Consig|iori ($100 in chips) is sitting out
Seat 1: GERAKLmeat ($10 in chips) 
Seat 4: 50CandyJoe ($112.20 in chips) 
Seat 5: kingKy1414 ($69.46 in chips) 
50CandyJoe: posts small blind $0.50
kingKy1414: posts big blind $1
Consig|iori: sits out 
*** HOLE CARDS ***
GERAKLmeat: folds 
50CandyJoe: folds 
Uncalled bet ($0.50) returned to kingKy1414
kingKy1414 collected $1 from pot
tukeiron joins the table at seat #2 
*** SUMMARY ***
Total pot $1 | Rake $0 
Seat 6: Consig|iori
Seat 1: GERAKLmeat (button) folded before Flop (didn't bet)
Seat 4: 50CandyJoe (small blind) folded before Flop
Seat 5: kingKy1414 (big blind) collected ($1)



PokerStars Hand #254222542082:  Hold'em No Limit ($0.50/$1.00 USD) - 2025/01/05 2:53:50 WET [2025/01/05 21:53:50 ET]
Table 'Nele II' 6-max Seat #4 is the button
Seat 2: tukeiron ($100 in chips) is sitting out
Seat 1: GERAKLmeat ($10 in chips) 
Seat 4: 50CandyJoe ($111.70 in chips) 
Seat 5: kingKy1414 ($69.96 in chips) 
Seat 6: Consig|iori ($100 in chips) 
kingKy1414: posts small blind $0.50
Consig|iori: posts big blind $1
tukeiron: sits out 
*** HOLE CARDS ***
GERAKLmeat: folds 
50CandyJoe: folds 
kingKy1414: calls $0.50
Consig|iori: checks 
*** FLOP *** [Jd 3c Tc]
kingKy1414: checks 
Consig|iori: checks 
*** TURN *** [Jd 3c Tc] [3h]
abidaz10 joins the table at seat #3 
abidaz10 is disconnected 
kingKy1414: checks 
Consig|iori: checks 
*** RIVER *** [Jd 3c Tc 3h] [Kh]
kingKy1414: bets $2
Consig|iori: folds 
Uncalled bet ($2) returned to kingKy1414
kingKy1414 collected $1.90 from pot
*** SUMMARY ***
Total pot $2 | Rake $0.10 
Board [Jd 3c Tc 3h Kh]
Seat 2: tukeiron
Seat 1: GERAKLmeat folded before Flop (didn't bet)
Seat 4: 50CandyJoe (button) folded before Flop (didn't bet)
Seat 5: kingKy1414 (small blind) collected ($1.90)
Seat 6: Consig|iori (big blind) folded on the River



PokerStars Hand #254222546138:  Hold'em No Limit ($0.50/$1.00 USD) - 2025/01/05 2:54:16 WET [2025/01/05 21:54:16 ET]
Table 'Nele II' 6-max Seat #5 is the button
Seat 1: GERAKLmeat ($10 in chips) is sitting out
Seat 2: tukeiron ($100 in chips) 
Seat 3: abidaz10 ($96.51 in chips) 
Seat 4: 50CandyJoe ($111.70 in chips) 
Seat 5: kingKy1414 ($70.86 in chips) 
Seat 6: Consig|iori ($100 in chips) 
Consig|iori: posts small blind $0.50
GERAKLmeat: is sitting out 
tukeiron: posts big blind $1
abidaz10: posts big blind $1
*** HOLE CARDS ***
abidaz10: raises $1 to $2
50CandyJoe: folds 
kingKy1414: folds 
Consig|iori: folds 
tukeiron: folds 
Uncalled bet ($1) returned to abidaz10
abidaz10 collected $2.50 from pot
*** SUMMARY ***
Total pot $2.50 | Rake $0 
Seat 1: GERAKLmeat
Seat 2: tukeiron (big blind) folded before Flop
Seat 3: abidaz10 collected ($2.50)
Seat 4: 50CandyJoe folded before Flop (didn't bet)
Seat 5: kingKy1414 (button) folded before Flop (didn't bet)
Seat 6: Consig|iori (small blind) folded before Flop



PokerStars Hand #254222549175:  Hold'em No Limit ($0.50/$1.00 USD) - 2025/01/05 2:54:36 WET [2025/01/05 21:54:36 ET]
Table 'Nele II' 6-max Seat #6 is the button
Seat 1: GERAKLmeat ($10 in chips) is sitting out
Seat 2: tukeiron ($100 in chips) 
Seat 3: abidaz10 ($98.01 in chips) 
Seat 4: 50CandyJoe ($111.70 in chips) 
Seat 5: kingKy1414 ($70.86 in chips) 
Seat 6: Consig|iori ($100 in chips) 
tukeiron: posts small blind $0.50
abidaz10: posts big blind $1
*** HOLE CARDS ***
50CandyJoe: folds 
kingKy1414: folds 
Consig|iori: raises $1.40 to $2.40
tukeiron: folds 
abidaz10: folds 
Uncalled bet ($1.40) returned to Consig|iori
Consig|iori collected $2.50 from pot
Consig|iori: doesn't show hand 
*** SUMMARY ***
Total pot $2.50 | Rake $0 
Seat 1: GERAKLmeat
Seat 2: tukeiron (small blind) folded before Flop
Seat 3: abidaz10 (big blind) folded before Flop
Seat 4: 50CandyJoe folded before Flop (didn't bet)
Seat 5: kingKy1414 folded before Flop (didn't bet)
Seat 6: Consig|iori (button) collected ($2.50)



PokerStars Hand #254222551728:  Hold'em No Limit ($0.50/$1.00 USD) - 2025/01/05 2:54:52 WET [2025/01/05 21:54:52 ET]
Table 'Nele II' 6-max Seat #2 is the button
Seat 1: GERAKLmeat ($10 in chips) is sitting out
Seat 2: tukeiron ($100 in chips) 
Seat 3: abidaz10 ($97.01 in chips) 
Seat 4: 50CandyJoe ($111.70 in chips) 
Seat 5: kingKy1414 ($70.86 in chips) 
Seat 6: Consig|iori ($101.50 in chips) 
abidaz10: posts small blind $0.50
50CandyJoe: posts big blind $1
GERAKLmeat: sits out 
*** HOLE CARDS ***
kingKy1414: calls $1
Consig|iori: folds 
tukeiron: raises $3.50 to $4.50
abidaz10: folds 
50CandyJoe: raises $10 to $14.50
kingKy1414: folds 
tukeiron: folds 
Uncalled bet ($10) returned to 50CandyJoe
50CandyJoe collected $10.50 from pot
50CandyJoe: doesn't show hand 
*** SUMMARY ***
Total pot $10.50 | Rake $0 
Seat 1: GERAKLmeat
Seat 2: tukeiron (button) folded before Flop
Seat 3: abidaz10 (small blind) folded before Flop
Seat 4: 50CandyJoe (big blind) collected ($10.50)
Seat 5: kingKy1414 folded before Flop
Seat 6: Consig|iori folded before Flop (didn't bet)



PokerStars Hand #254222555954:  Hold'em No Limit ($0.50/$1.00 USD) - 2025/01/05 2:55:22 WET [2025/01/05 21:55:22 ET]
Table 'Nele II' 6-max Seat #3 is the button
Seat 1: GERAKLmeat ($10 in chips) is sitting out
Seat 2: tukeiron ($100 in chips) 
Seat 3: abidaz10 ($96.51 in chips) 
Seat 4: 50CandyJoe ($117.70 in chips) 
Seat 5: kingKy1414 ($69.86 in chips) 
Seat 6: Consig|iori ($101.50 in chips) 
50CandyJoe: posts small blind $0.50
kingKy1414: posts big blind $1
GERAKLmeat: sits out 
*** HOLE CARDS ***
Consig|iori: folds 
tukeiron: raises $1.10 to $2.10
abidaz10: folds 
50CandyJoe: folds 
kingKy1414: calls $1.10
*** FLOP *** [Jd 5h 6h]
kingKy1414: bets $2
tukeiron: folds 
Uncalled bet ($2) returned to kingKy1414
kingKy1414 collected $4.46 from pot
*** SUMMARY ***
Total pot $4.70 | Rake $0.24 
Board [Jd 5h 6h]
Seat 1: GERAKLmeat
Seat 2: tukeiron folded on the Flop
Seat 3: abidaz10 (button) folded before Flop (didn't bet)
Seat 4: 50CandyJoe (small blind) folded before Flop
Seat 5: kingKy1414 (big blind) collected ($4.46)
Seat 6: Consig|iori folded before Flop (didn't bet)



PokerStars Hand #254222561929:  Hold'em No Limit ($0.50/$1.00 USD) - 2025/01/05 2:56:10 WET [2025/01/05 21:56:10 ET]
Table 'Nele II' 6-max Seat #4 is the button
Seat 1: GERAKLmeat ($10 in chips) is sitting out
Seat 2: tukeiron ($100 in chips) 
Seat 3: abidaz10 ($96.51 in chips) 
Seat 4: 50CandyJoe ($117.20 in chips) 
Seat 5: kingKy1414 ($72.22 in chips) 
Seat 6: Consig|iori ($101.50 in chips) 
kingKy1414: posts small blind $0.50
Consig|iori: posts big blind $1
GERAKLmeat: sits out 
*** HOLE CARDS ***
tukeiron: folds 
abidaz10: raises $1 to $2
50CandyJoe: raises $7 to $9
kingKy1414: folds 
Consig|iori: folds 
abidaz10: folds 
Uncalled bet ($7) returned to 50CandyJoe
50CandyJoe collected $5.50 from pot
50CandyJoe: doesn't show hand 
*** SUMMARY ***
Total pot $5.50 | Rake $0 
Seat 1: GERAKLmeat
Seat 2: tukeiron folded before Flop (didn't bet)
Seat 3: abidaz10 folded before Flop
Seat 4: 50CandyJoe (button) collected ($5.50)
Seat 5: kingKy1414 (small blind) folded before Flop
Seat 6: Consig|iori (big blind) folded before Flop



PokerStars Hand #254222564919:  Hold'em No Limit ($0.50/$1.00 USD) - 2025/01/05 2:56:33 WET [2025/01/05 21:56:33 ET]
Table 'Nele II' 6-max Seat #5 is the button
Seat 1: GERAKLmeat ($10 in chips) 
Seat 2: tukeiron ($100 in chips) 
Seat 3: abidaz10 ($94.51 in chips) 
Seat 4: 50CandyJoe ($120.70 in chips) 
Seat 5: kingKy1414 ($71.72 in chips) 
Seat 6: Consig|iori ($100.50 in chips) 
Consig|iori: posts small blind $0.50
GERAKLmeat: posts big blind $1
*** HOLE CARDS ***
tukeiron: folds 
abidaz10: folds 
50CandyJoe: folds 
kingKy1414: calls $1
Consig|iori: folds 
GERAKLmeat: checks 
*** FLOP *** [Kc 8s 3h]
GERAKLmeat: checks 
kingKy1414: bets $3
GERAKLmeat: folds 
Uncalled bet ($3) returned to kingKy1414
kingKy1414 collected $2.38 from pot
*** SUMMARY ***
Total pot $2.50 | Rake $0.12 
Board [Kc 8s 3h]
Seat 1: GERAKLmeat (big blind) folded on the Flop
Seat 2: tukeiron folded before Flop (didn't bet)
Seat 3: abidaz10 folded before Flop (didn't bet)
Seat 4: 50CandyJoe folded before Flop (didn't bet)
Seat 5: kingKy1414 (button) collected ($2.38)
Seat 6: Consig|iori (small blind) folded before Flop



PokerStars Hand #254222568108:  Hold'em No Limit ($0.50/$1.00 USD) - 2025/01/05 2:56:59 WET [2025/01/05 21:56:59 ET]
Table 'Nele II' 6-max Seat #6 is the button
Seat 1: GERAKLmeat ($9 in chips) 
Seat 2: tukeiron ($100 in chips) 
Seat 3: abidaz10 ($94.51 in chips) 
Seat 4: 50CandyJoe ($120.70 in chips) 
Seat 5: kingKy1414 ($73.10 in chips) 
Seat 6: Consig|iori ($100 in chips) 
GERAKLmeat: posts small blind $0.50
tukeiron: posts big blind $1
*** HOLE CARDS ***
abidaz10: calls $1
50CandyJoe: folds 
kingKy1414: calls $1
Consig|iori: folds 
GERAKLmeat: folds 
tukeiron: checks 
*** FLOP *** [Jh 5s 5h]
tukeiron: checks 
abidaz10: checks 
kingKy1414: checks 
*** TURN *** [Jh 5s 5h] [Jc]
tukeiron: checks 
abidaz10: bets $1.66
kingKy1414: folds 
tukeiron: folds 
Uncalled bet ($1.66) returned to abidaz10
abidaz10 collected $3.32 from pot
abidaz10: doesn't show hand 
*** SUMMARY ***
Total pot $3.50 | Rake $0.18 
Board [Jh 5s 5h Jc]
Seat 1: GERAKLmeat (small blind) folded before Flop
Seat 2: tukeiron (big blind) folded on the Turn
Seat 3: abidaz10 collected ($3.32)
Seat 4: 50CandyJoe folded before Flop (didn't bet)
Seat 5: kingKy1414 folded on the Turn
Seat 6: Consig|iori (button) folded before Flop (didn't bet)



PokerStars Hand #254222579148:  Hold'em No Limit ($0.50/$1.00 USD) - 2025/01/05 2:58:27 WET [2025/01/05 21:58:27 ET]
Table 'Nele II' 6-max Seat #1 is the button
Seat 1: GERAKLmeat ($8.50 in chips) 
Seat 2: tukeiron ($100 in chips) 
Seat 3: abidaz10 ($96.83 in chips) 
Seat 4: 50CandyJoe ($120.70 in chips) 
Seat 5: kingKy1414 ($72.10 in chips) 
Seat 6: Consig|iori ($100 in chips) 
tukeiron: posts small blind $0.50
abidaz10: posts big blind $1
*** HOLE CARDS ***
50CandyJoe: folds 
kingKy1414: calls $1
Consig|iori: raises $3 to $4
GERAKLmeat: folds 
tukeiron: folds 
abidaz10: folds 
kingKy1414: calls $3
*** FLOP *** [8c 7d 4s]
abidaz10 leaves the table
kingKy1414: bets $3
Consig|iori: folds 
Uncalled bet ($3) returned to kingKy1414
kingKy1414 collected $9.02 from pot
kingKy1414: doesn't show hand 
*** SUMMARY ***
Total pot $9.50 | Rake $0.48 
Board [8c 7d 4s]
Seat 1: GERAKLmeat (button) folded before Flop (didn't bet)
Seat 2: tukeiron (small blind) folded before Flop
Seat 3: abidaz10 (big blind) folded before Flop
Seat 4: 50CandyJoe folded before Flop (didn't bet)
Seat 5: kingKy1414 collected ($9.02)
Seat 6: Consig|iori folded on the Flop



PokerStars Hand #254222582650:  Hold'em No Limit ($0.50/$1.00 USD) - 2025/01/05 2:58:56 WET [2025/01/05 21:58:56 ET]
Table 'Nele II' 6-max Seat #2 is the button
Seat 1: GERAKLmeat ($8.50 in chips) 
Seat 2: tukeiron ($100 in chips) 
Seat 4: 50CandyJoe ($120.70 in chips) 
Seat 5: kingKy1414 ($77.12 in chips) 
Seat 6: Consig|iori ($100 in chips) 
50CandyJoe: posts small blind $0.50
kingKy1414: posts big blind $1
*** HOLE CARDS ***
Consig|iori: folds 
GERAKLmeat: folds 
tukeiron: raises $1.50 to $2.50
50CandyJoe: folds 
kingKy1414: folds 
Uncalled bet ($1.50) returned to tukeiron
tukeiron collected $2.50 from pot
tukeiron: doesn't show hand 
*** SUMMARY ***
Total pot $2.50 | Rake $0 
Seat 1: GERAKLmeat folded before Flop (didn't bet)
Seat 2: tukeiron (button) collected ($2.50)
Seat 4: 50CandyJoe (small blind) folded before Flop
Seat 5: kingKy1414 (big blind) folded before Flop
Seat 6: Consig|iori folded before Flop (didn't bet)



