PokerStars Hand #254216429753:  Hold'em No Limit ($0.50/$1.00 USD) - 2025/01/05 21:04:46 WET [2025/01/05 16:04:46 ET]
Table 'Anacreon II' 6-max Seat #6 is the button
Seat 1: CichiChanMarian ($106.27 in chips) 
Seat 2: XneferX ($108.68 in chips) 
Seat 3: InteRRio ($100 in chips) 
Seat 4: rswipa ($81.71 in chips) 
Seat 5: NISIY ($109.78 in chips) 
Seat 6: NOTfishON ($209.22 in chips) 
CichiChanMarian: posts small blind $0.50
XneferX: posts big blind $1
*** HOLE CARDS ***
InteRRio: folds 
rswipa: folds 
NISIY: folds 
NOTfishON: folds 
CichiChanMarian: folds 
Uncalled bet ($0.50) returned to XneferX
XneferX collected $1 from pot
XneferX: doesn't show hand 
*** SUMMARY ***
Total pot $1 | Rake $0 
Seat 1: CichiChanMarian (small blind) folded before Flop
Seat 2: XneferX (big blind) collected ($1)
Seat 3: InteRRio folded before Flop (didn't bet)
Seat 4: rswipa folded before Flop (didn't bet)
Seat 5: NISIY folded before Flop (didn't bet)
Seat 6: NOTfishON (button) folded before Flop (didn't bet)



PokerStars Hand #254216438227:  Hold'em No Limit ($0.50/$1.00 USD) - 2025/01/05 21:05:07 WET [2025/01/05 16:05:07 ET]
Table 'Anacreon II' 6-max Seat #1 is the button
Seat 1: CichiChanMarian ($105.77 in chips) 
Seat 2: XneferX ($109.18 in chips) 
Seat 3: InteRRio ($100 in chips) 
Seat 4: rswipa ($81.71 in chips) 
Seat 5: NISIY ($109.78 in chips) 
Seat 6: NOTfishON ($209.22 in chips) 
XneferX: posts small blind $0.50
InteRRio: posts big blind $1
*** HOLE CARDS ***
rswipa: folds 
NISIY: raises $1.50 to $2.50
NOTfishON: folds 
CichiChanMarian: folds 
XneferX: folds 
InteRRio: calls $1.50
*** FLOP *** [7d 6s Kc]
InteRRio: checks 
NISIY: bets $1.72
InteRRio: calls $1.72
*** TURN *** [7d 6s Kc] [Jd]
InteRRio: checks 
NISIY: bets $6.37
InteRRio: calls $6.37
*** RIVER *** [7d 6s Kc Jd] [3s]
InteRRio: checks 
NISIY: checks 
*** SHOW DOWN ***
InteRRio: shows [Kd Qh] (a pair of Kings)
NISIY: mucks hand 
InteRRio collected $20.60 from pot
*** SUMMARY ***
Total pot $21.68 | Rake $1.08 
Board [7d 6s Kc Jd 3s]
Seat 1: CichiChanMarian (button) folded before Flop (didn't bet)
Seat 2: XneferX (small blind) folded before Flop
Seat 3: InteRRio (big blind) showed [Kd Qh] and won ($20.60) with a pair of Kings
Seat 4: rswipa folded before Flop (didn't bet)
Seat 5: NISIY mucked
Seat 6: NOTfishON folded before Flop (didn't bet)



PokerStars Hand #254216466840:  Hold'em No Limit ($0.50/$1.00 USD) - 2025/01/05 21:06:14 WET [2025/01/05 16:06:14 ET]
Table 'Anacreon II' 6-max Seat #2 is the button
Seat 1: CichiChanMarian ($105.77 in chips) 
Seat 2: XneferX ($108.68 in chips) 
Seat 3: InteRRio ($110.01 in chips) 
Seat 4: rswipa ($81.71 in chips) 
Seat 5: NISIY ($100 in chips) 
Seat 6: NOTfishON ($209.22 in chips) 
InteRRio: posts small blind $0.50
rswipa: posts big blind $1
*** HOLE CARDS ***
NISIY: folds 
NOTfishON: folds 
CichiChanMarian: raises $1.50 to $2.50
XneferX: folds 
InteRRio: folds 
rswipa: folds 
Uncalled bet ($1.50) returned to CichiChanMarian
CichiChanMarian collected $2.50 from pot
CichiChanMarian: doesn't show hand 
*** SUMMARY ***
Total pot $2.50 | Rake $0 
Seat 1: CichiChanMarian collected ($2.50)
Seat 2: XneferX (button) folded before Flop (didn't bet)
Seat 3: InteRRio (small blind) folded before Flop
Seat 4: rswipa (big blind) folded before Flop
Seat 5: NISIY folded before Flop (didn't bet)
Seat 6: NOTfishON folded before Flop (didn't bet)



PokerStars Hand #254216477990:  Hold'em No Limit ($0.50/$1.00 USD) - 2025/01/05 21:06:41 WET [2025/01/05 16:06:41 ET]
Table 'Anacreon II' 6-max Seat #3 is the button
Seat 1: CichiChanMarian ($107.27 in chips) 
Seat 2: XneferX ($108.68 in chips) 
Seat 3: InteRRio ($109.51 in chips) 
Seat 4: rswipa ($80.71 in chips) 
Seat 5: NISIY ($100 in chips) 
Seat 6: NOTfishON ($209.22 in chips) 
rswipa: posts small blind $0.50
NISIY: posts big blind $1
*** HOLE CARDS ***
NOTfishON: folds 
CichiChanMarian: folds 
XneferX: folds 
InteRRio: folds 
rswipa: raises $1 to $2
NISIY: raises $6 to $8
rswipa: calls $6
*** FLOP *** [9d 3s Jh]
rswipa: checks 
NISIY: bets $5.02
rswipa: calls $5.02
*** TURN *** [9d 3s Jh] [2d]
rswipa: checks 
NISIY: bets $16.33
rswipa: folds 
Uncalled bet ($16.33) returned to NISIY
NISIY collected $24.74 from pot
NISIY: doesn't show hand 
*** SUMMARY ***
Total pot $26.04 | Rake $1.30 
Board [9d 3s Jh 2d]
Seat 1: CichiChanMarian folded before Flop (didn't bet)
Seat 2: XneferX folded before Flop (didn't bet)
Seat 3: InteRRio (button) folded before Flop (didn't bet)
Seat 4: rswipa (small blind) folded on the Turn
Seat 5: NISIY (big blind) collected ($24.74)
Seat 6: NOTfishON folded before Flop (didn't bet)



PokerStars Hand #254216505944:  Hold'em No Limit ($0.50/$1.00 USD) - 2025/01/05 21:07:47 WET [2025/01/05 16:07:47 ET]
Table 'Anacreon II' 6-max Seat #4 is the button
Seat 1: CichiChanMarian ($107.27 in chips) 
Seat 2: XneferX ($108.68 in chips) 
Seat 3: InteRRio ($109.51 in chips) 
Seat 4: rswipa ($67.69 in chips) 
Seat 5: NISIY ($111.72 in chips) 
Seat 6: NOTfishON ($209.22 in chips) 
NISIY: posts small blind $0.50
NOTfishON: posts big blind $1
*** HOLE CARDS ***
CichiChanMarian: raises $1.50 to $2.50
XneferX: folds 
InteRRio: folds 
rswipa: raises $2.50 to $5
NISIY: folds 
NOTfishON: folds 
CichiChanMarian: calls $2.50
*** FLOP *** [3s Jd 2d]
CichiChanMarian: checks 
rswipa: bets $5.46
CichiChanMarian: folds 
Uncalled bet ($5.46) returned to rswipa
rswipa collected $10.92 from pot
*** SUMMARY ***
Total pot $11.50 | Rake $0.58 
Board [3s Jd 2d]
Seat 1: CichiChanMarian folded on the Flop
Seat 2: XneferX folded before Flop (didn't bet)
Seat 3: InteRRio folded before Flop (didn't bet)
Seat 4: rswipa (button) collected ($10.92)
Seat 5: NISIY (small blind) folded before Flop
Seat 6: NOTfishON (big blind) folded before Flop



PokerStars Hand #254216519770:  Hold'em No Limit ($0.50/$1.00 USD) - 2025/01/05 21:08:20 WET [2025/01/05 16:08:20 ET]
Table 'Anacreon II' 6-max Seat #5 is the button
Seat 1: CichiChanMarian ($102.27 in chips) 
Seat 2: XneferX ($108.68 in chips) 
Seat 3: InteRRio ($109.51 in chips) 
Seat 4: rswipa ($97 in chips) 
Seat 5: NISIY ($111.22 in chips) 
Seat 6: NOTfishON ($208.22 in chips) 
NOTfishON: posts small blind $0.50
CichiChanMarian: posts big blind $1
*** HOLE CARDS ***
XneferX: folds 
InteRRio: folds 
rswipa: calls $1
NISIY: raises $3 to $4
NOTfishON: folds 
CichiChanMarian: raises $10 to $14
rswipa: folds 
NISIY: folds 
Uncalled bet ($10) returned to CichiChanMarian
CichiChanMarian collected $9.50 from pot
CichiChanMarian: doesn't show hand 
*** SUMMARY ***
Total pot $9.50 | Rake $0 
Seat 1: CichiChanMarian (big blind) collected ($9.50)
Seat 2: XneferX folded before Flop (didn't bet)
Seat 3: InteRRio folded before Flop (didn't bet)
Seat 4: rswipa folded before Flop
Seat 5: NISIY (button) folded before Flop
Seat 6: NOTfishON (small blind) folded before Flop



PokerStars Hand #254216536486:  Hold'em No Limit ($0.50/$1.00 USD) - 2025/01/05 21:09:01 WET [2025/01/05 16:09:01 ET]
Table 'Anacreon II' 6-max Seat #6 is the button
Seat 1: CichiChanMarian ($107.77 in chips) 
Seat 2: XneferX ($108.68 in chips) 
Seat 3: InteRRio ($109.51 in chips) 
Seat 4: rswipa ($96 in chips) 
Seat 5: NISIY ($107.22 in chips) 
Seat 6: NOTfishON ($207.72 in chips) 
CichiChanMarian: posts small blind $0.50
XneferX: posts big blind $1
*** HOLE CARDS ***
InteRRio: raises $1.50 to $2.50
rswipa: calls $2.50
NISIY: folds 
NOTfishON: folds 
CichiChanMarian: folds 
XneferX: folds 
*** FLOP *** [5c 9s 3h]
InteRRio: bets $2.06
rswipa: folds 
Uncalled bet ($2.06) returned to InteRRio
InteRRio collected $6.18 from pot
InteRRio: doesn't show hand 
*** SUMMARY ***
Total pot $6.50 | Rake $0.32 
Board [5c 9s 3h]
Seat 1: CichiChanMarian (small blind) folded before Flop
Seat 2: XneferX (big blind) folded before Flop
Seat 3: InteRRio collected ($6.18)
Seat 4: rswipa folded on the Flop
Seat 5: NISIY folded before Flop (didn't bet)
Seat 6: NOTfishON (button) folded before Flop (didn't bet)



PokerStars Hand #254216544429:  Hold'em No Limit ($0.50/$1.00 USD) - 2025/01/05 21:09:20 WET [2025/01/05 16:09:20 ET]
Table 'Anacreon II' 6-max Seat #1 is the button
Seat 3: InteRRio ($113.19 in chips) is sitting out
Seat 1: CichiChanMarian ($107.27 in chips) 
Seat 2: XneferX ($107.68 in chips) 
Seat 4: rswipa ($93.50 in chips) 
Seat 5: NISIY ($107.22 in chips) 
Seat 6: NOTfishON ($207.72 in chips) 
XneferX: posts small blind $0.50
InteRRio: is sitting out 
rswipa: posts big blind $1
*** HOLE CARDS ***
NISIY: folds 
NOTfishON: folds 
CichiChanMarian: folds 
XneferX: raises $1.90 to $2.90
InteRRio leaves the table
rswipa: calls $1.90
*** FLOP *** [Jh Qh 9c]
XneferX: bets $1.43
rswipa: folds 
Uncalled bet ($1.43) returned to XneferX
XneferX collected $5.51 from pot
XneferX: doesn't show hand 
*** SUMMARY ***
Total pot $5.80 | Rake $0.29 
Board [Jh Qh 9c]
Seat 3: InteRRio
Seat 1: CichiChanMarian (button) folded before Flop (didn't bet)
Seat 2: XneferX (small blind) collected ($5.51)
Seat 4: rswipa (big blind) folded on the Flop
Seat 5: NISIY folded before Flop (didn't bet)
Seat 6: NOTfishON folded before Flop (didn't bet)



PokerStars Hand #254216556878:  Hold'em No Limit ($0.50/$1.00 USD) - 2025/01/05 21:09:50 WET [2025/01/05 16:09:50 ET]
Table 'Anacreon II' 6-max Seat #2 is the button
Seat 1: CichiChanMarian ($107.27 in chips) 
Seat 2: XneferX ($110.29 in chips) 
Seat 4: rswipa ($90.60 in chips) 
Seat 5: NISIY ($107.22 in chips) 
Seat 6: NOTfishON ($207.72 in chips) 
rswipa: posts small blind $0.50
NISIY: posts big blind $1
*** HOLE CARDS ***
NOTfishON: folds 
CichiChanMarian: raises $1.50 to $2.50
XneferX: folds 
rswipa: folds 
NISIY: folds 
Uncalled bet ($1.50) returned to CichiChanMarian
CichiChanMarian collected $2.50 from pot
CichiChanMarian: doesn't show hand 
*** SUMMARY ***
Total pot $2.50 | Rake $0 
Seat 1: CichiChanMarian collected ($2.50)
Seat 2: XneferX (button) folded before Flop (didn't bet)
Seat 4: rswipa (small blind) folded before Flop
Seat 5: NISIY (big blind) folded before Flop
Seat 6: NOTfishON folded before Flop (didn't bet)



PokerStars Hand #254216568082:  Hold'em No Limit ($0.50/$1.00 USD) - 2025/01/05 21:10:16 WET [2025/01/05 16:10:16 ET]
Table 'Anacreon II' 6-max Seat #4 is the button
Seat 6: NOTfishON ($207.72 in chips) is sitting out
Seat 1: CichiChanMarian ($108.77 in chips) 
Seat 2: XneferX ($110.29 in chips) 
Seat 4: rswipa ($90.10 in chips) 
Seat 5: NISIY ($106.22 in chips) 
NISIY: posts small blind $0.50
NOTfishON: is sitting out 
CichiChanMarian: posts big blind $1
*** HOLE CARDS ***
XneferX: folds 
NOTfishON leaves the table
rswipa: raises $3 to $4
NISIY: folds 
CichiChanMarian: folds 
Uncalled bet ($3) returned to rswipa
rswipa collected $2.50 from pot
*** SUMMARY ***
Total pot $2.50 | Rake $0 
Seat 6: NOTfishON
Seat 1: CichiChanMarian (big blind) folded before Flop
Seat 2: XneferX folded before Flop (didn't bet)
Seat 4: rswipa (button) collected ($2.50)
Seat 5: NISIY (small blind) folded before Flop



PokerStars Hand #254216574176:  Hold'em No Limit ($0.50/$1.00 USD) - 2025/01/05 21:10:31 WET [2025/01/05 16:10:31 ET]
Table 'Anacreon II' 6-max Seat #5 is the button
Seat 1: CichiChanMarian ($107.77 in chips) 
Seat 2: XneferX ($110.29 in chips) 
Seat 4: rswipa ($91.60 in chips) 
Seat 5: NISIY ($105.72 in chips) 
CichiChanMarian: posts small blind $0.50
XneferX: posts big blind $1
*** HOLE CARDS ***
rswipa: calls $1
NISIY: raises $3 to $4
CichiChanMarian: folds 
dreimis190 joins the table at seat #6 
XneferX: folds 
rswipa: calls $3
*** FLOP *** [9c Jc Td]
rswipa: checks 
NISIY: checks 
*** TURN *** [9c Jc Td] [5c]
rswipa: bets $4.51
DonkeeyD joins the table at seat #3 
NISIY: folds 
Uncalled bet ($4.51) returned to rswipa
rswipa collected $9.02 from pot
*** SUMMARY ***
Total pot $9.50 | Rake $0.48 
Board [9c Jc Td 5c]
Seat 1: CichiChanMarian (small blind) folded before Flop
Seat 2: XneferX (big blind) folded before Flop
Seat 4: rswipa collected ($9.02)
Seat 5: NISIY (button) folded on the Turn



PokerStars Hand #254216603933:  Hold'em No Limit ($0.50/$1.00 USD) - 2025/01/05 21:11:42 WET [2025/01/05 16:11:42 ET]
Table 'Anacreon II' 6-max Seat #1 is the button
Seat 6: dreimis190 ($100 in chips) is sitting out
Seat 1: CichiChanMarian ($107.27 in chips) 
Seat 2: XneferX ($109.29 in chips) 
Seat 3: DonkeeyD ($100 in chips) 
Seat 4: rswipa ($96.62 in chips) 
Seat 5: NISIY ($101.72 in chips) 
XneferX: posts small blind $0.50
DonkeeyD: posts big blind $1
dreimis190: sits out 
*** HOLE CARDS ***
rswipa: folds 
NISIY: raises $1.50 to $2.50
CichiChanMarian: folds 
XneferX: folds 
DonkeeyD: calls $1.50
*** FLOP *** [3s 4h 6s]
DonkeeyD: checks 
NISIY: bets $1.72
DonkeeyD: folds 
Uncalled bet ($1.72) returned to NISIY
NISIY collected $5.22 from pot
NISIY: doesn't show hand 
*** SUMMARY ***
Total pot $5.50 | Rake $0.28 
Board [3s 4h 6s]
Seat 6: dreimis190
Seat 1: CichiChanMarian (button) folded before Flop (didn't bet)
Seat 2: XneferX (small blind) folded before Flop
Seat 3: DonkeeyD (big blind) folded on the Flop
Seat 4: rswipa folded before Flop (didn't bet)
Seat 5: NISIY collected ($5.22)



PokerStars Hand #254216624390:  Hold'em No Limit ($0.50/$1.00 USD) - 2025/01/05 21:12:30 WET [2025/01/05 16:12:30 ET]
Table 'Anacreon II' 6-max Seat #2 is the button
Seat 6: dreimis190 ($100 in chips) is sitting out
Seat 1: CichiChanMarian ($107.27 in chips) 
Seat 2: XneferX ($108.79 in chips) 
Seat 3: DonkeeyD ($100 in chips) 
Seat 4: rswipa ($96.62 in chips) 
Seat 5: NISIY ($104.44 in chips) 
DonkeeyD: posts small blind $0.50
rswipa: posts big blind $1
dreimis190: sits out 
*** HOLE CARDS ***
NISIY: raises $1.50 to $2.50
CichiChanMarian: folds 
XneferX: folds 
DonkeeyD: folds 
rswipa: folds 
Uncalled bet ($1.50) returned to NISIY
NISIY collected $2.50 from pot
NISIY: doesn't show hand 
*** SUMMARY ***
Total pot $2.50 | Rake $0 
Seat 6: dreimis190
Seat 1: CichiChanMarian folded before Flop (didn't bet)
Seat 2: XneferX (button) folded before Flop (didn't bet)
Seat 3: DonkeeyD (small blind) folded before Flop
Seat 4: rswipa (big blind) folded before Flop
Seat 5: NISIY collected ($2.50)



PokerStars Hand #254216632326:  Hold'em No Limit ($0.50/$1.00 USD) - 2025/01/05 21:12:49 WET [2025/01/05 16:12:49 ET]
Table 'Anacreon II' 6-max Seat #3 is the button
Seat 6: dreimis190 ($100 in chips) is sitting out
Seat 1: CichiChanMarian ($107.27 in chips) 
Seat 2: XneferX ($108.79 in chips) 
Seat 3: DonkeeyD ($100 in chips) 
Seat 4: rswipa ($95.62 in chips) 
Seat 5: NISIY ($105.94 in chips) 
rswipa: posts small blind $0.50
NISIY: posts big blind $1
dreimis190: sits out 
*** HOLE CARDS ***
CichiChanMarian: folds 
XneferX: folds 
DonkeeyD: folds 
rswipa: folds 
Uncalled bet ($0.50) returned to NISIY
NISIY collected $1 from pot
NISIY: doesn't show hand 
*** SUMMARY ***
Total pot $1 | Rake $0 
Seat 6: dreimis190
Seat 1: CichiChanMarian folded before Flop (didn't bet)
Seat 2: XneferX folded before Flop (didn't bet)
Seat 3: DonkeeyD (button) folded before Flop (didn't bet)
Seat 4: rswipa (small blind) folded before Flop
Seat 5: NISIY (big blind) collected ($1)



PokerStars Hand #254216637416:  Hold'em No Limit ($0.50/$1.00 USD) - 2025/01/05 21:13:00 WET [2025/01/05 16:13:00 ET]
Table 'Anacreon II' 6-max Seat #4 is the button
Seat 1: CichiChanMarian ($107.27 in chips) 
Seat 2: XneferX ($108.79 in chips) 
Seat 3: DonkeeyD ($100 in chips) 
Seat 4: rswipa ($95.12 in chips) 
Seat 5: NISIY ($106.44 in chips) 
Seat 6: dreimis190 ($100 in chips) 
NISIY: posts small blind $0.50
dreimis190: posts big blind $1
*** HOLE CARDS ***
CichiChanMarian: folds 
XneferX: raises $1.50 to $2.50
DonkeeyD: folds 
rswipa: folds 
NISIY: folds 
dreimis190: folds 
Uncalled bet ($1.50) returned to XneferX
XneferX collected $2.50 from pot
XneferX: doesn't show hand 
*** SUMMARY ***
Total pot $2.50 | Rake $0 
Seat 1: CichiChanMarian folded before Flop (didn't bet)
Seat 2: XneferX collected ($2.50)
Seat 3: DonkeeyD folded before Flop (didn't bet)
Seat 4: rswipa (button) folded before Flop (didn't bet)
Seat 5: NISIY (small blind) folded before Flop
Seat 6: dreimis190 (big blind) folded before Flop



PokerStars Hand #254216647249:  Hold'em No Limit ($0.50/$1.00 USD) - 2025/01/05 21:13:24 WET [2025/01/05 16:13:24 ET]
Table 'Anacreon II' 6-max Seat #5 is the button
Seat 1: CichiChanMarian ($107.27 in chips) 
Seat 2: XneferX ($110.29 in chips) 
Seat 3: DonkeeyD ($100 in chips) 
Seat 4: rswipa ($95.12 in chips) 
Seat 5: NISIY ($105.94 in chips) 
Seat 6: dreimis190 ($100 in chips) 
dreimis190: posts small blind $0.50
CichiChanMarian: posts big blind $1
*** HOLE CARDS ***
XneferX: folds 
DonkeeyD: raises $1.20 to $2.20
rswipa: calls $2.20
NISIY: raises $10.80 to $13
dreimis190: folds 
CichiChanMarian: folds 
DonkeeyD: folds 
rswipa: folds 
Uncalled bet ($10.80) returned to NISIY
NISIY collected $8.10 from pot
NISIY: doesn't show hand 
*** SUMMARY ***
Total pot $8.10 | Rake $0 
Seat 1: CichiChanMarian (big blind) folded before Flop
Seat 2: XneferX folded before Flop (didn't bet)
Seat 3: DonkeeyD folded before Flop
Seat 4: rswipa folded before Flop
Seat 5: NISIY (button) collected ($8.10)
Seat 6: dreimis190 (small blind) folded before Flop



PokerStars Hand #254216664341:  Hold'em No Limit ($0.50/$1.00 USD) - 2025/01/05 21:14:05 WET [2025/01/05 16:14:05 ET]
Table 'Anacreon II' 6-max Seat #6 is the button
Seat 1: CichiChanMarian ($106.27 in chips) 
Seat 2: XneferX ($110.29 in chips) 
Seat 3: DonkeeyD ($100 in chips) 
Seat 4: rswipa ($92.92 in chips) 
Seat 5: NISIY ($111.84 in chips) 
Seat 6: dreimis190 ($100 in chips) 
CichiChanMarian: posts small blind $0.50
XneferX: posts big blind $1
*** HOLE CARDS ***
DonkeeyD: folds 
rswipa: folds 
NISIY: folds 
dreimis190: folds 
CichiChanMarian: raises $2 to $3
XneferX: folds 
Uncalled bet ($2) returned to CichiChanMarian
CichiChanMarian collected $2 from pot
CichiChanMarian: doesn't show hand 
*** SUMMARY ***
Total pot $2 | Rake $0 
Seat 1: CichiChanMarian (small blind) collected ($2)
Seat 2: XneferX (big blind) folded before Flop
Seat 3: DonkeeyD folded before Flop (didn't bet)
Seat 4: rswipa folded before Flop (didn't bet)
Seat 5: NISIY folded before Flop (didn't bet)
Seat 6: dreimis190 (button) folded before Flop (didn't bet)



PokerStars Hand #254216670322:  Hold'em No Limit ($0.50/$1.00 USD) - 2025/01/05 21:14:19 WET [2025/01/05 16:14:19 ET]
Table 'Anacreon II' 6-max Seat #1 is the button
Seat 1: CichiChanMarian ($107.27 in chips) 
Seat 2: XneferX ($109.29 in chips) 
Seat 3: DonkeeyD ($100 in chips) 
Seat 4: rswipa ($92.92 in chips) 
Seat 5: NISIY ($111.84 in chips) 
Seat 6: dreimis190 ($100 in chips) 
XneferX: posts small blind $0.50
DonkeeyD: posts big blind $1
*** HOLE CARDS ***
rswipa: folds 
NISIY: folds 
dreimis190: folds 
CichiChanMarian: folds 
XneferX: raises $1.90 to $2.90
DonkeeyD: calls $1.90
*** FLOP *** [Ks Kc 7s]
XneferX: bets $1.43
DonkeeyD: folds 
Uncalled bet ($1.43) returned to XneferX
XneferX collected $5.51 from pot
XneferX: doesn't show hand 
*** SUMMARY ***
Total pot $5.80 | Rake $0.29 
Board [Ks Kc 7s]
Seat 1: CichiChanMarian (button) folded before Flop (didn't bet)
Seat 2: XneferX (small blind) collected ($5.51)
Seat 3: DonkeeyD (big blind) folded on the Flop
Seat 4: rswipa folded before Flop (didn't bet)
Seat 5: NISIY folded before Flop (didn't bet)
Seat 6: dreimis190 folded before Flop (didn't bet)



PokerStars Hand #254216686907:  Hold'em No Limit ($0.50/$1.00 USD) - 2025/01/05 21:14:58 WET [2025/01/05 16:14:58 ET]
Table 'Anacreon II' 6-max Seat #2 is the button
Seat 1: CichiChanMarian ($107.27 in chips) 
Seat 2: XneferX ($111.90 in chips) 
Seat 3: DonkeeyD ($100 in chips) 
Seat 4: rswipa ($92.92 in chips) 
Seat 5: NISIY ($111.84 in chips) 
Seat 6: dreimis190 ($100 in chips) 
DonkeeyD: posts small blind $0.50
rswipa: posts big blind $1
*** HOLE CARDS ***
NISIY: folds 
dreimis190: folds 
CichiChanMarian: raises $1.50 to $2.50
XneferX: raises $5 to $7.50
DonkeeyD: folds 
rswipa: calls $6.50
CichiChanMarian: calls $5
*** FLOP *** [8c 6h 2s]
rswipa: checks 
CichiChanMarian: checks 
XneferX: checks 
*** TURN *** [8c 6h 2s] [4c]
rswipa: bets $10.93
CichiChanMarian: calls $10.93
XneferX: folds 
*** RIVER *** [8c 6h 2s 4c] [3h]
rswipa: checks 
CichiChanMarian: checks 
*** SHOW DOWN ***
rswipa: shows [Qc Ah] (high card Ace)
CichiChanMarian: mucks hand 
rswipa collected $42.62 from pot
*** SUMMARY ***
Total pot $44.86 | Rake $2.24 
Board [8c 6h 2s 4c 3h]
Seat 1: CichiChanMarian mucked
Seat 2: XneferX (button) folded on the Turn
Seat 3: DonkeeyD (small blind) folded before Flop
Seat 4: rswipa (big blind) showed [Qc Ah] and won ($42.62) with high card Ace
Seat 5: NISIY folded before Flop (didn't bet)
Seat 6: dreimis190 folded before Flop (didn't bet)



PokerStars Hand #254216723825:  Hold'em No Limit ($0.50/$1.00 USD) - 2025/01/05 21:16:26 WET [2025/01/05 16:16:26 ET]
Table 'Anacreon II' 6-max Seat #3 is the button
Seat 1: CichiChanMarian ($100 in chips) 
Seat 2: XneferX ($104.40 in chips) 
Seat 3: DonkeeyD ($100 in chips) 
Seat 4: rswipa ($117.11 in chips) 
Seat 5: NISIY ($111.84 in chips) 
Seat 6: dreimis190 ($100 in chips) 
rswipa: posts small blind $0.50
NISIY: posts big blind $1
*** HOLE CARDS ***
dreimis190: raises $1 to $2
CichiChanMarian: folds 
XneferX: folds 
DonkeeyD: folds 
rswipa: calls $1.50
NISIY: folds 
*** FLOP *** [8d Kc 9s]
rswipa: checks 
dreimis190: bets $1.57
rswipa: folds 
Uncalled bet ($1.57) returned to dreimis190
dreimis190 collected $4.75 from pot
dreimis190: doesn't show hand 
*** SUMMARY ***
Total pot $5 | Rake $0.25 
Board [8d Kc 9s]
Seat 1: CichiChanMarian folded before Flop (didn't bet)
Seat 2: XneferX folded before Flop (didn't bet)
Seat 3: DonkeeyD (button) folded before Flop (didn't bet)
Seat 4: rswipa (small blind) folded on the Flop
Seat 5: NISIY (big blind) folded before Flop
Seat 6: dreimis190 collected ($4.75)



PokerStars Hand #254216738814:  Hold'em No Limit ($0.50/$1.00 USD) - 2025/01/05 21:17:01 WET [2025/01/05 16:17:01 ET]
Table 'Anacreon II' 6-max Seat #4 is the button
Seat 1: CichiChanMarian ($100 in chips) 
Seat 2: XneferX ($104.40 in chips) 
Seat 3: DonkeeyD ($100 in chips) 
Seat 4: rswipa ($115.11 in chips) 
Seat 5: NISIY ($110.84 in chips) 
Seat 6: dreimis190 ($102.75 in chips) 
NISIY: posts small blind $0.50
dreimis190: posts big blind $1
*** HOLE CARDS ***
CichiChanMarian: raises $1.50 to $2.50
XneferX: folds 
DonkeeyD: folds 
rswipa: calls $2.50
NISIY: folds 
dreimis190: calls $1.50
*** FLOP *** [Jd 7h 2c]
dreimis190: checks 
CichiChanMarian: checks 
rswipa: checks 
*** TURN *** [Jd 7h 2c] [3c]
dreimis190: checks 
rswipa is disconnected 
CichiChanMarian: checks 
rswipa: checks 
*** RIVER *** [Jd 7h 2c 3c] [9s]
dreimis190: bets $1.50
CichiChanMarian: raises $9.50 to $11
rswipa: folds 
dreimis190: folds 
Uncalled bet ($9.50) returned to CichiChanMarian
CichiChanMarian collected $10.45 from pot
CichiChanMarian: doesn't show hand 
*** SUMMARY ***
Total pot $11 | Rake $0.55 
Board [Jd 7h 2c 3c 9s]
Seat 1: CichiChanMarian collected ($10.45)
Seat 2: XneferX folded before Flop (didn't bet)
Seat 3: DonkeeyD folded before Flop (didn't bet)
Seat 4: rswipa (button) folded on the River
Seat 5: NISIY (small blind) folded before Flop
Seat 6: dreimis190 (big blind) folded on the River



PokerStars Hand #254216783349:  Hold'em No Limit ($0.50/$1.00 USD) - 2025/01/05 21:18:47 WET [2025/01/05 16:18:47 ET]
Table 'Anacreon II' 6-max Seat #5 is the button
Seat 1: CichiChanMarian ($106.45 in chips) 
Seat 2: XneferX ($104.40 in chips) 
Seat 3: DonkeeyD ($100 in chips) 
Seat 4: rswipa ($112.61 in chips) 
Seat 5: NISIY ($110.34 in chips) 
Seat 6: dreimis190 ($100 in chips) 
dreimis190: posts small blind $0.50
CichiChanMarian: posts big blind $1
*** HOLE CARDS ***
XneferX: folds 
DonkeeyD: folds 
rswipa has timed out
rswipa: folds 
NISIY: folds 
dreimis190: raises $2 to $3
CichiChanMarian: folds 
Uncalled bet ($2) returned to dreimis190
dreimis190 collected $2 from pot
dreimis190: doesn't show hand 
*** SUMMARY ***
Total pot $2 | Rake $0 
Seat 1: CichiChanMarian (big blind) folded before Flop
Seat 2: XneferX folded before Flop (didn't bet)
Seat 3: DonkeeyD folded before Flop (didn't bet)
Seat 4: rswipa folded before Flop (didn't bet)
Seat 5: NISIY (button) folded before Flop (didn't bet)
Seat 6: dreimis190 (small blind) collected ($2)



PokerStars Hand #254216799366:  Hold'em No Limit ($0.50/$1.00 USD) - 2025/01/05 21:19:24 WET [2025/01/05 16:19:24 ET]
Table 'Anacreon II' 6-max Seat #6 is the button
Seat 4: rswipa ($112.61 in chips) is sitting out
Seat 1: CichiChanMarian ($105.45 in chips) 
Seat 2: XneferX ($104.40 in chips) 
Seat 3: DonkeeyD ($100 in chips) 
Seat 5: NISIY ($110.34 in chips) 
Seat 6: dreimis190 ($101 in chips) 
CichiChanMarian: posts small blind $0.50
XneferX: posts big blind $1
*** HOLE CARDS ***
DonkeeyD: folds 
NISIY: folds 
dreimis190: raises $1.50 to $2.50
CichiChanMarian: folds 
XneferX: folds 
Uncalled bet ($1.50) returned to dreimis190
dreimis190 collected $2.50 from pot
dreimis190: doesn't show hand 
*** SUMMARY ***
Total pot $2.50 | Rake $0 
Seat 4: rswipa
Seat 1: CichiChanMarian (small blind) folded before Flop
Seat 2: XneferX (big blind) folded before Flop
Seat 3: DonkeeyD folded before Flop (didn't bet)
Seat 5: NISIY folded before Flop (didn't bet)
Seat 6: dreimis190 (button) collected ($2.50)



PokerStars Hand #254216809395:  Hold'em No Limit ($0.50/$1.00 USD) - 2025/01/05 21:19:48 WET [2025/01/05 16:19:48 ET]
Table 'Anacreon II' 6-max Seat #1 is the button
Seat 4: rswipa ($112.61 in chips) is sitting out
Seat 1: CichiChanMarian ($104.95 in chips) 
Seat 2: XneferX ($103.40 in chips) 
Seat 3: DonkeeyD ($100 in chips) 
Seat 5: NISIY ($110.34 in chips) 
Seat 6: dreimis190 ($102.50 in chips) 
XneferX: posts small blind $0.50
DonkeeyD: posts big blind $1
*** HOLE CARDS ***
NISIY: folds 
dreimis190: folds 
CichiChanMarian: raises $1.50 to $2.50
XneferX: folds 
DonkeeyD: folds 
Uncalled bet ($1.50) returned to CichiChanMarian
CichiChanMarian collected $2.50 from pot
CichiChanMarian: doesn't show hand 
*** SUMMARY ***
Total pot $2.50 | Rake $0 
Seat 4: rswipa
Seat 1: CichiChanMarian (button) collected ($2.50)
Seat 2: XneferX (small blind) folded before Flop
Seat 3: DonkeeyD (big blind) folded before Flop
Seat 5: NISIY folded before Flop (didn't bet)
Seat 6: dreimis190 folded before Flop (didn't bet)



PokerStars Hand #254216814463:  Hold'em No Limit ($0.50/$1.00 USD) - 2025/01/05 21:20:00 WET [2025/01/05 16:20:00 ET]
Table 'Anacreon II' 6-max Seat #2 is the button
Seat 4: rswipa ($112.61 in chips) is sitting out
Seat 1: CichiChanMarian ($106.45 in chips) 
Seat 2: XneferX ($102.90 in chips) 
Seat 3: DonkeeyD ($100 in chips) 
Seat 5: NISIY ($110.34 in chips) 
Seat 6: dreimis190 ($102.50 in chips) 
DonkeeyD: posts small blind $0.50
NISIY: posts big blind $1
*** HOLE CARDS ***
dreimis190: folds 
CichiChanMarian: folds 
XneferX: folds 
DonkeeyD: raises $1.50 to $2.50
NISIY: calls $1.50
*** FLOP *** [8h 5s 5h]
DonkeeyD: bets $1.57
NISIY: raises $5.21 to $6.78
DonkeeyD: folds 
Uncalled bet ($5.21) returned to NISIY
NISIY collected $7.73 from pot
NISIY: doesn't show hand 
*** SUMMARY ***
Total pot $8.14 | Rake $0.41 
Board [8h 5s 5h]
Seat 4: rswipa
Seat 1: CichiChanMarian folded before Flop (didn't bet)
Seat 2: XneferX (button) folded before Flop (didn't bet)
Seat 3: DonkeeyD (small blind) folded on the Flop
Seat 5: NISIY (big blind) collected ($7.73)
Seat 6: dreimis190 folded before Flop (didn't bet)



PokerStars Hand #254216831883:  Hold'em No Limit ($0.50/$1.00 USD) - 2025/01/05 21:20:41 WET [2025/01/05 16:20:41 ET]
Table 'Anacreon II' 6-max Seat #3 is the button
Seat 4: rswipa ($112.61 in chips) is sitting out
Seat 1: CichiChanMarian ($106.45 in chips) 
Seat 2: XneferX ($102.90 in chips) 
Seat 3: DonkeeyD ($100 in chips) 
Seat 5: NISIY ($114 in chips) 
Seat 6: dreimis190 ($102.50 in chips) 
NISIY: posts small blind $0.50
dreimis190: posts big blind $1
*** HOLE CARDS ***
CichiChanMarian: folds 
XneferX: folds 
DonkeeyD: folds 
NISIY: raises $2 to $3
dreimis190: calls $2
*** FLOP *** [6s 2h 9c]
NISIY: bets $2.85
dreimis190: calls $2.85
*** TURN *** [6s 2h 9c] [Qh]
NISIY: bets $8.34
dreimis190: folds 
Uncalled bet ($8.34) returned to NISIY
NISIY collected $11.12 from pot
NISIY: doesn't show hand 
*** SUMMARY ***
Total pot $11.70 | Rake $0.58 
Board [6s 2h 9c Qh]
Seat 4: rswipa
Seat 1: CichiChanMarian folded before Flop (didn't bet)
Seat 2: XneferX folded before Flop (didn't bet)
Seat 3: DonkeeyD (button) folded before Flop (didn't bet)
Seat 5: NISIY (small blind) collected ($11.12)
Seat 6: dreimis190 (big blind) folded on the Turn



PokerStars Hand #254216858310:  Hold'em No Limit ($0.50/$1.00 USD) - 2025/01/05 21:21:44 WET [2025/01/05 16:21:44 ET]
Table 'Anacreon II' 6-max Seat #5 is the button
Seat 4: rswipa ($112.61 in chips) is sitting out
Seat 1: CichiChanMarian ($106.45 in chips) 
Seat 2: XneferX ($102.90 in chips) 
Seat 3: DonkeeyD ($100 in chips) 
Seat 5: NISIY ($119.27 in chips) 
Seat 6: dreimis190 ($100 in chips) 
dreimis190: posts small blind $0.50
CichiChanMarian: posts big blind $1
*** HOLE CARDS ***
XneferX: folds 
DonkeeyD: folds 
NISIY: folds 
dreimis190: folds 
Uncalled bet ($0.50) returned to CichiChanMarian
CichiChanMarian collected $1 from pot
CichiChanMarian: doesn't show hand 
*** SUMMARY ***
Total pot $1 | Rake $0 
Seat 4: rswipa
Seat 1: CichiChanMarian (big blind) collected ($1)
Seat 2: XneferX folded before Flop (didn't bet)
Seat 3: DonkeeyD folded before Flop (didn't bet)
Seat 5: NISIY (button) folded before Flop (didn't bet)
Seat 6: dreimis190 (small blind) folded before Flop



PokerStars Hand #254216862812:  Hold'em No Limit ($0.50/$1.00 USD) - 2025/01/05 21:21:54 WET [2025/01/05 16:21:54 ET]
Table 'Anacreon II' 6-max Seat #6 is the button
Seat 4: rswipa ($112.61 in chips) is sitting out
Seat 1: CichiChanMarian ($106.95 in chips) 
Seat 2: XneferX ($102.90 in chips) 
Seat 3: DonkeeyD ($100 in chips) 
Seat 5: NISIY ($119.27 in chips) 
Seat 6: dreimis190 ($100 in chips) 
CichiChanMarian: posts small blind $0.50
XneferX: posts big blind $1
*** HOLE CARDS ***
DonkeeyD: raises $1.20 to $2.20
NISIY: folds 
dreimis190: folds 
CichiChanMarian: folds 
XneferX: folds 
Uncalled bet ($1.20) returned to DonkeeyD
DonkeeyD collected $2.50 from pot
DonkeeyD: doesn't show hand 
*** SUMMARY ***
Total pot $2.50 | Rake $0 
Seat 4: rswipa
Seat 1: CichiChanMarian (small blind) folded before Flop
Seat 2: XneferX (big blind) folded before Flop
Seat 3: DonkeeyD collected ($2.50)
Seat 5: NISIY folded before Flop (didn't bet)
Seat 6: dreimis190 (button) folded before Flop (didn't bet)



PokerStars Hand #254216870471:  Hold'em No Limit ($0.50/$1.00 USD) - 2025/01/05 21:22:12 WET [2025/01/05 16:22:12 ET]
Table 'Anacreon II' 6-max Seat #1 is the button
Seat 4: rswipa ($112.61 in chips) is sitting out
Seat 1: CichiChanMarian ($106.45 in chips) 
Seat 2: XneferX ($101.90 in chips) 
Seat 3: DonkeeyD ($101.50 in chips) 
Seat 5: NISIY ($119.27 in chips) 
Seat 6: dreimis190 ($100 in chips) 
XneferX: posts small blind $0.50
DonkeeyD: posts big blind $1
*** HOLE CARDS ***
NISIY: folds 
dreimis190: raises $1.50 to $2.50
CichiChanMarian: raises $5.50 to $8
XneferX: folds 
DonkeeyD: folds 
dreimis190: calls $5.50
*** FLOP *** [2s 8d 5c]
dreimis190: checks 
CichiChanMarian: bets $5.48
dreimis190: raises $8.48 to $13.96
CichiChanMarian: calls $8.48
*** TURN *** [2s 8d 5c] [Jh]
dreimis190: bets $10.74
CichiChanMarian: folds 
Uncalled bet ($10.74) returned to dreimis190
dreimis190 collected $43.15 from pot
dreimis190: doesn't show hand 
*** SUMMARY ***
Total pot $45.42 | Rake $2.27 
Board [2s 8d 5c Jh]
Seat 4: rswipa
Seat 1: CichiChanMarian (button) folded on the Turn
Seat 2: XneferX (small blind) folded before Flop
Seat 3: DonkeeyD (big blind) folded before Flop
Seat 5: NISIY folded before Flop (didn't bet)
Seat 6: dreimis190 collected ($43.15)



PokerStars Hand #254216919169:  Hold'em No Limit ($0.50/$1.00 USD) - 2025/01/05 21:24:09 WET [2025/01/05 16:24:09 ET]
Table 'Anacreon II' 6-max Seat #2 is the button
Seat 4: rswipa ($112.61 in chips) is sitting out
Seat 1: CichiChanMarian ($100 in chips) 
Seat 2: XneferX ($101.40 in chips) 
Seat 3: DonkeeyD ($100.50 in chips) 
Seat 5: NISIY ($119.27 in chips) 
Seat 6: dreimis190 ($121.19 in chips) 
DonkeeyD: posts small blind $0.50
rswipa has timed out
rswipa: is sitting out 
NISIY: posts big blind $1
*** HOLE CARDS ***
dreimis190: folds 
CichiChanMarian: folds 
XneferX: folds 
DonkeeyD: raises $1.50 to $2.50
NISIY: folds 
Uncalled bet ($1.50) returned to DonkeeyD
DonkeeyD collected $2 from pot
DonkeeyD: doesn't show hand 
*** SUMMARY ***
Total pot $2 | Rake $0 
Seat 4: rswipa
Seat 1: CichiChanMarian folded before Flop (didn't bet)
Seat 2: XneferX (button) folded before Flop (didn't bet)
Seat 3: DonkeeyD (small blind) collected ($2)
Seat 5: NISIY (big blind) folded before Flop
Seat 6: dreimis190 folded before Flop (didn't bet)



PokerStars Hand #254216934566:  Hold'em No Limit ($0.50/$1.00 USD) - 2025/01/05 21:24:46 WET [2025/01/05 16:24:46 ET]
Table 'Anacreon II' 6-max Seat #3 is the button
Seat 4: rswipa ($112.61 in chips) is sitting out
Seat 1: CichiChanMarian ($100 in chips) 
Seat 2: XneferX ($101.40 in chips) 
Seat 3: DonkeeyD ($101.50 in chips) 
Seat 5: NISIY ($118.27 in chips) 
Seat 6: dreimis190 ($121.19 in chips) 
NISIY: posts small blind $0.50
dreimis190: posts big blind $1
*** HOLE CARDS ***
CichiChanMarian: folds 
XneferX: folds 
DonkeeyD: folds 
NISIY: raises $2 to $3
dreimis190: calls $2
*** FLOP *** [6s 4c 2s]
NISIY: checks 
dreimis190: bets $1.38
NISIY: folds 
Uncalled bet ($1.38) returned to dreimis190
dreimis190 collected $5.70 from pot
dreimis190: doesn't show hand 
*** SUMMARY ***
Total pot $6 | Rake $0.30 
Board [6s 4c 2s]
Seat 4: rswipa
Seat 1: CichiChanMarian folded before Flop (didn't bet)
Seat 2: XneferX folded before Flop (didn't bet)
Seat 3: DonkeeyD (button) folded before Flop (didn't bet)
Seat 5: NISIY (small blind) folded on the Flop
Seat 6: dreimis190 (big blind) collected ($5.70)



PokerStars Hand #254216956435:  Hold'em No Limit ($0.50/$1.00 USD) - 2025/01/05 21:25:37 WET [2025/01/05 16:25:37 ET]
Table 'Anacreon II' 6-max Seat #5 is the button
Seat 1: CichiChanMarian ($100 in chips) 
Seat 2: XneferX ($101.40 in chips) 
Seat 3: DonkeeyD ($101.50 in chips) 
Seat 4: rswipa ($112.61 in chips) 
Seat 5: NISIY ($115.27 in chips) 
Seat 6: dreimis190 ($123.89 in chips) 
dreimis190: posts small blind $0.50
CichiChanMarian: posts big blind $1
rswipa: posts small & big blinds $1.50
*** HOLE CARDS ***
XneferX: raises $1.20 to $2.20
DonkeeyD: folds 
rswipa: calls $1.20
NISIY: folds 
dreimis190: folds 
CichiChanMarian: folds 
*** FLOP *** [Jd Qd 2s]
XneferX: bets $1.58
rswipa: calls $1.58
*** TURN *** [Jd Qd 2s] [7s]
XneferX: bets $7
rswipa: folds 
Uncalled bet ($7) returned to XneferX
XneferX collected $9.08 from pot
XneferX: doesn't show hand 
*** SUMMARY ***
Total pot $9.56 | Rake $0.48 
Board [Jd Qd 2s 7s]
Seat 1: CichiChanMarian (big blind) folded before Flop
Seat 2: XneferX collected ($9.08)
Seat 3: DonkeeyD folded before Flop (didn't bet)
Seat 4: rswipa folded on the Turn
Seat 5: NISIY (button) folded before Flop (didn't bet)
Seat 6: dreimis190 (small blind) folded before Flop



PokerStars Hand #254216986495:  Hold'em No Limit ($0.50/$1.00 USD) - 2025/01/05 21:26:49 WET [2025/01/05 16:26:49 ET]
Table 'Anacreon II' 6-max Seat #6 is the button
Seat 1: CichiChanMarian ($100 in chips) 
Seat 2: XneferX ($106.70 in chips) 
Seat 3: DonkeeyD ($101.50 in chips) 
Seat 4: rswipa ($108.33 in chips) 
Seat 5: NISIY ($115.27 in chips) 
Seat 6: dreimis190 ($123.39 in chips) 
CichiChanMarian: posts small blind $0.50
XneferX: posts big blind $1
*** HOLE CARDS ***
DonkeeyD: folds 
rswipa: folds 
NISIY: folds 
dreimis190: raises $1.50 to $2.50
CichiChanMarian: folds 
XneferX: calls $1.50
*** FLOP *** [Kh Jd 2s]
XneferX: checks 
dreimis190: bets $1.22
XneferX: calls $1.22
*** TURN *** [Kh Jd 2s] [Th]
XneferX: checks 
dreimis190: checks 
*** RIVER *** [Kh Jd 2s Th] [Qc]
XneferX: bets $1.96
dreimis190: calls $1.96
*** SHOW DOWN ***
XneferX: shows [Kd 9s] (a straight, Nine to King)
dreimis190: mucks hand 
XneferX collected $11.27 from pot
*** SUMMARY ***
Total pot $11.86 | Rake $0.59 
Board [Kh Jd 2s Th Qc]
Seat 1: CichiChanMarian (small blind) folded before Flop
Seat 2: XneferX (big blind) showed [Kd 9s] and won ($11.27) with a straight, Nine to King
Seat 3: DonkeeyD folded before Flop (didn't bet)
Seat 4: rswipa folded before Flop (didn't bet)
Seat 5: NISIY folded before Flop (didn't bet)
Seat 6: dreimis190 (button) mucked



PokerStars Hand #254217020174:  Hold'em No Limit ($0.50/$1.00 USD) - 2025/01/05 21:28:09 WET [2025/01/05 16:28:09 ET]
Table 'Anacreon II' 6-max Seat #1 is the button
Seat 1: CichiChanMarian ($100 in chips) 
Seat 2: XneferX ($112.29 in chips) 
Seat 3: DonkeeyD ($101.50 in chips) 
Seat 4: rswipa ($108.33 in chips) 
Seat 5: NISIY ($115.27 in chips) 
Seat 6: dreimis190 ($117.71 in chips) 
XneferX: posts small blind $0.50
DonkeeyD: posts big blind $1
*** HOLE CARDS ***
rswipa: raises $1 to $2
NISIY: folds 
dreimis190: folds 
CichiChanMarian: folds 
XneferX: folds 
DonkeeyD: calls $1
*** FLOP *** [Ac 4s 8c]
DonkeeyD: checks 
rswipa: bets $2.14
DonkeeyD: folds 
Uncalled bet ($2.14) returned to rswipa
rswipa collected $4.28 from pot
*** SUMMARY ***
Total pot $4.50 | Rake $0.22 
Board [Ac 4s 8c]
Seat 1: CichiChanMarian (button) folded before Flop (didn't bet)
Seat 2: XneferX (small blind) folded before Flop
Seat 3: DonkeeyD (big blind) folded on the Flop
Seat 4: rswipa collected ($4.28)
Seat 5: NISIY folded before Flop (didn't bet)
Seat 6: dreimis190 folded before Flop (didn't bet)



PokerStars Hand #254217047968:  Hold'em No Limit ($0.50/$1.00 USD) - 2025/01/05 21:29:16 WET [2025/01/05 16:29:16 ET]
Table 'Anacreon II' 6-max Seat #2 is the button
Seat 1: CichiChanMarian ($100 in chips) 
Seat 2: XneferX ($111.79 in chips) 
Seat 3: DonkeeyD ($100 in chips) 
Seat 4: rswipa ($110.61 in chips) 
Seat 5: NISIY ($115.27 in chips) 
Seat 6: dreimis190 ($117.71 in chips) 
DonkeeyD: posts small blind $0.50
rswipa: posts big blind $1
*** HOLE CARDS ***
NISIY: folds 
dreimis190: folds 
CichiChanMarian: folds 
XneferX: raises $1.77 to $2.77
DonkeeyD: folds 
rswipa: calls $1.77
*** FLOP *** [6s 2h 5d]
rswipa: checks 
XneferX: bets $1.95
rswipa: folds 
Uncalled bet ($1.95) returned to XneferX
XneferX collected $5.74 from pot
XneferX: doesn't show hand 
*** SUMMARY ***
Total pot $6.04 | Rake $0.30 
Board [6s 2h 5d]
Seat 1: CichiChanMarian folded before Flop (didn't bet)
Seat 2: XneferX (button) collected ($5.74)
Seat 3: DonkeeyD (small blind) folded before Flop
Seat 4: rswipa (big blind) folded on the Flop
Seat 5: NISIY folded before Flop (didn't bet)
Seat 6: dreimis190 folded before Flop (didn't bet)



PokerStars Hand #254217072704:  Hold'em No Limit ($0.50/$1.00 USD) - 2025/01/05 21:30:15 WET [2025/01/05 16:30:15 ET]
Table 'Anacreon II' 6-max Seat #3 is the button
Seat 1: CichiChanMarian ($100 in chips) 
Seat 2: XneferX ($114.76 in chips) 
Seat 3: DonkeeyD ($100 in chips) 
Seat 4: rswipa ($107.84 in chips) 
Seat 5: NISIY ($115.27 in chips) 
Seat 6: dreimis190 ($117.71 in chips) 
rswipa: posts small blind $0.50
NISIY: posts big blind $1
*** HOLE CARDS ***
dreimis190: folds 
CichiChanMarian: folds 
XneferX: folds 
DonkeeyD: raises $1.20 to $2.20
rswipa: calls $1.70
NISIY: raises $11.80 to $14
DonkeeyD: folds 
rswipa: folds 
Uncalled bet ($11.80) returned to NISIY
NISIY collected $6.60 from pot
NISIY: doesn't show hand 
*** SUMMARY ***
Total pot $6.60 | Rake $0 
Seat 1: CichiChanMarian folded before Flop (didn't bet)
Seat 2: XneferX folded before Flop (didn't bet)
Seat 3: DonkeeyD (button) folded before Flop
Seat 4: rswipa (small blind) folded before Flop
Seat 5: NISIY (big blind) collected ($6.60)
Seat 6: dreimis190 folded before Flop (didn't bet)



PokerStars Hand #254217088362:  Hold'em No Limit ($0.50/$1.00 USD) - 2025/01/05 21:30:52 WET [2025/01/05 16:30:52 ET]
Table 'Anacreon II' 6-max Seat #4 is the button
Seat 1: CichiChanMarian ($100 in chips) 
Seat 2: XneferX ($114.76 in chips) 
Seat 3: DonkeeyD ($100 in chips) 
Seat 4: rswipa ($105.64 in chips) 
Seat 5: NISIY ($119.67 in chips) 
Seat 6: dreimis190 ($117.71 in chips) 
NISIY: posts small blind $0.50
dreimis190: posts big blind $1
*** HOLE CARDS ***
CichiChanMarian: folds 
XneferX: folds 
DonkeeyD: raises $1.20 to $2.20
rswipa: folds 
NISIY: folds 
dreimis190: raises $9.80 to $12
DonkeeyD: folds 
Uncalled bet ($9.80) returned to dreimis190
dreimis190 collected $4.90 from pot
dreimis190: doesn't show hand 
*** SUMMARY ***
Total pot $4.90 | Rake $0 
Seat 1: CichiChanMarian folded before Flop (didn't bet)
Seat 2: XneferX folded before Flop (didn't bet)
Seat 3: DonkeeyD folded before Flop
Seat 4: rswipa (button) folded before Flop (didn't bet)
Seat 5: NISIY (small blind) folded before Flop
Seat 6: dreimis190 (big blind) collected ($4.90)



PokerStars Hand #254217101545:  Hold'em No Limit ($0.50/$1.00 USD) - 2025/01/05 21:31:24 WET [2025/01/05 16:31:24 ET]
Table 'Anacreon II' 6-max Seat #5 is the button
Seat 1: CichiChanMarian ($100 in chips) 
Seat 2: XneferX ($114.76 in chips) 
Seat 3: DonkeeyD ($100 in chips) 
Seat 4: rswipa ($105.64 in chips) 
Seat 5: NISIY ($119.17 in chips) 
Seat 6: dreimis190 ($120.41 in chips) 
dreimis190: posts small blind $0.50
CichiChanMarian: posts big blind $1
*** HOLE CARDS ***
XneferX: folds 
DonkeeyD: raises $1.20 to $2.20
rswipa: folds 
NISIY: folds 
dreimis190: folds 
CichiChanMarian: folds 
Uncalled bet ($1.20) returned to DonkeeyD
DonkeeyD collected $2.50 from pot
DonkeeyD: doesn't show hand 
*** SUMMARY ***
Total pot $2.50 | Rake $0 
Seat 1: CichiChanMarian (big blind) folded before Flop
Seat 2: XneferX folded before Flop (didn't bet)
Seat 3: DonkeeyD collected ($2.50)
Seat 4: rswipa folded before Flop (didn't bet)
Seat 5: NISIY (button) folded before Flop (didn't bet)
Seat 6: dreimis190 (small blind) folded before Flop



PokerStars Hand #254217108022:  Hold'em No Limit ($0.50/$1.00 USD) - 2025/01/05 21:31:39 WET [2025/01/05 16:31:39 ET]
Table 'Anacreon II' 6-max Seat #6 is the button
Seat 1: CichiChanMarian ($100 in chips) 
Seat 2: XneferX ($114.76 in chips) 
Seat 3: DonkeeyD ($101.50 in chips) 
Seat 4: rswipa ($105.64 in chips) 
Seat 5: NISIY ($119.17 in chips) 
Seat 6: dreimis190 ($119.91 in chips) 
CichiChanMarian: posts small blind $0.50
XneferX: posts big blind $1
*** HOLE CARDS ***
DonkeeyD: folds 
rswipa: folds 
NISIY: folds 
dreimis190: folds 
CichiChanMarian: raises $2 to $3
XneferX: folds 
Uncalled bet ($2) returned to CichiChanMarian
CichiChanMarian collected $2 from pot
CichiChanMarian: doesn't show hand 
*** SUMMARY ***
Total pot $2 | Rake $0 
Seat 1: CichiChanMarian (small blind) collected ($2)
Seat 2: XneferX (big blind) folded before Flop
Seat 3: DonkeeyD folded before Flop (didn't bet)
Seat 4: rswipa folded before Flop (didn't bet)
Seat 5: NISIY folded before Flop (didn't bet)
Seat 6: dreimis190 (button) folded before Flop (didn't bet)



PokerStars Hand #254217114312:  Hold'em No Limit ($0.50/$1.00 USD) - 2025/01/05 21:31:55 WET [2025/01/05 16:31:55 ET]
Table 'Anacreon II' 6-max Seat #1 is the button
Seat 1: CichiChanMarian ($101 in chips) 
Seat 2: XneferX ($113.76 in chips) 
Seat 3: DonkeeyD ($101.50 in chips) 
Seat 4: rswipa ($105.64 in chips) 
Seat 5: NISIY ($119.17 in chips) 
Seat 6: dreimis190 ($119.91 in chips) 
XneferX: posts small blind $0.50
DonkeeyD: posts big blind $1
*** HOLE CARDS ***
rswipa: folds 
NISIY: folds 
dreimis190: folds 
CichiChanMarian: raises $1.50 to $2.50
XneferX: folds 
DonkeeyD: folds 
Uncalled bet ($1.50) returned to CichiChanMarian
CichiChanMarian collected $2.50 from pot
CichiChanMarian: doesn't show hand 
*** SUMMARY ***
Total pot $2.50 | Rake $0 
Seat 1: CichiChanMarian (button) collected ($2.50)
Seat 2: XneferX (small blind) folded before Flop
Seat 3: DonkeeyD (big blind) folded before Flop
Seat 4: rswipa folded before Flop (didn't bet)
Seat 5: NISIY folded before Flop (didn't bet)
Seat 6: dreimis190 folded before Flop (didn't bet)



PokerStars Hand #254217120028:  Hold'em No Limit ($0.50/$1.00 USD) - 2025/01/05 21:32:08 WET [2025/01/05 16:32:08 ET]
Table 'Anacreon II' 6-max Seat #2 is the button
Seat 1: CichiChanMarian ($102.50 in chips) 
Seat 2: XneferX ($113.26 in chips) 
Seat 3: DonkeeyD ($100.50 in chips) 
Seat 4: rswipa ($105.64 in chips) 
Seat 5: NISIY ($119.17 in chips) 
Seat 6: dreimis190 ($119.91 in chips) 
DonkeeyD: posts small blind $0.50
rswipa: posts big blind $1
*** HOLE CARDS ***
NISIY: folds 
dreimis190: raises $1 to $2
CichiChanMarian: folds 
XneferX: folds 
DonkeeyD: folds 
rswipa: calls $1
*** FLOP *** [9d 8s 7d]
rswipa: bets $2.14
dreimis190: calls $2.14
*** TURN *** [9d 8s 7d] [3h]
rswipa: checks 
dreimis190: checks 
*** RIVER *** [9d 8s 7d 3h] [Jh]
rswipa: checks 
dreimis190: checks 
*** SHOW DOWN ***
rswipa: shows [Jc 7c] (two pair, Jacks and Sevens)
dreimis190: mucks hand 
rswipa collected $8.34 from pot
*** SUMMARY ***
Total pot $8.78 | Rake $0.44 
Board [9d 8s 7d 3h Jh]
Seat 1: CichiChanMarian folded before Flop (didn't bet)
Seat 2: XneferX (button) folded before Flop (didn't bet)
Seat 3: DonkeeyD (small blind) folded before Flop
Seat 4: rswipa (big blind) showed [Jc 7c] and won ($8.34) with two pair, Jacks and Sevens
Seat 5: NISIY folded before Flop (didn't bet)
Seat 6: dreimis190 mucked



PokerStars Hand #254217152113:  Hold'em No Limit ($0.50/$1.00 USD) - 2025/01/05 21:33:25 WET [2025/01/05 16:33:25 ET]
Table 'Anacreon II' 6-max Seat #3 is the button
Seat 1: CichiChanMarian ($102.50 in chips) 
Seat 2: XneferX ($113.26 in chips) 
Seat 3: DonkeeyD ($100 in chips) 
Seat 4: rswipa ($109.84 in chips) 
Seat 5: NISIY ($119.17 in chips) 
Seat 6: dreimis190 ($115.77 in chips) 
rswipa: posts small blind $0.50
NISIY: posts big blind $1
*** HOLE CARDS ***
dreimis190: folds 
CichiChanMarian: folds 
XneferX: folds 
DonkeeyD: raises $1.20 to $2.20
rswipa: calls $1.70
NISIY: calls $1.20
*** FLOP *** [4c 3h Ad]
rswipa: bets $3.14
NISIY: calls $3.14
DonkeeyD: calls $3.14
*** TURN *** [4c 3h Ad] [Ts]
rswipa: checks 
NISIY: checks 
DonkeeyD: bets $11.42
rswipa: calls $11.42
NISIY: folds 
*** RIVER *** [4c 3h Ad Ts] [Ks]
rswipa: checks 
DonkeeyD: checks 
*** SHOW DOWN ***
rswipa: shows [9h Ac] (a pair of Aces)
DonkeeyD: mucks hand 
rswipa collected $36.92 from pot
*** SUMMARY ***
Total pot $38.86 | Rake $1.94 
Board [4c 3h Ad Ts Ks]
Seat 1: CichiChanMarian folded before Flop (didn't bet)
Seat 2: XneferX folded before Flop (didn't bet)
Seat 3: DonkeeyD (button) mucked
Seat 4: rswipa (small blind) showed [9h Ac] and won ($36.92) with a pair of Aces
Seat 5: NISIY (big blind) folded on the Turn
Seat 6: dreimis190 folded before Flop (didn't bet)



PokerStars Hand #254217189492:  Hold'em No Limit ($0.50/$1.00 USD) - 2025/01/05 21:34:55 WET [2025/01/05 16:34:55 ET]
Table 'Anacreon II' 6-max Seat #4 is the button
Seat 1: CichiChanMarian ($102.50 in chips) 
Seat 2: XneferX ($113.26 in chips) 
Seat 3: DonkeeyD ($100 in chips) 
Seat 4: rswipa ($130 in chips) 
Seat 5: NISIY ($113.83 in chips) 
Seat 6: dreimis190 ($115.77 in chips) 
NISIY: posts small blind $0.50
dreimis190: posts big blind $1
*** HOLE CARDS ***
CichiChanMarian: folds 
XneferX: folds 
DonkeeyD: folds 
rswipa: calls $1
NISIY: folds 
dreimis190: checks 
*** FLOP *** [Js 3h 8d]
dreimis190: checks 
rswipa: bets $1.19
dreimis190: calls $1.19
*** TURN *** [Js 3h 8d] [6d]
dreimis190: checks 
rswipa: bets $2.32
dreimis190: calls $2.32
*** RIVER *** [Js 3h 8d 6d] [5s]
dreimis190: checks 
rswipa: checks 
*** SHOW DOWN ***
dreimis190: shows [8s Kd] (a pair of Eights)
rswipa: shows [8h Ac] (a pair of Eights - Ace kicker)
rswipa collected $9.04 from pot
*** SUMMARY ***
Total pot $9.52 | Rake $0.48 
Board [Js 3h 8d 6d 5s]
Seat 1: CichiChanMarian folded before Flop (didn't bet)
Seat 2: XneferX folded before Flop (didn't bet)
Seat 3: DonkeeyD folded before Flop (didn't bet)
Seat 4: rswipa (button) showed [8h Ac] and won ($9.04) with a pair of Eights
Seat 5: NISIY (small blind) folded before Flop
Seat 6: dreimis190 (big blind) showed [8s Kd] and lost with a pair of Eights



PokerStars Hand #254217213186:  Hold'em No Limit ($0.50/$1.00 USD) - 2025/01/05 21:35:53 WET [2025/01/05 16:35:53 ET]
Table 'Anacreon II' 6-max Seat #5 is the button
Seat 1: CichiChanMarian ($102.50 in chips) 
Seat 2: XneferX ($113.26 in chips) 
Seat 3: DonkeeyD ($100 in chips) 
Seat 4: rswipa ($134.53 in chips) 
Seat 5: NISIY ($113.33 in chips) 
Seat 6: dreimis190 ($111.26 in chips) 
dreimis190: posts small blind $0.50
CichiChanMarian: posts big blind $1
*** HOLE CARDS ***
XneferX: folds 
DonkeeyD: raises $1.20 to $2.20
rswipa: folds 
NISIY: folds 
dreimis190: folds 
CichiChanMarian: folds 
Uncalled bet ($1.20) returned to DonkeeyD
DonkeeyD collected $2.50 from pot
DonkeeyD: doesn't show hand 
*** SUMMARY ***
Total pot $2.50 | Rake $0 
Seat 1: CichiChanMarian (big blind) folded before Flop
Seat 2: XneferX folded before Flop (didn't bet)
Seat 3: DonkeeyD collected ($2.50)
Seat 4: rswipa folded before Flop (didn't bet)
Seat 5: NISIY (button) folded before Flop (didn't bet)
Seat 6: dreimis190 (small blind) folded before Flop



PokerStars Hand #254217221918:  Hold'em No Limit ($0.50/$1.00 USD) - 2025/01/05 21:36:14 WET [2025/01/05 16:36:14 ET]
Table 'Anacreon II' 6-max Seat #6 is the button
Seat 1: CichiChanMarian ($101.50 in chips) 
Seat 2: XneferX ($113.26 in chips) 
Seat 3: DonkeeyD ($101.50 in chips) 
Seat 4: rswipa ($134.53 in chips) 
Seat 5: NISIY ($113.33 in chips) 
Seat 6: dreimis190 ($110.76 in chips) 
CichiChanMarian: posts small blind $0.50
XneferX: posts big blind $1
*** HOLE CARDS ***
DonkeeyD: folds 
rswipa: folds 
NISIY: folds 
dreimis190: folds 
CichiChanMarian: raises $2 to $3
XneferX: calls $2
*** FLOP *** [4s Ad 4d]
CichiChanMarian: checks 
XneferX: checks 
*** TURN *** [4s Ad 4d] [Ks]
CichiChanMarian: bets $4.28
XneferX: calls $4.28
*** RIVER *** [4s Ad 4d Ks] [Qh]
CichiChanMarian: bets $18.39
XneferX: folds 
Uncalled bet ($18.39) returned to CichiChanMarian
CichiChanMarian collected $13.83 from pot
CichiChanMarian: doesn't show hand 
*** SUMMARY ***
Total pot $14.56 | Rake $0.73 
Board [4s Ad 4d Ks Qh]
Seat 1: CichiChanMarian (small blind) collected ($13.83)
Seat 2: XneferX (big blind) folded on the River
Seat 3: DonkeeyD folded before Flop (didn't bet)
Seat 4: rswipa folded before Flop (didn't bet)
Seat 5: NISIY folded before Flop (didn't bet)
Seat 6: dreimis190 (button) folded before Flop (didn't bet)



PokerStars Hand #254217254458:  Hold'em No Limit ($0.50/$1.00 USD) - 2025/01/05 21:37:34 WET [2025/01/05 16:37:34 ET]
Table 'Anacreon II' 6-max Seat #1 is the button
Seat 1: CichiChanMarian ($108.05 in chips) 
Seat 2: XneferX ($105.98 in chips) 
Seat 3: DonkeeyD ($101.50 in chips) 
Seat 4: rswipa ($134.53 in chips) 
Seat 5: NISIY ($113.33 in chips) 
Seat 6: dreimis190 ($110.76 in chips) 
XneferX: posts small blind $0.50
DonkeeyD: posts big blind $1
*** HOLE CARDS ***
rswipa: folds 
NISIY: folds 
dreimis190: folds 
CichiChanMarian: folds 
XneferX: folds 
Uncalled bet ($0.50) returned to DonkeeyD
DonkeeyD collected $1 from pot
DonkeeyD: doesn't show hand 
*** SUMMARY ***
Total pot $1 | Rake $0 
Seat 1: CichiChanMarian (button) folded before Flop (didn't bet)
Seat 2: XneferX (small blind) folded before Flop
Seat 3: DonkeeyD (big blind) collected ($1)
Seat 4: rswipa folded before Flop (didn't bet)
Seat 5: NISIY folded before Flop (didn't bet)
Seat 6: dreimis190 folded before Flop (didn't bet)



PokerStars Hand #254217264565:  Hold'em No Limit ($0.50/$1.00 USD) - 2025/01/05 21:37:58 WET [2025/01/05 16:37:58 ET]
Table 'Anacreon II' 6-max Seat #2 is the button
Seat 1: CichiChanMarian ($108.05 in chips) 
Seat 2: XneferX ($105.48 in chips) 
Seat 3: DonkeeyD ($102 in chips) 
Seat 4: rswipa ($134.53 in chips) 
Seat 5: NISIY ($113.33 in chips) 
Seat 6: dreimis190 ($110.76 in chips) 
DonkeeyD: posts small blind $0.50
rswipa: posts big blind $1
*** HOLE CARDS ***
NISIY: folds 
dreimis190: folds 
CichiChanMarian: raises $1.50 to $2.50
XneferX: folds 
DonkeeyD: folds 
rswipa: folds 
Uncalled bet ($1.50) returned to CichiChanMarian
CichiChanMarian collected $2.50 from pot
CichiChanMarian: doesn't show hand 
*** SUMMARY ***
Total pot $2.50 | Rake $0 
Seat 1: CichiChanMarian collected ($2.50)
Seat 2: XneferX (button) folded before Flop (didn't bet)
Seat 3: DonkeeyD (small blind) folded before Flop
Seat 4: rswipa (big blind) folded before Flop
Seat 5: NISIY folded before Flop (didn't bet)
Seat 6: dreimis190 folded before Flop (didn't bet)



PokerStars Hand #254217275096:  Hold'em No Limit ($0.50/$1.00 USD) - 2025/01/05 21:38:24 WET [2025/01/05 16:38:24 ET]
Table 'Anacreon II' 6-max Seat #3 is the button
Seat 1: CichiChanMarian ($109.55 in chips) 
Seat 2: XneferX ($105.48 in chips) 
Seat 3: DonkeeyD ($101.50 in chips) 
Seat 4: rswipa ($133.53 in chips) 
Seat 5: NISIY ($113.33 in chips) 
Seat 6: dreimis190 ($110.76 in chips) 
rswipa: posts small blind $0.50
NISIY: posts big blind $1
*** HOLE CARDS ***
dreimis190: folds 
CichiChanMarian: folds 
XneferX: folds 
DonkeeyD: folds 
rswipa has timed out
rswipa: folds 
Uncalled bet ($0.50) returned to NISIY
NISIY collected $1 from pot
NISIY: doesn't show hand 
*** SUMMARY ***
Total pot $1 | Rake $0 
Seat 1: CichiChanMarian folded before Flop (didn't bet)
Seat 2: XneferX folded before Flop (didn't bet)
Seat 3: DonkeeyD (button) folded before Flop (didn't bet)
Seat 4: rswipa (small blind) folded before Flop
Seat 5: NISIY (big blind) collected ($1)
Seat 6: dreimis190 folded before Flop (didn't bet)



PokerStars Hand #254217286127:  Hold'em No Limit ($0.50/$1.00 USD) - 2025/01/05 21:38:51 WET [2025/01/05 16:38:51 ET]
Table 'Anacreon II' 6-max Seat #4 is the button
Seat 1: CichiChanMarian ($109.55 in chips) 
Seat 2: XneferX ($105.48 in chips) 
Seat 3: DonkeeyD ($101.50 in chips) 
Seat 4: rswipa ($133.03 in chips) 
Seat 5: NISIY ($113.83 in chips) 
Seat 6: dreimis190 ($110.76 in chips) 
NISIY: posts small blind $0.50
dreimis190: posts big blind $1
*** HOLE CARDS ***
CichiChanMarian: raises $1.50 to $2.50
XneferX: folds 
DonkeeyD: folds 
rswipa: folds 
NISIY: folds 
dreimis190: calls $1.50
*** FLOP *** [4d 8d 5h]
dreimis190: checks 
CichiChanMarian: checks 
*** TURN *** [4d 8d 5h] [2s]
dreimis190: checks 
CichiChanMarian: bets $1.72
dreimis190: folds 
Uncalled bet ($1.72) returned to CichiChanMarian
CichiChanMarian collected $5.22 from pot
CichiChanMarian: doesn't show hand 
*** SUMMARY ***
Total pot $5.50 | Rake $0.28 
Board [4d 8d 5h 2s]
Seat 1: CichiChanMarian collected ($5.22)
Seat 2: XneferX folded before Flop (didn't bet)
Seat 3: DonkeeyD folded before Flop (didn't bet)
Seat 4: rswipa (button) folded before Flop (didn't bet)
Seat 5: NISIY (small blind) folded before Flop
Seat 6: dreimis190 (big blind) folded on the Turn



PokerStars Hand #254217316250:  Hold'em No Limit ($0.50/$1.00 USD) - 2025/01/05 21:40:04 WET [2025/01/05 16:40:04 ET]
Table 'Anacreon II' 6-max Seat #5 is the button
Seat 1: CichiChanMarian ($112.27 in chips) 
Seat 2: XneferX ($105.48 in chips) 
Seat 3: DonkeeyD ($101.50 in chips) 
Seat 4: rswipa ($133.03 in chips) 
Seat 5: NISIY ($113.33 in chips) 
Seat 6: dreimis190 ($108.26 in chips) 
dreimis190: posts small blind $0.50
CichiChanMarian: posts big blind $1
*** HOLE CARDS ***
XneferX: folds 
DonkeeyD: folds 
rswipa: folds 
NISIY: folds 
dreimis190: raises $2 to $3
CichiChanMarian: folds 
Uncalled bet ($2) returned to dreimis190
dreimis190 collected $2 from pot
dreimis190: doesn't show hand 
*** SUMMARY ***
Total pot $2 | Rake $0 
Seat 1: CichiChanMarian (big blind) folded before Flop
Seat 2: XneferX folded before Flop (didn't bet)
Seat 3: DonkeeyD folded before Flop (didn't bet)
Seat 4: rswipa folded before Flop (didn't bet)
Seat 5: NISIY (button) folded before Flop (didn't bet)
Seat 6: dreimis190 (small blind) collected ($2)



PokerStars Hand #254217328208:  Hold'em No Limit ($0.50/$1.00 USD) - 2025/01/05 21:40:33 WET [2025/01/05 16:40:33 ET]
Table 'Anacreon II' 6-max Seat #6 is the button
Seat 1: CichiChanMarian ($111.27 in chips) 
Seat 2: XneferX ($105.48 in chips) 
Seat 3: DonkeeyD ($101.50 in chips) 
Seat 4: rswipa ($133.03 in chips) 
Seat 5: NISIY ($113.33 in chips) 
Seat 6: dreimis190 ($109.26 in chips) 
CichiChanMarian: posts small blind $0.50
XneferX: posts big blind $1
*** HOLE CARDS ***
DonkeeyD: folds 
rswipa: raises $2 to $3
NISIY: folds 
dreimis190: raises $6 to $9
CichiChanMarian: folds 
XneferX: folds 
rswipa: calls $6
*** FLOP *** [4d Kc 3c]
rswipa: checks 
dreimis190: bets $4.11
rswipa: folds 
Uncalled bet ($4.11) returned to dreimis190
dreimis190 collected $18.52 from pot
dreimis190: doesn't show hand 
*** SUMMARY ***
Total pot $19.50 | Rake $0.98 
Board [4d Kc 3c]
Seat 1: CichiChanMarian (small blind) folded before Flop
Seat 2: XneferX (big blind) folded before Flop
Seat 3: DonkeeyD folded before Flop (didn't bet)
Seat 4: rswipa folded on the Flop
Seat 5: NISIY folded before Flop (didn't bet)
Seat 6: dreimis190 (button) collected ($18.52)



PokerStars Hand #254217350750:  Hold'em No Limit ($0.50/$1.00 USD) - 2025/01/05 21:41:29 WET [2025/01/05 16:41:29 ET]
Table 'Anacreon II' 6-max Seat #1 is the button
Seat 1: CichiChanMarian ($110.77 in chips) 
Seat 2: XneferX ($104.48 in chips) 
Seat 3: DonkeeyD ($101.50 in chips) 
Seat 4: rswipa ($124.03 in chips) 
Seat 5: NISIY ($113.33 in chips) 
Seat 6: dreimis190 ($118.78 in chips) 
XneferX: posts small blind $0.50
DonkeeyD: posts big blind $1
*** HOLE CARDS ***
rswipa: folds 
NISIY: raises $1.50 to $2.50
dreimis190: folds 
CichiChanMarian: raises $5.50 to $8
XneferX: folds 
DonkeeyD: folds 
NISIY: raises $14 to $22
CichiChanMarian: raises $88.77 to $110.77 and is all-in
NISIY: folds 
Uncalled bet ($88.77) returned to CichiChanMarian
CichiChanMarian collected $45.50 from pot
CichiChanMarian: doesn't show hand 
*** SUMMARY ***
Total pot $45.50 | Rake $0 
Seat 1: CichiChanMarian (button) collected ($45.50)
Seat 2: XneferX (small blind) folded before Flop
Seat 3: DonkeeyD (big blind) folded before Flop
Seat 4: rswipa folded before Flop (didn't bet)
Seat 5: NISIY folded before Flop
Seat 6: dreimis190 folded before Flop (didn't bet)



PokerStars Hand #254217367280:  Hold'em No Limit ($0.50/$1.00 USD) - 2025/01/05 21:42:10 WET [2025/01/05 16:42:10 ET]
Table 'Anacreon II' 6-max Seat #2 is the button
Seat 1: CichiChanMarian ($134.27 in chips) 
Seat 2: XneferX ($103.98 in chips) 
Seat 3: DonkeeyD ($100.50 in chips) 
Seat 4: rswipa ($124.03 in chips) 
Seat 5: NISIY ($100 in chips) 
Seat 6: dreimis190 ($118.78 in chips) 
DonkeeyD: posts small blind $0.50
rswipa: posts big blind $1
*** HOLE CARDS ***
NISIY: raises $1.50 to $2.50
dreimis190: folds 
CichiChanMarian: folds 
XneferX: folds 
DonkeeyD: folds 
rswipa: folds 
Uncalled bet ($1.50) returned to NISIY
NISIY collected $2.50 from pot
NISIY: doesn't show hand 
*** SUMMARY ***
Total pot $2.50 | Rake $0 
Seat 1: CichiChanMarian folded before Flop (didn't bet)
Seat 2: XneferX (button) folded before Flop (didn't bet)
Seat 3: DonkeeyD (small blind) folded before Flop
Seat 4: rswipa (big blind) folded before Flop
Seat 5: NISIY collected ($2.50)
Seat 6: dreimis190 folded before Flop (didn't bet)



PokerStars Hand #254217377126:  Hold'em No Limit ($0.50/$1.00 USD) - 2025/01/05 21:42:34 WET [2025/01/05 16:42:34 ET]
Table 'Anacreon II' 6-max Seat #3 is the button
Seat 1: CichiChanMarian ($134.27 in chips) 
Seat 2: XneferX ($103.98 in chips) 
Seat 3: DonkeeyD ($100 in chips) 
Seat 4: rswipa ($123.03 in chips) 
Seat 5: NISIY ($101.50 in chips) 
Seat 6: dreimis190 ($118.78 in chips) 
rswipa: posts small blind $0.50
NISIY: posts big blind $1
*** HOLE CARDS ***
dreimis190: folds 
CichiChanMarian: folds 
XneferX: folds 
DonkeeyD: raises $1.20 to $2.20
rswipa: calls $1.70
NISIY: folds 
*** FLOP *** [2d 3h 2s]
rswipa: checks 
DonkeeyD: checks 
*** TURN *** [2d 3h 2s] [Ad]
rswipa: checks 
DonkeeyD: checks 
*** RIVER *** [2d 3h 2s Ad] [2c]
rswipa: checks 
DonkeeyD: bets $3.85
rswipa: folds 
Uncalled bet ($3.85) returned to DonkeeyD
DonkeeyD collected $5.13 from pot
DonkeeyD: doesn't show hand 
*** SUMMARY ***
Total pot $5.40 | Rake $0.27 
Board [2d 3h 2s Ad 2c]
Seat 1: CichiChanMarian folded before Flop (didn't bet)
Seat 2: XneferX folded before Flop (didn't bet)
Seat 3: DonkeeyD (button) collected ($5.13)
Seat 4: rswipa (small blind) folded on the River
Seat 5: NISIY (big blind) folded before Flop
Seat 6: dreimis190 folded before Flop (didn't bet)



