PokerStars Hand #254204519344:  Hold'em No Limit ($0.50/$1.00 USD) - 2025/01/05 8:07:59 WET [2025/01/05 3:07:59 ET]
Table 'Tyche' 6-max Seat #1 is the button
Seat 1: MauriFierro27 ($106.50 in chips) 
Seat 2: socito ($121.15 in chips) 
Seat 3: Pon4uk.ua ($124.09 in chips) 
Seat 4: b2k-Snick ($100 in chips) 
Seat 5: Ysiven ($113.68 in chips) 
Seat 6: xlexusx77 ($56.31 in chips) 
socito: posts small blind $0.50
Pon4uk.ua: posts big blind $1
*** HOLE CARDS ***
b2k-Snick: folds 
Ysiven: folds 
xlexusx77: folds 
MauriFierro27: raises $1.20 to $2.20
socito: folds 
Pon4uk.ua: folds 
Uncalled bet ($1.20) returned to MauriFierro27
MauriFierro27 collected $2.50 from pot
MauriFierro27: doesn't show hand 
*** SUMMARY ***
Total pot $2.50 | Rake $0 
Seat 1: MauriFierro27 (button) collected ($2.50)
Seat 2: socito (small blind) folded before Flop
Seat 3: Pon4uk.ua (big blind) folded before Flop
Seat 4: b2k-Snick folded before Flop (didn't bet)
Seat 5: Ysiven folded before Flop (didn't bet)
Seat 6: xlexusx77 folded before Flop (didn't bet)



PokerStars Hand #254204521489:  Hold'em No Limit ($0.50/$1.00 USD) - 2025/01/05 8:08:24 WET [2025/01/05 3:08:24 ET]
Table 'Tyche' 6-max Seat #2 is the button
Seat 1: MauriFierro27 ($108 in chips) 
Seat 2: socito ($120.65 in chips) 
Seat 3: Pon4uk.ua ($123.09 in chips) 
Seat 4: b2k-Snick ($100 in chips) 
Seat 5: Ysiven ($113.68 in chips) 
Seat 6: xlexusx77 ($56.31 in chips) 
Pon4uk.ua: posts small blind $0.50
b2k-Snick: posts big blind $1
*** HOLE CARDS ***
Ysiven: folds 
xlexusx77: folds 
MauriFierro27: raises $1.20 to $2.20
socito: folds 
Pon4uk.ua: folds 
b2k-Snick: calls $1.20
*** FLOP *** [4h 4s Kd]
b2k-Snick: checks 
MauriFierro27: bets $1.54
b2k-Snick: folds 
Uncalled bet ($1.54) returned to MauriFierro27
MauriFierro27 collected $4.66 from pot
MauriFierro27: doesn't show hand 
*** SUMMARY ***
Total pot $4.90 | Rake $0.24 
Board [4h 4s Kd]
Seat 1: MauriFierro27 collected ($4.66)
Seat 2: socito (button) folded before Flop (didn't bet)
Seat 3: Pon4uk.ua (small blind) folded before Flop
Seat 4: b2k-Snick (big blind) folded on the Flop
Seat 5: Ysiven folded before Flop (didn't bet)
Seat 6: xlexusx77 folded before Flop (didn't bet)



PokerStars Hand #254204526190:  Hold'em No Limit ($0.50/$1.00 USD) - 2025/01/05 8:09:21 WET [2025/01/05 3:09:21 ET]
Table 'Tyche' 6-max Seat #3 is the button
Seat 1: MauriFierro27 ($110.46 in chips) 
Seat 2: socito ($120.65 in chips) 
Seat 3: Pon4uk.ua ($122.59 in chips) 
Seat 4: b2k-Snick ($100 in chips) 
Seat 5: Ysiven ($113.68 in chips) 
Seat 6: xlexusx77 ($56.31 in chips) 
b2k-Snick: posts small blind $0.50
Ysiven: posts big blind $1
*** HOLE CARDS ***
xlexusx77: calls $1
MauriFierro27: folds 
socito: folds 
Pon4uk.ua: folds 
b2k-Snick: folds 
Ysiven: checks 
*** FLOP *** [Ts 7h 8c]
Ysiven: checks 
xlexusx77: checks 
*** TURN *** [Ts 7h 8c] [5s]
Ysiven: checks 
xlexusx77: bets $1
Ysiven: folds 
Uncalled bet ($1) returned to xlexusx77
xlexusx77 collected $2.35 from pot
*** SUMMARY ***
Total pot $2.50 | Rake $0.15 
Board [Ts 7h 8c 5s]
Seat 1: MauriFierro27 folded before Flop (didn't bet)
Seat 2: socito folded before Flop (didn't bet)
Seat 3: Pon4uk.ua (button) folded before Flop (didn't bet)
Seat 4: b2k-Snick (small blind) folded before Flop
Seat 5: Ysiven (big blind) folded on the Turn
Seat 6: xlexusx77 collected ($2.35)



PokerStars Hand #254204529637:  Hold'em No Limit ($0.50/$1.00 USD) - 2025/01/05 8:10:02 WET [2025/01/05 3:10:02 ET]
Table 'Tyche' 6-max Seat #4 is the button
Seat 1: MauriFierro27 ($110.46 in chips) 
Seat 2: socito ($120.65 in chips) 
Seat 3: Pon4uk.ua ($122.59 in chips) 
Seat 4: b2k-Snick ($100 in chips) 
Seat 5: Ysiven ($112.68 in chips) 
Seat 6: xlexusx77 ($57.66 in chips) 
Ysiven: posts small blind $0.50
xlexusx77: posts big blind $1
*** HOLE CARDS ***
MauriFierro27: folds 
socito: folds 
Pon4uk.ua: folds 
b2k-Snick: raises $1.50 to $2.50
Ysiven: raises $8 to $10.50
xlexusx77: calls $9.50
b2k-Snick: folds 
*** FLOP *** [3h Kc 4d]
Ysiven: bets $7.37
xlexusx77: calls $7.37
*** TURN *** [3h Kc 4d] [Jh]
Ysiven: checks 
xlexusx77: bets $18.17
Ysiven: folds 
Uncalled bet ($18.17) returned to xlexusx77
xlexusx77 collected $35.85 from pot
*** SUMMARY ***
Total pot $38.24 | Rake $2.39 
Board [3h Kc 4d Jh]
Seat 1: MauriFierro27 folded before Flop (didn't bet)
Seat 2: socito folded before Flop (didn't bet)
Seat 3: Pon4uk.ua folded before Flop (didn't bet)
Seat 4: b2k-Snick (button) folded before Flop
Seat 5: Ysiven (small blind) folded on the Turn
Seat 6: xlexusx77 (big blind) collected ($35.85)



PokerStars Hand #254204534597:  Hold'em No Limit ($0.50/$1.00 USD) - 2025/01/05 8:11:00 WET [2025/01/05 3:11:00 ET]
Table 'Tyche' 6-max Seat #5 is the button
Seat 1: MauriFierro27 ($110.46 in chips) 
Seat 2: socito ($120.65 in chips) 
Seat 3: Pon4uk.ua ($122.59 in chips) 
Seat 4: b2k-Snick ($100 in chips) 
Seat 5: Ysiven ($100 in chips) 
Seat 6: xlexusx77 ($75.64 in chips) 
xlexusx77: posts small blind $0.50
MauriFierro27: posts big blind $1
*** HOLE CARDS ***
socito: folds 
Pon4uk.ua: folds 
b2k-Snick: folds 
Ysiven: folds 
xlexusx77: folds 
Uncalled bet ($0.50) returned to MauriFierro27
MauriFierro27 collected $1 from pot
MauriFierro27: doesn't show hand 
*** SUMMARY ***
Total pot $1 | Rake $0 
Seat 1: MauriFierro27 (big blind) collected ($1)
Seat 2: socito folded before Flop (didn't bet)
Seat 3: Pon4uk.ua folded before Flop (didn't bet)
Seat 4: b2k-Snick folded before Flop (didn't bet)
Seat 5: Ysiven (button) folded before Flop (didn't bet)
Seat 6: xlexusx77 (small blind) folded before Flop



PokerStars Hand #254204535428:  Hold'em No Limit ($0.50/$1.00 USD) - 2025/01/05 8:11:10 WET [2025/01/05 3:11:10 ET]
Table 'Tyche' 6-max Seat #6 is the button
Seat 1: MauriFierro27 ($110.96 in chips) 
Seat 2: socito ($120.65 in chips) 
Seat 3: Pon4uk.ua ($122.59 in chips) 
Seat 4: b2k-Snick ($100 in chips) 
Seat 5: Ysiven ($100 in chips) 
Seat 6: xlexusx77 ($75.14 in chips) 
MauriFierro27: posts small blind $0.50
socito: posts big blind $1
*** HOLE CARDS ***
Pon4uk.ua: folds 
b2k-Snick: folds 
Ysiven: folds 
xlexusx77: raises $1 to $2
MauriFierro27: raises $14.50 to $16.50
socito: folds 
xlexusx77: calls $14.50
*** FLOP *** [5d 8c 6h]
MauriFierro27: bets $94.46 and is all-in
xlexusx77: calls $58.64 and is all-in
Uncalled bet ($35.82) returned to MauriFierro27
*** TURN *** [5d 8c 6h] [Th]
*** RIVER *** [5d 8c 6h Th] [2s]
*** SHOW DOWN ***
MauriFierro27: shows [Ah Kd] (high card Ace)
xlexusx77: shows [Qd Qs] (a pair of Queens)
xlexusx77 collected $148.16 from pot
*** SUMMARY ***
Total pot $151.28 | Rake $3.12 
Board [5d 8c 6h Th 2s]
Seat 1: MauriFierro27 (small blind) showed [Ah Kd] and lost with high card Ace
Seat 2: socito (big blind) folded before Flop
Seat 3: Pon4uk.ua folded before Flop (didn't bet)
Seat 4: b2k-Snick folded before Flop (didn't bet)
Seat 5: Ysiven folded before Flop (didn't bet)
Seat 6: xlexusx77 (button) showed [Qd Qs] and won ($148.16) with a pair of Queens



PokerStars Hand #254204539593:  Hold'em No Limit ($0.50/$1.00 USD) - 2025/01/05 8:11:59 WET [2025/01/05 3:11:59 ET]
Table 'Tyche' 6-max Seat #1 is the button
Seat 1: MauriFierro27 ($100 in chips) 
Seat 2: socito ($119.65 in chips) 
Seat 3: Pon4uk.ua ($122.59 in chips) 
Seat 4: b2k-Snick ($100 in chips) 
Seat 5: Ysiven ($100 in chips) 
Seat 6: xlexusx77 ($148.16 in chips) 
socito: posts small blind $0.50
Pon4uk.ua: posts big blind $1
*** HOLE CARDS ***
b2k-Snick: folds 
Ysiven: folds 
xlexusx77: raises $2.50 to $3.50
MauriFierro27: raises $5.50 to $9
socito: folds 
Pon4uk.ua: folds 
xlexusx77: calls $5.50
*** FLOP *** [2s Ad As]
xlexusx77: checks 
MauriFierro27: checks 
*** TURN *** [2s Ad As] [3h]
xlexusx77: checks 
MauriFierro27: bets $13.88
xlexusx77: raises $21.88 to $35.76
MauriFierro27: calls $21.88
*** RIVER *** [2s Ad As 3h] [Js]
xlexusx77: bets $88.52
MauriFierro27: calls $55.24 and is all-in
Uncalled bet ($33.28) returned to xlexusx77
*** SHOW DOWN ***
xlexusx77: shows [Ks Ah] (three of a kind, Aces)
MauriFierro27: shows [9h 9d] (two pair, Aces and Nines)
xlexusx77 collected $198.38 from pot
*** SUMMARY ***
Total pot $201.50 | Rake $3.12 
Board [2s Ad As 3h Js]
Seat 1: MauriFierro27 (button) showed [9h 9d] and lost with two pair, Aces and Nines
Seat 2: socito (small blind) folded before Flop
Seat 3: Pon4uk.ua (big blind) folded before Flop
Seat 4: b2k-Snick folded before Flop (didn't bet)
Seat 5: Ysiven folded before Flop (didn't bet)
Seat 6: xlexusx77 showed [Ks Ah] and won ($198.38) with three of a kind, Aces



PokerStars Hand #254204544593:  Hold'em No Limit ($0.50/$1.00 USD) - 2025/01/05 8:12:58 WET [2025/01/05 3:12:58 ET]
Table 'Tyche' 6-max Seat #2 is the button
Seat 1: MauriFierro27 ($100 in chips) 
Seat 2: socito ($119.15 in chips) 
Seat 3: Pon4uk.ua ($121.59 in chips) 
Seat 4: b2k-Snick ($100 in chips) 
Seat 5: Ysiven ($100 in chips) 
Seat 6: xlexusx77 ($246.54 in chips) 
Pon4uk.ua: posts small blind $0.50
b2k-Snick: posts big blind $1
*** HOLE CARDS ***
Ysiven: folds 
xlexusx77: folds 
MauriFierro27: folds 
socito: folds 
Pon4uk.ua: folds 
Uncalled bet ($0.50) returned to b2k-Snick
b2k-Snick collected $1 from pot
b2k-Snick: doesn't show hand 
*** SUMMARY ***
Total pot $1 | Rake $0 
Seat 1: MauriFierro27 folded before Flop (didn't bet)
Seat 2: socito (button) folded before Flop (didn't bet)
Seat 3: Pon4uk.ua (small blind) folded before Flop
Seat 4: b2k-Snick (big blind) collected ($1)
Seat 5: Ysiven folded before Flop (didn't bet)
Seat 6: xlexusx77 folded before Flop (didn't bet)



PokerStars Hand #254204545861:  Hold'em No Limit ($0.50/$1.00 USD) - 2025/01/05 8:13:13 WET [2025/01/05 3:13:13 ET]
Table 'Tyche' 6-max Seat #3 is the button
Seat 1: MauriFierro27 ($100 in chips) 
Seat 2: socito ($119.15 in chips) 
Seat 3: Pon4uk.ua ($121.09 in chips) 
Seat 4: b2k-Snick ($100.50 in chips) 
Seat 5: Ysiven ($100 in chips) 
Seat 6: xlexusx77 ($246.54 in chips) 
b2k-Snick: posts small blind $0.50
Ysiven: posts big blind $1
*** HOLE CARDS ***
xlexusx77: folds 
MauriFierro27: folds 
socito: raises $1.50 to $2.50
Pon4uk.ua: folds 
b2k-Snick: folds 
Ysiven: folds 
Uncalled bet ($1.50) returned to socito
socito collected $2.50 from pot
socito: doesn't show hand 
*** SUMMARY ***
Total pot $2.50 | Rake $0 
Seat 1: MauriFierro27 folded before Flop (didn't bet)
Seat 2: socito collected ($2.50)
Seat 3: Pon4uk.ua (button) folded before Flop (didn't bet)
Seat 4: b2k-Snick (small blind) folded before Flop
Seat 5: Ysiven (big blind) folded before Flop
Seat 6: xlexusx77 folded before Flop (didn't bet)



PokerStars Hand #254204547553:  Hold'em No Limit ($0.50/$1.00 USD) - 2025/01/05 8:13:32 WET [2025/01/05 3:13:32 ET]
Table 'Tyche' 6-max Seat #4 is the button
Seat 1: MauriFierro27 ($100 in chips) 
Seat 2: socito ($120.65 in chips) 
Seat 3: Pon4uk.ua ($121.09 in chips) 
Seat 4: b2k-Snick ($100 in chips) 
Seat 5: Ysiven ($100 in chips) 
Seat 6: xlexusx77 ($246.54 in chips) 
Ysiven: posts small blind $0.50
xlexusx77: posts big blind $1
*** HOLE CARDS ***
MauriFierro27: folds 
socito: folds 
Pon4uk.ua: folds 
b2k-Snick: raises $1.50 to $2.50
Ysiven: raises $9.50 to $12
xlexusx77: folds 
b2k-Snick: folds 
Uncalled bet ($9.50) returned to Ysiven
Ysiven collected $6 from pot
Ysiven: doesn't show hand 
*** SUMMARY ***
Total pot $6 | Rake $0 
Seat 1: MauriFierro27 folded before Flop (didn't bet)
Seat 2: socito folded before Flop (didn't bet)
Seat 3: Pon4uk.ua folded before Flop (didn't bet)
Seat 4: b2k-Snick (button) folded before Flop
Seat 5: Ysiven (small blind) collected ($6)
Seat 6: xlexusx77 (big blind) folded before Flop



PokerStars Hand #254204549975:  Hold'em No Limit ($0.50/$1.00 USD) - 2025/01/05 8:14:00 WET [2025/01/05 3:14:00 ET]
Table 'Tyche' 6-max Seat #5 is the button
Seat 1: MauriFierro27 ($100 in chips) 
Seat 2: socito ($120.65 in chips) 
Seat 3: Pon4uk.ua ($121.09 in chips) 
Seat 4: b2k-Snick ($100 in chips) 
Seat 5: Ysiven ($103.50 in chips) 
Seat 6: xlexusx77 ($245.54 in chips) 
xlexusx77: posts small blind $0.50
MauriFierro27: posts big blind $1
*** HOLE CARDS ***
socito: folds 
Pon4uk.ua: folds 
b2k-Snick: folds 
Ysiven: folds 
xlexusx77: raises $1 to $2
MauriFierro27: calls $1
*** FLOP *** [6s Kd 9s]
xlexusx77: checks 
MauriFierro27: bets $1.90
xlexusx77: folds 
Uncalled bet ($1.90) returned to MauriFierro27
MauriFierro27 collected $3.80 from pot
MauriFierro27: doesn't show hand 
*** SUMMARY ***
Total pot $4 | Rake $0.20 
Board [6s Kd 9s]
Seat 1: MauriFierro27 (big blind) collected ($3.80)
Seat 2: socito folded before Flop (didn't bet)
Seat 3: Pon4uk.ua folded before Flop (didn't bet)
Seat 4: b2k-Snick folded before Flop (didn't bet)
Seat 5: Ysiven (button) folded before Flop (didn't bet)
Seat 6: xlexusx77 (small blind) folded on the Flop



PokerStars Hand #254204554083:  Hold'em No Limit ($0.50/$1.00 USD) - 2025/01/05 8:14:50 WET [2025/01/05 3:14:50 ET]
Table 'Tyche' 6-max Seat #6 is the button
Seat 1: MauriFierro27 ($101.80 in chips) 
Seat 2: socito ($120.65 in chips) 
Seat 3: Pon4uk.ua ($121.09 in chips) 
Seat 4: b2k-Snick ($100 in chips) 
Seat 5: Ysiven ($103.50 in chips) 
Seat 6: xlexusx77 ($243.54 in chips) 
MauriFierro27: posts small blind $0.50
socito: posts big blind $1
*** HOLE CARDS ***
Pon4uk.ua: folds 
b2k-Snick: folds 
Ysiven: folds 
xlexusx77: folds 
MauriFierro27: raises $1.50 to $2.50
socito: folds 
Uncalled bet ($1.50) returned to MauriFierro27
MauriFierro27 collected $2 from pot
MauriFierro27: doesn't show hand 
*** SUMMARY ***
Total pot $2 | Rake $0 
Seat 1: MauriFierro27 (small blind) collected ($2)
Seat 2: socito (big blind) folded before Flop
Seat 3: Pon4uk.ua folded before Flop (didn't bet)
Seat 4: b2k-Snick folded before Flop (didn't bet)
Seat 5: Ysiven folded before Flop (didn't bet)
Seat 6: xlexusx77 (button) folded before Flop (didn't bet)



PokerStars Hand #254204555245:  Hold'em No Limit ($0.50/$1.00 USD) - 2025/01/05 8:15:03 WET [2025/01/05 3:15:03 ET]
Table 'Tyche' 6-max Seat #1 is the button
Seat 1: MauriFierro27 ($102.80 in chips) 
Seat 2: socito ($119.65 in chips) 
Seat 3: Pon4uk.ua ($121.09 in chips) 
Seat 4: b2k-Snick ($100 in chips) 
Seat 5: Ysiven ($103.50 in chips) 
Seat 6: xlexusx77 ($243.54 in chips) 
socito: posts small blind $0.50
Pon4uk.ua: posts big blind $1
*** HOLE CARDS ***
b2k-Snick: folds 
Ysiven: raises $1 to $2
xlexusx77: folds 
MauriFierro27: raises $5 to $7
socito: folds 
Pon4uk.ua: folds 
Ysiven: folds 
Uncalled bet ($5) returned to MauriFierro27
MauriFierro27 collected $5.50 from pot
MauriFierro27: doesn't show hand 
*** SUMMARY ***
Total pot $5.50 | Rake $0 
Seat 1: MauriFierro27 (button) collected ($5.50)
Seat 2: socito (small blind) folded before Flop
Seat 3: Pon4uk.ua (big blind) folded before Flop
Seat 4: b2k-Snick folded before Flop (didn't bet)
Seat 5: Ysiven folded before Flop
Seat 6: xlexusx77 folded before Flop (didn't bet)



PokerStars Hand #254204558151:  Hold'em No Limit ($0.50/$1.00 USD) - 2025/01/05 8:15:38 WET [2025/01/05 3:15:38 ET]
Table 'Tyche' 6-max Seat #2 is the button
Seat 1: MauriFierro27 ($106.30 in chips) 
Seat 2: socito ($119.15 in chips) 
Seat 3: Pon4uk.ua ($120.09 in chips) 
Seat 4: b2k-Snick ($100 in chips) 
Seat 5: Ysiven ($101.50 in chips) 
Seat 6: xlexusx77 ($243.54 in chips) 
Pon4uk.ua: posts small blind $0.50
b2k-Snick: posts big blind $1
*** HOLE CARDS ***
Ysiven: folds 
xlexusx77: folds 
MauriFierro27: raises $1.20 to $2.20
socito: raises $4.80 to $7
Pon4uk.ua: folds 
b2k-Snick: folds 
MauriFierro27: raises $11.90 to $18.90
socito: raises $100.25 to $119.15 and is all-in
MauriFierro27: folds 
Uncalled bet ($100.25) returned to socito
socito collected $39.30 from pot
socito: doesn't show hand 
*** SUMMARY ***
Total pot $39.30 | Rake $0 
Seat 1: MauriFierro27 folded before Flop
Seat 2: socito (button) collected ($39.30)
Seat 3: Pon4uk.ua (small blind) folded before Flop
Seat 4: b2k-Snick (big blind) folded before Flop
Seat 5: Ysiven folded before Flop (didn't bet)
Seat 6: xlexusx77 folded before Flop (didn't bet)



PokerStars Hand #254204562487:  Hold'em No Limit ($0.50/$1.00 USD) - 2025/01/05 8:16:29 WET [2025/01/05 3:16:29 ET]
Table 'Tyche' 6-max Seat #3 is the button
Seat 1: MauriFierro27 ($100 in chips) 
Seat 2: socito ($139.55 in chips) 
Seat 3: Pon4uk.ua ($119.59 in chips) 
Seat 4: b2k-Snick ($100 in chips) 
Seat 5: Ysiven ($101.50 in chips) 
Seat 6: xlexusx77 ($243.54 in chips) 
b2k-Snick: posts small blind $0.50
Ysiven: posts big blind $1
*** HOLE CARDS ***
xlexusx77: calls $1
MauriFierro27: folds 
socito: folds 
Pon4uk.ua: folds 
b2k-Snick: calls $0.50
Ysiven: checks 
*** FLOP *** [7c Kc Js]
b2k-Snick: checks 
Ysiven: checks 
xlexusx77: checks 
*** TURN *** [7c Kc Js] [Ac]
b2k-Snick: checks 
Ysiven: checks 
xlexusx77: checks 
*** RIVER *** [7c Kc Js Ac] [Jd]
b2k-Snick: bets $1.57
Ysiven: folds 
xlexusx77: folds 
Uncalled bet ($1.57) returned to b2k-Snick
b2k-Snick collected $2.85 from pot
b2k-Snick: doesn't show hand 
*** SUMMARY ***
Total pot $3 | Rake $0.15 
Board [7c Kc Js Ac Jd]
Seat 1: MauriFierro27 folded before Flop (didn't bet)
Seat 2: socito folded before Flop (didn't bet)
Seat 3: Pon4uk.ua (button) folded before Flop (didn't bet)
Seat 4: b2k-Snick (small blind) collected ($2.85)
Seat 5: Ysiven (big blind) folded on the River
Seat 6: xlexusx77 folded on the River



PokerStars Hand #254204566782:  Hold'em No Limit ($0.50/$1.00 USD) - 2025/01/05 8:17:20 WET [2025/01/05 3:17:20 ET]
Table 'Tyche' 6-max Seat #4 is the button
Seat 1: MauriFierro27 ($100 in chips) 
Seat 2: socito ($139.55 in chips) 
Seat 3: Pon4uk.ua ($119.59 in chips) 
Seat 4: b2k-Snick ($101.85 in chips) 
Seat 5: Ysiven ($100.50 in chips) 
Seat 6: xlexusx77 ($242.54 in chips) 
Ysiven: posts small blind $0.50
xlexusx77: posts big blind $1
*** HOLE CARDS ***
MauriFierro27: folds 
socito: folds 
Pon4uk.ua: raises $1.50 to $2.50
b2k-Snick: calls $2.50
Ysiven: calls $2
xlexusx77: folds 
*** FLOP *** [7c Jh Jc]
Ysiven: checks 
Pon4uk.ua: checks 
b2k-Snick: checks 
*** TURN *** [7c Jh Jc] [4s]
Ysiven: checks 
Pon4uk.ua: checks 
b2k-Snick: bets $2.67
Ysiven: folds 
Pon4uk.ua: folds 
Uncalled bet ($2.67) returned to b2k-Snick
b2k-Snick collected $8.08 from pot
xlexusx77 leaves the table
b2k-Snick: doesn't show hand 
*** SUMMARY ***
Total pot $8.50 | Rake $0.42 
Board [7c Jh Jc 4s]
Seat 1: MauriFierro27 folded before Flop (didn't bet)
Seat 2: socito folded before Flop (didn't bet)
Seat 3: Pon4uk.ua folded on the Turn
Seat 4: b2k-Snick (button) collected ($8.08)
Seat 5: Ysiven (small blind) folded on the Turn
Seat 6: xlexusx77 (big blind) folded before Flop



PokerStars Hand #254204573782:  Hold'em No Limit ($0.50/$1.00 USD) - 2025/01/05 8:18:42 WET [2025/01/05 3:18:42 ET]
Table 'Tyche' 6-max Seat #5 is the button
Seat 1: MauriFierro27 ($100 in chips) 
Seat 2: socito ($139.55 in chips) 
Seat 3: Pon4uk.ua ($117.09 in chips) 
Seat 4: b2k-Snick ($107.43 in chips) 
Seat 5: Ysiven ($100 in chips) 
MauriFierro27: posts small blind $0.50
socito: posts big blind $1
*** HOLE CARDS ***
Pon4uk.ua: folds 
b2k-Snick: raises $1.50 to $2.50
Ysiven: raises $5 to $7.50
MauriFierro27: folds 
socito: folds 
b2k-Snick: raises $13.50 to $21
Ysiven: folds 
Uncalled bet ($13.50) returned to b2k-Snick
b2k-Snick collected $16.50 from pot
b2k-Snick: doesn't show hand 
*** SUMMARY ***
Total pot $16.50 | Rake $0 
Seat 1: MauriFierro27 (small blind) folded before Flop
Seat 2: socito (big blind) folded before Flop
Seat 3: Pon4uk.ua folded before Flop (didn't bet)
Seat 4: b2k-Snick collected ($16.50)
Seat 5: Ysiven (button) folded before Flop



PokerStars Hand #254204577391:  Hold'em No Limit ($0.50/$1.00 USD) - 2025/01/05 8:19:24 WET [2025/01/05 3:19:24 ET]
Table 'Tyche' 6-max Seat #1 is the button
Seat 3: Pon4uk.ua ($117.09 in chips) is sitting out
Seat 1: MauriFierro27 ($100 in chips) 
Seat 2: socito ($138.55 in chips) 
Seat 4: b2k-Snick ($116.43 in chips) 
Seat 5: Ysiven ($100 in chips) 
socito: posts small blind $0.50
Pon4uk.ua: is sitting out 
Pon4uk.ua leaves the table
b2k-Snick: posts big blind $1
*** HOLE CARDS ***
Ysiven: raises $1.30 to $2.30
MauriFierro27: folds 
socito: folds 
b2k-Snick: folds 
Uncalled bet ($1.30) returned to Ysiven
Ysiven collected $2.50 from pot
Ysiven: doesn't show hand 
*** SUMMARY ***
Total pot $2.50 | Rake $0 
Seat 3: Pon4uk.ua
Seat 1: MauriFierro27 (button) folded before Flop (didn't bet)
Seat 2: socito (small blind) folded before Flop
Seat 4: b2k-Snick (big blind) folded before Flop
Seat 5: Ysiven collected ($2.50)



PokerStars Hand #254204578616:  Hold'em No Limit ($0.50/$1.00 USD) - 2025/01/05 8:19:38 WET [2025/01/05 3:19:38 ET]
Table 'Tyche' 6-max Seat #2 is the button
Seat 1: MauriFierro27 ($100 in chips) 
Seat 2: socito ($138.05 in chips) 
Seat 4: b2k-Snick ($115.43 in chips) 
Seat 5: Ysiven ($101.50 in chips) 
b2k-Snick: posts small blind $0.50
Ysiven: posts big blind $1
*** HOLE CARDS ***
MauriFierro27: folds 
socito: folds 
b2k-Snick: folds 
Uncalled bet ($0.50) returned to Ysiven
Ysiven collected $1 from pot
Ysiven: doesn't show hand 
*** SUMMARY ***
Total pot $1 | Rake $0 
Seat 1: MauriFierro27 folded before Flop (didn't bet)
Seat 2: socito (button) folded before Flop (didn't bet)
Seat 4: b2k-Snick (small blind) folded before Flop
Seat 5: Ysiven (big blind) collected ($1)



PokerStars Hand #254204599439:  Hold'em No Limit ($0.50/$1.00 USD) - 2025/01/05 8:23:31 WET [2025/01/05 3:23:31 ET]
Table 'Tyche' 6-max Seat #3 is the button
Seat 2: Koby2433 ($28.83 in chips) 
Seat 3: Burlica2013 ($100 in chips) 
Burlica2013: posts small blind $0.50
Koby2433: posts big blind $1
*** HOLE CARDS ***
Alinyr joins the table at seat #4 
zizizib joins the table at seat #6 
Burlica2013: folds 
Uncalled bet ($0.50) returned to Koby2433
Koby2433 collected $1 from pot
*** SUMMARY ***
Total pot $1 | Rake $0 
Seat 2: Koby2433 (big blind) collected ($1)
Seat 3: Burlica2013 (button) (small blind) folded before Flop



PokerStars Hand #254204601214:  Hold'em No Limit ($0.50/$1.00 USD) - 2025/01/05 8:23:51 WET [2025/01/05 3:23:51 ET]
Table 'Tyche' 6-max Seat #2 is the button
Seat 6: zizizib ($100 in chips) is sitting out
Seat 2: Koby2433 ($29.33 in chips) 
Seat 3: Burlica2013 ($100 in chips) 
Seat 4: Alinyr ($100 in chips) 
Burlica2013: posts small blind $0.50
Alinyr: posts big blind $1
zizizib: sits out 
*** HOLE CARDS ***
Koby2433: raises $1 to $2
Burlica2013: folds 
Alinyr: calls $1
*** FLOP *** [4s 3c 6h]
Alinyr: checks 
Koby2433: checks 
*** TURN *** [4s 3c 6h] [7c]
Alinyr: bets $4.79
Koby2433: folds 
Uncalled bet ($4.79) returned to Alinyr
Alinyr collected $4.28 from pot
Alinyr: doesn't show hand 
*** SUMMARY ***
Total pot $4.50 | Rake $0.22 
Board [4s 3c 6h 7c]
Seat 6: zizizib
Seat 2: Koby2433 (button) folded on the Turn
Seat 3: Burlica2013 (small blind) folded before Flop
Seat 4: Alinyr (big blind) collected ($4.28)



PokerStars Hand #254204603308:  Hold'em No Limit ($0.50/$1.00 USD) - 2025/01/05 8:24:14 WET [2025/01/05 3:24:14 ET]
Table 'Tyche' 6-max Seat #3 is the button
Seat 2: Koby2433 ($27.33 in chips) 
Seat 3: Burlica2013 ($100 in chips) 
Seat 4: Alinyr ($102.28 in chips) 
Seat 6: zizizib ($100 in chips) 
Alinyr: posts small blind $0.50
zizizib: posts big blind $1
*** HOLE CARDS ***
Koby2433: raises $1 to $2
Burlica2013: folds 
Alinyr: folds 
zizizib: calls $1
*** FLOP *** [Ac 6d 2s]
zizizib: checks 
Koby2433: checks 
*** TURN *** [Ac 6d 2s] [4s]
zizizib: checks 
Koby2433: bets $1
zizizib: raises $2.50 to $3.50
Emily_GetMan joins the table at seat #1 
Koby2433: raises $6.50 to $10
zizizib: folds 
Uncalled bet ($6.50) returned to Koby2433
Koby2433 collected $10.92 from pot
*** SUMMARY ***
Total pot $11.50 | Rake $0.58 
Board [Ac 6d 2s 4s]
Seat 2: Koby2433 collected ($10.92)
Seat 3: Burlica2013 (button) folded before Flop (didn't bet)
Seat 4: Alinyr (small blind) folded before Flop
Seat 6: zizizib (big blind) folded on the Turn



PokerStars Hand #254204608153:  Hold'em No Limit ($0.50/$1.00 USD) - 2025/01/05 8:25:07 WET [2025/01/05 3:25:07 ET]
Table 'Tyche' 6-max Seat #4 is the button
Seat 1: Emily_GetMan ($100 in chips) 
Seat 2: Koby2433 ($32.75 in chips) 
Seat 3: Burlica2013 ($100 in chips) 
Seat 4: Alinyr ($101.78 in chips) 
Seat 6: zizizib ($100 in chips) 
zizizib: posts small blind $0.50
Emily_GetMan: posts big blind $1
*** HOLE CARDS ***
Koby2433: calls $1
Burlica2013: folds 
Alinyr: folds 
zizizib: raises $4 to $5
Emily_GetMan: folds 
Koby2433: raises $4 to $9
zizizib: raises $91 to $100 and is all-in
Koby2433: calls $23.75 and is all-in
Uncalled bet ($67.25) returned to zizizib
*** FLOP *** [9c Td 5s]
*** TURN *** [9c Td 5s] [8d]
*** RIVER *** [9c Td 5s 8d] [9d]
*** SHOW DOWN ***
zizizib: shows [Ks Ac] (a pair of Nines)
Koby2433: shows [As 2s] (a pair of Nines - lower kicker)
zizizib collected $64 from pot
*** SUMMARY ***
Total pot $66.50 | Rake $2.50 
Board [9c Td 5s 8d 9d]
Seat 1: Emily_GetMan (big blind) folded before Flop
Seat 2: Koby2433 showed [As 2s] and lost with a pair of Nines
Seat 3: Burlica2013 folded before Flop (didn't bet)
Seat 4: Alinyr (button) folded before Flop (didn't bet)
Seat 6: zizizib (small blind) showed [Ks Ac] and won ($64) with a pair of Nines



PokerStars Hand #254204610543:  Hold'em No Limit ($0.50/$1.00 USD) - 2025/01/05 8:25:34 WET [2025/01/05 3:25:34 ET]
Table 'Tyche' 6-max Seat #6 is the button
Seat 2: Koby2433 ($0 in chips) is sitting out
Seat 1: Emily_GetMan ($100 in chips) 
Seat 3: Burlica2013 ($100 in chips) 
Seat 4: Alinyr ($101.78 in chips) 
Seat 6: zizizib ($131.25 in chips) 
Emily_GetMan: posts small blind $0.50
Burlica2013: posts big blind $1
*** HOLE CARDS ***
Alinyr: folds 
zizizib: folds 
Emily_GetMan: raises $2 to $3
Burlica2013: folds 
Uncalled bet ($2) returned to Emily_GetMan
Emily_GetMan collected $2 from pot
Emily_GetMan: doesn't show hand 
filip883 joins the table at seat #5 
filip883 is disconnected 
*** SUMMARY ***
Total pot $2 | Rake $0 
Seat 2: Koby2433
Seat 1: Emily_GetMan (small blind) collected ($2)
Seat 3: Burlica2013 (big blind) folded before Flop
Seat 4: Alinyr folded before Flop (didn't bet)
Seat 6: zizizib (button) folded before Flop (didn't bet)



PokerStars Hand #254204612182:  Hold'em No Limit ($0.50/$1.00 USD) - 2025/01/05 8:25:52 WET [2025/01/05 3:25:52 ET]
Table 'Tyche' 6-max Seat #1 is the button
Seat 2: Koby2433 ($0 in chips) is sitting out
Seat 4: Alinyr ($101.78 in chips) is sitting out
Seat 1: Emily_GetMan ($101 in chips) 
Seat 3: Burlica2013 ($100 in chips) 
Seat 5: filip883 ($78.40 in chips) 
Seat 6: zizizib ($131.25 in chips) 
Burlica2013: posts small blind $0.50
Alinyr: is sitting out 
filip883 is connected 
filip883: posts big blind $1
*** HOLE CARDS ***
zizizib: folds 
Emily_GetMan: raises $1.50 to $2.50
Burlica2013: raises $9.50 to $12
filip883: folds 
Emily_GetMan: folds 
Uncalled bet ($9.50) returned to Burlica2013
Burlica2013 collected $6 from pot
Burlica2013: doesn't show hand 
Koby2433 is disconnected 
*** SUMMARY ***
Total pot $6 | Rake $0 
Seat 2: Koby2433
Seat 4: Alinyr
Seat 1: Emily_GetMan (button) folded before Flop
Seat 3: Burlica2013 (small blind) collected ($6)
Seat 5: filip883 (big blind) folded before Flop
Seat 6: zizizib folded before Flop (didn't bet)



PokerStars Hand #254204614738:  Hold'em No Limit ($0.50/$1.00 USD) - 2025/01/05 8:26:21 WET [2025/01/05 3:26:21 ET]
Table 'Tyche' 6-max Seat #3 is the button
Seat 2: Koby2433 ($0 in chips) is sitting out
Seat 4: Alinyr ($101.78 in chips) is sitting out
Seat 1: Emily_GetMan ($100 in chips) 
Seat 3: Burlica2013 ($103.50 in chips) 
Seat 5: filip883 ($77.40 in chips) 
Seat 6: zizizib ($131.25 in chips) 
filip883: posts small blind $0.50
zizizib: posts big blind $1
*** HOLE CARDS ***
Emily_GetMan: folds 
Burlica2013: raises $1.45 to $2.45
filip883: folds 
zizizib: folds 
Uncalled bet ($1.45) returned to Burlica2013
Burlica2013 collected $2.50 from pot
Burlica2013: doesn't show hand 
*** SUMMARY ***
Total pot $2.50 | Rake $0 
Seat 2: Koby2433
Seat 4: Alinyr
Seat 1: Emily_GetMan folded before Flop (didn't bet)
Seat 3: Burlica2013 (button) collected ($2.50)
Seat 5: filip883 (small blind) folded before Flop
Seat 6: zizizib (big blind) folded before Flop



PokerStars Hand #254204615999:  Hold'em No Limit ($0.50/$1.00 USD) - 2025/01/05 8:26:35 WET [2025/01/05 3:26:35 ET]
Table 'Tyche' 6-max Seat #5 is the button
Seat 2: Koby2433 ($0 in chips) is sitting out
Seat 4: Alinyr ($101.78 in chips) is sitting out
Seat 1: Emily_GetMan ($100 in chips) 
Seat 3: Burlica2013 ($105 in chips) 
Seat 5: filip883 ($76.90 in chips) 
Seat 6: zizizib ($130.25 in chips) 
zizizib: posts small blind $0.50
Emily_GetMan: posts big blind $1
Alinyr: sits out 
*** HOLE CARDS ***
Burlica2013: folds 
filip883: raises $1 to $2
zizizib: folds 
Emily_GetMan: folds 
Uncalled bet ($1) returned to filip883
filip883 collected $2.50 from pot
*** SUMMARY ***
Total pot $2.50 | Rake $0 
Seat 2: Koby2433
Seat 4: Alinyr
Seat 1: Emily_GetMan (big blind) folded before Flop
Seat 3: Burlica2013 folded before Flop (didn't bet)
Seat 5: filip883 (button) collected ($2.50)
Seat 6: zizizib (small blind) folded before Flop



PokerStars Hand #254204617096:  Hold'em No Limit ($0.50/$1.00 USD) - 2025/01/05 8:26:47 WET [2025/01/05 3:26:47 ET]
Table 'Tyche' 6-max Seat #6 is the button
Seat 2: Koby2433 ($0 in chips) is sitting out
Seat 4: Alinyr ($101.78 in chips) is sitting out
Seat 1: Emily_GetMan ($100 in chips) 
Seat 3: Burlica2013 ($105 in chips) 
Seat 5: filip883 ($78.40 in chips) 
Seat 6: zizizib ($129.75 in chips) 
Emily_GetMan: posts small blind $0.50
Burlica2013: posts big blind $1
Alinyr: sits out 
*** HOLE CARDS ***
filip883: raises $2 to $3
zizizib: folds 
Emily_GetMan: raises $10 to $13
Burlica2013: folds 
filip883: folds 
Uncalled bet ($10) returned to Emily_GetMan
Emily_GetMan collected $7 from pot
Emily_GetMan: doesn't show hand 
*** SUMMARY ***
Total pot $7 | Rake $0 
Seat 2: Koby2433
Seat 4: Alinyr
Seat 1: Emily_GetMan (small blind) collected ($7)
Seat 3: Burlica2013 (big blind) folded before Flop
Seat 5: filip883 folded before Flop
Seat 6: zizizib (button) folded before Flop (didn't bet)



PokerStars Hand #254204619463:  Hold'em No Limit ($0.50/$1.00 USD) - 2025/01/05 8:27:13 WET [2025/01/05 3:27:13 ET]
Table 'Tyche' 6-max Seat #1 is the button
Seat 2: Koby2433 ($0 in chips) is sitting out
Seat 1: Emily_GetMan ($104 in chips) 
Seat 3: Burlica2013 ($104 in chips) 
Seat 4: Alinyr ($101.78 in chips) 
Seat 5: filip883 ($75.40 in chips) 
Seat 6: zizizib ($129.75 in chips) 
Burlica2013: posts small blind $0.50
Alinyr: posts big blind $1
*** HOLE CARDS ***
filip883: folds 
zizizib: folds 
Emily_GetMan: folds 
Burlica2013: folds 
Uncalled bet ($0.50) returned to Alinyr
Alinyr collected $1 from pot
Alinyr: doesn't show hand 
*** SUMMARY ***
Total pot $1 | Rake $0 
Seat 2: Koby2433
Seat 1: Emily_GetMan (button) folded before Flop (didn't bet)
Seat 3: Burlica2013 (small blind) folded before Flop
Seat 4: Alinyr (big blind) collected ($1)
Seat 5: filip883 folded before Flop (didn't bet)
Seat 6: zizizib folded before Flop (didn't bet)



PokerStars Hand #254204620629:  Hold'em No Limit ($0.50/$1.00 USD) - 2025/01/05 8:27:26 WET [2025/01/05 3:27:26 ET]
Table 'Tyche' 6-max Seat #3 is the button
Seat 2: Koby2433 ($0 in chips) is sitting out
Seat 1: Emily_GetMan ($104 in chips) 
Seat 3: Burlica2013 ($103.50 in chips) 
Seat 4: Alinyr ($102.28 in chips) 
Seat 5: filip883 ($75.40 in chips) 
Seat 6: zizizib ($129.75 in chips) 
Alinyr: posts small blind $0.50
filip883: posts big blind $1
*** HOLE CARDS ***
zizizib: folds 
Emily_GetMan: raises $1 to $2
Burlica2013: folds 
Alinyr: folds 
filip883: calls $1
*** FLOP *** [7d 6c Ac]
filip883: checks 
Emily_GetMan: bets $1.41
filip883: calls $1.41
*** TURN *** [7d 6c Ac] [Jh]
filip883: checks 
Emily_GetMan: bets $4.59
filip883: folds 
Uncalled bet ($4.59) returned to Emily_GetMan
Emily_GetMan collected $6.95 from pot
Emily_GetMan: doesn't show hand 
*** SUMMARY ***
Total pot $7.32 | Rake $0.37 
Board [7d 6c Ac Jh]
Seat 2: Koby2433
Seat 1: Emily_GetMan collected ($6.95)
Seat 3: Burlica2013 (button) folded before Flop (didn't bet)
Seat 4: Alinyr (small blind) folded before Flop
Seat 5: filip883 (big blind) folded on the Turn
Seat 6: zizizib folded before Flop (didn't bet)



PokerStars Hand #254204623296:  Hold'em No Limit ($0.50/$1.00 USD) - 2025/01/05 8:27:55 WET [2025/01/05 3:27:55 ET]
Table 'Tyche' 6-max Seat #4 is the button
Seat 2: Koby2433 ($0 in chips) is sitting out
Seat 6: zizizib ($129.75 in chips) is sitting out
Seat 1: Emily_GetMan ($107.54 in chips) 
Seat 3: Burlica2013 ($103.50 in chips) 
Seat 4: Alinyr ($101.78 in chips) 
Seat 5: filip883 ($71.99 in chips) 
filip883: posts small blind $0.50
zizizib: is sitting out 
Emily_GetMan: posts big blind $1
*** HOLE CARDS ***
zizizib leaves the table
Burlica2013: raises $1.25 to $2.25
Koby2433 leaves the table
Alinyr: folds 
filip883: folds 
Emily_GetMan: folds 
Uncalled bet ($1.25) returned to Burlica2013
Burlica2013 collected $2.50 from pot
Burlica2013: doesn't show hand 
*** SUMMARY ***
Total pot $2.50 | Rake $0 
Seat 2: Koby2433
Seat 6: zizizib
Seat 1: Emily_GetMan (big blind) folded before Flop
Seat 3: Burlica2013 collected ($2.50)
Seat 4: Alinyr (button) folded before Flop (didn't bet)
Seat 5: filip883 (small blind) folded before Flop



PokerStars Hand #254204624342:  Hold'em No Limit ($0.50/$1.00 USD) - 2025/01/05 8:28:07 WET [2025/01/05 3:28:07 ET]
Table 'Tyche' 6-max Seat #5 is the button
Seat 1: Emily_GetMan ($106.54 in chips) 
Seat 3: Burlica2013 ($105 in chips) 
Seat 4: Alinyr ($101.78 in chips) 
Seat 5: filip883 ($71.49 in chips) 
Emily_GetMan: posts small blind $0.50
Burlica2013: posts big blind $1
*** HOLE CARDS ***
Alinyr: folds 
Punzzzer joins the table at seat #6 
filip883: raises $1 to $2
Emily_GetMan: folds 
Burlica2013: calls $1
*** FLOP *** [5h 4s Kd]
Burlica2013: checks 
filip883: bets $3.14
Burlica2013: folds 
Uncalled bet ($3.14) returned to filip883
filip883 collected $4.28 from pot
*** SUMMARY ***
Total pot $4.50 | Rake $0.22 
Board [5h 4s Kd]
Seat 1: Emily_GetMan (small blind) folded before Flop
Seat 3: Burlica2013 (big blind) folded on the Flop
Seat 4: Alinyr folded before Flop (didn't bet)
Seat 5: filip883 (button) collected ($4.28)



PokerStars Hand #254204625941:  Hold'em No Limit ($0.50/$1.00 USD) - 2025/01/05 8:28:25 WET [2025/01/05 3:28:25 ET]
Table 'Tyche' 6-max Seat #1 is the button
Seat 6: Punzzzer ($100 in chips) is sitting out
Seat 1: Emily_GetMan ($106.04 in chips) 
Seat 3: Burlica2013 ($103 in chips) 
Seat 4: Alinyr ($101.78 in chips) 
Seat 5: filip883 ($73.77 in chips) 
Burlica2013: posts small blind $0.50
Alinyr: posts big blind $1
Punzzzer: sits out 
*** HOLE CARDS ***
filip883: raises $1 to $2
Emily_GetMan: folds 
Burlica2013: folds 
Alinyr: calls $1
*** FLOP *** [3h 8h 3c]
Alinyr: checks 
filip883: checks 
*** TURN *** [3h 8h 3c] [Jh]
Alinyr: checks 
filip883: bets $2
Alinyr: folds 
Uncalled bet ($2) returned to filip883
filip883 collected $4.28 from pot
fobot21 joins the table at seat #2 
*** SUMMARY ***
Total pot $4.50 | Rake $0.22 
Board [3h 8h 3c Jh]
Seat 6: Punzzzer
Seat 1: Emily_GetMan (button) folded before Flop (didn't bet)
Seat 3: Burlica2013 (small blind) folded before Flop
Seat 4: Alinyr (big blind) folded on the Turn
Seat 5: filip883 collected ($4.28)



PokerStars Hand #254204628328:  Hold'em No Limit ($0.50/$1.00 USD) - 2025/01/05 8:28:51 WET [2025/01/05 3:28:51 ET]
Table 'Tyche' 6-max Seat #3 is the button
Seat 2: fobot21 ($100 in chips) is sitting out
Seat 6: Punzzzer ($100 in chips) is sitting out
Seat 1: Emily_GetMan ($106.04 in chips) 
Seat 3: Burlica2013 ($102.50 in chips) 
Seat 4: Alinyr ($100 in chips) 
Seat 5: filip883 ($76.05 in chips) 
Alinyr: posts small blind $0.50
filip883: posts big blind $1
Punzzzer: sits out 
*** HOLE CARDS ***
Emily_GetMan: folds 
Burlica2013: raises $1.45 to $2.45
Alinyr: folds 
filip883: folds 
Uncalled bet ($1.45) returned to Burlica2013
Burlica2013 collected $2.50 from pot
Burlica2013: doesn't show hand 
*** SUMMARY ***
Total pot $2.50 | Rake $0 
Seat 2: fobot21
Seat 6: Punzzzer
Seat 1: Emily_GetMan folded before Flop (didn't bet)
Seat 3: Burlica2013 (button) collected ($2.50)
Seat 4: Alinyr (small blind) folded before Flop
Seat 5: filip883 (big blind) folded before Flop



PokerStars Hand #254204645186:  Hold'em No Limit ($0.50/$1.00 USD) - 2025/01/05 8:31:57 WET [2025/01/05 3:31:57 ET]
Table 'Tyche' 6-max Seat #2 is the button
Seat 1: Emily_GetMan ($104.54 in chips) 
Seat 2: fobot21 ($100 in chips) 
Seat 3: Koby2433 ($51.55 in chips) 
Seat 4: Alinyr ($114.36 in chips) 
Seat 5: filip883 ($80.17 in chips) 
Seat 6: Punzzzer ($100 in chips) 
Koby2433: posts small blind $0.50
Alinyr: posts big blind $1
*** HOLE CARDS ***
filip883: folds 
Punzzzer: folds 
Emily_GetMan: folds 
fobot21: raises $1.50 to $2.50
Koby2433: calls $2
Alinyr: raises $12.50 to $15
fobot21: folds 
Koby2433: raises $12.50 to $27.50
Alinyr: raises $86.86 to $114.36 and is all-in
Koby2433: calls $24.05 and is all-in
Uncalled bet ($62.81) returned to Alinyr
*** FLOP *** [Qc Th 5h]
*** TURN *** [Qc Th 5h] [6d]
*** RIVER *** [Qc Th 5h 6d] [9d]
*** SHOW DOWN ***
Koby2433: shows [6h Ah] (a pair of Sixes)
Alinyr: shows [Td Tc] (three of a kind, Tens)
Alinyr collected $103.10 from pot
*** SUMMARY ***
Total pot $105.60 | Rake $2.50 
Board [Qc Th 5h 6d 9d]
Seat 1: Emily_GetMan folded before Flop (didn't bet)
Seat 2: fobot21 (button) folded before Flop
Seat 3: Koby2433 (small blind) showed [6h Ah] and lost with a pair of Sixes
Seat 4: Alinyr (big blind) showed [Td Tc] and won ($103.10) with three of a kind, Tens
Seat 5: filip883 folded before Flop (didn't bet)
Seat 6: Punzzzer folded before Flop (didn't bet)



PokerStars Hand #254204648687:  Hold'em No Limit ($0.50/$1.00 USD) - 2025/01/05 8:32:35 WET [2025/01/05 3:32:35 ET]
Table 'Tyche' 6-max Seat #4 is the button
Seat 3: Koby2433 ($0 in chips) is sitting out
Seat 1: Emily_GetMan ($104.54 in chips) 
Seat 2: fobot21 ($100 in chips) 
Seat 4: Alinyr ($165.91 in chips) 
Seat 5: filip883 ($80.17 in chips) 
Seat 6: Punzzzer ($100 in chips) 
filip883: posts small blind $0.50
Punzzzer: posts big blind $1
*** HOLE CARDS ***
Emily_GetMan: raises $1 to $2
fobot21: folds 
Alinyr: folds 
filip883: folds 
Koby2433 is disconnected 
Punzzzer: calls $1
*** FLOP *** [3s 9s 3c]
Punzzzer: checks 
Emily_GetMan: bets $1.07
Punzzzer: calls $1.07
*** TURN *** [3s 9s 3c] [4h]
Punzzzer: checks 
Emily_GetMan: checks 
*** RIVER *** [3s 9s 3c 4h] [3h]
Punzzzer: checks 
Emily_GetMan: checks 
*** SHOW DOWN ***
Punzzzer: shows [8s Ac] (three of a kind, Threes)
Emily_GetMan: shows [Td As] (three of a kind, Threes - Ace+Ten kicker)
Emily_GetMan collected $6.31 from pot
*** SUMMARY ***
Total pot $6.64 | Rake $0.33 
Board [3s 9s 3c 4h 3h]
Seat 3: Koby2433
Seat 1: Emily_GetMan showed [Td As] and won ($6.31) with three of a kind, Threes
Seat 2: fobot21 folded before Flop (didn't bet)
Seat 4: Alinyr (button) folded before Flop (didn't bet)
Seat 5: filip883 (small blind) folded before Flop
Seat 6: Punzzzer (big blind) showed [8s Ac] and lost with three of a kind, Threes



PokerStars Hand #254204651540:  Hold'em No Limit ($0.50/$1.00 USD) - 2025/01/05 8:33:07 WET [2025/01/05 3:33:07 ET]
Table 'Tyche' 6-max Seat #5 is the button
Seat 3: Koby2433 ($0 in chips) is sitting out
Seat 1: Emily_GetMan ($107.78 in chips) 
Seat 2: fobot21 ($100 in chips) 
Seat 4: Alinyr ($165.91 in chips) 
Seat 5: filip883 ($79.67 in chips) 
Seat 6: Punzzzer ($100 in chips) 
Punzzzer: posts small blind $0.50
Emily_GetMan: posts big blind $1
*** HOLE CARDS ***
fobot21: folds 
Alinyr: folds 
filip883: raises $2 to $3
Punzzzer: folds 
Emily_GetMan: folds 
Uncalled bet ($2) returned to filip883
filip883 collected $2.50 from pot
*** SUMMARY ***
Total pot $2.50 | Rake $0 
Seat 3: Koby2433
Seat 1: Emily_GetMan (big blind) folded before Flop
Seat 2: fobot21 folded before Flop (didn't bet)
Seat 4: Alinyr folded before Flop (didn't bet)
Seat 5: filip883 (button) collected ($2.50)
Seat 6: Punzzzer (small blind) folded before Flop



PokerStars Hand #254204653053:  Hold'em No Limit ($0.50/$1.00 USD) - 2025/01/05 8:33:23 WET [2025/01/05 3:33:23 ET]
Table 'Tyche' 6-max Seat #6 is the button
Seat 3: Koby2433 ($0 in chips) is sitting out
Seat 1: Emily_GetMan ($106.78 in chips) 
Seat 2: fobot21 ($100 in chips) 
Seat 4: Alinyr ($165.91 in chips) 
Seat 5: filip883 ($81.17 in chips) 
Seat 6: Punzzzer ($100 in chips) 
Emily_GetMan: posts small blind $0.50
fobot21: posts big blind $1
*** HOLE CARDS ***
Alinyr: folds 
filip883: folds 
Punzzzer: folds 
Emily_GetMan: folds 
Uncalled bet ($0.50) returned to fobot21
fobot21 collected $1 from pot
fobot21: doesn't show hand 
*** SUMMARY ***
Total pot $1 | Rake $0 
Seat 3: Koby2433
Seat 1: Emily_GetMan (small blind) folded before Flop
Seat 2: fobot21 (big blind) collected ($1)
Seat 4: Alinyr folded before Flop (didn't bet)
Seat 5: filip883 folded before Flop (didn't bet)
Seat 6: Punzzzer (button) folded before Flop (didn't bet)



PokerStars Hand #254204654536:  Hold'em No Limit ($0.50/$1.00 USD) - 2025/01/05 8:33:39 WET [2025/01/05 3:33:39 ET]
Table 'Tyche' 6-max Seat #1 is the button
Seat 3: Koby2433 ($0 in chips) is sitting out
Seat 1: Emily_GetMan ($106.28 in chips) 
Seat 2: fobot21 ($100.50 in chips) 
Seat 4: Alinyr ($165.91 in chips) 
Seat 5: filip883 ($81.17 in chips) 
Seat 6: Punzzzer ($100 in chips) 
fobot21: posts small blind $0.50
Alinyr: posts big blind $1
*** HOLE CARDS ***
filip883: raises $1 to $2
Punzzzer: folds 
Emily_GetMan: folds 
fobot21: raises $8 to $10
Alinyr: folds 
filip883: calls $8
*** FLOP *** [3d 6d Td]
fobot21: bets $4.99
filip883: raises $9.01 to $14
fobot21: folds 
Uncalled bet ($9.01) returned to filip883
filip883 collected $29.43 from pot
*** SUMMARY ***
Total pot $30.98 | Rake $1.55 
Board [3d 6d Td]
Seat 3: Koby2433
Seat 1: Emily_GetMan (button) folded before Flop (didn't bet)
Seat 2: fobot21 (small blind) folded on the Flop
Seat 4: Alinyr (big blind) folded before Flop
Seat 5: filip883 collected ($29.43)
Seat 6: Punzzzer folded before Flop (didn't bet)



PokerStars Hand #254204658372:  Hold'em No Limit ($0.50/$1.00 USD) - 2025/01/05 8:34:20 WET [2025/01/05 3:34:20 ET]
Table 'Tyche' 6-max Seat #2 is the button
Seat 3: Koby2433 ($0 in chips) is sitting out
Seat 1: Emily_GetMan ($106.28 in chips) 
Seat 2: fobot21 ($100 in chips) 
Seat 4: Alinyr ($164.91 in chips) 
Seat 5: filip883 ($95.61 in chips) 
Seat 6: Punzzzer ($100 in chips) 
Alinyr: posts small blind $0.50
filip883: posts big blind $1
*** HOLE CARDS ***
Punzzzer: folds 
Emily_GetMan: folds 
fobot21: folds 
Alinyr: raises $2 to $3
filip883: calls $2
*** FLOP *** [8h 8s 8c]
Alinyr: bets $2.91
filip883: calls $2.91
*** TURN *** [8h 8s 8c] [9s]
Alinyr: bets $6.85
filip883: raises $7.85 to $14.70
Alinyr: folds 
Uncalled bet ($7.85) returned to filip883
filip883 collected $24.24 from pot
*** SUMMARY ***
Total pot $25.52 | Rake $1.28 
Board [8h 8s 8c 9s]
Seat 3: Koby2433
Seat 1: Emily_GetMan folded before Flop (didn't bet)
Seat 2: fobot21 (button) folded before Flop (didn't bet)
Seat 4: Alinyr (small blind) folded on the Turn
Seat 5: filip883 (big blind) collected ($24.24)
Seat 6: Punzzzer folded before Flop (didn't bet)



PokerStars Hand #254204663943:  Hold'em No Limit ($0.50/$1.00 USD) - 2025/01/05 8:35:20 WET [2025/01/05 3:35:20 ET]
Table 'Tyche' 6-max Seat #4 is the button
Seat 3: Koby2433 ($0 in chips) is sitting out
Seat 1: Emily_GetMan ($106.28 in chips) 
Seat 2: fobot21 ($100 in chips) 
Seat 4: Alinyr ($152.15 in chips) 
Seat 5: filip883 ($107.09 in chips) 
Seat 6: Punzzzer ($100 in chips) 
filip883: posts small blind $0.50
Punzzzer: posts big blind $1
*** HOLE CARDS ***
Emily_GetMan: folds 
Emily_GetMan leaves the table
fobot21: raises $1.50 to $2.50
Alinyr: folds 
filip883: folds 
Punzzzer: folds 
Uncalled bet ($1.50) returned to fobot21
fobot21 collected $2.50 from pot
fobot21: doesn't show hand 
*** SUMMARY ***
Total pot $2.50 | Rake $0 
Seat 3: Koby2433
Seat 1: Emily_GetMan folded before Flop (didn't bet)
Seat 2: fobot21 collected ($2.50)
Seat 4: Alinyr (button) folded before Flop (didn't bet)
Seat 5: filip883 (small blind) folded before Flop
Seat 6: Punzzzer (big blind) folded before Flop



PokerStars Hand #254204664932:  Hold'em No Limit ($0.50/$1.00 USD) - 2025/01/05 8:35:30 WET [2025/01/05 3:35:30 ET]
Table 'Tyche' 6-max Seat #5 is the button
Seat 3: Koby2433 ($0 in chips) is sitting out
Seat 2: fobot21 ($101.50 in chips) 
Seat 4: Alinyr ($152.15 in chips) 
Seat 5: filip883 ($106.59 in chips) 
Seat 6: Punzzzer ($100 in chips) 
Punzzzer: posts small blind $0.50
fobot21: posts big blind $1
*** HOLE CARDS ***
Alinyr: raises $1.28 to $2.28
filip883: raises $4.72 to $7
Punzzzer: folds 
fobot21: folds 
Alinyr: folds 
Uncalled bet ($4.72) returned to filip883
filip883 collected $6.06 from pot
*** SUMMARY ***
Total pot $6.06 | Rake $0 
Seat 3: Koby2433
Seat 2: fobot21 (big blind) folded before Flop
Seat 4: Alinyr folded before Flop
Seat 5: filip883 (button) collected ($6.06)
Seat 6: Punzzzer (small blind) folded before Flop



PokerStars Hand #254204666414:  Hold'em No Limit ($0.50/$1.00 USD) - 2025/01/05 8:35:47 WET [2025/01/05 3:35:47 ET]
Table 'Tyche' 6-max Seat #6 is the button
Seat 3: Koby2433 ($0 in chips) is sitting out
Seat 4: Alinyr ($149.87 in chips) is sitting out
Seat 2: fobot21 ($100.50 in chips) 
Seat 5: filip883 ($110.37 in chips) 
Seat 6: Punzzzer ($100 in chips) 
fobot21: posts small blind $0.50
Alinyr: is sitting out 
filip883: posts big blind $1
*** HOLE CARDS ***
Alinyr leaves the table
KeR888 joins the table at seat #1 
Punzzzer: raises $1.20 to $2.20
fobot21: folds 
filip883: folds 
Uncalled bet ($1.20) returned to Punzzzer
Punzzzer collected $2.50 from pot
Punzzzer: doesn't show hand 
*** SUMMARY ***
Total pot $2.50 | Rake $0 
Seat 3: Koby2433
Seat 4: Alinyr
Seat 2: fobot21 (small blind) folded before Flop
Seat 5: filip883 (big blind) folded before Flop
Seat 6: Punzzzer (button) collected ($2.50)



PokerStars Hand #254204667367:  Hold'em No Limit ($0.50/$1.00 USD) - 2025/01/05 8:35:57 WET [2025/01/05 3:35:57 ET]
Table 'Tyche' 6-max Seat #2 is the button
Seat 1: KeR888 ($100 in chips) is sitting out
Seat 3: Koby2433 ($0 in chips) is sitting out
Seat 2: fobot21 ($100 in chips) 
Seat 5: filip883 ($109.37 in chips) 
Seat 6: Punzzzer ($101.50 in chips) 
filip883: posts small blind $0.50
Punzzzer: posts big blind $1
KeR888: sits out 
*** HOLE CARDS ***
fobot21: raises $1.50 to $2.50
filip883: folds 
Punzzzer: raises $9.50 to $12
value_ftw joins the table at seat #4 
fobot21: folds 
Uncalled bet ($9.50) returned to Punzzzer
Punzzzer collected $5.50 from pot
Punzzzer: doesn't show hand 
*** SUMMARY ***
Total pot $5.50 | Rake $0 
Seat 1: KeR888
Seat 3: Koby2433
Seat 2: fobot21 (button) folded before Flop
Seat 5: filip883 (small blind) folded before Flop
Seat 6: Punzzzer (big blind) collected ($5.50)



PokerStars Hand #254204669410:  Hold'em No Limit ($0.50/$1.00 USD) - 2025/01/05 8:36:17 WET [2025/01/05 3:36:17 ET]
Table 'Tyche' 6-max Seat #5 is the button
Seat 3: Koby2433 ($0 in chips) is sitting out
Seat 4: value_ftw ($100 in chips) is sitting out
Seat 1: KeR888 ($100 in chips) 
Seat 2: fobot21 ($100 in chips) 
Seat 5: filip883 ($108.87 in chips) 
Seat 6: Punzzzer ($104.50 in chips) 
Punzzzer: posts small blind $0.50
KeR888: posts big blind $1
value_ftw: sits out 
*** HOLE CARDS ***
fobot21: folds 
filip883: raises $1 to $2
Punzzzer: folds 
KeR888: folds 
Uncalled bet ($1) returned to filip883
filip883 collected $2.50 from pot
*** SUMMARY ***
Total pot $2.50 | Rake $0 
Seat 3: Koby2433
Seat 4: value_ftw
Seat 1: KeR888 (big blind) folded before Flop
Seat 2: fobot21 folded before Flop (didn't bet)
Seat 5: filip883 (button) collected ($2.50)
Seat 6: Punzzzer (small blind) folded before Flop



PokerStars Hand #254204670545:  Hold'em No Limit ($0.50/$1.00 USD) - 2025/01/05 8:36:30 WET [2025/01/05 3:36:30 ET]
Table 'Tyche' 6-max Seat #6 is the button
Seat 3: Koby2433 ($0 in chips) is sitting out
Seat 4: value_ftw ($100 in chips) is sitting out
Seat 1: KeR888 ($100 in chips) 
Seat 2: fobot21 ($100 in chips) 
Seat 5: filip883 ($110.37 in chips) 
Seat 6: Punzzzer ($104 in chips) 
KeR888: posts small blind $0.50
fobot21: posts big blind $1
value_ftw: sits out 
*** HOLE CARDS ***
filip883: raises $1 to $2
Punzzzer: folds 
KeR888: raises $8 to $10
fobot21: folds 
filip883: calls $8
*** FLOP *** [3s 8h Kd]
KeR888: bets $5
filip883: raises $9 to $14
KeR888: folds 
Uncalled bet ($9) returned to filip883
filip883 collected $30 from pot
*** SUMMARY ***
Total pot $31 | Rake $1 
Board [3s 8h Kd]
Seat 3: Koby2433
Seat 4: value_ftw
Seat 1: KeR888 (small blind) folded on the Flop
Seat 2: fobot21 (big blind) folded before Flop
Seat 5: filip883 collected ($30)
Seat 6: Punzzzer (button) folded before Flop (didn't bet)



PokerStars Hand #254204674728:  Hold'em No Limit ($0.50/$1.00 USD) - 2025/01/05 8:37:14 WET [2025/01/05 3:37:14 ET]
Table 'Tyche' 6-max Seat #1 is the button
Seat 3: Koby2433 ($0 in chips) is sitting out
Seat 1: KeR888 ($100 in chips) 
Seat 2: fobot21 ($100 in chips) 
Seat 4: value_ftw ($100 in chips) 
Seat 5: filip883 ($125.37 in chips) 
Seat 6: Punzzzer ($104 in chips) 
fobot21: posts small blind $0.50
value_ftw: posts big blind $1
*** HOLE CARDS ***
filip883: raises $1 to $2
Punzzzer: folds 
KeR888: folds 
fobot21: folds 
value_ftw: folds 
Uncalled bet ($1) returned to filip883
filip883 collected $2.50 from pot
*** SUMMARY ***
Total pot $2.50 | Rake $0 
Seat 3: Koby2433
Seat 1: KeR888 (button) folded before Flop (didn't bet)
Seat 2: fobot21 (small blind) folded before Flop
Seat 4: value_ftw (big blind) folded before Flop
Seat 5: filip883 collected ($2.50)
Seat 6: Punzzzer folded before Flop (didn't bet)



PokerStars Hand #254204675962:  Hold'em No Limit ($0.50/$1.00 USD) - 2025/01/05 8:37:27 WET [2025/01/05 3:37:27 ET]
Table 'Tyche' 6-max Seat #2 is the button
Seat 3: Koby2433 ($0 in chips) is sitting out
Seat 1: KeR888 ($100 in chips) 
Seat 2: fobot21 ($100 in chips) 
Seat 4: value_ftw ($100 in chips) 
Seat 5: filip883 ($126.87 in chips) 
Seat 6: Punzzzer ($104 in chips) 
value_ftw: posts small blind $0.50
filip883: posts big blind $1
*** HOLE CARDS ***
Punzzzer: folds 
KeR888: raises $1.50 to $2.50
fobot21: folds 
value_ftw: folds 
filip883: calls $1.50
*** FLOP *** [6s 6c 3d]
filip883: checks 
KeR888: bets $1.31
filip883: calls $1.31
*** TURN *** [6s 6c 3d] [Tc]
filip883: checks 
KeR888: bets $14
filip883: calls $14
*** RIVER *** [6s 6c 3d Tc] [7d]
filip883: checks 
KeR888: checks 
*** SHOW DOWN ***
filip883: shows [Th Ad] (two pair, Tens and Sixes)
KeR888: mucks hand 
filip883 collected $34.31 from pot
*** SUMMARY ***
Total pot $36.12 | Rake $1.81 
Board [6s 6c 3d Tc 7d]
Seat 3: Koby2433
Seat 1: KeR888 mucked
Seat 2: fobot21 (button) folded before Flop (didn't bet)
Seat 4: value_ftw (small blind) folded before Flop
Seat 5: filip883 (big blind) showed [Th Ad] and won ($34.31) with two pair, Tens and Sixes
Seat 6: Punzzzer folded before Flop (didn't bet)



PokerStars Hand #254204680865:  Hold'em No Limit ($0.50/$1.00 USD) - 2025/01/05 8:38:19 WET [2025/01/05 3:38:19 ET]
Table 'Tyche' 6-max Seat #4 is the button
Seat 3: Koby2433 ($0 in chips) is sitting out
Seat 1: KeR888 ($100 in chips) 
Seat 2: fobot21 ($100 in chips) 
Seat 4: value_ftw ($100 in chips) 
Seat 5: filip883 ($143.37 in chips) 
Seat 6: Punzzzer ($104 in chips) 
filip883: posts small blind $0.50
Punzzzer: posts big blind $1
*** HOLE CARDS ***
KeR888: raises $1.20 to $2.20
fobot21: folds 
value_ftw: folds 
filip883: calls $1.70
Punzzzer: folds 
*** FLOP *** [Js 3s 6d]
filip883: checks 
KeR888: checks 
*** TURN *** [Js 3s 6d] [Jh]
filip883: bets $2
KeR888: calls $2
*** RIVER *** [Js 3s 6d Jh] [2h]
filip883: bets $8.93
KeR888: folds 
Uncalled bet ($8.93) returned to filip883
filip883 collected $8.93 from pot
*** SUMMARY ***
Total pot $9.40 | Rake $0.47 
Board [Js 3s 6d Jh 2h]
Seat 3: Koby2433
Seat 1: KeR888 folded on the River
Seat 2: fobot21 folded before Flop (didn't bet)
Seat 4: value_ftw (button) folded before Flop (didn't bet)
Seat 5: filip883 (small blind) collected ($8.93)
Seat 6: Punzzzer (big blind) folded before Flop



PokerStars Hand #254204684606:  Hold'em No Limit ($0.50/$1.00 USD) - 2025/01/05 8:39:00 WET [2025/01/05 3:39:00 ET]
Table 'Tyche' 6-max Seat #5 is the button
Seat 3: Koby2433 ($0 in chips) is sitting out
Seat 1: KeR888 ($100 in chips) 
Seat 2: fobot21 ($100 in chips) 
Seat 4: value_ftw ($100 in chips) 
Seat 5: filip883 ($148.10 in chips) 
Seat 6: Punzzzer ($103 in chips) 
Punzzzer: posts small blind $0.50
KeR888: posts big blind $1
*** HOLE CARDS ***
fobot21: folds 
value_ftw: folds 
filip883: raises $1 to $2
Punzzzer: folds 
KeR888: folds 
Uncalled bet ($1) returned to filip883
filip883 collected $2.50 from pot
*** SUMMARY ***
Total pot $2.50 | Rake $0 
Seat 3: Koby2433
Seat 1: KeR888 (big blind) folded before Flop
Seat 2: fobot21 folded before Flop (didn't bet)
Seat 4: value_ftw folded before Flop (didn't bet)
Seat 5: filip883 (button) collected ($2.50)
Seat 6: Punzzzer (small blind) folded before Flop



PokerStars Hand #254204686255:  Hold'em No Limit ($0.50/$1.00 USD) - 2025/01/05 8:39:18 WET [2025/01/05 3:39:18 ET]
Table 'Tyche' 6-max Seat #6 is the button
Seat 3: Koby2433 ($0 in chips) is sitting out
Seat 1: KeR888 ($100 in chips) 
Seat 2: fobot21 ($100 in chips) 
Seat 4: value_ftw ($100 in chips) 
Seat 5: filip883 ($149.60 in chips) 
Seat 6: Punzzzer ($102.50 in chips) 
KeR888: posts small blind $0.50
fobot21: posts big blind $1
*** HOLE CARDS ***
value_ftw: folds 
filip883: folds 
Punzzzer: raises $1.20 to $2.20
KeR888: raises $8.30 to $10.50
fobot21: folds 
Punzzzer: raises $13 to $23.50
KeR888: raises $76.50 to $100 and is all-in
Punzzzer: folds 
Uncalled bet ($76.50) returned to KeR888
KeR888 collected $48 from pot
KeR888: doesn't show hand 
*** SUMMARY ***
Total pot $48 | Rake $0 
Seat 3: Koby2433
Seat 1: KeR888 (small blind) collected ($48)
Seat 2: fobot21 (big blind) folded before Flop
Seat 4: value_ftw folded before Flop (didn't bet)
Seat 5: filip883 folded before Flop (didn't bet)
Seat 6: Punzzzer (button) folded before Flop



PokerStars Hand #254204689112:  Hold'em No Limit ($0.50/$1.00 USD) - 2025/01/05 8:39:49 WET [2025/01/05 3:39:49 ET]
Table 'Tyche' 6-max Seat #1 is the button
Seat 3: Koby2433 ($0 in chips) is sitting out
Seat 1: KeR888 ($124.50 in chips) 
Seat 2: fobot21 ($100 in chips) 
Seat 4: value_ftw ($100 in chips) 
Seat 5: filip883 ($149.60 in chips) 
Seat 6: Punzzzer ($100 in chips) 
fobot21: posts small blind $0.50
value_ftw: posts big blind $1
*** HOLE CARDS ***
filip883: folds 
Punzzzer: folds 
KeR888: raises $1.50 to $2.50
fobot21: folds 
value_ftw: folds 
Uncalled bet ($1.50) returned to KeR888
KeR888 collected $2.50 from pot
Koby2433 leaves the table
KeR888: doesn't show hand 
*** SUMMARY ***
Total pot $2.50 | Rake $0 
Seat 3: Koby2433
Seat 1: KeR888 (button) collected ($2.50)
Seat 2: fobot21 (small blind) folded before Flop
Seat 4: value_ftw (big blind) folded before Flop
Seat 5: filip883 folded before Flop (didn't bet)
Seat 6: Punzzzer folded before Flop (didn't bet)



PokerStars Hand #254204691034:  Hold'em No Limit ($0.50/$1.00 USD) - 2025/01/05 8:40:10 WET [2025/01/05 3:40:10 ET]
Table 'Tyche' 6-max Seat #2 is the button
Seat 1: KeR888 ($126 in chips) 
Seat 2: fobot21 ($100 in chips) 
Seat 4: value_ftw ($100 in chips) 
Seat 5: filip883 ($149.60 in chips) 
Seat 6: Punzzzer ($100 in chips) 
value_ftw: posts small blind $0.50
filip883: posts big blind $1
*** HOLE CARDS ***
Punzzzer: folds 
KeR888: raises $1.50 to $2.50
fobot21: raises $5 to $7.50
MauriFierro27 joins the table at seat #3 
value_ftw: raises $13.50 to $21
filip883: folds 
KeR888: folds 
fobot21: folds 
Uncalled bet ($13.50) returned to value_ftw
value_ftw collected $18.50 from pot
value_ftw: doesn't show hand 
*** SUMMARY ***
Total pot $18.50 | Rake $0 
Seat 1: KeR888 folded before Flop
Seat 2: fobot21 (button) folded before Flop
Seat 4: value_ftw (small blind) collected ($18.50)
Seat 5: filip883 (big blind) folded before Flop
Seat 6: Punzzzer folded before Flop (didn't bet)



PokerStars Hand #254204693893:  Hold'em No Limit ($0.50/$1.00 USD) - 2025/01/05 8:40:41 WET [2025/01/05 3:40:41 ET]
Table 'Tyche' 6-max Seat #4 is the button
Seat 3: MauriFierro27 ($100 in chips) is sitting out
Seat 1: KeR888 ($123.50 in chips) 
Seat 2: fobot21 ($100 in chips) 
Seat 4: value_ftw ($111 in chips) 
Seat 5: filip883 ($148.60 in chips) 
Seat 6: Punzzzer ($100 in chips) 
filip883: posts small blind $0.50
Punzzzer: posts big blind $1
MauriFierro27: sits out 
*** HOLE CARDS ***
KeR888: folds 
fobot21: folds 
value_ftw: raises $1.50 to $2.50
filip883: folds 
Punzzzer: calls $1.50
*** FLOP *** [Js Ks Ad]
Punzzzer: checks 
value_ftw: bets $2.61
Punzzzer: calls $2.61
*** TURN *** [Js Ks Ad] [4h]
Punzzzer: checks 
value_ftw: checks 
*** RIVER *** [Js Ks Ad 4h] [7s]
Punzzzer: checks 
value_ftw: checks 
*** SHOW DOWN ***
Punzzzer: shows [Jd Th] (a pair of Jacks)
value_ftw: mucks hand 
Punzzzer collected $10.18 from pot
*** SUMMARY ***
Total pot $10.72 | Rake $0.54 
Board [Js Ks Ad 4h 7s]
Seat 3: MauriFierro27
Seat 1: KeR888 folded before Flop (didn't bet)
Seat 2: fobot21 folded before Flop (didn't bet)
Seat 4: value_ftw (button) mucked
Seat 5: filip883 (small blind) folded before Flop
Seat 6: Punzzzer (big blind) showed [Jd Th] and won ($10.18) with a pair of Jacks



PokerStars Hand #254204697332:  Hold'em No Limit ($0.50/$1.00 USD) - 2025/01/05 8:41:18 WET [2025/01/05 3:41:18 ET]
Table 'Tyche' 6-max Seat #5 is the button
Seat 3: MauriFierro27 ($100 in chips) is sitting out
Seat 1: KeR888 ($123.50 in chips) 
Seat 2: fobot21 ($100 in chips) 
Seat 4: value_ftw ($105.89 in chips) 
Seat 5: filip883 ($148.10 in chips) 
Seat 6: Punzzzer ($105.07 in chips) 
Punzzzer: posts small blind $0.50
KeR888: posts big blind $1
MauriFierro27: sits out 
*** HOLE CARDS ***
fobot21: folds 
value_ftw: folds 
filip883: raises $1 to $2
Punzzzer: calls $1.50
KeR888: folds 
*** FLOP *** [Jc 8s 7h]
Punzzzer: checks 
filip883: checks 
*** TURN *** [Jc 8s 7h] [Ah]
Punzzzer: checks 
filip883: bets $3
Punzzzer: folds 
Uncalled bet ($3) returned to filip883
filip883 collected $4.75 from pot
*** SUMMARY ***
Total pot $5 | Rake $0.25 
Board [Jc 8s 7h Ah]
Seat 3: MauriFierro27
Seat 1: KeR888 (big blind) folded before Flop
Seat 2: fobot21 folded before Flop (didn't bet)
Seat 4: value_ftw folded before Flop (didn't bet)
Seat 5: filip883 (button) collected ($4.75)
Seat 6: Punzzzer (small blind) folded on the Turn



PokerStars Hand #254204700208:  Hold'em No Limit ($0.50/$1.00 USD) - 2025/01/05 8:41:49 WET [2025/01/05 3:41:49 ET]
Table 'Tyche' 6-max Seat #6 is the button
Seat 3: MauriFierro27 ($100 in chips) is sitting out
Seat 1: KeR888 ($122.50 in chips) 
Seat 2: fobot21 ($100 in chips) 
Seat 4: value_ftw ($105.89 in chips) 
Seat 5: filip883 ($150.85 in chips) 
Seat 6: Punzzzer ($103.07 in chips) 
KeR888: posts small blind $0.50
fobot21: posts big blind $1
MauriFierro27: sits out 
*** HOLE CARDS ***
value_ftw: raises $1.20 to $2.20
filip883: folds 
Punzzzer: raises $4.80 to $7
KeR888: folds 
fobot21: folds 
value_ftw: raises $13 to $20
Punzzzer: calls $13
*** FLOP *** [7c 2d Jh]
value_ftw: bets $9.86
Punzzzer: calls $9.86
*** TURN *** [7c 2d Jh] [7s]
value_ftw: checks 
Punzzzer: checks 
*** RIVER *** [7c 2d Jh 7s] [Qh]
value_ftw: bets $76.03 and is all-in
Punzzzer: folds 
Uncalled bet ($76.03) returned to value_ftw
value_ftw collected $58.72 from pot
value_ftw: doesn't show hand 
*** SUMMARY ***
Total pot $61.22 | Rake $2.50 
Board [7c 2d Jh 7s Qh]
Seat 3: MauriFierro27
Seat 1: KeR888 (small blind) folded before Flop
Seat 2: fobot21 (big blind) folded before Flop
Seat 4: value_ftw collected ($58.72)
Seat 5: filip883 folded before Flop (didn't bet)
Seat 6: Punzzzer (button) folded on the River



PokerStars Hand #254204708310:  Hold'em No Limit ($0.50/$1.00 USD) - 2025/01/05 8:43:16 WET [2025/01/05 3:43:16 ET]
Table 'Tyche' 6-max Seat #1 is the button
Seat 1: KeR888 ($122 in chips) 
Seat 2: fobot21 ($100 in chips) 
Seat 3: MauriFierro27 ($100 in chips) 
Seat 4: value_ftw ($134.75 in chips) 
Seat 5: filip883 ($150.85 in chips) 
Seat 6: Punzzzer ($100 in chips) 
fobot21: posts small blind $0.50
MauriFierro27: posts big blind $1
*** HOLE CARDS ***
value_ftw: folds 
filip883: folds 
Punzzzer: folds 
KeR888: raises $1.50 to $2.50
fobot21: folds 
MauriFierro27: folds 
Uncalled bet ($1.50) returned to KeR888
KeR888 collected $2.50 from pot
KeR888: doesn't show hand 
*** SUMMARY ***
Total pot $2.50 | Rake $0 
Seat 1: KeR888 (button) collected ($2.50)
Seat 2: fobot21 (small blind) folded before Flop
Seat 3: MauriFierro27 (big blind) folded before Flop
Seat 4: value_ftw folded before Flop (didn't bet)
Seat 5: filip883 folded before Flop (didn't bet)
Seat 6: Punzzzer folded before Flop (didn't bet)



PokerStars Hand #254204438976:  Hold'em No Limit ($0.50/$1.00 USD) - 2025/01/05 7:51:16 WET [2025/01/05 2:51:16 ET]
Table 'Tyche' 6-max Seat #3 is the button
Seat 1: MauriFierro27 ($105.75 in chips) 
Seat 2: socito ($113.48 in chips) 
Seat 3: Pon4uk.ua ($100 in chips) 
Seat 4: b2k-Snick ($103 in chips) 
Seat 5: Ysiven ($100 in chips) 
Seat 6: xlexusx77 ($91.47 in chips) 
b2k-Snick: posts small blind $0.50
Ysiven: posts big blind $1
*** HOLE CARDS ***
xlexusx77: calls $1
MauriFierro27: folds 
socito: raises $2.50 to $3.50
Pon4uk.ua has timed out
Pon4uk.ua: folds 
b2k-Snick: folds 
Ysiven: folds 
xlexusx77: calls $2.50
*** FLOP *** [7h 7c 8h]
xlexusx77: checks 
socito: bets $2.02
xlexusx77: calls $2.02
*** TURN *** [7h 7c 8h] [4c]
xlexusx77: checks 
socito: bets $4.20
xlexusx77: calls $4.20
*** RIVER *** [7h 7c 8h 4c] [Qh]
xlexusx77: checks 
socito: bets $12
xlexusx77: folds 
Uncalled bet ($12) returned to socito
socito collected $19.89 from pot
socito: doesn't show hand 
*** SUMMARY ***
Total pot $20.94 | Rake $1.05 
Board [7h 7c 8h 4c Qh]
Seat 1: MauriFierro27 folded before Flop (didn't bet)
Seat 2: socito collected ($19.89)
Seat 3: Pon4uk.ua (button) folded before Flop (didn't bet)
Seat 4: b2k-Snick (small blind) folded before Flop
Seat 5: Ysiven (big blind) folded before Flop
Seat 6: xlexusx77 folded on the River



PokerStars Hand #254204446134:  Hold'em No Limit ($0.50/$1.00 USD) - 2025/01/05 7:52:42 WET [2025/01/05 2:52:42 ET]
Table 'Tyche' 6-max Seat #4 is the button
Seat 1: MauriFierro27 ($105.75 in chips) 
Seat 2: socito ($123.65 in chips) 
Seat 3: Pon4uk.ua ($100 in chips) 
Seat 4: b2k-Snick ($102.50 in chips) 
Seat 5: Ysiven ($100 in chips) 
Seat 6: xlexusx77 ($81.75 in chips) 
Ysiven: posts small blind $0.50
xlexusx77: posts big blind $1
*** HOLE CARDS ***
MauriFierro27: folds 
socito: folds 
Pon4uk.ua: folds 
b2k-Snick: raises $1.50 to $2.50
Ysiven: raises $9.50 to $12
xlexusx77: folds 
b2k-Snick: folds 
Uncalled bet ($9.50) returned to Ysiven
Ysiven collected $6 from pot
Ysiven: doesn't show hand 
*** SUMMARY ***
Total pot $6 | Rake $0 
Seat 1: MauriFierro27 folded before Flop (didn't bet)
Seat 2: socito folded before Flop (didn't bet)
Seat 3: Pon4uk.ua folded before Flop (didn't bet)
Seat 4: b2k-Snick (button) folded before Flop
Seat 5: Ysiven (small blind) collected ($6)
Seat 6: xlexusx77 (big blind) folded before Flop



PokerStars Hand #254204448333:  Hold'em No Limit ($0.50/$1.00 USD) - 2025/01/05 7:53:09 WET [2025/01/05 2:53:09 ET]
Table 'Tyche' 6-max Seat #5 is the button
Seat 1: MauriFierro27 ($105.75 in chips) 
Seat 2: socito ($123.65 in chips) 
Seat 3: Pon4uk.ua ($100 in chips) 
Seat 4: b2k-Snick ($100 in chips) 
Seat 5: Ysiven ($103.50 in chips) 
Seat 6: xlexusx77 ($80.75 in chips) 
xlexusx77: posts small blind $0.50
MauriFierro27: posts big blind $1
*** HOLE CARDS ***
socito: folds 
Pon4uk.ua: raises $1 to $2
b2k-Snick: folds 
Ysiven: raises $5.50 to $7.50
xlexusx77: calls $7
MauriFierro27: folds 
Pon4uk.ua: raises $15.50 to $23
Ysiven: folds 
xlexusx77: calls $15.50
*** FLOP *** [2d Js 7s]
xlexusx77: checks 
Pon4uk.ua: bets $6
xlexusx77: calls $6
*** TURN *** [2d Js 7s] [8d]
xlexusx77: checks 
Pon4uk.ua: bets $12
xlexusx77: calls $12
*** RIVER *** [2d Js 7s 8d] [Qd]
xlexusx77: checks 
Pon4uk.ua: checks 
*** SHOW DOWN ***
xlexusx77: shows [As Kh] (high card Ace)
Pon4uk.ua: shows [Ts Td] (a pair of Tens)
Pon4uk.ua collected $88 from pot
*** SUMMARY ***
Total pot $90.50 | Rake $2.50 
Board [2d Js 7s 8d Qd]
Seat 1: MauriFierro27 (big blind) folded before Flop
Seat 2: socito folded before Flop (didn't bet)
Seat 3: Pon4uk.ua showed [Ts Td] and won ($88) with a pair of Tens
Seat 4: b2k-Snick folded before Flop (didn't bet)
Seat 5: Ysiven (button) folded before Flop
Seat 6: xlexusx77 (small blind) showed [As Kh] and lost with high card Ace



PokerStars Hand #254204456724:  Hold'em No Limit ($0.50/$1.00 USD) - 2025/01/05 7:54:48 WET [2025/01/05 2:54:48 ET]
Table 'Tyche' 6-max Seat #6 is the button
Seat 1: MauriFierro27 ($104.75 in chips) 
Seat 2: socito ($123.65 in chips) 
Seat 3: Pon4uk.ua ($147 in chips) 
Seat 4: b2k-Snick ($100 in chips) 
Seat 5: Ysiven ($100 in chips) 
Seat 6: xlexusx77 ($39.75 in chips) 
MauriFierro27: posts small blind $0.50
socito: posts big blind $1
*** HOLE CARDS ***
Pon4uk.ua: folds 
b2k-Snick: folds 
Ysiven: folds 
xlexusx77: folds 
MauriFierro27: raises $1.50 to $2.50
socito: calls $1.50
*** FLOP *** [3c 3h 4s]
MauriFierro27: checks 
socito: checks 
*** TURN *** [3c 3h 4s] [Jd]
MauriFierro27: checks 
socito: checks 
*** RIVER *** [3c 3h 4s Jd] [7d]
MauriFierro27: bets $3.56
socito: folds 
Uncalled bet ($3.56) returned to MauriFierro27
MauriFierro27 collected $4.75 from pot
MauriFierro27: doesn't show hand 
*** SUMMARY ***
Total pot $5 | Rake $0.25 
Board [3c 3h 4s Jd 7d]
Seat 1: MauriFierro27 (small blind) collected ($4.75)
Seat 2: socito (big blind) folded on the River
Seat 3: Pon4uk.ua folded before Flop (didn't bet)
Seat 4: b2k-Snick folded before Flop (didn't bet)
Seat 5: Ysiven folded before Flop (didn't bet)
Seat 6: xlexusx77 (button) folded before Flop (didn't bet)



PokerStars Hand #254204462681:  Hold'em No Limit ($0.50/$1.00 USD) - 2025/01/05 7:56:07 WET [2025/01/05 2:56:07 ET]
Table 'Tyche' 6-max Seat #1 is the button
Seat 1: MauriFierro27 ($107 in chips) 
Seat 2: socito ($121.15 in chips) 
Seat 3: Pon4uk.ua ($147 in chips) 
Seat 4: b2k-Snick ($100 in chips) 
Seat 5: Ysiven ($100 in chips) 
Seat 6: xlexusx77 ($39.75 in chips) 
socito: posts small blind $0.50
Pon4uk.ua: posts big blind $1
*** HOLE CARDS ***
b2k-Snick: folds 
Ysiven: folds 
xlexusx77: raises $2.50 to $3.50
MauriFierro27: folds 
socito: folds 
Pon4uk.ua: calls $2.50
*** FLOP *** [Qh 6c 3c]
Pon4uk.ua: checks 
xlexusx77: bets $7.12
Pon4uk.ua: calls $7.12
*** TURN *** [Qh 6c 3c] [Kd]
Pon4uk.ua: checks 
xlexusx77: checks 
*** RIVER *** [Qh 6c 3c Kd] [As]
Pon4uk.ua: checks 
xlexusx77: bets $20.65
Pon4uk.ua: folds 
Uncalled bet ($20.65) returned to xlexusx77
xlexusx77 collected $20.38 from pot
*** SUMMARY ***
Total pot $21.74 | Rake $1.36 
Board [Qh 6c 3c Kd As]
Seat 1: MauriFierro27 (button) folded before Flop (didn't bet)
Seat 2: socito (small blind) folded before Flop
Seat 3: Pon4uk.ua (big blind) folded on the River
Seat 4: b2k-Snick folded before Flop (didn't bet)
Seat 5: Ysiven folded before Flop (didn't bet)
Seat 6: xlexusx77 collected ($20.38)



PokerStars Hand #254204466804:  Hold'em No Limit ($0.50/$1.00 USD) - 2025/01/05 7:57:04 WET [2025/01/05 2:57:04 ET]
Table 'Tyche' 6-max Seat #2 is the button
Seat 1: MauriFierro27 ($107 in chips) 
Seat 2: socito ($120.65 in chips) 
Seat 3: Pon4uk.ua ($136.38 in chips) 
Seat 4: b2k-Snick ($100 in chips) 
Seat 5: Ysiven ($100 in chips) 
Seat 6: xlexusx77 ($49.51 in chips) 
Pon4uk.ua: posts small blind $0.50
b2k-Snick: posts big blind $1
*** HOLE CARDS ***
Ysiven: folds 
xlexusx77: calls $1
MauriFierro27: folds 
socito: folds 
Pon4uk.ua: calls $0.50
b2k-Snick: checks 
*** FLOP *** [7s 2h 8s]
Pon4uk.ua: checks 
b2k-Snick: checks 
xlexusx77: checks 
*** TURN *** [7s 2h 8s] [6d]
Pon4uk.ua: checks 
b2k-Snick: bets $1.57
xlexusx77: folds 
Pon4uk.ua: calls $1.57
*** RIVER *** [7s 2h 8s 6d] [Kh]
Pon4uk.ua: checks 
b2k-Snick: checks 
*** SHOW DOWN ***
Pon4uk.ua: shows [5s Ad] (high card Ace)
b2k-Snick: shows [Qh 6h] (a pair of Sixes)
b2k-Snick collected $5.83 from pot
*** SUMMARY ***
Total pot $6.14 | Rake $0.31 
Board [7s 2h 8s 6d Kh]
Seat 1: MauriFierro27 folded before Flop (didn't bet)
Seat 2: socito (button) folded before Flop (didn't bet)
Seat 3: Pon4uk.ua (small blind) showed [5s Ad] and lost with high card Ace
Seat 4: b2k-Snick (big blind) showed [Qh 6h] and won ($5.83) with a pair of Sixes
Seat 5: Ysiven folded before Flop (didn't bet)
Seat 6: xlexusx77 folded on the Turn



PokerStars Hand #254204473477:  Hold'em No Limit ($0.50/$1.00 USD) - 2025/01/05 7:58:34 WET [2025/01/05 2:58:34 ET]
Table 'Tyche' 6-max Seat #3 is the button
Seat 1: MauriFierro27 ($107 in chips) 
Seat 2: socito ($120.65 in chips) 
Seat 3: Pon4uk.ua ($133.81 in chips) 
Seat 4: b2k-Snick ($103.26 in chips) 
Seat 5: Ysiven ($100 in chips) 
Seat 6: xlexusx77 ($48.51 in chips) 
b2k-Snick: posts small blind $0.50
Ysiven: posts big blind $1
*** HOLE CARDS ***
xlexusx77: folds 
MauriFierro27: folds 
socito: folds 
Pon4uk.ua: raises $1.50 to $2.50
b2k-Snick: folds 
Ysiven: raises $10.50 to $13
Pon4uk.ua: folds 
Uncalled bet ($10.50) returned to Ysiven
Ysiven collected $5.50 from pot
Ysiven: doesn't show hand 
*** SUMMARY ***
Total pot $5.50 | Rake $0 
Seat 1: MauriFierro27 folded before Flop (didn't bet)
Seat 2: socito folded before Flop (didn't bet)
Seat 3: Pon4uk.ua (button) folded before Flop
Seat 4: b2k-Snick (small blind) folded before Flop
Seat 5: Ysiven (big blind) collected ($5.50)
Seat 6: xlexusx77 folded before Flop (didn't bet)



PokerStars Hand #254204476065:  Hold'em No Limit ($0.50/$1.00 USD) - 2025/01/05 7:59:10 WET [2025/01/05 2:59:10 ET]
Table 'Tyche' 6-max Seat #4 is the button
Seat 1: MauriFierro27 ($107 in chips) 
Seat 2: socito ($120.65 in chips) 
Seat 3: Pon4uk.ua ($131.31 in chips) 
Seat 4: b2k-Snick ($102.76 in chips) 
Seat 5: Ysiven ($103 in chips) 
Seat 6: xlexusx77 ($48.51 in chips) 
Ysiven: posts small blind $0.50
xlexusx77: posts big blind $1
*** HOLE CARDS ***
MauriFierro27: folds 
socito: folds 
Pon4uk.ua: folds 
b2k-Snick: folds 
Ysiven: raises $2 to $3
xlexusx77: folds 
Uncalled bet ($2) returned to Ysiven
Ysiven collected $2 from pot
Ysiven: doesn't show hand 
*** SUMMARY ***
Total pot $2 | Rake $0 
Seat 1: MauriFierro27 folded before Flop (didn't bet)
Seat 2: socito folded before Flop (didn't bet)
Seat 3: Pon4uk.ua folded before Flop (didn't bet)
Seat 4: b2k-Snick (button) folded before Flop (didn't bet)
Seat 5: Ysiven (small blind) collected ($2)
Seat 6: xlexusx77 (big blind) folded before Flop



PokerStars Hand #254204477414:  Hold'em No Limit ($0.50/$1.00 USD) - 2025/01/05 7:59:28 WET [2025/01/05 2:59:28 ET]
Table 'Tyche' 6-max Seat #5 is the button
Seat 1: MauriFierro27 ($107 in chips) 
Seat 2: socito ($120.65 in chips) 
Seat 3: Pon4uk.ua ($131.31 in chips) 
Seat 4: b2k-Snick ($102.76 in chips) 
Seat 5: Ysiven ($104 in chips) 
Seat 6: xlexusx77 ($47.51 in chips) 
xlexusx77: posts small blind $0.50
MauriFierro27: posts big blind $1
*** HOLE CARDS ***
socito: raises $1.50 to $2.50
Pon4uk.ua: folds 
b2k-Snick: folds 
Ysiven: folds 
xlexusx77: folds 
MauriFierro27: folds 
Uncalled bet ($1.50) returned to socito
socito collected $2.50 from pot
socito: doesn't show hand 
*** SUMMARY ***
Total pot $2.50 | Rake $0 
Seat 1: MauriFierro27 (big blind) folded before Flop
Seat 2: socito collected ($2.50)
Seat 3: Pon4uk.ua folded before Flop (didn't bet)
Seat 4: b2k-Snick folded before Flop (didn't bet)
Seat 5: Ysiven (button) folded before Flop (didn't bet)
Seat 6: xlexusx77 (small blind) folded before Flop



PokerStars Hand #254204479711:  Hold'em No Limit ($0.50/$1.00 USD) - 2025/01/05 7:59:59 WET [2025/01/05 2:59:59 ET]
Table 'Tyche' 6-max Seat #6 is the button
Seat 1: MauriFierro27 ($106 in chips) 
Seat 2: socito ($122.15 in chips) 
Seat 3: Pon4uk.ua ($131.31 in chips) 
Seat 4: b2k-Snick ($102.76 in chips) 
Seat 5: Ysiven ($104 in chips) 
Seat 6: xlexusx77 ($47.01 in chips) 
MauriFierro27: posts small blind $0.50
socito: posts big blind $1
*** HOLE CARDS ***
Pon4uk.ua: folds 
b2k-Snick: raises $1 to $2
Ysiven: raises $4.50 to $6.50
xlexusx77: calls $6.50
MauriFierro27: folds 
socito: folds 
b2k-Snick: folds 
*** FLOP *** [Th 4s 7d]
Ysiven: checks 
xlexusx77: checks 
*** TURN *** [Th 4s 7d] [4c]
Ysiven: checks 
xlexusx77: checks 
*** RIVER *** [Th 4s 7d 4c] [6d]
Ysiven: checks 
xlexusx77: checks 
*** SHOW DOWN ***
Ysiven: shows [Ah Qc] (a pair of Fours)
xlexusx77: mucks hand 
Ysiven collected $15.68 from pot
*** SUMMARY ***
Total pot $16.50 | Rake $0.82 
Board [Th 4s 7d 4c 6d]
Seat 1: MauriFierro27 (small blind) folded before Flop
Seat 2: socito (big blind) folded before Flop
Seat 3: Pon4uk.ua folded before Flop (didn't bet)
Seat 4: b2k-Snick folded before Flop
Seat 5: Ysiven showed [Ah Qc] and won ($15.68) with a pair of Fours
Seat 6: xlexusx77 (button) mucked



PokerStars Hand #254204485228:  Hold'em No Limit ($0.50/$1.00 USD) - 2025/01/05 8:01:08 WET [2025/01/05 3:01:08 ET]
Table 'Tyche' 6-max Seat #1 is the button
Seat 1: MauriFierro27 ($105.50 in chips) 
Seat 2: socito ($121.15 in chips) 
Seat 3: Pon4uk.ua ($131.31 in chips) 
Seat 4: b2k-Snick ($100.76 in chips) 
Seat 5: Ysiven ($113.18 in chips) 
Seat 6: xlexusx77 ($40.51 in chips) 
socito: posts small blind $0.50
Pon4uk.ua: posts big blind $1
*** HOLE CARDS ***
b2k-Snick: folds 
Ysiven: folds 
xlexusx77: calls $1
MauriFierro27: folds 
socito: calls $0.50
Pon4uk.ua: checks 
*** FLOP *** [8d 8c Jd]
socito: checks 
Pon4uk.ua: checks 
xlexusx77: bets $2
socito: folds 
Pon4uk.ua: folds 
Uncalled bet ($2) returned to xlexusx77
xlexusx77 collected $2.81 from pot
*** SUMMARY ***
Total pot $3 | Rake $0.19 
Board [8d 8c Jd]
Seat 1: MauriFierro27 (button) folded before Flop (didn't bet)
Seat 2: socito (small blind) folded on the Flop
Seat 3: Pon4uk.ua (big blind) folded on the Flop
Seat 4: b2k-Snick folded before Flop (didn't bet)
Seat 5: Ysiven folded before Flop (didn't bet)
Seat 6: xlexusx77 collected ($2.81)



PokerStars Hand #254204488989:  Hold'em No Limit ($0.50/$1.00 USD) - 2025/01/05 8:01:54 WET [2025/01/05 3:01:54 ET]
Table 'Tyche' 6-max Seat #2 is the button
Seat 1: MauriFierro27 ($105.50 in chips) 
Seat 2: socito ($120.15 in chips) 
Seat 3: Pon4uk.ua ($130.31 in chips) 
Seat 4: b2k-Snick ($100.76 in chips) 
Seat 5: Ysiven ($113.18 in chips) 
Seat 6: xlexusx77 ($42.32 in chips) 
Pon4uk.ua: posts small blind $0.50
b2k-Snick: posts big blind $1
*** HOLE CARDS ***
Ysiven: folds 
xlexusx77: raises $2 to $3
MauriFierro27: raises $3.50 to $6.50
socito: folds 
Pon4uk.ua: folds 
b2k-Snick: folds 
xlexusx77: calls $3.50
*** FLOP *** [9c Ad 4d]
xlexusx77: checks 
MauriFierro27: bets $3.45
xlexusx77: calls $3.45
*** TURN *** [9c Ad 4d] [Kd]
xlexusx77: checks 
MauriFierro27: checks 
*** RIVER *** [9c Ad 4d Kd] [5d]
xlexusx77: checks 
MauriFierro27: checks 
*** SHOW DOWN ***
xlexusx77: shows [9s 9h] (three of a kind, Nines)
MauriFierro27: mucks hand 
xlexusx77 collected $20.06 from pot
*** SUMMARY ***
Total pot $21.40 | Rake $1.34 
Board [9c Ad 4d Kd 5d]
Seat 1: MauriFierro27 mucked
Seat 2: socito (button) folded before Flop (didn't bet)
Seat 3: Pon4uk.ua (small blind) folded before Flop
Seat 4: b2k-Snick (big blind) folded before Flop
Seat 5: Ysiven folded before Flop (didn't bet)
Seat 6: xlexusx77 showed [9s 9h] and won ($20.06) with three of a kind, Nines



PokerStars Hand #254204494161:  Hold'em No Limit ($0.50/$1.00 USD) - 2025/01/05 8:02:56 WET [2025/01/05 3:02:56 ET]
Table 'Tyche' 6-max Seat #3 is the button
Seat 1: MauriFierro27 ($100 in chips) 
Seat 2: socito ($120.15 in chips) 
Seat 3: Pon4uk.ua ($129.81 in chips) 
Seat 4: b2k-Snick ($100 in chips) 
Seat 5: Ysiven ($113.18 in chips) 
Seat 6: xlexusx77 ($52.43 in chips) 
b2k-Snick: posts small blind $0.50
Ysiven: posts big blind $1
*** HOLE CARDS ***
xlexusx77: raises $1 to $2
MauriFierro27: folds 
socito: folds 
Pon4uk.ua: folds 
b2k-Snick: folds 
Ysiven: calls $1
*** FLOP *** [Tc 4s 7h]
Ysiven: checks 
xlexusx77: bets $4.28
Ysiven: folds 
Uncalled bet ($4.28) returned to xlexusx77
xlexusx77 collected $4.22 from pot
*** SUMMARY ***
Total pot $4.50 | Rake $0.28 
Board [Tc 4s 7h]
Seat 1: MauriFierro27 folded before Flop (didn't bet)
Seat 2: socito folded before Flop (didn't bet)
Seat 3: Pon4uk.ua (button) folded before Flop (didn't bet)
Seat 4: b2k-Snick (small blind) folded before Flop
Seat 5: Ysiven (big blind) folded on the Flop
Seat 6: xlexusx77 collected ($4.22)



PokerStars Hand #254204497096:  Hold'em No Limit ($0.50/$1.00 USD) - 2025/01/05 8:03:31 WET [2025/01/05 3:03:31 ET]
Table 'Tyche' 6-max Seat #4 is the button
Seat 1: MauriFierro27 ($100 in chips) 
Seat 2: socito ($120.15 in chips) 
Seat 3: Pon4uk.ua ($129.81 in chips) 
Seat 4: b2k-Snick ($100 in chips) 
Seat 5: Ysiven ($111.18 in chips) 
Seat 6: xlexusx77 ($54.65 in chips) 
Ysiven: posts small blind $0.50
xlexusx77: posts big blind $1
*** HOLE CARDS ***
MauriFierro27: raises $1.20 to $2.20
socito: folds 
Pon4uk.ua: folds 
b2k-Snick: folds 
Ysiven: folds 
xlexusx77: folds 
Uncalled bet ($1.20) returned to MauriFierro27
MauriFierro27 collected $2.50 from pot
MauriFierro27: doesn't show hand 
*** SUMMARY ***
Total pot $2.50 | Rake $0 
Seat 1: MauriFierro27 collected ($2.50)
Seat 2: socito folded before Flop (didn't bet)
Seat 3: Pon4uk.ua folded before Flop (didn't bet)
Seat 4: b2k-Snick (button) folded before Flop (didn't bet)
Seat 5: Ysiven (small blind) folded before Flop
Seat 6: xlexusx77 (big blind) folded before Flop



PokerStars Hand #254204498208:  Hold'em No Limit ($0.50/$1.00 USD) - 2025/01/05 8:03:45 WET [2025/01/05 3:03:45 ET]
Table 'Tyche' 6-max Seat #5 is the button
Seat 1: MauriFierro27 ($101.50 in chips) 
Seat 2: socito ($120.15 in chips) 
Seat 3: Pon4uk.ua ($129.81 in chips) 
Seat 4: b2k-Snick ($100 in chips) 
Seat 5: Ysiven ($110.68 in chips) 
Seat 6: xlexusx77 ($53.65 in chips) 
xlexusx77: posts small blind $0.50
MauriFierro27: posts big blind $1
*** HOLE CARDS ***
socito: folds 
Pon4uk.ua: folds 
b2k-Snick: folds 
Ysiven: folds 
xlexusx77: folds 
Uncalled bet ($0.50) returned to MauriFierro27
MauriFierro27 collected $1 from pot
MauriFierro27: doesn't show hand 
*** SUMMARY ***
Total pot $1 | Rake $0 
Seat 1: MauriFierro27 (big blind) collected ($1)
Seat 2: socito folded before Flop (didn't bet)
Seat 3: Pon4uk.ua folded before Flop (didn't bet)
Seat 4: b2k-Snick folded before Flop (didn't bet)
Seat 5: Ysiven (button) folded before Flop (didn't bet)
Seat 6: xlexusx77 (small blind) folded before Flop



PokerStars Hand #254204499439:  Hold'em No Limit ($0.50/$1.00 USD) - 2025/01/05 8:04:00 WET [2025/01/05 3:04:00 ET]
Table 'Tyche' 6-max Seat #6 is the button
Seat 1: MauriFierro27 ($102 in chips) 
Seat 2: socito ($120.15 in chips) 
Seat 3: Pon4uk.ua ($129.81 in chips) 
Seat 4: b2k-Snick ($100 in chips) 
Seat 5: Ysiven ($110.68 in chips) 
Seat 6: xlexusx77 ($53.15 in chips) 
MauriFierro27: posts small blind $0.50
socito: posts big blind $1
*** HOLE CARDS ***
Pon4uk.ua: folds 
b2k-Snick: folds 
Ysiven: folds 
xlexusx77: folds 
MauriFierro27: raises $1.50 to $2.50
socito: raises $5 to $7.50
MauriFierro27: folds 
Uncalled bet ($5) returned to socito
socito collected $5 from pot
socito: doesn't show hand 
*** SUMMARY ***
Total pot $5 | Rake $0 
Seat 1: MauriFierro27 (small blind) folded before Flop
Seat 2: socito (big blind) collected ($5)
Seat 3: Pon4uk.ua folded before Flop (didn't bet)
Seat 4: b2k-Snick folded before Flop (didn't bet)
Seat 5: Ysiven folded before Flop (didn't bet)
Seat 6: xlexusx77 (button) folded before Flop (didn't bet)



PokerStars Hand #254204501700:  Hold'em No Limit ($0.50/$1.00 USD) - 2025/01/05 8:04:27 WET [2025/01/05 3:04:27 ET]
Table 'Tyche' 6-max Seat #1 is the button
Seat 1: MauriFierro27 ($100 in chips) 
Seat 2: socito ($122.65 in chips) 
Seat 3: Pon4uk.ua ($129.81 in chips) 
Seat 4: b2k-Snick ($100 in chips) 
Seat 5: Ysiven ($110.68 in chips) 
Seat 6: xlexusx77 ($53.15 in chips) 
socito: posts small blind $0.50
Pon4uk.ua: posts big blind $1
*** HOLE CARDS ***
b2k-Snick: folds 
Ysiven: folds 
xlexusx77: calls $1
MauriFierro27: raises $3.50 to $4.50
socito: folds 
Pon4uk.ua: folds 
xlexusx77: folds 
Uncalled bet ($3.50) returned to MauriFierro27
MauriFierro27 collected $3.50 from pot
MauriFierro27: doesn't show hand 
*** SUMMARY ***
Total pot $3.50 | Rake $0 
Seat 1: MauriFierro27 (button) collected ($3.50)
Seat 2: socito (small blind) folded before Flop
Seat 3: Pon4uk.ua (big blind) folded before Flop
Seat 4: b2k-Snick folded before Flop (didn't bet)
Seat 5: Ysiven folded before Flop (didn't bet)
Seat 6: xlexusx77 folded before Flop



PokerStars Hand #254204503678:  Hold'em No Limit ($0.50/$1.00 USD) - 2025/01/05 8:04:50 WET [2025/01/05 3:04:50 ET]
Table 'Tyche' 6-max Seat #2 is the button
Seat 1: MauriFierro27 ($102.50 in chips) 
Seat 2: socito ($122.15 in chips) 
Seat 3: Pon4uk.ua ($128.81 in chips) 
Seat 4: b2k-Snick ($100 in chips) 
Seat 5: Ysiven ($110.68 in chips) 
Seat 6: xlexusx77 ($52.15 in chips) 
Pon4uk.ua: posts small blind $0.50
b2k-Snick: posts big blind $1
*** HOLE CARDS ***
Ysiven: folds 
xlexusx77: folds 
MauriFierro27: raises $1.20 to $2.20
socito: folds 
Pon4uk.ua: folds 
b2k-Snick: folds 
Uncalled bet ($1.20) returned to MauriFierro27
MauriFierro27 collected $2.50 from pot
MauriFierro27: doesn't show hand 
*** SUMMARY ***
Total pot $2.50 | Rake $0 
Seat 1: MauriFierro27 collected ($2.50)
Seat 2: socito (button) folded before Flop (didn't bet)
Seat 3: Pon4uk.ua (small blind) folded before Flop
Seat 4: b2k-Snick (big blind) folded before Flop
Seat 5: Ysiven folded before Flop (didn't bet)
Seat 6: xlexusx77 folded before Flop (didn't bet)



PokerStars Hand #254204505180:  Hold'em No Limit ($0.50/$1.00 USD) - 2025/01/05 8:05:08 WET [2025/01/05 3:05:08 ET]
Table 'Tyche' 6-max Seat #3 is the button
Seat 1: MauriFierro27 ($104 in chips) 
Seat 2: socito ($122.15 in chips) 
Seat 3: Pon4uk.ua ($128.31 in chips) 
Seat 4: b2k-Snick ($100 in chips) 
Seat 5: Ysiven ($110.68 in chips) 
Seat 6: xlexusx77 ($52.15 in chips) 
b2k-Snick: posts small blind $0.50
Ysiven: posts big blind $1
*** HOLE CARDS ***
xlexusx77: calls $1
MauriFierro27: folds 
socito: folds 
Pon4uk.ua: folds 
b2k-Snick: raises $4 to $5
Ysiven: raises $9.50 to $14.50
xlexusx77: folds 
b2k-Snick: folds 
Uncalled bet ($9.50) returned to Ysiven
Ysiven collected $11 from pot
Ysiven: doesn't show hand 
*** SUMMARY ***
Total pot $11 | Rake $0 
Seat 1: MauriFierro27 folded before Flop (didn't bet)
Seat 2: socito folded before Flop (didn't bet)
Seat 3: Pon4uk.ua (button) folded before Flop (didn't bet)
Seat 4: b2k-Snick (small blind) folded before Flop
Seat 5: Ysiven (big blind) collected ($11)
Seat 6: xlexusx77 folded before Flop



PokerStars Hand #254204508253:  Hold'em No Limit ($0.50/$1.00 USD) - 2025/01/05 8:05:44 WET [2025/01/05 3:05:44 ET]
Table 'Tyche' 6-max Seat #4 is the button
Seat 1: MauriFierro27 ($104 in chips) 
Seat 2: socito ($122.15 in chips) 
Seat 3: Pon4uk.ua ($128.31 in chips) 
Seat 4: b2k-Snick ($100 in chips) 
Seat 5: Ysiven ($116.68 in chips) 
Seat 6: xlexusx77 ($51.15 in chips) 
Ysiven: posts small blind $0.50
xlexusx77: posts big blind $1
*** HOLE CARDS ***
MauriFierro27: folds 
socito: folds 
Pon4uk.ua: raises $1.50 to $2.50
b2k-Snick: folds 
Ysiven: folds 
xlexusx77: calls $1.50
*** FLOP *** [9d Ks 8d]
xlexusx77: checks 
Pon4uk.ua: bets $1.72
xlexusx77: raises $1.72 to $3.44
Pon4uk.ua: folds 
Uncalled bet ($1.72) returned to xlexusx77
xlexusx77 collected $8.38 from pot
*** SUMMARY ***
Total pot $8.94 | Rake $0.56 
Board [9d Ks 8d]
Seat 1: MauriFierro27 folded before Flop (didn't bet)
Seat 2: socito folded before Flop (didn't bet)
Seat 3: Pon4uk.ua folded on the Flop
Seat 4: b2k-Snick (button) folded before Flop (didn't bet)
Seat 5: Ysiven (small blind) folded before Flop
Seat 6: xlexusx77 (big blind) collected ($8.38)



PokerStars Hand #254204515042:  Hold'em No Limit ($0.50/$1.00 USD) - 2025/01/05 8:07:05 WET [2025/01/05 3:07:05 ET]
Table 'Tyche' 6-max Seat #5 is the button
Seat 1: MauriFierro27 ($104 in chips) 
Seat 2: socito ($122.15 in chips) 
Seat 3: Pon4uk.ua ($124.09 in chips) 
Seat 4: b2k-Snick ($100 in chips) 
Seat 5: Ysiven ($116.18 in chips) 
Seat 6: xlexusx77 ($55.31 in chips) 
xlexusx77: posts small blind $0.50
MauriFierro27: posts big blind $1
*** HOLE CARDS ***
socito: folds 
Pon4uk.ua: folds 
b2k-Snick: folds 
Ysiven: raises $1.50 to $2.50
xlexusx77: folds 
MauriFierro27: raises $9 to $11.50
Ysiven: folds 
Uncalled bet ($9) returned to MauriFierro27
MauriFierro27 collected $5.50 from pot
MauriFierro27: doesn't show hand 
*** SUMMARY ***
Total pot $5.50 | Rake $0 
Seat 1: MauriFierro27 (big blind) collected ($5.50)
Seat 2: socito folded before Flop (didn't bet)
Seat 3: Pon4uk.ua folded before Flop (didn't bet)
Seat 4: b2k-Snick folded before Flop (didn't bet)
Seat 5: Ysiven (button) folded before Flop
Seat 6: xlexusx77 (small blind) folded before Flop



PokerStars Hand #254204517154:  Hold'em No Limit ($0.50/$1.00 USD) - 2025/01/05 8:07:32 WET [2025/01/05 3:07:32 ET]
Table 'Tyche' 6-max Seat #6 is the button
Seat 1: MauriFierro27 ($107 in chips) 
Seat 2: socito ($122.15 in chips) 
Seat 3: Pon4uk.ua ($124.09 in chips) 
Seat 4: b2k-Snick ($100 in chips) 
Seat 5: Ysiven ($113.68 in chips) 
Seat 6: xlexusx77 ($54.81 in chips) 
MauriFierro27: posts small blind $0.50
socito: posts big blind $1
*** HOLE CARDS ***
Pon4uk.ua: folds 
b2k-Snick: folds 
Ysiven: folds 
xlexusx77: raises $1 to $2
MauriFierro27: folds 
socito: folds 
Uncalled bet ($1) returned to xlexusx77
xlexusx77 collected $2.50 from pot
*** SUMMARY ***
Total pot $2.50 | Rake $0 
Seat 1: MauriFierro27 (small blind) folded before Flop
Seat 2: socito (big blind) folded before Flop
Seat 3: Pon4uk.ua folded before Flop (didn't bet)
Seat 4: b2k-Snick folded before Flop (didn't bet)
Seat 5: Ysiven folded before Flop (didn't bet)
Seat 6: xlexusx77 (button) collected ($2.50)



PokerStars Hand #254204755692:  Hold'em No Limit ($0.50/$1.00 USD) - 2025/01/05 8:51:34 WET [2025/01/05 3:51:34 ET]
Table 'Tyche' 6-max Seat #5 is the button
Seat 1: KeR888 ($122 in chips) 
Seat 2: fobot21 ($112.35 in chips) 
Seat 3: MauriFierro27 ($100 in chips) 
Seat 4: value_ftw ($140.47 in chips) 
Seat 5: filip883 ($155.07 in chips) 
Seat 6: Punzzzer ($106.09 in chips) 
Punzzzer: posts small blind $0.50
KeR888: posts big blind $1
*** HOLE CARDS ***
fobot21: folds 
MauriFierro27: folds 
value_ftw: folds 
filip883: folds 
Punzzzer: raises $2 to $3
KeR888: folds 
Uncalled bet ($2) returned to Punzzzer
Punzzzer collected $2 from pot
Punzzzer: doesn't show hand 
*** SUMMARY ***
Total pot $2 | Rake $0 
Seat 1: KeR888 (big blind) folded before Flop
Seat 2: fobot21 folded before Flop (didn't bet)
Seat 3: MauriFierro27 folded before Flop (didn't bet)
Seat 4: value_ftw folded before Flop (didn't bet)
Seat 5: filip883 (button) folded before Flop (didn't bet)
Seat 6: Punzzzer (small blind) collected ($2)



PokerStars Hand #254204756782:  Hold'em No Limit ($0.50/$1.00 USD) - 2025/01/05 8:51:46 WET [2025/01/05 3:51:46 ET]
Table 'Tyche' 6-max Seat #6 is the button
Seat 1: KeR888 ($121 in chips) 
Seat 2: fobot21 ($112.35 in chips) 
Seat 3: MauriFierro27 ($100 in chips) 
Seat 4: value_ftw ($140.47 in chips) 
Seat 5: filip883 ($155.07 in chips) 
Seat 6: Punzzzer ($107.09 in chips) 
KeR888: posts small blind $0.50
fobot21: posts big blind $1
*** HOLE CARDS ***
MauriFierro27: folds 
value_ftw: folds 
filip883: folds 
Punzzzer: raises $1.20 to $2.20
KeR888: folds 
fobot21: calls $1.20
*** FLOP *** [As 3s Tc]
fobot21: checks 
Punzzzer: bets $1.54
fobot21: folds 
Uncalled bet ($1.54) returned to Punzzzer
Punzzzer collected $4.66 from pot
Punzzzer: doesn't show hand 
*** SUMMARY ***
Total pot $4.90 | Rake $0.24 
Board [As 3s Tc]
Seat 1: KeR888 (small blind) folded before Flop
Seat 2: fobot21 (big blind) folded on the Flop
Seat 3: MauriFierro27 folded before Flop (didn't bet)
Seat 4: value_ftw folded before Flop (didn't bet)
Seat 5: filip883 folded before Flop (didn't bet)
Seat 6: Punzzzer (button) collected ($4.66)



PokerStars Hand #254204759048:  Hold'em No Limit ($0.50/$1.00 USD) - 2025/01/05 8:52:10 WET [2025/01/05 3:52:10 ET]
Table 'Tyche' 6-max Seat #1 is the button
Seat 1: KeR888 ($120.50 in chips) 
Seat 2: fobot21 ($110.15 in chips) 
Seat 3: MauriFierro27 ($100 in chips) 
Seat 4: value_ftw ($140.47 in chips) 
Seat 5: filip883 ($155.07 in chips) 
Seat 6: Punzzzer ($109.55 in chips) 
fobot21: posts small blind $0.50
MauriFierro27: posts big blind $1
*** HOLE CARDS ***
value_ftw: folds 
filip883: folds 
Punzzzer: raises $1.20 to $2.20
KeR888: folds 
fobot21: folds 
MauriFierro27: folds 
Uncalled bet ($1.20) returned to Punzzzer
Punzzzer collected $2.50 from pot
Punzzzer: doesn't show hand 
*** SUMMARY ***
Total pot $2.50 | Rake $0 
Seat 1: KeR888 (button) folded before Flop (didn't bet)
Seat 2: fobot21 (small blind) folded before Flop
Seat 3: MauriFierro27 (big blind) folded before Flop
Seat 4: value_ftw folded before Flop (didn't bet)
Seat 5: filip883 folded before Flop (didn't bet)
Seat 6: Punzzzer collected ($2.50)



PokerStars Hand #254204760724:  Hold'em No Limit ($0.50/$1.00 USD) - 2025/01/05 8:52:27 WET [2025/01/05 3:52:27 ET]
Table 'Tyche' 6-max Seat #2 is the button
Seat 1: KeR888 ($120.50 in chips) 
Seat 2: fobot21 ($109.65 in chips) 
Seat 3: MauriFierro27 ($100 in chips) 
Seat 4: value_ftw ($140.47 in chips) 
Seat 5: filip883 ($155.07 in chips) 
Seat 6: Punzzzer ($111.05 in chips) 
MauriFierro27: posts small blind $0.50
value_ftw: posts big blind $1
*** HOLE CARDS ***
filip883: folds 
Punzzzer: folds 
KeR888: raises $1.50 to $2.50
fobot21: folds 
MauriFierro27: folds 
value_ftw: folds 
Uncalled bet ($1.50) returned to KeR888
KeR888 collected $2.50 from pot
KeR888: doesn't show hand 
*** SUMMARY ***
Total pot $2.50 | Rake $0 
Seat 1: KeR888 collected ($2.50)
Seat 2: fobot21 (button) folded before Flop (didn't bet)
Seat 3: MauriFierro27 (small blind) folded before Flop
Seat 4: value_ftw (big blind) folded before Flop
Seat 5: filip883 folded before Flop (didn't bet)
Seat 6: Punzzzer folded before Flop (didn't bet)



PokerStars Hand #254204762966:  Hold'em No Limit ($0.50/$1.00 USD) - 2025/01/05 8:52:51 WET [2025/01/05 3:52:51 ET]
Table 'Tyche' 6-max Seat #3 is the button
Seat 1: KeR888 ($122 in chips) 
Seat 2: fobot21 ($109.65 in chips) 
Seat 3: MauriFierro27 ($100 in chips) 
Seat 4: value_ftw ($139.47 in chips) 
Seat 5: filip883 ($155.07 in chips) 
Seat 6: Punzzzer ($111.05 in chips) 
value_ftw: posts small blind $0.50
filip883: posts big blind $1
*** HOLE CARDS ***
Punzzzer: raises $1.20 to $2.20
KeR888: folds 
fobot21: folds 
MauriFierro27: folds 
value_ftw: folds 
filip883: calls $1.20
*** FLOP *** [Ac 6h Qh]
filip883: checks 
Punzzzer: checks 
*** TURN *** [Ac 6h Qh] [Ks]
filip883: checks 
Punzzzer: checks 
*** RIVER *** [Ac 6h Qh Ks] [8s]
filip883: bets $2.33
Punzzzer: raises $6.17 to $8.50
filip883: calls $6.17
*** SHOW DOWN ***
Punzzzer: shows [Qc 8c] (two pair, Queens and Eights)
filip883: mucks hand 
Punzzzer collected $20.80 from pot
*** SUMMARY ***
Total pot $21.90 | Rake $1.10 
Board [Ac 6h Qh Ks 8s]
Seat 1: KeR888 folded before Flop (didn't bet)
Seat 2: fobot21 folded before Flop (didn't bet)
Seat 3: MauriFierro27 (button) folded before Flop (didn't bet)
Seat 4: value_ftw (small blind) folded before Flop
Seat 5: filip883 (big blind) mucked
Seat 6: Punzzzer showed [Qc 8c] and won ($20.80) with two pair, Queens and Eights



PokerStars Hand #254204766558:  Hold'em No Limit ($0.50/$1.00 USD) - 2025/01/05 8:53:28 WET [2025/01/05 3:53:28 ET]
Table 'Tyche' 6-max Seat #4 is the button
Seat 1: KeR888 ($122 in chips) 
Seat 2: fobot21 ($109.65 in chips) 
Seat 3: MauriFierro27 ($100 in chips) 
Seat 4: value_ftw ($138.97 in chips) 
Seat 5: filip883 ($144.37 in chips) 
Seat 6: Punzzzer ($121.15 in chips) 
filip883: posts small blind $0.50
Punzzzer: posts big blind $1
*** HOLE CARDS ***
KeR888: folds 
fobot21: folds 
MauriFierro27: folds 
value_ftw: folds 
filip883: folds 
Uncalled bet ($0.50) returned to Punzzzer
Punzzzer collected $1 from pot
Punzzzer: doesn't show hand 
*** SUMMARY ***
Total pot $1 | Rake $0 
Seat 1: KeR888 folded before Flop (didn't bet)
Seat 2: fobot21 folded before Flop (didn't bet)
Seat 3: MauriFierro27 folded before Flop (didn't bet)
Seat 4: value_ftw (button) folded before Flop (didn't bet)
Seat 5: filip883 (small blind) folded before Flop
Seat 6: Punzzzer (big blind) collected ($1)



PokerStars Hand #254204767654:  Hold'em No Limit ($0.50/$1.00 USD) - 2025/01/05 8:53:40 WET [2025/01/05 3:53:40 ET]
Table 'Tyche' 6-max Seat #5 is the button
Seat 1: KeR888 ($122 in chips) 
Seat 2: fobot21 ($109.65 in chips) 
Seat 3: MauriFierro27 ($100 in chips) 
Seat 4: value_ftw ($138.97 in chips) 
Seat 5: filip883 ($143.87 in chips) 
Seat 6: Punzzzer ($121.65 in chips) 
Punzzzer: posts small blind $0.50
KeR888: posts big blind $1
*** HOLE CARDS ***
fobot21: folds 
MauriFierro27: folds 
value_ftw: folds 
filip883: raises $2 to $3
Punzzzer: raises $8.50 to $11.50
KeR888: folds 
filip883: calls $8.50
*** FLOP *** [Th 5h 5c]
Punzzzer: bets $17.10
filip883: folds 
Uncalled bet ($17.10) returned to Punzzzer
Punzzzer collected $22.80 from pot
Punzzzer: doesn't show hand 
*** SUMMARY ***
Total pot $24 | Rake $1.20 
Board [Th 5h 5c]
Seat 1: KeR888 (big blind) folded before Flop
Seat 2: fobot21 folded before Flop (didn't bet)
Seat 3: MauriFierro27 folded before Flop (didn't bet)
Seat 4: value_ftw folded before Flop (didn't bet)
Seat 5: filip883 (button) folded on the Flop
Seat 6: Punzzzer (small blind) collected ($22.80)



PokerStars Hand #254204770124:  Hold'em No Limit ($0.50/$1.00 USD) - 2025/01/05 8:54:05 WET [2025/01/05 3:54:05 ET]
Table 'Tyche' 6-max Seat #6 is the button
Seat 1: KeR888 ($121 in chips) 
Seat 2: fobot21 ($109.65 in chips) 
Seat 3: MauriFierro27 ($100 in chips) 
Seat 4: value_ftw ($138.97 in chips) 
Seat 5: filip883 ($132.37 in chips) 
Seat 6: Punzzzer ($132.95 in chips) 
KeR888: posts small blind $0.50
fobot21: posts big blind $1
*** HOLE CARDS ***
MauriFierro27: folds 
value_ftw: raises $1.20 to $2.20
filip883: folds 
filip883 leaves the table
Punzzzer: folds 
KeR888: folds 
fobot21: folds 
Uncalled bet ($1.20) returned to value_ftw
value_ftw collected $2.50 from pot
value_ftw: doesn't show hand 
*** SUMMARY ***
Total pot $2.50 | Rake $0 
Seat 1: KeR888 (small blind) folded before Flop
Seat 2: fobot21 (big blind) folded before Flop
Seat 3: MauriFierro27 folded before Flop (didn't bet)
Seat 4: value_ftw collected ($2.50)
Seat 5: filip883 folded before Flop (didn't bet)
Seat 6: Punzzzer (button) folded before Flop (didn't bet)



PokerStars Hand #254204771520:  Hold'em No Limit ($0.50/$1.00 USD) - 2025/01/05 8:54:19 WET [2025/01/05 3:54:19 ET]
Table 'Tyche' 6-max Seat #2 is the button
Seat 3: MauriFierro27 ($100 in chips) is sitting out
Seat 4: value_ftw ($140.47 in chips) is sitting out
Seat 6: Punzzzer ($132.95 in chips) is sitting out
Seat 1: KeR888 ($120.50 in chips) 
Seat 2: fobot21 ($108.65 in chips) 
fobot21: posts small blind $0.50
MauriFierro27: is sitting out 
value_ftw: is sitting out 
Punzzzer: is sitting out 
KeR888: posts big blind $1
*** HOLE CARDS ***
G.HANSEN333 joins the table at seat #5 
MauriFierro27 leaves the table
Punzzzer leaves the table
value_ftw leaves the table
fobot21: folds 
Uncalled bet ($0.50) returned to KeR888
KeR888 collected $1 from pot
KeR888: doesn't show hand 
*** SUMMARY ***
Total pot $1 | Rake $0 
Seat 3: MauriFierro27
Seat 4: value_ftw
Seat 6: Punzzzer
Seat 1: KeR888 (big blind) collected ($1)
Seat 2: fobot21 (button) (small blind) folded before Flop



PokerStars Hand #254204772380:  Hold'em No Limit ($0.50/$1.00 USD) - 2025/01/05 8:54:28 WET [2025/01/05 3:54:28 ET]
Table 'Tyche' 6-max Seat #2 is the button
Seat 1: KeR888 ($121 in chips) is sitting out
Seat 2: fobot21 ($108.15 in chips) 
Seat 5: G.HANSEN333 ($100 in chips) 
fobot21: posts small blind $0.50
G.HANSEN333: posts big blind $1
*** HOLE CARDS ***
KeR888 leaves the table
fobot21: folds 
Uncalled bet ($0.50) returned to G.HANSEN333
G.HANSEN333 collected $1 from pot
G.HANSEN333: doesn't show hand 
*** SUMMARY ***
Total pot $1 | Rake $0 
Seat 1: KeR888
Seat 2: fobot21 (button) (small blind) folded before Flop
Seat 5: G.HANSEN333 (big blind) collected ($1)



