PokerStars Hand #254212344000:  Hold'em No Limit ($0.50/$1.00 USD) - 2025/01/05 18:32:30 WET [2025/01/05 13:32:30 ET]
Table 'Oongaq II' 6-max Seat #1 is the button
Seat 1: Manifestorr ($100 in chips) 
Seat 4: filip883 ($93.88 in chips) 
Manifestorr: posts small blind $0.50
filip883: posts big blind $1
*** HOLE CARDS ***
Manifestorr: raises $1 to $2
filip883: calls $1
*** FLOP *** [9s Qd 9c]
filip883: checks 
MauriFierro27 joins the table at seat #5 
Manifestorr: bets $1.25
filip883: folds 
Uncalled bet ($1.25) returned to Manifestorr
Manifestorr collected $3.80 from pot
AlexPinsk1 joins the table at seat #6 
*** SUMMARY ***
Total pot $4 | Rake $0.20 
Board [9s Qd 9c]
Seat 1: Manifestorr (button) (small blind) collected ($3.80)
Seat 4: filip883 (big blind) folded on the Flop



PokerStars Hand #254212355085:  Hold'em No Limit ($0.50/$1.00 USD) - 2025/01/05 18:32:58 WET [2025/01/05 13:32:58 ET]
Table 'Oongaq II' 6-max Seat #1 is the button
Seat 6: AlexPinsk1 ($100 in chips) is sitting out
Seat 1: Manifestorr ($101.80 in chips) 
Seat 4: filip883 ($91.88 in chips) 
Seat 5: MauriFierro27 ($100 in chips) 
filip883: posts small blind $0.50
MauriFierro27: posts big blind $1
AlexPinsk1: sits out 
*** HOLE CARDS ***
Manifestorr: raises $1.20 to $2.20
filip883: raises $5.40 to $7.60
MauriFierro27: folds 
Manifestorr: calls $5.40
*** FLOP *** [Ac 3c Jh]
filip883: bets $8.70
Supermegopro joins the table at seat #2 
DL1B joins the table at seat #3 
Manifestorr: folds 
Uncalled bet ($8.70) returned to filip883
filip883 collected $15.39 from pot
*** SUMMARY ***
Total pot $16.20 | Rake $0.81 
Board [Ac 3c Jh]
Seat 6: AlexPinsk1
Seat 1: Manifestorr (button) folded on the Flop
Seat 4: filip883 (small blind) collected ($15.39)
Seat 5: MauriFierro27 (big blind) folded before Flop



PokerStars Hand #254212365339:  Hold'em No Limit ($0.50/$1.00 USD) - 2025/01/05 18:33:25 WET [2025/01/05 13:33:25 ET]
Table 'Oongaq II' 6-max Seat #4 is the button
Seat 2: Supermegopro ($100 in chips) is sitting out
Seat 3: DL1B ($100 in chips) is sitting out
Seat 1: Manifestorr ($100 in chips) 
Seat 4: filip883 ($99.67 in chips) 
Seat 5: MauriFierro27 ($100 in chips) 
Seat 6: AlexPinsk1 ($100 in chips) 
MauriFierro27: posts small blind $0.50
AlexPinsk1: posts big blind $1
Supermegopro: sits out 
DL1B: sits out 
*** HOLE CARDS ***
Manifestorr: raises $1.20 to $2.20
filip883: calls $2.20
MauriFierro27: folds 
AlexPinsk1: raises $12.30 to $14.50
Manifestorr: folds 
filip883: folds 
Uncalled bet ($12.30) returned to AlexPinsk1
AlexPinsk1 collected $7.10 from pot
AlexPinsk1: doesn't show hand 
*** SUMMARY ***
Total pot $7.10 | Rake $0 
Seat 2: Supermegopro
Seat 3: DL1B
Seat 1: Manifestorr folded before Flop
Seat 4: filip883 (button) folded before Flop
Seat 5: MauriFierro27 (small blind) folded before Flop
Seat 6: AlexPinsk1 (big blind) collected ($7.10)



PokerStars Hand #254212374678:  Hold'em No Limit ($0.50/$1.00 USD) - 2025/01/05 18:33:49 WET [2025/01/05 13:33:49 ET]
Table 'Oongaq II' 6-max Seat #5 is the button
Seat 1: Manifestorr ($100 in chips) is sitting out
Seat 3: DL1B ($100 in chips) is sitting out
Seat 2: Supermegopro ($100 in chips) 
Seat 4: filip883 ($97.47 in chips) 
Seat 5: MauriFierro27 ($100 in chips) 
Seat 6: AlexPinsk1 ($104.90 in chips) 
AlexPinsk1: posts small blind $0.50
Manifestorr: is sitting out 
Supermegopro: posts big blind $1
DL1B: sits out 
*** HOLE CARDS ***
filip883: folds 
Manifestorr leaves the table
MauriFierro27: raises $1.20 to $2.20
AlexPinsk1: folds 
Supermegopro: calls $1.20
*** FLOP *** [2c 9c 9d]
Supermegopro: checks 
MauriFierro27: bets $1.54
Supermegopro: raises $5.46 to $7
MauriFierro27: calls $5.46
*** TURN *** [2c 9c 9d] [5h]
Supermegopro: bets $11.97
MauriFierro27: calls $11.97
*** RIVER *** [2c 9c 9d 5h] [3d]
Supermegopro: bets $35.56
MauriFierro27: calls $35.56
*** SHOW DOWN ***
Supermegopro: shows [Kh 9h] (three of a kind, Nines)
MauriFierro27: mucks hand 
Supermegopro collected $112.96 from pot
*** SUMMARY ***
Total pot $113.96 | Rake $1 
Board [2c 9c 9d 5h 3d]
Seat 1: Manifestorr
Seat 3: DL1B
Seat 2: Supermegopro (big blind) showed [Kh 9h] and won ($112.96) with three of a kind, Nines
Seat 4: filip883 folded before Flop (didn't bet)
Seat 5: MauriFierro27 (button) mucked
Seat 6: AlexPinsk1 (small blind) folded before Flop



PokerStars Hand #254212396382:  Hold'em No Limit ($0.50/$1.00 USD) - 2025/01/05 18:34:45 WET [2025/01/05 13:34:45 ET]
Table 'Oongaq II' 6-max Seat #6 is the button
Seat 2: Supermegopro ($156.23 in chips) 
Seat 3: DL1B ($100 in chips) 
Seat 4: filip883 ($97.47 in chips) 
Seat 5: MauriFierro27 ($100 in chips) 
Seat 6: AlexPinsk1 ($104.40 in chips) 
Supermegopro: posts small blind $0.50
DL1B: posts big blind $1
*** HOLE CARDS ***
filip883: folds 
MauriFierro27: folds 
AlexPinsk1: folds 
Supermegopro: folds 
Uncalled bet ($0.50) returned to DL1B
DL1B collected $1 from pot
DL1B: doesn't show hand 
*** SUMMARY ***
Total pot $1 | Rake $0 
Seat 2: Supermegopro (small blind) folded before Flop
Seat 3: DL1B (big blind) collected ($1)
Seat 4: filip883 folded before Flop (didn't bet)
Seat 5: MauriFierro27 folded before Flop (didn't bet)
Seat 6: AlexPinsk1 (button) folded before Flop (didn't bet)



PokerStars Hand #254212400993:  Hold'em No Limit ($0.50/$1.00 USD) - 2025/01/05 18:34:56 WET [2025/01/05 13:34:56 ET]
Table 'Oongaq II' 6-max Seat #2 is the button
Seat 2: Supermegopro ($155.73 in chips) 
Seat 3: DL1B ($100.50 in chips) 
Seat 4: filip883 ($97.47 in chips) 
Seat 5: MauriFierro27 ($100 in chips) 
Seat 6: AlexPinsk1 ($104.40 in chips) 
DL1B: posts small blind $0.50
filip883: posts big blind $1
*** HOLE CARDS ***
MauriFierro27: folds 
AlexPinsk1: folds 
Supermegopro: folds 
DL1B: folds 
Uncalled bet ($0.50) returned to filip883
filip883 collected $1 from pot
*** SUMMARY ***
Total pot $1 | Rake $0 
Seat 2: Supermegopro (button) folded before Flop (didn't bet)
Seat 3: DL1B (small blind) folded before Flop
Seat 4: filip883 (big blind) collected ($1)
Seat 5: MauriFierro27 folded before Flop (didn't bet)
Seat 6: AlexPinsk1 folded before Flop (didn't bet)



PokerStars Hand #254212405529:  Hold'em No Limit ($0.50/$1.00 USD) - 2025/01/05 18:35:08 WET [2025/01/05 13:35:08 ET]
Table 'Oongaq II' 6-max Seat #3 is the button
Seat 2: Supermegopro ($155.73 in chips) 
Seat 3: DL1B ($100 in chips) 
Seat 4: filip883 ($97.97 in chips) 
Seat 5: MauriFierro27 ($100 in chips) 
Seat 6: AlexPinsk1 ($104.40 in chips) 
filip883: posts small blind $0.50
MauriFierro27: posts big blind $1
*** HOLE CARDS ***
AlexPinsk1: folds 
Supermegopro: folds 
DL1B: folds 
filip883: raises $2 to $3
joocs joins the table at seat #1 
MauriFierro27: raises $6 to $9
filip883: raises $16 to $25
MauriFierro27: calls $16
*** FLOP *** [Ts 6c 8h]
filip883: bets $14
MauriFierro27: calls $14
*** TURN *** [Ts 6c 8h] [Ac]
filip883: checks 
MauriFierro27: bets $61 and is all-in
filip883: folds 
Uncalled bet ($61) returned to MauriFierro27
MauriFierro27 collected $75.50 from pot
MauriFierro27: doesn't show hand 
*** SUMMARY ***
Total pot $78 | Rake $2.50 
Board [Ts 6c 8h Ac]
Seat 2: Supermegopro folded before Flop (didn't bet)
Seat 3: DL1B (button) folded before Flop (didn't bet)
Seat 4: filip883 (small blind) folded on the Turn
Seat 5: MauriFierro27 (big blind) collected ($75.50)
Seat 6: AlexPinsk1 folded before Flop (didn't bet)



PokerStars Hand #254212434382:  Hold'em No Limit ($0.50/$1.00 USD) - 2025/01/05 18:36:22 WET [2025/01/05 13:36:22 ET]
Table 'Oongaq II' 6-max Seat #4 is the button
Seat 1: joocs ($100 in chips) is sitting out
Seat 2: Supermegopro ($155.73 in chips) 
Seat 3: DL1B ($100 in chips) 
Seat 4: filip883 ($58.97 in chips) 
Seat 5: MauriFierro27 ($136.50 in chips) 
Seat 6: AlexPinsk1 ($104.40 in chips) 
MauriFierro27: posts small blind $0.50
AlexPinsk1: posts big blind $1
joocs: sits out 
*** HOLE CARDS ***
Supermegopro: raises $1.50 to $2.50
DL1B: folds 
filip883: calls $2.50
MauriFierro27: folds 
AlexPinsk1: calls $1.50
*** FLOP *** [3h 4s 9h]
AlexPinsk1: checks 
Supermegopro: bets $5.07
filip883: raises $6.07 to $11.14
AlexPinsk1: raises $14.36 to $25.50
Supermegopro: folds 
filip883: raises $30.97 to $56.47 and is all-in
AlexPinsk1: calls $30.97
*** TURN *** [3h 4s 9h] [Jd]
*** RIVER *** [3h 4s 9h Jd] [8s]
*** SHOW DOWN ***
AlexPinsk1: shows [Qh Kh] (high card King)
filip883: shows [Ks Kc] (a pair of Kings)
filip883 collected $123.51 from pot
*** SUMMARY ***
Total pot $126.01 | Rake $2.50 
Board [3h 4s 9h Jd 8s]
Seat 1: joocs
Seat 2: Supermegopro folded on the Flop
Seat 3: DL1B folded before Flop (didn't bet)
Seat 4: filip883 (button) showed [Ks Kc] and won ($123.51) with a pair of Kings
Seat 5: MauriFierro27 (small blind) folded before Flop
Seat 6: AlexPinsk1 (big blind) showed [Qh Kh] and lost with high card King



PokerStars Hand #254212458865:  Hold'em No Limit ($0.50/$1.00 USD) - 2025/01/05 18:37:24 WET [2025/01/05 13:37:24 ET]
Table 'Oongaq II' 6-max Seat #5 is the button
Seat 1: joocs ($100 in chips) 
Seat 2: Supermegopro ($148.16 in chips) 
Seat 3: DL1B ($100 in chips) 
Seat 4: filip883 ($123.51 in chips) 
Seat 5: MauriFierro27 ($136 in chips) 
Seat 6: AlexPinsk1 ($100 in chips) 
AlexPinsk1: posts small blind $0.50
joocs: posts big blind $1
*** HOLE CARDS ***
Supermegopro: folds 
DL1B: raises $2 to $3
filip883: folds 
MauriFierro27: folds 
AlexPinsk1: raises $9.50 to $12.50
joocs: folds 
DL1B: calls $9.50
*** FLOP *** [9c 9h 5d]
AlexPinsk1: bets $12.35
DL1B: folds 
Uncalled bet ($12.35) returned to AlexPinsk1
AlexPinsk1 collected $24.70 from pot
AlexPinsk1: doesn't show hand 
*** SUMMARY ***
Total pot $26 | Rake $1.30 
Board [9c 9h 5d]
Seat 1: joocs (big blind) folded before Flop
Seat 2: Supermegopro folded before Flop (didn't bet)
Seat 3: DL1B folded on the Flop
Seat 4: filip883 folded before Flop (didn't bet)
Seat 5: MauriFierro27 (button) folded before Flop (didn't bet)
Seat 6: AlexPinsk1 (small blind) collected ($24.70)



PokerStars Hand #254212477859:  Hold'em No Limit ($0.50/$1.00 USD) - 2025/01/05 18:38:12 WET [2025/01/05 13:38:12 ET]
Table 'Oongaq II' 6-max Seat #6 is the button
Seat 1: joocs ($100 in chips) 
Seat 2: Supermegopro ($148.16 in chips) 
Seat 3: DL1B ($100 in chips) 
Seat 4: filip883 ($123.51 in chips) 
Seat 5: MauriFierro27 ($136 in chips) 
Seat 6: AlexPinsk1 ($112.20 in chips) 
joocs: posts small blind $0.50
Supermegopro: posts big blind $1
*** HOLE CARDS ***
DL1B: folds 
filip883: folds 
MauriFierro27: folds 
AlexPinsk1: folds 
joocs: raises $2 to $3
Supermegopro: folds 
Uncalled bet ($2) returned to joocs
joocs collected $2 from pot
joocs: doesn't show hand 
*** SUMMARY ***
Total pot $2 | Rake $0 
Seat 1: joocs (small blind) collected ($2)
Seat 2: Supermegopro (big blind) folded before Flop
Seat 3: DL1B folded before Flop (didn't bet)
Seat 4: filip883 folded before Flop (didn't bet)
Seat 5: MauriFierro27 folded before Flop (didn't bet)
Seat 6: AlexPinsk1 (button) folded before Flop (didn't bet)



PokerStars Hand #254212487087:  Hold'em No Limit ($0.50/$1.00 USD) - 2025/01/05 18:38:35 WET [2025/01/05 13:38:35 ET]
Table 'Oongaq II' 6-max Seat #1 is the button
Seat 1: joocs ($101 in chips) 
Seat 2: Supermegopro ($147.16 in chips) 
Seat 3: DL1B ($100 in chips) 
Seat 4: filip883 ($123.51 in chips) 
Seat 5: MauriFierro27 ($136 in chips) 
Seat 6: AlexPinsk1 ($112.20 in chips) 
Supermegopro: posts small blind $0.50
DL1B: posts big blind $1
*** HOLE CARDS ***
filip883: folds 
MauriFierro27: folds 
AlexPinsk1: folds 
joocs: folds 
Supermegopro: raises $2 to $3
DL1B: raises $6.50 to $9.50
Supermegopro: raises $137.66 to $147.16 and is all-in
DL1B: folds 
Uncalled bet ($137.66) returned to Supermegopro
Supermegopro collected $19 from pot
Supermegopro: doesn't show hand 
*** SUMMARY ***
Total pot $19 | Rake $0 
Seat 1: joocs (button) folded before Flop (didn't bet)
Seat 2: Supermegopro (small blind) collected ($19)
Seat 3: DL1B (big blind) folded before Flop
Seat 4: filip883 folded before Flop (didn't bet)
Seat 5: MauriFierro27 folded before Flop (didn't bet)
Seat 6: AlexPinsk1 folded before Flop (didn't bet)



PokerStars Hand #254212497662:  Hold'em No Limit ($0.50/$1.00 USD) - 2025/01/05 18:39:02 WET [2025/01/05 13:39:02 ET]
Table 'Oongaq II' 6-max Seat #2 is the button
Seat 1: joocs ($101 in chips) 
Seat 2: Supermegopro ($156.66 in chips) 
Seat 3: DL1B ($100 in chips) 
Seat 4: filip883 ($123.51 in chips) 
Seat 5: MauriFierro27 ($136 in chips) 
Seat 6: AlexPinsk1 ($112.20 in chips) 
DL1B: posts small blind $0.50
filip883: posts big blind $1
*** HOLE CARDS ***
MauriFierro27: raises $1.20 to $2.20
AlexPinsk1: folds 
joocs: raises $5.90 to $8.10
Supermegopro: folds 
DL1B: folds 
filip883: folds 
MauriFierro27: folds 
Uncalled bet ($5.90) returned to joocs
joocs collected $5.90 from pot
joocs: doesn't show hand 
*** SUMMARY ***
Total pot $5.90 | Rake $0 
Seat 1: joocs collected ($5.90)
Seat 2: Supermegopro (button) folded before Flop (didn't bet)
Seat 3: DL1B (small blind) folded before Flop
Seat 4: filip883 (big blind) folded before Flop
Seat 5: MauriFierro27 folded before Flop
Seat 6: AlexPinsk1 folded before Flop (didn't bet)



PokerStars Hand #254212509018:  Hold'em No Limit ($0.50/$1.00 USD) - 2025/01/05 18:39:30 WET [2025/01/05 13:39:30 ET]
Table 'Oongaq II' 6-max Seat #3 is the button
Seat 1: joocs ($104.70 in chips) 
Seat 2: Supermegopro ($156.66 in chips) 
Seat 3: DL1B ($100 in chips) 
Seat 4: filip883 ($122.51 in chips) 
Seat 5: MauriFierro27 ($133.80 in chips) 
Seat 6: AlexPinsk1 ($112.20 in chips) 
filip883: posts small blind $0.50
MauriFierro27: posts big blind $1
*** HOLE CARDS ***
AlexPinsk1: folds 
joocs: folds 
Supermegopro: folds 
DL1B: folds 
filip883: raises $2 to $3
MauriFierro27: folds 
Uncalled bet ($2) returned to filip883
filip883 collected $2 from pot
*** SUMMARY ***
Total pot $2 | Rake $0 
Seat 1: joocs folded before Flop (didn't bet)
Seat 2: Supermegopro folded before Flop (didn't bet)
Seat 3: DL1B (button) folded before Flop (didn't bet)
Seat 4: filip883 (small blind) collected ($2)
Seat 5: MauriFierro27 (big blind) folded before Flop
Seat 6: AlexPinsk1 folded before Flop (didn't bet)



PokerStars Hand #254212517705:  Hold'em No Limit ($0.50/$1.00 USD) - 2025/01/05 18:39:52 WET [2025/01/05 13:39:52 ET]
Table 'Oongaq II' 6-max Seat #4 is the button
Seat 1: joocs ($104.70 in chips) 
Seat 2: Supermegopro ($156.66 in chips) 
Seat 3: DL1B ($100 in chips) 
Seat 4: filip883 ($123.51 in chips) 
Seat 5: MauriFierro27 ($132.80 in chips) 
Seat 6: AlexPinsk1 ($112.20 in chips) 
MauriFierro27: posts small blind $0.50
AlexPinsk1: posts big blind $1
*** HOLE CARDS ***
joocs: folds 
Supermegopro: folds 
DL1B: folds 
filip883: folds 
MauriFierro27: raises $1.50 to $2.50
AlexPinsk1: calls $1.50
*** FLOP *** [Tc Ks Ah]
MauriFierro27: bets $1.57
AlexPinsk1: calls $1.57
*** TURN *** [Tc Ks Ah] [Jh]
MauriFierro27: bets $5.80
AlexPinsk1: calls $5.80
*** RIVER *** [Tc Ks Ah Jh] [9c]
MauriFierro27: checks 
AlexPinsk1: checks 
*** SHOW DOWN ***
MauriFierro27: shows [Th 6h] (a pair of Tens)
AlexPinsk1: shows [Kd Js] (two pair, Kings and Jacks)
AlexPinsk1 collected $18.75 from pot
*** SUMMARY ***
Total pot $19.74 | Rake $0.99 
Board [Tc Ks Ah Jh 9c]
Seat 1: joocs folded before Flop (didn't bet)
Seat 2: Supermegopro folded before Flop (didn't bet)
Seat 3: DL1B folded before Flop (didn't bet)
Seat 4: filip883 (button) folded before Flop (didn't bet)
Seat 5: MauriFierro27 (small blind) showed [Th 6h] and lost with a pair of Tens
Seat 6: AlexPinsk1 (big blind) showed [Kd Js] and won ($18.75) with two pair, Kings and Jacks



PokerStars Hand #254212539674:  Hold'em No Limit ($0.50/$1.00 USD) - 2025/01/05 18:40:47 WET [2025/01/05 13:40:47 ET]
Table 'Oongaq II' 6-max Seat #5 is the button
Seat 1: joocs ($104.70 in chips) 
Seat 2: Supermegopro ($156.66 in chips) 
Seat 3: DL1B ($100 in chips) 
Seat 4: filip883 ($123.51 in chips) 
Seat 5: MauriFierro27 ($122.93 in chips) 
Seat 6: AlexPinsk1 ($121.08 in chips) 
AlexPinsk1: posts small blind $0.50
joocs: posts big blind $1
*** HOLE CARDS ***
Supermegopro: folds 
DL1B: folds 
filip883: folds 
MauriFierro27: raises $1.20 to $2.20
AlexPinsk1: raises $7.80 to $10
joocs: folds 
MauriFierro27: calls $7.80
*** FLOP *** [6d Th 8s]
AlexPinsk1: checks 
MauriFierro27: checks 
*** TURN *** [6d Th 8s] [4h]
AlexPinsk1: bets $24.94
MauriFierro27: folds 
Uncalled bet ($24.94) returned to AlexPinsk1
AlexPinsk1 collected $19.95 from pot
AlexPinsk1: doesn't show hand 
*** SUMMARY ***
Total pot $21 | Rake $1.05 
Board [6d Th 8s 4h]
Seat 1: joocs (big blind) folded before Flop
Seat 2: Supermegopro folded before Flop (didn't bet)
Seat 3: DL1B folded before Flop (didn't bet)
Seat 4: filip883 folded before Flop (didn't bet)
Seat 5: MauriFierro27 (button) folded on the Turn
Seat 6: AlexPinsk1 (small blind) collected ($19.95)



PokerStars Hand #254212564151:  Hold'em No Limit ($0.50/$1.00 USD) - 2025/01/05 18:41:49 WET [2025/01/05 13:41:49 ET]
Table 'Oongaq II' 6-max Seat #6 is the button
Seat 1: joocs ($103.70 in chips) 
Seat 2: Supermegopro ($156.66 in chips) 
Seat 3: DL1B ($100 in chips) 
Seat 4: filip883 ($123.51 in chips) 
Seat 5: MauriFierro27 ($112.93 in chips) 
Seat 6: AlexPinsk1 ($131.03 in chips) 
joocs: posts small blind $0.50
Supermegopro: posts big blind $1
*** HOLE CARDS ***
DL1B: folds 
filip883: folds 
MauriFierro27: folds 
AlexPinsk1: folds 
joocs: folds 
Uncalled bet ($0.50) returned to Supermegopro
Supermegopro collected $1 from pot
Supermegopro: doesn't show hand 
*** SUMMARY ***
Total pot $1 | Rake $0 
Seat 1: joocs (small blind) folded before Flop
Seat 2: Supermegopro (big blind) collected ($1)
Seat 3: DL1B folded before Flop (didn't bet)
Seat 4: filip883 folded before Flop (didn't bet)
Seat 5: MauriFierro27 folded before Flop (didn't bet)
Seat 6: AlexPinsk1 (button) folded before Flop (didn't bet)



PokerStars Hand #254212569112:  Hold'em No Limit ($0.50/$1.00 USD) - 2025/01/05 18:42:01 WET [2025/01/05 13:42:01 ET]
Table 'Oongaq II' 6-max Seat #1 is the button
Seat 1: joocs ($103.20 in chips) 
Seat 2: Supermegopro ($157.16 in chips) 
Seat 3: DL1B ($100 in chips) 
Seat 4: filip883 ($123.51 in chips) 
Seat 5: MauriFierro27 ($112.93 in chips) 
Seat 6: AlexPinsk1 ($131.03 in chips) 
Supermegopro: posts small blind $0.50
DL1B: posts big blind $1
*** HOLE CARDS ***
filip883: folds 
MauriFierro27: folds 
AlexPinsk1: folds 
joocs: raises $2 to $3
Supermegopro: folds 
DL1B: raises $9.50 to $12.50
joocs: raises $13.50 to $26
DL1B: folds 
Uncalled bet ($13.50) returned to joocs
joocs collected $25.50 from pot
joocs: doesn't show hand 
*** SUMMARY ***
Total pot $25.50 | Rake $0 
Seat 1: joocs (button) collected ($25.50)
Seat 2: Supermegopro (small blind) folded before Flop
Seat 3: DL1B (big blind) folded before Flop
Seat 4: filip883 folded before Flop (didn't bet)
Seat 5: MauriFierro27 folded before Flop (didn't bet)
Seat 6: AlexPinsk1 folded before Flop (didn't bet)



PokerStars Hand #254212585959:  Hold'em No Limit ($0.50/$1.00 USD) - 2025/01/05 18:42:43 WET [2025/01/05 13:42:43 ET]
Table 'Oongaq II' 6-max Seat #2 is the button
Seat 1: joocs ($116.20 in chips) 
Seat 2: Supermegopro ($156.66 in chips) 
Seat 3: DL1B ($100 in chips) 
Seat 4: filip883 ($123.51 in chips) 
Seat 5: MauriFierro27 ($112.93 in chips) 
Seat 6: AlexPinsk1 ($131.03 in chips) 
DL1B: posts small blind $0.50
filip883: posts big blind $1
*** HOLE CARDS ***
MauriFierro27: folds 
AlexPinsk1: folds 
joocs: raises $2 to $3
Supermegopro: folds 
DL1B: folds 
filip883: folds 
Uncalled bet ($2) returned to joocs
joocs collected $2.50 from pot
joocs: doesn't show hand 
*** SUMMARY ***
Total pot $2.50 | Rake $0 
Seat 1: joocs collected ($2.50)
Seat 2: Supermegopro (button) folded before Flop (didn't bet)
Seat 3: DL1B (small blind) folded before Flop
Seat 4: filip883 (big blind) folded before Flop
Seat 5: MauriFierro27 folded before Flop (didn't bet)
Seat 6: AlexPinsk1 folded before Flop (didn't bet)



PokerStars Hand #254212594705:  Hold'em No Limit ($0.50/$1.00 USD) - 2025/01/05 18:43:05 WET [2025/01/05 13:43:05 ET]
Table 'Oongaq II' 6-max Seat #3 is the button
Seat 1: joocs ($117.70 in chips) 
Seat 2: Supermegopro ($156.66 in chips) 
Seat 3: DL1B ($100 in chips) 
Seat 4: filip883 ($122.51 in chips) 
Seat 5: MauriFierro27 ($112.93 in chips) 
Seat 6: AlexPinsk1 ($131.03 in chips) 
filip883: posts small blind $0.50
MauriFierro27: posts big blind $1
*** HOLE CARDS ***
AlexPinsk1: folds 
joocs: raises $2 to $3
Supermegopro: folds 
DL1B: folds 
filip883: folds 
MauriFierro27: folds 
Uncalled bet ($2) returned to joocs
joocs collected $2.50 from pot
joocs: doesn't show hand 
*** SUMMARY ***
Total pot $2.50 | Rake $0 
Seat 1: joocs collected ($2.50)
Seat 2: Supermegopro folded before Flop (didn't bet)
Seat 3: DL1B (button) folded before Flop (didn't bet)
Seat 4: filip883 (small blind) folded before Flop
Seat 5: MauriFierro27 (big blind) folded before Flop
Seat 6: AlexPinsk1 folded before Flop (didn't bet)



PokerStars Hand #254212600840:  Hold'em No Limit ($0.50/$1.00 USD) - 2025/01/05 18:43:21 WET [2025/01/05 13:43:21 ET]
Table 'Oongaq II' 6-max Seat #4 is the button
Seat 1: joocs ($119.20 in chips) 
Seat 2: Supermegopro ($156.66 in chips) 
Seat 3: DL1B ($100 in chips) 
Seat 4: filip883 ($122.01 in chips) 
Seat 5: MauriFierro27 ($111.93 in chips) 
Seat 6: AlexPinsk1 ($131.03 in chips) 
MauriFierro27: posts small blind $0.50
AlexPinsk1: posts big blind $1
*** HOLE CARDS ***
joocs: folds 
Supermegopro: folds 
DL1B: folds 
filip883: folds 
MauriFierro27: folds 
Uncalled bet ($0.50) returned to AlexPinsk1
AlexPinsk1 collected $1 from pot
AlexPinsk1: doesn't show hand 
*** SUMMARY ***
Total pot $1 | Rake $0 
Seat 1: joocs folded before Flop (didn't bet)
Seat 2: Supermegopro folded before Flop (didn't bet)
Seat 3: DL1B folded before Flop (didn't bet)
Seat 4: filip883 (button) folded before Flop (didn't bet)
Seat 5: MauriFierro27 (small blind) folded before Flop
Seat 6: AlexPinsk1 (big blind) collected ($1)



PokerStars Hand #254212607038:  Hold'em No Limit ($0.50/$1.00 USD) - 2025/01/05 18:43:36 WET [2025/01/05 13:43:36 ET]
Table 'Oongaq II' 6-max Seat #5 is the button
Seat 1: joocs ($119.20 in chips) 
Seat 2: Supermegopro ($156.66 in chips) 
Seat 3: DL1B ($100 in chips) 
Seat 4: filip883 ($122.01 in chips) 
Seat 5: MauriFierro27 ($111.43 in chips) 
Seat 6: AlexPinsk1 ($131.53 in chips) 
AlexPinsk1: posts small blind $0.50
joocs: posts big blind $1
*** HOLE CARDS ***
Supermegopro: folds 
DL1B: raises $2 to $3
filip883: raises $8.50 to $11.50
MauriFierro27: folds 
AlexPinsk1: folds 
joocs: folds 
DL1B: calls $8.50
*** FLOP *** [8h 9d 7h]
DL1B: checks 
filip883: bets $17.64
DL1B: folds 
Uncalled bet ($17.64) returned to filip883
filip883 collected $23.28 from pot
*** SUMMARY ***
Total pot $24.50 | Rake $1.22 
Board [8h 9d 7h]
Seat 1: joocs (big blind) folded before Flop
Seat 2: Supermegopro folded before Flop (didn't bet)
Seat 3: DL1B folded on the Flop
Seat 4: filip883 collected ($23.28)
Seat 5: MauriFierro27 (button) folded before Flop (didn't bet)
Seat 6: AlexPinsk1 (small blind) folded before Flop



PokerStars Hand #254212621702:  Hold'em No Limit ($0.50/$1.00 USD) - 2025/01/05 18:44:13 WET [2025/01/05 13:44:13 ET]
Table 'Oongaq II' 6-max Seat #6 is the button
Seat 1: joocs ($118.20 in chips) 
Seat 2: Supermegopro ($156.66 in chips) 
Seat 3: DL1B ($100 in chips) 
Seat 4: filip883 ($133.79 in chips) 
Seat 5: MauriFierro27 ($111.43 in chips) 
Seat 6: AlexPinsk1 ($131.03 in chips) 
joocs: posts small blind $0.50
Supermegopro: posts big blind $1
*** HOLE CARDS ***
DL1B: raises $1 to $2
filip883: folds 
MauriFierro27: folds 
AlexPinsk1: folds 
joocs: folds 
Supermegopro: calls $1
*** FLOP *** [7s Ad Qh]
Supermegopro: checks 
DL1B: bets $3.25
Supermegopro: folds 
Uncalled bet ($3.25) returned to DL1B
DL1B collected $4.28 from pot
DL1B: doesn't show hand 
*** SUMMARY ***
Total pot $4.50 | Rake $0.22 
Board [7s Ad Qh]
Seat 1: joocs (small blind) folded before Flop
Seat 2: Supermegopro (big blind) folded on the Flop
Seat 3: DL1B collected ($4.28)
Seat 4: filip883 folded before Flop (didn't bet)
Seat 5: MauriFierro27 folded before Flop (didn't bet)
Seat 6: AlexPinsk1 (button) folded before Flop (didn't bet)



PokerStars Hand #254212631623:  Hold'em No Limit ($0.50/$1.00 USD) - 2025/01/05 18:44:38 WET [2025/01/05 13:44:38 ET]
Table 'Oongaq II' 6-max Seat #1 is the button
Seat 1: joocs ($117.70 in chips) 
Seat 2: Supermegopro ($154.66 in chips) 
Seat 3: DL1B ($102.28 in chips) 
Seat 4: filip883 ($133.79 in chips) 
Seat 5: MauriFierro27 ($111.43 in chips) 
Seat 6: AlexPinsk1 ($131.03 in chips) 
Supermegopro: posts small blind $0.50
DL1B: posts big blind $1
*** HOLE CARDS ***
filip883: folds 
MauriFierro27: folds 
AlexPinsk1: raises $1.50 to $2.50
joocs: raises $5.50 to $8
Supermegopro: folds 
DL1B: folds 
AlexPinsk1: folds 
Uncalled bet ($5.50) returned to joocs
joocs collected $6.50 from pot
joocs: doesn't show hand 
*** SUMMARY ***
Total pot $6.50 | Rake $0 
Seat 1: joocs (button) collected ($6.50)
Seat 2: Supermegopro (small blind) folded before Flop
Seat 3: DL1B (big blind) folded before Flop
Seat 4: filip883 folded before Flop (didn't bet)
Seat 5: MauriFierro27 folded before Flop (didn't bet)
Seat 6: AlexPinsk1 folded before Flop



PokerStars Hand #254212639202:  Hold'em No Limit ($0.50/$1.00 USD) - 2025/01/05 18:44:57 WET [2025/01/05 13:44:57 ET]
Table 'Oongaq II' 6-max Seat #2 is the button
Seat 1: joocs ($121.70 in chips) 
Seat 2: Supermegopro ($154.16 in chips) 
Seat 3: DL1B ($101.28 in chips) 
Seat 4: filip883 ($133.79 in chips) 
Seat 5: MauriFierro27 ($111.43 in chips) 
Seat 6: AlexPinsk1 ($128.53 in chips) 
DL1B: posts small blind $0.50
filip883: posts big blind $1
*** HOLE CARDS ***
MauriFierro27: folds 
AlexPinsk1: folds 
joocs: folds 
Supermegopro: folds 
DL1B: folds 
Uncalled bet ($0.50) returned to filip883
filip883 collected $1 from pot
*** SUMMARY ***
Total pot $1 | Rake $0 
Seat 1: joocs folded before Flop (didn't bet)
Seat 2: Supermegopro (button) folded before Flop (didn't bet)
Seat 3: DL1B (small blind) folded before Flop
Seat 4: filip883 (big blind) collected ($1)
Seat 5: MauriFierro27 folded before Flop (didn't bet)
Seat 6: AlexPinsk1 folded before Flop (didn't bet)



PokerStars Hand #254212643336:  Hold'em No Limit ($0.50/$1.00 USD) - 2025/01/05 18:45:08 WET [2025/01/05 13:45:08 ET]
Table 'Oongaq II' 6-max Seat #3 is the button
Seat 1: joocs ($121.70 in chips) 
Seat 2: Supermegopro ($154.16 in chips) 
Seat 3: DL1B ($100.78 in chips) 
Seat 4: filip883 ($134.29 in chips) 
Seat 5: MauriFierro27 ($111.43 in chips) 
Seat 6: AlexPinsk1 ($128.53 in chips) 
filip883: posts small blind $0.50
MauriFierro27: posts big blind $1
*** HOLE CARDS ***
AlexPinsk1: folds 
joocs: folds 
Supermegopro: folds 
DL1B: raises $1.50 to $2.50
filip883: folds 
MauriFierro27: folds 
Uncalled bet ($1.50) returned to DL1B
DL1B collected $2.50 from pot
DL1B: doesn't show hand 
*** SUMMARY ***
Total pot $2.50 | Rake $0 
Seat 1: joocs folded before Flop (didn't bet)
Seat 2: Supermegopro folded before Flop (didn't bet)
Seat 3: DL1B (button) collected ($2.50)
Seat 4: filip883 (small blind) folded before Flop
Seat 5: MauriFierro27 (big blind) folded before Flop
Seat 6: AlexPinsk1 folded before Flop (didn't bet)



PokerStars Hand #254212657357:  Hold'em No Limit ($0.50/$1.00 USD) - 2025/01/05 18:45:43 WET [2025/01/05 13:45:43 ET]
Table 'Oongaq II' 6-max Seat #4 is the button
Seat 1: joocs ($121.70 in chips) 
Seat 2: Supermegopro ($154.16 in chips) 
Seat 3: DL1B ($102.28 in chips) 
Seat 4: filip883 ($133.79 in chips) 
Seat 5: MauriFierro27 ($110.43 in chips) 
Seat 6: AlexPinsk1 ($128.53 in chips) 
MauriFierro27: posts small blind $0.50
AlexPinsk1: posts big blind $1
*** HOLE CARDS ***
joocs: folds 
Supermegopro: folds 
DL1B: folds 
filip883: raises $2 to $3
MauriFierro27: raises $9 to $12
AlexPinsk1: folds 
filip883: calls $9
*** FLOP *** [Kh Ah 5h]
MauriFierro27: checks 
filip883: bets $8
MauriFierro27: calls $8
*** TURN *** [Kh Ah 5h] [6h]
MauriFierro27: checks 
filip883: bets $18
MauriFierro27: calls $18
*** RIVER *** [Kh Ah 5h 6h] [Ad]
MauriFierro27: checks 
filip883: checks 
*** SHOW DOWN ***
MauriFierro27: shows [8s 8h] (a flush, Ace high)
filip883: mucks hand 
MauriFierro27 collected $74.50 from pot
*** SUMMARY ***
Total pot $77 | Rake $2.50 
Board [Kh Ah 5h 6h Ad]
Seat 1: joocs folded before Flop (didn't bet)
Seat 2: Supermegopro folded before Flop (didn't bet)
Seat 3: DL1B folded before Flop (didn't bet)
Seat 4: filip883 (button) mucked
Seat 5: MauriFierro27 (small blind) showed [8s 8h] and won ($74.50) with a flush, Ace high
Seat 6: AlexPinsk1 (big blind) folded before Flop



PokerStars Hand #254212674940:  Hold'em No Limit ($0.50/$1.00 USD) - 2025/01/05 18:46:27 WET [2025/01/05 13:46:27 ET]
Table 'Oongaq II' 6-max Seat #5 is the button
Seat 1: joocs ($121.70 in chips) 
Seat 2: Supermegopro ($154.16 in chips) 
Seat 3: DL1B ($102.28 in chips) 
Seat 4: filip883 ($95.79 in chips) 
Seat 5: MauriFierro27 ($146.93 in chips) 
Seat 6: AlexPinsk1 ($127.53 in chips) 
AlexPinsk1: posts small blind $0.50
joocs: posts big blind $1
*** HOLE CARDS ***
Supermegopro: folds 
DL1B: folds 
filip883: raises $3 to $4
MauriFierro27: folds 
AlexPinsk1: raises $8.50 to $12.50
joocs: folds 
filip883: folds 
Uncalled bet ($8.50) returned to AlexPinsk1
AlexPinsk1 collected $9 from pot
AlexPinsk1: doesn't show hand 
*** SUMMARY ***
Total pot $9 | Rake $0 
Seat 1: joocs (big blind) folded before Flop
Seat 2: Supermegopro folded before Flop (didn't bet)
Seat 3: DL1B folded before Flop (didn't bet)
Seat 4: filip883 folded before Flop
Seat 5: MauriFierro27 (button) folded before Flop (didn't bet)
Seat 6: AlexPinsk1 (small blind) collected ($9)



PokerStars Hand #254212687088:  Hold'em No Limit ($0.50/$1.00 USD) - 2025/01/05 18:46:57 WET [2025/01/05 13:46:57 ET]
Table 'Oongaq II' 6-max Seat #6 is the button
Seat 1: joocs ($120.70 in chips) 
Seat 2: Supermegopro ($154.16 in chips) 
Seat 3: DL1B ($102.28 in chips) 
Seat 4: filip883 ($91.79 in chips) 
Seat 5: MauriFierro27 ($146.93 in chips) 
Seat 6: AlexPinsk1 ($132.53 in chips) 
joocs: posts small blind $0.50
Supermegopro: posts big blind $1
*** HOLE CARDS ***
DL1B: folds 
filip883: folds 
MauriFierro27: folds 
AlexPinsk1: raises $1.50 to $2.50
joocs: raises $7.50 to $10
Supermegopro: folds 
AlexPinsk1: folds 
Uncalled bet ($7.50) returned to joocs
joocs collected $6 from pot
joocs: doesn't show hand 
*** SUMMARY ***
Total pot $6 | Rake $0 
Seat 1: joocs (small blind) collected ($6)
Seat 2: Supermegopro (big blind) folded before Flop
Seat 3: DL1B folded before Flop (didn't bet)
Seat 4: filip883 folded before Flop (didn't bet)
Seat 5: MauriFierro27 folded before Flop (didn't bet)
Seat 6: AlexPinsk1 (button) folded before Flop



PokerStars Hand #254212694099:  Hold'em No Limit ($0.50/$1.00 USD) - 2025/01/05 18:47:15 WET [2025/01/05 13:47:15 ET]
Table 'Oongaq II' 6-max Seat #1 is the button
Seat 1: joocs ($124.20 in chips) 
Seat 2: Supermegopro ($153.16 in chips) 
Seat 3: DL1B ($102.28 in chips) 
Seat 4: filip883 ($91.79 in chips) 
Seat 5: MauriFierro27 ($146.93 in chips) 
Seat 6: AlexPinsk1 ($130.03 in chips) 
Supermegopro: posts small blind $0.50
DL1B: posts big blind $1
*** HOLE CARDS ***
filip883: folds 
MauriFierro27: folds 
AlexPinsk1: folds 
joocs: folds 
Supermegopro: folds 
Uncalled bet ($0.50) returned to DL1B
DL1B collected $1 from pot
DL1B: doesn't show hand 
*** SUMMARY ***
Total pot $1 | Rake $0 
Seat 1: joocs (button) folded before Flop (didn't bet)
Seat 2: Supermegopro (small blind) folded before Flop
Seat 3: DL1B (big blind) collected ($1)
Seat 4: filip883 folded before Flop (didn't bet)
Seat 5: MauriFierro27 folded before Flop (didn't bet)
Seat 6: AlexPinsk1 folded before Flop (didn't bet)



PokerStars Hand #254212697711:  Hold'em No Limit ($0.50/$1.00 USD) - 2025/01/05 18:47:24 WET [2025/01/05 13:47:24 ET]
Table 'Oongaq II' 6-max Seat #2 is the button
Seat 1: joocs ($124.20 in chips) 
Seat 2: Supermegopro ($152.66 in chips) 
Seat 3: DL1B ($102.78 in chips) 
Seat 4: filip883 ($91.79 in chips) 
Seat 5: MauriFierro27 ($146.93 in chips) 
Seat 6: AlexPinsk1 ($130.03 in chips) 
DL1B: posts small blind $0.50
filip883: posts big blind $1
*** HOLE CARDS ***
MauriFierro27: folds 
AlexPinsk1: folds 
joocs: folds 
Supermegopro: raises $1.50 to $2.50
DL1B: folds 
filip883: folds 
Uncalled bet ($1.50) returned to Supermegopro
Supermegopro collected $2.50 from pot
Supermegopro: doesn't show hand 
*** SUMMARY ***
Total pot $2.50 | Rake $0 
Seat 1: joocs folded before Flop (didn't bet)
Seat 2: Supermegopro (button) collected ($2.50)
Seat 3: DL1B (small blind) folded before Flop
Seat 4: filip883 (big blind) folded before Flop
Seat 5: MauriFierro27 folded before Flop (didn't bet)
Seat 6: AlexPinsk1 folded before Flop (didn't bet)



PokerStars Hand #254212704441:  Hold'em No Limit ($0.50/$1.00 USD) - 2025/01/05 18:47:40 WET [2025/01/05 13:47:40 ET]
Table 'Oongaq II' 6-max Seat #3 is the button
Seat 1: joocs ($124.20 in chips) 
Seat 2: Supermegopro ($154.16 in chips) 
Seat 3: DL1B ($102.28 in chips) 
Seat 4: filip883 ($90.79 in chips) 
Seat 5: MauriFierro27 ($146.93 in chips) 
Seat 6: AlexPinsk1 ($130.03 in chips) 
filip883: posts small blind $0.50
MauriFierro27: posts big blind $1
*** HOLE CARDS ***
AlexPinsk1: folds 
joocs: raises $2 to $3
Supermegopro: folds 
DL1B: folds 
filip883: calls $2.50
MauriFierro27: folds 
*** FLOP *** [7d Ad 9c]
filip883: checks 
joocs: checks 
*** TURN *** [7d Ad 9c] [2d]
filip883: bets $5
joocs: raises $12.65 to $17.65
filip883: raises $70.14 to $87.79 and is all-in
joocs: folds 
Uncalled bet ($70.14) returned to filip883
filip883 collected $40.18 from pot
*** SUMMARY ***
Total pot $42.30 | Rake $2.12 
Board [7d Ad 9c 2d]
Seat 1: joocs folded on the Turn
Seat 2: Supermegopro folded before Flop (didn't bet)
Seat 3: DL1B (button) folded before Flop (didn't bet)
Seat 4: filip883 (small blind) collected ($40.18)
Seat 5: MauriFierro27 (big blind) folded before Flop
Seat 6: AlexPinsk1 folded before Flop (didn't bet)



PokerStars Hand #254212722141:  Hold'em No Limit ($0.50/$1.00 USD) - 2025/01/05 18:48:24 WET [2025/01/05 13:48:24 ET]
Table 'Oongaq II' 6-max Seat #4 is the button
Seat 1: joocs ($103.55 in chips) 
Seat 2: Supermegopro ($154.16 in chips) 
Seat 3: DL1B ($102.28 in chips) 
Seat 4: filip883 ($110.32 in chips) 
Seat 5: MauriFierro27 ($145.93 in chips) 
Seat 6: AlexPinsk1 ($130.03 in chips) 
MauriFierro27: posts small blind $0.50
AlexPinsk1: posts big blind $1
*** HOLE CARDS ***
joocs: raises $2 to $3
Supermegopro: folds 
DL1B: folds 
filip883: calls $3
MauriFierro27: folds 
AlexPinsk1: folds 
*** FLOP *** [Kd Ah 6s]
joocs: bets $3.56
filip883: calls $3.56
*** TURN *** [Kd Ah 6s] [4h]
joocs: bets $15
filip883: folds 
Uncalled bet ($15) returned to joocs
joocs collected $13.89 from pot
joocs: doesn't show hand 
*** SUMMARY ***
Total pot $14.62 | Rake $0.73 
Board [Kd Ah 6s 4h]
Seat 1: joocs collected ($13.89)
Seat 2: Supermegopro folded before Flop (didn't bet)
Seat 3: DL1B folded before Flop (didn't bet)
Seat 4: filip883 (button) folded on the Turn
Seat 5: MauriFierro27 (small blind) folded before Flop
Seat 6: AlexPinsk1 (big blind) folded before Flop



PokerStars Hand #254212743435:  Hold'em No Limit ($0.50/$1.00 USD) - 2025/01/05 18:49:18 WET [2025/01/05 13:49:18 ET]
Table 'Oongaq II' 6-max Seat #5 is the button
Seat 1: joocs ($110.88 in chips) 
Seat 2: Supermegopro ($154.16 in chips) 
Seat 3: DL1B ($102.28 in chips) 
Seat 4: filip883 ($103.76 in chips) 
Seat 5: MauriFierro27 ($145.43 in chips) 
Seat 6: AlexPinsk1 ($129.03 in chips) 
AlexPinsk1: posts small blind $0.50
joocs: posts big blind $1
*** HOLE CARDS ***
Supermegopro: raises $1.50 to $2.50
DL1B: folds 
filip883: folds 
MauriFierro27: folds 
AlexPinsk1: folds 
joocs: calls $1.50
*** FLOP *** [9h 3d 9c]
joocs: checks 
Supermegopro: bets $2
joocs: raises $4.61 to $6.61
Supermegopro: calls $4.61
*** TURN *** [9h 3d 9c] [Kh]
joocs: checks 
Supermegopro: checks 
*** RIVER *** [9h 3d 9c Kh] [8s]
joocs: bets $12.51
Supermegopro: calls $12.51
*** SHOW DOWN ***
joocs: shows [5s Ks] (two pair, Kings and Nines)
Supermegopro: mucks hand 
joocs collected $41.55 from pot
*** SUMMARY ***
Total pot $43.74 | Rake $2.19 
Board [9h 3d 9c Kh 8s]
Seat 1: joocs (big blind) showed [5s Ks] and won ($41.55) with two pair, Kings and Nines
Seat 2: Supermegopro mucked
Seat 3: DL1B folded before Flop (didn't bet)
Seat 4: filip883 folded before Flop (didn't bet)
Seat 5: MauriFierro27 (button) folded before Flop (didn't bet)
Seat 6: AlexPinsk1 (small blind) folded before Flop



PokerStars Hand #254212772675:  Hold'em No Limit ($0.50/$1.00 USD) - 2025/01/05 18:50:32 WET [2025/01/05 13:50:32 ET]
Table 'Oongaq II' 6-max Seat #6 is the button
Seat 1: joocs ($130.81 in chips) 
Seat 2: Supermegopro ($132.54 in chips) 
Seat 3: DL1B ($102.28 in chips) 
Seat 4: filip883 ($103.76 in chips) 
Seat 5: MauriFierro27 ($145.43 in chips) 
Seat 6: AlexPinsk1 ($128.53 in chips) 
joocs: posts small blind $0.50
Supermegopro: posts big blind $1
*** HOLE CARDS ***
DL1B: folds 
filip883: folds 
MauriFierro27: raises $1.20 to $2.20
AlexPinsk1: folds 
joocs: folds 
Supermegopro: folds 
Uncalled bet ($1.20) returned to MauriFierro27
MauriFierro27 collected $2.50 from pot
MauriFierro27: doesn't show hand 
*** SUMMARY ***
Total pot $2.50 | Rake $0 
Seat 1: joocs (small blind) folded before Flop
Seat 2: Supermegopro (big blind) folded before Flop
Seat 3: DL1B folded before Flop (didn't bet)
Seat 4: filip883 folded before Flop (didn't bet)
Seat 5: MauriFierro27 collected ($2.50)
Seat 6: AlexPinsk1 (button) folded before Flop (didn't bet)



PokerStars Hand #254212779389:  Hold'em No Limit ($0.50/$1.00 USD) - 2025/01/05 18:50:49 WET [2025/01/05 13:50:49 ET]
Table 'Oongaq II' 6-max Seat #1 is the button
Seat 1: joocs ($130.31 in chips) 
Seat 2: Supermegopro ($131.54 in chips) 
Seat 3: DL1B ($102.28 in chips) 
Seat 4: filip883 ($103.76 in chips) 
Seat 5: MauriFierro27 ($146.93 in chips) 
Seat 6: AlexPinsk1 ($128.53 in chips) 
Supermegopro: posts small blind $0.50
DL1B: posts big blind $1
*** HOLE CARDS ***
filip883: folds 
MauriFierro27: folds 
AlexPinsk1: raises $1.50 to $2.50
joocs: folds 
Supermegopro: folds 
DL1B: folds 
Uncalled bet ($1.50) returned to AlexPinsk1
AlexPinsk1 collected $2.50 from pot
AlexPinsk1: doesn't show hand 
*** SUMMARY ***
Total pot $2.50 | Rake $0 
Seat 1: joocs (button) folded before Flop (didn't bet)
Seat 2: Supermegopro (small blind) folded before Flop
Seat 3: DL1B (big blind) folded before Flop
Seat 4: filip883 folded before Flop (didn't bet)
Seat 5: MauriFierro27 folded before Flop (didn't bet)
Seat 6: AlexPinsk1 collected ($2.50)



PokerStars Hand #254212788489:  Hold'em No Limit ($0.50/$1.00 USD) - 2025/01/05 18:51:12 WET [2025/01/05 13:51:12 ET]
Table 'Oongaq II' 6-max Seat #2 is the button
Seat 1: joocs ($130.31 in chips) 
Seat 2: Supermegopro ($131.04 in chips) 
Seat 3: DL1B ($101.28 in chips) 
Seat 4: filip883 ($103.76 in chips) 
Seat 5: MauriFierro27 ($146.93 in chips) 
Seat 6: AlexPinsk1 ($130.03 in chips) 
DL1B: posts small blind $0.50
filip883: posts big blind $1
*** HOLE CARDS ***
MauriFierro27: raises $1.20 to $2.20
AlexPinsk1: folds 
joocs: folds 
Supermegopro: folds 
DL1B: folds 
filip883: folds 
Uncalled bet ($1.20) returned to MauriFierro27
MauriFierro27 collected $2.50 from pot
MauriFierro27: doesn't show hand 
*** SUMMARY ***
Total pot $2.50 | Rake $0 
Seat 1: joocs folded before Flop (didn't bet)
Seat 2: Supermegopro (button) folded before Flop (didn't bet)
Seat 3: DL1B (small blind) folded before Flop
Seat 4: filip883 (big blind) folded before Flop
Seat 5: MauriFierro27 collected ($2.50)
Seat 6: AlexPinsk1 folded before Flop (didn't bet)



PokerStars Hand #254212792787:  Hold'em No Limit ($0.50/$1.00 USD) - 2025/01/05 18:51:23 WET [2025/01/05 13:51:23 ET]
Table 'Oongaq II' 6-max Seat #3 is the button
Seat 1: joocs ($130.31 in chips) 
Seat 2: Supermegopro ($131.04 in chips) 
Seat 3: DL1B ($100.78 in chips) 
Seat 4: filip883 ($102.76 in chips) 
Seat 5: MauriFierro27 ($148.43 in chips) 
Seat 6: AlexPinsk1 ($130.03 in chips) 
filip883: posts small blind $0.50
MauriFierro27: posts big blind $1
*** HOLE CARDS ***
AlexPinsk1: raises $1.50 to $2.50
joocs: folds 
Supermegopro: folds 
DL1B: folds 
filip883: calls $2
MauriFierro27: folds 
*** FLOP *** [7d 6d 3d]
filip883: bets $2.85
AlexPinsk1: folds 
Uncalled bet ($2.85) returned to filip883
filip883 collected $5.70 from pot
*** SUMMARY ***
Total pot $6 | Rake $0.30 
Board [7d 6d 3d]
Seat 1: joocs folded before Flop (didn't bet)
Seat 2: Supermegopro folded before Flop (didn't bet)
Seat 3: DL1B (button) folded before Flop (didn't bet)
Seat 4: filip883 (small blind) collected ($5.70)
Seat 5: MauriFierro27 (big blind) folded before Flop
Seat 6: AlexPinsk1 folded on the Flop



PokerStars Hand #254212806196:  Hold'em No Limit ($0.50/$1.00 USD) - 2025/01/05 18:51:57 WET [2025/01/05 13:51:57 ET]
Table 'Oongaq II' 6-max Seat #4 is the button
Seat 1: joocs ($130.31 in chips) 
Seat 2: Supermegopro ($131.04 in chips) 
Seat 3: DL1B ($100.78 in chips) 
Seat 4: filip883 ($105.96 in chips) 
Seat 5: MauriFierro27 ($147.43 in chips) 
Seat 6: AlexPinsk1 ($127.53 in chips) 
MauriFierro27: posts small blind $0.50
AlexPinsk1: posts big blind $1
*** HOLE CARDS ***
joocs: raises $2 to $3
Supermegopro: raises $6 to $9
DL1B: folds 
filip883: folds 
MauriFierro27: folds 
AlexPinsk1: folds 
joocs: calls $6
*** FLOP *** [Kc Ac 8d]
joocs: checks 
Supermegopro: bets $12.35
joocs: folds 
Uncalled bet ($12.35) returned to Supermegopro
Supermegopro collected $18.52 from pot
Supermegopro: doesn't show hand 
*** SUMMARY ***
Total pot $19.50 | Rake $0.98 
Board [Kc Ac 8d]
Seat 1: joocs folded on the Flop
Seat 2: Supermegopro collected ($18.52)
Seat 3: DL1B folded before Flop (didn't bet)
Seat 4: filip883 (button) folded before Flop (didn't bet)
Seat 5: MauriFierro27 (small blind) folded before Flop
Seat 6: AlexPinsk1 (big blind) folded before Flop



PokerStars Hand #254212827085:  Hold'em No Limit ($0.50/$1.00 USD) - 2025/01/05 18:52:49 WET [2025/01/05 13:52:49 ET]
Table 'Oongaq II' 6-max Seat #5 is the button
Seat 1: joocs ($121.31 in chips) 
Seat 2: Supermegopro ($140.56 in chips) 
Seat 3: DL1B ($100.78 in chips) 
Seat 4: filip883 ($105.96 in chips) 
Seat 5: MauriFierro27 ($146.93 in chips) 
Seat 6: AlexPinsk1 ($126.53 in chips) 
AlexPinsk1: posts small blind $0.50
joocs: posts big blind $1
*** HOLE CARDS ***
Supermegopro: raises $1.50 to $2.50
DL1B: folds 
filip883: calls $2.50
MauriFierro27: folds 
AlexPinsk1: folds 
joocs: folds 
*** FLOP *** [Ts Qh 7h]
Supermegopro: checks 
filip883: bets $3.09
Supermegopro: calls $3.09
*** TURN *** [Ts Qh 7h] [2c]
Supermegopro: checks 
filip883: bets $8.03
Supermegopro: calls $8.03
*** RIVER *** [Ts Qh 7h 2c] [6s]
Supermegopro: checks 
filip883: checks 
*** SHOW DOWN ***
Supermegopro: shows [Kh Ad] (high card Ace)
filip883: mucks hand 
Supermegopro collected $27.30 from pot
*** SUMMARY ***
Total pot $28.74 | Rake $1.44 
Board [Ts Qh 7h 2c 6s]
Seat 1: joocs (big blind) folded before Flop
Seat 2: Supermegopro showed [Kh Ad] and won ($27.30) with high card Ace
Seat 3: DL1B folded before Flop (didn't bet)
Seat 4: filip883 mucked
Seat 5: MauriFierro27 (button) folded before Flop (didn't bet)
Seat 6: AlexPinsk1 (small blind) folded before Flop



PokerStars Hand #254212847596:  Hold'em No Limit ($0.50/$1.00 USD) - 2025/01/05 18:53:41 WET [2025/01/05 13:53:41 ET]
Table 'Oongaq II' 6-max Seat #6 is the button
Seat 1: joocs ($120.31 in chips) 
Seat 2: Supermegopro ($154.24 in chips) 
Seat 3: DL1B ($100.78 in chips) 
Seat 4: filip883 ($92.34 in chips) 
Seat 5: MauriFierro27 ($146.93 in chips) 
Seat 6: AlexPinsk1 ($126.03 in chips) 
joocs: posts small blind $0.50
Supermegopro: posts big blind $1
*** HOLE CARDS ***
DL1B: folds 
filip883: folds 
MauriFierro27: folds 
AlexPinsk1: folds 
joocs: folds 
Uncalled bet ($0.50) returned to Supermegopro
Supermegopro collected $1 from pot
Supermegopro: doesn't show hand 
*** SUMMARY ***
Total pot $1 | Rake $0 
Seat 1: joocs (small blind) folded before Flop
Seat 2: Supermegopro (big blind) collected ($1)
Seat 3: DL1B folded before Flop (didn't bet)
Seat 4: filip883 folded before Flop (didn't bet)
Seat 5: MauriFierro27 folded before Flop (didn't bet)
Seat 6: AlexPinsk1 (button) folded before Flop (didn't bet)



PokerStars Hand #254212854622:  Hold'em No Limit ($0.50/$1.00 USD) - 2025/01/05 18:53:59 WET [2025/01/05 13:53:59 ET]
Table 'Oongaq II' 6-max Seat #1 is the button
Seat 1: joocs ($119.81 in chips) 
Seat 2: Supermegopro ($154.74 in chips) 
Seat 3: DL1B ($100.78 in chips) 
Seat 4: filip883 ($92.34 in chips) 
Seat 5: MauriFierro27 ($146.93 in chips) 
Seat 6: AlexPinsk1 ($126.03 in chips) 
Supermegopro: posts small blind $0.50
DL1B: posts big blind $1
*** HOLE CARDS ***
filip883: folds 
MauriFierro27: raises $1.20 to $2.20
AlexPinsk1: folds 
joocs: folds 
Supermegopro: raises $10.80 to $13
DL1B: folds 
MauriFierro27: folds 
Uncalled bet ($10.80) returned to Supermegopro
Supermegopro collected $5.40 from pot
Supermegopro: doesn't show hand 
*** SUMMARY ***
Total pot $5.40 | Rake $0 
Seat 1: joocs (button) folded before Flop (didn't bet)
Seat 2: Supermegopro (small blind) collected ($5.40)
Seat 3: DL1B (big blind) folded before Flop
Seat 4: filip883 folded before Flop (didn't bet)
Seat 5: MauriFierro27 folded before Flop
Seat 6: AlexPinsk1 folded before Flop (didn't bet)



PokerStars Hand #254212869194:  Hold'em No Limit ($0.50/$1.00 USD) - 2025/01/05 18:54:35 WET [2025/01/05 13:54:35 ET]
Table 'Oongaq II' 6-max Seat #2 is the button
Seat 1: joocs ($119.81 in chips) 
Seat 2: Supermegopro ($157.94 in chips) 
Seat 3: DL1B ($100 in chips) 
Seat 4: filip883 ($92.34 in chips) 
Seat 5: MauriFierro27 ($144.73 in chips) 
Seat 6: AlexPinsk1 ($126.03 in chips) 
DL1B: posts small blind $0.50
filip883: posts big blind $1
*** HOLE CARDS ***
MauriFierro27: folds 
AlexPinsk1: folds 
joocs: raises $2 to $3
Supermegopro: calls $3
DL1B: folds 
filip883: calls $2
*** FLOP *** [As 3d 7c]
filip883: checks 
joocs: bets $4.51
Supermegopro: folds 
filip883: calls $4.51
*** TURN *** [As 3d 7c] [Js]
filip883: checks 
joocs: checks 
*** RIVER *** [As 3d 7c Js] [Qc]
filip883: checks 
joocs: bets $18
filip883: folds 
Uncalled bet ($18) returned to joocs
joocs collected $17.59 from pot
joocs: doesn't show hand 
*** SUMMARY ***
Total pot $18.52 | Rake $0.93 
Board [As 3d 7c Js Qc]
Seat 1: joocs collected ($17.59)
Seat 2: Supermegopro (button) folded on the Flop
Seat 3: DL1B (small blind) folded before Flop
Seat 4: filip883 (big blind) folded on the River
Seat 5: MauriFierro27 folded before Flop (didn't bet)
Seat 6: AlexPinsk1 folded before Flop (didn't bet)



PokerStars Hand #254212900662:  Hold'em No Limit ($0.50/$1.00 USD) - 2025/01/05 18:56:29 WET [2025/01/05 13:56:29 ET]
Table 'Oongaq II' 6-max Seat #3 is the button
Seat 1: joocs ($129.89 in chips) 
Seat 2: Supermegopro ($154.94 in chips) 
Seat 3: DL1B ($100 in chips) 
Seat 4: filip883 ($84.83 in chips) 
Seat 5: MauriFierro27 ($144.73 in chips) 
Seat 6: AlexPinsk1 ($126.03 in chips) 
filip883: posts small blind $0.50
MauriFierro27: posts big blind $1
*** HOLE CARDS ***
AlexPinsk1: folds 
joocs: folds 
Supermegopro: folds 
DL1B: folds 
filip883: raises $2 to $3
MauriFierro27: folds 
Uncalled bet ($2) returned to filip883
filip883 collected $2 from pot
*** SUMMARY ***
Total pot $2 | Rake $0 
Seat 1: joocs folded before Flop (didn't bet)
Seat 2: Supermegopro folded before Flop (didn't bet)
Seat 3: DL1B (button) folded before Flop (didn't bet)
Seat 4: filip883 (small blind) collected ($2)
Seat 5: MauriFierro27 (big blind) folded before Flop
Seat 6: AlexPinsk1 folded before Flop (didn't bet)



PokerStars Hand #254212907538:  Hold'em No Limit ($0.50/$1.00 USD) - 2025/01/05 18:56:59 WET [2025/01/05 13:56:59 ET]
Table 'Oongaq II' 6-max Seat #4 is the button
Seat 1: joocs ($129.89 in chips) 
Seat 2: Supermegopro ($154.94 in chips) 
Seat 3: DL1B ($100 in chips) 
Seat 4: filip883 ($85.83 in chips) 
Seat 5: MauriFierro27 ($143.73 in chips) 
Seat 6: AlexPinsk1 ($126.03 in chips) 
MauriFierro27: posts small blind $0.50
AlexPinsk1: posts big blind $1
*** HOLE CARDS ***
joocs: folds 
Supermegopro: folds 
DL1B: folds 
filip883: raises $2 to $3
MauriFierro27: folds 
AlexPinsk1: calls $2
*** FLOP *** [Qd Ks 2c]
AlexPinsk1: checks 
filip883: bets $4.09
AlexPinsk1: folds 
Uncalled bet ($4.09) returned to filip883
filip883 collected $6.18 from pot
*** SUMMARY ***
Total pot $6.50 | Rake $0.32 
Board [Qd Ks 2c]
Seat 1: joocs folded before Flop (didn't bet)
Seat 2: Supermegopro folded before Flop (didn't bet)
Seat 3: DL1B folded before Flop (didn't bet)
Seat 4: filip883 (button) collected ($6.18)
Seat 5: MauriFierro27 (small blind) folded before Flop
Seat 6: AlexPinsk1 (big blind) folded on the Flop



PokerStars Hand #254212913540:  Hold'em No Limit ($0.50/$1.00 USD) - 2025/01/05 18:57:26 WET [2025/01/05 13:57:26 ET]
Table 'Oongaq II' 6-max Seat #5 is the button
Seat 1: joocs ($129.89 in chips) 
Seat 2: Supermegopro ($154.94 in chips) 
Seat 3: DL1B ($100 in chips) 
Seat 4: filip883 ($89.01 in chips) 
Seat 5: MauriFierro27 ($143.23 in chips) 
Seat 6: AlexPinsk1 ($123.03 in chips) 
AlexPinsk1: posts small blind $0.50
joocs: posts big blind $1
*** HOLE CARDS ***
Supermegopro: folds 
DL1B: folds 
filip883: folds 
MauriFierro27: folds 
AlexPinsk1: folds 
Uncalled bet ($0.50) returned to joocs
joocs collected $1 from pot
joocs: doesn't show hand 
*** SUMMARY ***
Total pot $1 | Rake $0 
Seat 1: joocs (big blind) collected ($1)
Seat 2: Supermegopro folded before Flop (didn't bet)
Seat 3: DL1B folded before Flop (didn't bet)
Seat 4: filip883 folded before Flop (didn't bet)
Seat 5: MauriFierro27 (button) folded before Flop (didn't bet)
Seat 6: AlexPinsk1 (small blind) folded before Flop



PokerStars Hand #254212915815:  Hold'em No Limit ($0.50/$1.00 USD) - 2025/01/05 18:57:35 WET [2025/01/05 13:57:35 ET]
Table 'Oongaq II' 6-max Seat #6 is the button
Seat 1: joocs ($130.39 in chips) 
Seat 2: Supermegopro ($154.94 in chips) 
Seat 3: DL1B ($100 in chips) 
Seat 4: filip883 ($89.01 in chips) 
Seat 5: MauriFierro27 ($143.23 in chips) 
Seat 6: AlexPinsk1 ($122.53 in chips) 
joocs: posts small blind $0.50
Supermegopro: posts big blind $1
*** HOLE CARDS ***
DL1B: folds 
filip883: folds 
MauriFierro27: folds 
AlexPinsk1: folds 
joocs: raises $3 to $4
Supermegopro: calls $3
*** FLOP *** [Qh 5s 4d]
joocs: checks 
Supermegopro: checks 
*** TURN *** [Qh 5s 4d] [6s]
joocs: checks 
Supermegopro: bets $11.40
joocs: calls $11.40
*** RIVER *** [Qh 5s 4d 6s] [Jc]
joocs: checks 
Supermegopro: checks 
*** SHOW DOWN ***
joocs: shows [Ac 4c] (a pair of Fours)
Supermegopro: mucks hand 
joocs collected $29.26 from pot
*** SUMMARY ***
Total pot $30.80 | Rake $1.54 
Board [Qh 5s 4d 6s Jc]
Seat 1: joocs (small blind) showed [Ac 4c] and won ($29.26) with a pair of Fours
Seat 2: Supermegopro (big blind) mucked
Seat 3: DL1B folded before Flop (didn't bet)
Seat 4: filip883 folded before Flop (didn't bet)
Seat 5: MauriFierro27 folded before Flop (didn't bet)
Seat 6: AlexPinsk1 (button) folded before Flop (didn't bet)



PokerStars Hand #254212926868:  Hold'em No Limit ($0.50/$1.00 USD) - 2025/01/05 18:58:25 WET [2025/01/05 13:58:25 ET]
Table 'Oongaq II' 6-max Seat #1 is the button
Seat 1: joocs ($144.25 in chips) 
Seat 2: Supermegopro ($139.54 in chips) 
Seat 3: DL1B ($100 in chips) 
Seat 4: filip883 ($89.01 in chips) 
Seat 5: MauriFierro27 ($143.23 in chips) 
Seat 6: AlexPinsk1 ($122.53 in chips) 
Supermegopro: posts small blind $0.50
DL1B: posts big blind $1
*** HOLE CARDS ***
filip883: folds 
MauriFierro27: folds 
AlexPinsk1: folds 
joocs: folds 
Supermegopro: raises $2 to $3
DL1B: calls $2
*** FLOP *** [Jd 4s 2h]
Supermegopro: bets $2.80
DL1B: raises $3.55 to $6.35
Supermegopro: calls $3.55
*** TURN *** [Jd 4s 2h] [9s]
Supermegopro: checks 
DL1B: checks 
*** RIVER *** [Jd 4s 2h 9s] [3s]
Supermegopro: bets $11.84
DL1B: calls $11.84
*** SHOW DOWN ***
Supermegopro: shows [5c Ac] (a straight, Ace to Five)
DL1B: mucks hand 
Supermegopro collected $40.26 from pot
*** SUMMARY ***
Total pot $42.38 | Rake $2.12 
Board [Jd 4s 2h 9s 3s]
Seat 1: joocs (button) folded before Flop (didn't bet)
Seat 2: Supermegopro (small blind) showed [5c Ac] and won ($40.26) with a straight, Ace to Five
Seat 3: DL1B (big blind) mucked
Seat 4: filip883 folded before Flop (didn't bet)
Seat 5: MauriFierro27 folded before Flop (didn't bet)
Seat 6: AlexPinsk1 folded before Flop (didn't bet)



PokerStars Hand #254212938351:  Hold'em No Limit ($0.50/$1.00 USD) - 2025/01/05 18:59:15 WET [2025/01/05 13:59:15 ET]
Table 'Oongaq II' 6-max Seat #2 is the button
Seat 1: joocs ($144.25 in chips) 
Seat 2: Supermegopro ($158.61 in chips) 
Seat 3: DL1B ($100 in chips) 
Seat 4: filip883 ($89.01 in chips) 
Seat 5: MauriFierro27 ($143.23 in chips) 
Seat 6: AlexPinsk1 ($122.53 in chips) 
DL1B: posts small blind $0.50
filip883: posts big blind $1
*** HOLE CARDS ***
MauriFierro27: raises $1.20 to $2.20
AlexPinsk1: folds 
joocs: folds 
Supermegopro: calls $2.20
DL1B: folds 
filip883: folds 
*** FLOP *** [4c 2h 5h]
MauriFierro27: checks 
Supermegopro: checks 
*** TURN *** [4c 2h 5h] [9s]
MauriFierro27: bets $4.20
Supermegopro: calls $4.20
*** RIVER *** [4c 2h 5h 9s] [8d]
MauriFierro27: bets $19.04
Supermegopro: calls $19.04
*** SHOW DOWN ***
MauriFierro27: shows [7d Kd] (high card King)
Supermegopro: shows [Th Tc] (a pair of Tens)
Supermegopro collected $49.88 from pot
*** SUMMARY ***
Total pot $52.38 | Rake $2.50 
Board [4c 2h 5h 9s 8d]
Seat 1: joocs folded before Flop (didn't bet)
Seat 2: Supermegopro (button) showed [Th Tc] and won ($49.88) with a pair of Tens
Seat 3: DL1B (small blind) folded before Flop
Seat 4: filip883 (big blind) folded before Flop
Seat 5: MauriFierro27 showed [7d Kd] and lost with high card King
Seat 6: AlexPinsk1 folded before Flop (didn't bet)



PokerStars Hand #254212952833:  Hold'em No Limit ($0.50/$1.00 USD) - 2025/01/05 19:00:15 WET [2025/01/05 14:00:15 ET]
Table 'Oongaq II' 6-max Seat #3 is the button
Seat 1: joocs ($144.25 in chips) 
Seat 2: Supermegopro ($183.05 in chips) 
Seat 3: DL1B ($100 in chips) 
Seat 4: filip883 ($88.01 in chips) 
Seat 5: MauriFierro27 ($117.79 in chips) 
Seat 6: AlexPinsk1 ($122.53 in chips) 
filip883: posts small blind $0.50
MauriFierro27: posts big blind $1
*** HOLE CARDS ***
AlexPinsk1: folds 
joocs: folds 
Supermegopro: folds 
DL1B: folds 
filip883: raises $2 to $3
MauriFierro27: folds 
Uncalled bet ($2) returned to filip883
filip883 collected $2 from pot
*** SUMMARY ***
Total pot $2 | Rake $0 
Seat 1: joocs folded before Flop (didn't bet)
Seat 2: Supermegopro folded before Flop (didn't bet)
Seat 3: DL1B (button) folded before Flop (didn't bet)
Seat 4: filip883 (small blind) collected ($2)
Seat 5: MauriFierro27 (big blind) folded before Flop
Seat 6: AlexPinsk1 folded before Flop (didn't bet)



PokerStars Hand #254212956401:  Hold'em No Limit ($0.50/$1.00 USD) - 2025/01/05 19:00:30 WET [2025/01/05 14:00:30 ET]
Table 'Oongaq II' 6-max Seat #4 is the button
Seat 1: joocs ($144.25 in chips) 
Seat 2: Supermegopro ($183.05 in chips) 
Seat 3: DL1B ($100 in chips) 
Seat 4: filip883 ($89.01 in chips) 
Seat 5: MauriFierro27 ($116.79 in chips) 
Seat 6: AlexPinsk1 ($122.53 in chips) 
MauriFierro27: posts small blind $0.50
AlexPinsk1: posts big blind $1
*** HOLE CARDS ***
joocs: folds 
Supermegopro has timed out
Supermegopro: folds 
DL1B: folds 
filip883: raises $1 to $2
MauriFierro27: folds 
AlexPinsk1: folds 
Uncalled bet ($1) returned to filip883
filip883 collected $2.50 from pot
*** SUMMARY ***
Total pot $2.50 | Rake $0 
Seat 1: joocs folded before Flop (didn't bet)
Seat 2: Supermegopro folded before Flop (didn't bet)
Seat 3: DL1B folded before Flop (didn't bet)
Seat 4: filip883 (button) collected ($2.50)
Seat 5: MauriFierro27 (small blind) folded before Flop
Seat 6: AlexPinsk1 (big blind) folded before Flop



PokerStars Hand #254212965548:  Hold'em No Limit ($0.50/$1.00 USD) - 2025/01/05 19:01:04 WET [2025/01/05 14:01:04 ET]
Table 'Oongaq II' 6-max Seat #5 is the button
Seat 2: Supermegopro ($183.05 in chips) is sitting out
Seat 1: joocs ($144.25 in chips) 
Seat 3: DL1B ($100 in chips) 
Seat 4: filip883 ($90.51 in chips) 
Seat 5: MauriFierro27 ($116.29 in chips) 
Seat 6: AlexPinsk1 ($121.53 in chips) 
AlexPinsk1: posts small blind $0.50
joocs: posts big blind $1
*** HOLE CARDS ***
DL1B: raises $2 to $3
filip883: calls $3
MauriFierro27: folds 
AlexPinsk1: folds 
joocs: folds 
*** FLOP *** [Ts 8c 4d]
DL1B: checks 
filip883: bets $3.56
DL1B: folds 
Uncalled bet ($3.56) returned to filip883
filip883 collected $7.12 from pot
*** SUMMARY ***
Total pot $7.50 | Rake $0.38 
Board [Ts 8c 4d]
Seat 2: Supermegopro
Seat 1: joocs (big blind) folded before Flop
Seat 3: DL1B folded on the Flop
Seat 4: filip883 collected ($7.12)
Seat 5: MauriFierro27 (button) folded before Flop (didn't bet)
Seat 6: AlexPinsk1 (small blind) folded before Flop



PokerStars Hand #254212976327:  Hold'em No Limit ($0.50/$1.00 USD) - 2025/01/05 19:01:41 WET [2025/01/05 14:01:41 ET]
Table 'Oongaq II' 6-max Seat #6 is the button
Seat 1: joocs ($143.25 in chips) 
Seat 2: Supermegopro ($183.05 in chips) 
Seat 3: DL1B ($100 in chips) 
Seat 4: filip883 ($94.63 in chips) 
Seat 5: MauriFierro27 ($116.29 in chips) 
Seat 6: AlexPinsk1 ($121.03 in chips) 
joocs: posts small blind $0.50
Supermegopro: posts big blind $1
*** HOLE CARDS ***
DL1B: folds 
filip883: folds 
MauriFierro27: folds 
AlexPinsk1: folds 
joocs: folds 
Uncalled bet ($0.50) returned to Supermegopro
Supermegopro collected $1 from pot
Supermegopro: doesn't show hand 
*** SUMMARY ***
Total pot $1 | Rake $0 
Seat 1: joocs (small blind) folded before Flop
Seat 2: Supermegopro (big blind) collected ($1)
Seat 3: DL1B folded before Flop (didn't bet)
Seat 4: filip883 folded before Flop (didn't bet)
Seat 5: MauriFierro27 folded before Flop (didn't bet)
Seat 6: AlexPinsk1 (button) folded before Flop (didn't bet)



PokerStars Hand #254212982627:  Hold'em No Limit ($0.50/$1.00 USD) - 2025/01/05 19:02:00 WET [2025/01/05 14:02:00 ET]
Table 'Oongaq II' 6-max Seat #1 is the button
Seat 1: joocs ($142.75 in chips) 
Seat 2: Supermegopro ($183.55 in chips) 
Seat 3: DL1B ($100 in chips) 
Seat 4: filip883 ($94.63 in chips) 
Seat 5: MauriFierro27 ($116.29 in chips) 
Seat 6: AlexPinsk1 ($121.03 in chips) 
Supermegopro: posts small blind $0.50
DL1B: posts big blind $1
*** HOLE CARDS ***
filip883: folds 
MauriFierro27: raises $1.20 to $2.20
AlexPinsk1: folds 
joocs: calls $2.20
Supermegopro: folds 
DL1B: folds 
*** FLOP *** [5s 4d 2c]
MauriFierro27: checks 
joocs: checks 
*** TURN *** [5s 4d 2c] [4s]
MauriFierro27: bets $4.20
joocs: folds 
Uncalled bet ($4.20) returned to MauriFierro27
MauriFierro27 collected $5.60 from pot
MauriFierro27: doesn't show hand 
*** SUMMARY ***
Total pot $5.90 | Rake $0.30 
Board [5s 4d 2c 4s]
Seat 1: joocs (button) folded on the Turn
Seat 2: Supermegopro (small blind) folded before Flop
Seat 3: DL1B (big blind) folded before Flop
Seat 4: filip883 folded before Flop (didn't bet)
Seat 5: MauriFierro27 collected ($5.60)
Seat 6: AlexPinsk1 folded before Flop (didn't bet)



PokerStars Hand #254212994669:  Hold'em No Limit ($0.50/$1.00 USD) - 2025/01/05 19:02:33 WET [2025/01/05 14:02:33 ET]
Table 'Oongaq II' 6-max Seat #2 is the button
Seat 1: joocs ($140.55 in chips) 
Seat 2: Supermegopro ($183.05 in chips) 
Seat 3: DL1B ($100 in chips) 
Seat 4: filip883 ($94.63 in chips) 
Seat 5: MauriFierro27 ($119.69 in chips) 
Seat 6: AlexPinsk1 ($121.03 in chips) 
DL1B: posts small blind $0.50
filip883: posts big blind $1
*** HOLE CARDS ***
MauriFierro27: raises $1.20 to $2.20
AlexPinsk1: calls $2.20
joocs: folds 
Supermegopro: folds 
DL1B: folds 
filip883: raises $12.10 to $14.30
MauriFierro27: raises $17.16 to $31.46
AlexPinsk1: folds 
filip883: raises $63.17 to $94.63 and is all-in
MauriFierro27: calls $63.17
*** FLOP *** [Kh 3d 2s]
*** TURN *** [Kh 3d 2s] [2d]
*** RIVER *** [Kh 3d 2s 2d] [7h]
*** SHOW DOWN ***
filip883: shows [Qd Qh] (two pair, Queens and Deuces)
MauriFierro27: shows [Kd As] (two pair, Kings and Deuces)
MauriFierro27 collected $189.46 from pot
*** SUMMARY ***
Total pot $191.96 | Rake $2.50 
Board [Kh 3d 2s 2d 7h]
Seat 1: joocs folded before Flop (didn't bet)
Seat 2: Supermegopro (button) folded before Flop (didn't bet)
Seat 3: DL1B (small blind) folded before Flop
Seat 4: filip883 (big blind) showed [Qd Qh] and lost with two pair, Queens and Deuces
Seat 5: MauriFierro27 showed [Kd As] and won ($189.46) with two pair, Kings and Deuces
Seat 6: AlexPinsk1 folded before Flop



PokerStars Hand #254213009653:  Hold'em No Limit ($0.50/$1.00 USD) - 2025/01/05 19:03:12 WET [2025/01/05 14:03:12 ET]
Table 'Oongaq II' 6-max Seat #3 is the button
Seat 4: filip883 ($0 in chips) is sitting out
Seat 1: joocs ($140.55 in chips) 
Seat 2: Supermegopro ($183.05 in chips) 
Seat 3: DL1B ($100 in chips) 
Seat 5: MauriFierro27 ($214.52 in chips) 
Seat 6: AlexPinsk1 ($118.83 in chips) 
MauriFierro27: posts small blind $0.50
AlexPinsk1: posts big blind $1
*** HOLE CARDS ***
joocs: raises $2 to $3
Supermegopro: folds 
DL1B: folds 
MauriFierro27: folds 
filip883 leaves the table
AlexPinsk1: folds 
Uncalled bet ($2) returned to joocs
joocs collected $2.50 from pot
joocs: doesn't show hand 
*** SUMMARY ***
Total pot $2.50 | Rake $0 
Seat 4: filip883
Seat 1: joocs collected ($2.50)
Seat 2: Supermegopro folded before Flop (didn't bet)
Seat 3: DL1B (button) folded before Flop (didn't bet)
Seat 5: MauriFierro27 (small blind) folded before Flop
Seat 6: AlexPinsk1 (big blind) folded before Flop



PokerStars Hand #254213014967:  Hold'em No Limit ($0.50/$1.00 USD) - 2025/01/05 19:03:24 WET [2025/01/05 14:03:24 ET]
Table 'Oongaq II' 6-max Seat #5 is the button
Seat 1: joocs ($142.05 in chips) 
Seat 2: Supermegopro ($183.05 in chips) 
Seat 3: DL1B ($100 in chips) 
Seat 5: MauriFierro27 ($214.02 in chips) 
Seat 6: AlexPinsk1 ($117.83 in chips) 
AlexPinsk1: posts small blind $0.50
joocs: posts big blind $1
*** HOLE CARDS ***
Supermegopro: folds 
DL1B: folds 
MauriFierro27: raises $1.20 to $2.20
AlexPinsk1: folds 
Supermegopro leaves the table
joocs: folds 
Uncalled bet ($1.20) returned to MauriFierro27
MauriFierro27 collected $2.50 from pot
MauriFierro27: doesn't show hand 
*** SUMMARY ***
Total pot $2.50 | Rake $0 
Seat 1: joocs (big blind) folded before Flop
Seat 2: Supermegopro folded before Flop (didn't bet)
Seat 3: DL1B folded before Flop (didn't bet)
Seat 5: MauriFierro27 (button) collected ($2.50)
Seat 6: AlexPinsk1 (small blind) folded before Flop



