PokerStars Hand #254206527077:  Hold'em No Limit ($0.50/$1.00 USD) - 2025/01/05 12:38:23 WET [2025/01/05 7:38:23 ET]
Table 'Sequoia II' 6-max Seat #1 is the button
Seat 2: KingPommes7890 ($0 in chips) is sitting out
Seat 1: ka100pka527 ($125.01 in chips) 
Seat 3: v.sting ($107.12 in chips) 
Seat 4: NikoPale ($100 in chips) 
Seat 5: steelNike ($10.74 in chips) 
Seat 6: Gfoer ($104.03 in chips) 
v.sting: posts small blind $0.50
NikoPale: posts big blind $1
*** HOLE CARDS ***
KingPommes7890 leaves the table
steelNike: folds 
Gfoer: folds 
ka100pka527: folds 
v.sting: folds 
Uncalled bet ($0.50) returned to NikoPale
NikoPale collected $1 from pot
NikoPale: doesn't show hand 
ka100pka527 leaves the table
*** SUMMARY ***
Total pot $1 | Rake $0 
Seat 2: KingPommes7890
Seat 1: ka100pka527 (button) folded before Flop (didn't bet)
Seat 3: v.sting (small blind) folded before Flop
Seat 4: NikoPale (big blind) collected ($1)
Seat 5: steelNike folded before Flop (didn't bet)
Seat 6: Gfoer folded before Flop (didn't bet)



