PokerStars Hand #254215442812:  Hold'em No Limit ($0.50/$1.00 USD) - 2025/01/05 20:23:08 WET [2025/01/05 15:23:08 ET]
Table 'Maartje II' 6-max Seat #4 is the button
Seat 3: supercruisee ($39 in chips) 
Seat 4: Joker007r ($100 in chips) 
Seat 5: NOTfishON ($101.38 in chips) 
NOTfishON: posts small blind $0.50
supercruisee: posts big blind $1
*** HOLE CARDS ***
Joker007r: folds 
Joker007r leaves the table
NOTfishON: folds 
Uncalled bet ($0.50) returned to supercruisee
supercruisee collected $1 from pot
*** SUMMARY ***
Total pot $1 | Rake $0 
Seat 3: supercruisee (big blind) collected ($1)
Seat 4: Joker007r (button) folded before Flop (didn't bet)
Seat 5: NOTfishON (small blind) folded before Flop



PokerStars Hand #254215447010:  Hold'em No Limit ($0.50/$1.00 USD) - 2025/01/05 20:23:18 WET [2025/01/05 15:23:18 ET]
Table 'Maartje II' 6-max Seat #3 is the button
Seat 3: supercruisee ($39.50 in chips) 
Seat 5: NOTfishON ($100.88 in chips) 
supercruisee: posts small blind $0.50
NOTfishON: posts big blind $1
*** HOLE CARDS ***
supercruisee: calls $0.50
v1lo4ka joins the table at seat #6 
NOTfishON: raises $2 to $3
supercruisee: calls $2
*** FLOP *** [3s Jd 8c]
PhoenixAssassin joins the table at seat #4 
NOTfishON: bets $2.85
supercruisee: calls $2.85
*** TURN *** [3s Jd 8c] [9c]
NOTfishON: bets $7.90
supercruisee: raises $7.90 to $15.80
NOTfishON: calls $7.90
*** RIVER *** [3s Jd 8c 9c] [Qd]
NOTfishON: checks 
supercruisee: bets $5
NOTfishON: raises $26.15 to $31.15
supercruisee: calls $12.85 and is all-in
Uncalled bet ($13.30) returned to NOTfishON
*** SHOW DOWN ***
NOTfishON: shows [Jc Qh] (two pair, Queens and Jacks)
supercruisee: shows [3c Ah] (a pair of Threes)
NOTfishON collected $78 from pot
*** SUMMARY ***
Total pot $79 | Rake $1 
Board [3s Jd 8c 9c Qd]
Seat 3: supercruisee (button) (small blind) showed [3c Ah] and lost with a pair of Threes
Seat 5: NOTfishON (big blind) showed [Jc Qh] and won ($78) with two pair, Queens and Jacks



PokerStars Hand #254215477893:  Hold'em No Limit ($0.50/$1.00 USD) - 2025/01/05 20:24:30 WET [2025/01/05 15:24:30 ET]
Table 'Maartje II' 6-max Seat #4 is the button
Seat 4: PhoenixAssassin ($100 in chips) 
Seat 5: NOTfishON ($139.38 in chips) 
Seat 6: v1lo4ka ($100 in chips) 
NOTfishON: posts small blind $0.50
v1lo4ka: posts big blind $1
*** HOLE CARDS ***
PhoenixAssassin: folds 
NOTfishON: folds 
Uncalled bet ($0.50) returned to v1lo4ka
v1lo4ka collected $1 from pot
v1lo4ka: doesn't show hand 
*** SUMMARY ***
Total pot $1 | Rake $0 
Seat 4: PhoenixAssassin (button) folded before Flop (didn't bet)
Seat 5: NOTfishON (small blind) folded before Flop
Seat 6: v1lo4ka (big blind) collected ($1)



PokerStars Hand #254215483619:  Hold'em No Limit ($0.50/$1.00 USD) - 2025/01/05 20:24:43 WET [2025/01/05 15:24:43 ET]
Table 'Maartje II' 6-max Seat #5 is the button
Seat 4: PhoenixAssassin ($100 in chips) 
Seat 5: NOTfishON ($138.88 in chips) 
Seat 6: v1lo4ka ($100.50 in chips) 
v1lo4ka: posts small blind $0.50
PhoenixAssassin: posts big blind $1
*** HOLE CARDS ***
NOTfishON: folds 
v1lo4ka: raises $2 to $3
PhoenixAssassin: folds 
Uncalled bet ($2) returned to v1lo4ka
v1lo4ka collected $2 from pot
v1lo4ka: doesn't show hand 
*** SUMMARY ***
Total pot $2 | Rake $0 
Seat 4: PhoenixAssassin (big blind) folded before Flop
Seat 5: NOTfishON (button) folded before Flop (didn't bet)
Seat 6: v1lo4ka (small blind) collected ($2)



PokerStars Hand #254215490130:  Hold'em No Limit ($0.50/$1.00 USD) - 2025/01/05 20:24:58 WET [2025/01/05 15:24:58 ET]
Table 'Maartje II' 6-max Seat #4 is the button
Seat 5: NOTfishON ($138.88 in chips) is sitting out
Seat 4: PhoenixAssassin ($100 in chips) 
Seat 6: v1lo4ka ($101.50 in chips) 
PhoenixAssassin: posts small blind $0.50
NOTfishON: is sitting out 
v1lo4ka: posts big blind $1
*** HOLE CARDS ***
PhoenixAssassin: folds 
Uncalled bet ($0.50) returned to v1lo4ka
NOTfishON leaves the table
v1lo4ka collected $1 from pot
v1lo4ka: doesn't show hand 
*** SUMMARY ***
Total pot $1 | Rake $0 
Seat 5: NOTfishON
Seat 4: PhoenixAssassin (button) (small blind) folded before Flop
Seat 6: v1lo4ka (big blind) collected ($1)



