PokerStars Hand #254210303551:  Hold'em No Limit ($0.50/$1.00 USD) - 2025/01/05 16:53:36 WET [2025/01/05 11:53:36 ET]
Table 'Colocolo' 6-max Seat #6 is the button
Seat 5: tertigvah ($0 in chips) is sitting out
Seat 1: gudrozd ($114.42 in chips) 
Seat 2: Manifestorr ($100 in chips) 
Seat 3: Twistenko ($100 in chips) 
Seat 4: b2k-Snick ($103.20 in chips) 
Seat 6: Gfoer ($100 in chips) 
gudrozd: posts small blind $0.50
Manifestorr: posts big blind $1
*** HOLE CARDS ***
Twistenko: folds 
b2k-Snick: folds 
Gfoer: folds 
gudrozd: folds 
Uncalled bet ($0.50) returned to Manifestorr
Manifestorr collected $1 from pot
*** SUMMARY ***
Total pot $1 | Rake $0 
Seat 5: tertigvah
Seat 1: gudrozd (small blind) folded before Flop
Seat 2: Manifestorr (big blind) collected ($1)
Seat 3: Twistenko folded before Flop (didn't bet)
Seat 4: b2k-Snick folded before Flop (didn't bet)
Seat 6: Gfoer (button) folded before Flop (didn't bet)



PokerStars Hand #254210306564:  Hold'em No Limit ($0.50/$1.00 USD) - 2025/01/05 16:53:45 WET [2025/01/05 11:53:45 ET]
Table 'Colocolo' 6-max Seat #1 is the button
Seat 1: gudrozd ($113.92 in chips) 
Seat 2: Manifestorr ($100.50 in chips) 
Seat 3: Twistenko ($100 in chips) 
Seat 4: b2k-Snick ($103.20 in chips) 
Seat 5: tertigvah ($40 in chips) 
Seat 6: Gfoer ($100 in chips) 
Manifestorr: posts small blind $0.50
Twistenko: posts big blind $1
*** HOLE CARDS ***
b2k-Snick: folds 
tertigvah: calls $1
Gfoer: folds 
gudrozd: folds 
Manifestorr: folds 
Twistenko: checks 
*** FLOP *** [8s 2c 6c]
Twistenko: checks 
tertigvah: checks 
*** TURN *** [8s 2c 6c] [6s]
Twistenko: bets $2.50
tertigvah: calls $2.50
*** RIVER *** [8s 2c 6c 6s] [6h]
Twistenko: bets $6.50
tertigvah: folds 
Uncalled bet ($6.50) returned to Twistenko
Twistenko collected $7.12 from pot
Twistenko: doesn't show hand 
*** SUMMARY ***
Total pot $7.50 | Rake $0.38 
Board [8s 2c 6c 6s 6h]
Seat 1: gudrozd (button) folded before Flop (didn't bet)
Seat 2: Manifestorr (small blind) folded before Flop
Seat 3: Twistenko (big blind) collected ($7.12)
Seat 4: b2k-Snick folded before Flop (didn't bet)
Seat 5: tertigvah folded on the River
Seat 6: Gfoer folded before Flop (didn't bet)



PokerStars Hand #254210324125:  Hold'em No Limit ($0.50/$1.00 USD) - 2025/01/05 16:54:39 WET [2025/01/05 11:54:39 ET]
Table 'Colocolo' 6-max Seat #2 is the button
Seat 4: b2k-Snick ($103.20 in chips) is sitting out
Seat 1: gudrozd ($113.92 in chips) 
Seat 2: Manifestorr ($100 in chips) 
Seat 3: Twistenko ($103.62 in chips) 
Seat 5: tertigvah ($36.50 in chips) 
Seat 6: Gfoer ($100 in chips) 
Twistenko: posts small blind $0.50
b2k-Snick: is sitting out 
tertigvah: posts big blind $1
*** HOLE CARDS ***
Gfoer: folds 
gudrozd: folds 
Manifestorr: folds 
Twistenko: raises $2 to $3
tertigvah: calls $2
*** FLOP *** [Qd Kd 8d]
Twistenko: bets $1.88
tertigvah: calls $1.88
*** TURN *** [Qd Kd 8d] [Qc]
Twistenko: checks 
tertigvah: checks 
*** RIVER *** [Qd Kd 8d Qc] [Td]
Twistenko: bets $3.50
tertigvah: raises $27.50 to $31
Twistenko: folds 
Uncalled bet ($27.50) returned to tertigvah
tertigvah collected $15.92 from pot
tertigvah: doesn't show hand 
*** SUMMARY ***
Total pot $16.76 | Rake $0.84 
Board [Qd Kd 8d Qc Td]
Seat 4: b2k-Snick
Seat 1: gudrozd folded before Flop (didn't bet)
Seat 2: Manifestorr (button) folded before Flop (didn't bet)
Seat 3: Twistenko (small blind) folded on the River
Seat 5: tertigvah (big blind) collected ($15.92)
Seat 6: Gfoer folded before Flop (didn't bet)



PokerStars Hand #254210337726:  Hold'em No Limit ($0.50/$1.00 USD) - 2025/01/05 16:55:26 WET [2025/01/05 11:55:26 ET]
Table 'Colocolo' 6-max Seat #3 is the button
Seat 4: b2k-Snick ($103.20 in chips) is sitting out
Seat 1: gudrozd ($113.92 in chips) 
Seat 2: Manifestorr ($100 in chips) 
Seat 3: Twistenko ($100 in chips) 
Seat 5: tertigvah ($44.04 in chips) 
Seat 6: Gfoer ($100 in chips) 
tertigvah: posts small blind $0.50
Gfoer: posts big blind $1
*** HOLE CARDS ***
gudrozd: folds 
Manifestorr: raises $1.20 to $2.20
Twistenko: folds 
tertigvah: calls $1.70
Gfoer: folds 
*** FLOP *** [3c 4h Jd]
tertigvah: checks 
Manifestorr: bets $3.85
tertigvah: calls $3.85
*** TURN *** [3c 4h Jd] [Ts]
tertigvah: checks 
Manifestorr: checks 
*** RIVER *** [3c 4h Jd Ts] [9h]
tertigvah: checks 
Manifestorr: checks 
*** SHOW DOWN ***
tertigvah: shows [7h 3h] (a pair of Threes)
Manifestorr: shows [Ad 9d] (a pair of Nines)
Manifestorr collected $12.44 from pot
*** SUMMARY ***
Total pot $13.10 | Rake $0.66 
Board [3c 4h Jd Ts 9h]
Seat 4: b2k-Snick
Seat 1: gudrozd folded before Flop (didn't bet)
Seat 2: Manifestorr showed [Ad 9d] and won ($12.44) with a pair of Nines
Seat 3: Twistenko (button) folded before Flop (didn't bet)
Seat 5: tertigvah (small blind) showed [7h 3h] and lost with a pair of Threes
Seat 6: Gfoer (big blind) folded before Flop



PokerStars Hand #254210350519:  Hold'em No Limit ($0.50/$1.00 USD) - 2025/01/05 16:56:28 WET [2025/01/05 11:56:28 ET]
Table 'Colocolo' 6-max Seat #5 is the button
Seat 4: b2k-Snick ($103.20 in chips) is sitting out
Seat 1: gudrozd ($113.92 in chips) 
Seat 2: Manifestorr ($106.39 in chips) 
Seat 3: Twistenko ($100 in chips) 
Seat 5: tertigvah ($37.99 in chips) 
Seat 6: Gfoer ($100 in chips) 
Gfoer: posts small blind $0.50
gudrozd: posts big blind $1
*** HOLE CARDS ***
Manifestorr: folds 
Twistenko: folds 
tertigvah: folds 
Gfoer: raises $1.50 to $2.50
gudrozd: calls $1.50
*** FLOP *** [7s Js Td]
Gfoer: checks 
gudrozd: checks 
*** TURN *** [7s Js Td] [3c]
Gfoer: bets $1.64
gudrozd: folds 
Uncalled bet ($1.64) returned to Gfoer
Gfoer collected $4.75 from pot
Gfoer: doesn't show hand 
*** SUMMARY ***
Total pot $5 | Rake $0.25 
Board [7s Js Td 3c]
Seat 4: b2k-Snick
Seat 1: gudrozd (big blind) folded on the Turn
Seat 2: Manifestorr folded before Flop (didn't bet)
Seat 3: Twistenko folded before Flop (didn't bet)
Seat 5: tertigvah (button) folded before Flop (didn't bet)
Seat 6: Gfoer (small blind) collected ($4.75)



PokerStars Hand #254210359064:  Hold'em No Limit ($0.50/$1.00 USD) - 2025/01/05 16:57:09 WET [2025/01/05 11:57:09 ET]
Table 'Colocolo' 6-max Seat #6 is the button
Seat 4: b2k-Snick ($103.20 in chips) is sitting out
Seat 1: gudrozd ($111.42 in chips) 
Seat 2: Manifestorr ($106.39 in chips) 
Seat 3: Twistenko ($100 in chips) 
Seat 5: tertigvah ($37.99 in chips) 
Seat 6: Gfoer ($102.25 in chips) 
gudrozd: posts small blind $0.50
Manifestorr: posts big blind $1
*** HOLE CARDS ***
Twistenko: folds 
tertigvah: calls $1
Gfoer: folds 
gudrozd: raises $4 to $5
Manifestorr: folds 
tertigvah: calls $4
*** FLOP *** [3d Jc 9s]
gudrozd: checks 
tertigvah: checks 
*** TURN *** [3d Jc 9s] [2h]
gudrozd: bets $3.45
tertigvah: calls $3.45
*** RIVER *** [3d Jc 9s 2h] [8h]
gudrozd: checks 
tertigvah: checks 
*** SHOW DOWN ***
gudrozd: shows [Th As] (high card Ace)
tertigvah: mucks hand 
gudrozd collected $17 from pot
*** SUMMARY ***
Total pot $17.90 | Rake $0.90 
Board [3d Jc 9s 2h 8h]
Seat 4: b2k-Snick
Seat 1: gudrozd (small blind) showed [Th As] and won ($17) with high card Ace
Seat 2: Manifestorr (big blind) folded before Flop
Seat 3: Twistenko folded before Flop (didn't bet)
Seat 5: tertigvah mucked
Seat 6: Gfoer (button) folded before Flop (didn't bet)



PokerStars Hand #254210371553:  Hold'em No Limit ($0.50/$1.00 USD) - 2025/01/05 16:58:10 WET [2025/01/05 11:58:10 ET]
Table 'Colocolo' 6-max Seat #1 is the button
Seat 4: b2k-Snick ($103.20 in chips) is sitting out
Seat 1: gudrozd ($119.97 in chips) 
Seat 2: Manifestorr ($105.39 in chips) 
Seat 3: Twistenko ($100 in chips) 
Seat 5: tertigvah ($29.54 in chips) 
Seat 6: Gfoer ($102.25 in chips) 
Manifestorr: posts small blind $0.50
Twistenko: posts big blind $1
*** HOLE CARDS ***
tertigvah: calls $1
Gfoer: raises $3.50 to $4.50
gudrozd: calls $4.50
Manifestorr: folds 
Twistenko: folds 
tertigvah: calls $3.50
*** FLOP *** [Qs 4c Th]
tertigvah: checks 
Gfoer: checks 
gudrozd: checks 
*** TURN *** [Qs 4c Th] [5d]
tertigvah: checks 
Gfoer: checks 
gudrozd: bets $7.13
tertigvah: calls $7.13
Gfoer: folds 
*** RIVER *** [Qs 4c Th 5d] [3c]
tertigvah: checks 
gudrozd: checks 
*** SHOW DOWN ***
tertigvah: shows [7s 8s] (high card Queen)
gudrozd: shows [6s 6d] (a pair of Sixes)
gudrozd collected $27.80 from pot
*** SUMMARY ***
Total pot $29.26 | Rake $1.46 
Board [Qs 4c Th 5d 3c]
Seat 4: b2k-Snick
Seat 1: gudrozd (button) showed [6s 6d] and won ($27.80) with a pair of Sixes
Seat 2: Manifestorr (small blind) folded before Flop
Seat 3: Twistenko (big blind) folded before Flop
Seat 5: tertigvah showed [7s 8s] and lost with high card Queen
Seat 6: Gfoer folded on the Turn



PokerStars Hand #254210386680:  Hold'em No Limit ($0.50/$1.00 USD) - 2025/01/05 16:59:24 WET [2025/01/05 11:59:24 ET]
Table 'Colocolo' 6-max Seat #2 is the button
Seat 4: b2k-Snick ($103.20 in chips) is sitting out
Seat 1: gudrozd ($136.14 in chips) 
Seat 2: Manifestorr ($104.89 in chips) 
Seat 3: Twistenko ($100 in chips) 
Seat 5: tertigvah ($17.91 in chips) 
Seat 6: Gfoer ($100 in chips) 
Twistenko: posts small blind $0.50
tertigvah: posts big blind $1
*** HOLE CARDS ***
Gfoer: folds 
gudrozd: folds 
Manifestorr: folds 
Twistenko: raises $2 to $3
tertigvah: calls $2
*** FLOP *** [6c 7s 6h]
Twistenko: checks 
tertigvah: checks 
*** TURN *** [6c 7s 6h] [8d]
Twistenko: bets $2.50
tertigvah: raises $2.50 to $5
Twistenko: calls $2.50
*** RIVER *** [6c 7s 6h 8d] [Tc]
Twistenko: checks 
tertigvah: bets $9.91 and is all-in
Twistenko: folds 
Uncalled bet ($9.91) returned to tertigvah
tertigvah collected $15.20 from pot
tertigvah: doesn't show hand 
*** SUMMARY ***
Total pot $16 | Rake $0.80 
Board [6c 7s 6h 8d Tc]
Seat 4: b2k-Snick
Seat 1: gudrozd folded before Flop (didn't bet)
Seat 2: Manifestorr (button) folded before Flop (didn't bet)
Seat 3: Twistenko (small blind) folded on the River
Seat 5: tertigvah (big blind) collected ($15.20)
Seat 6: Gfoer folded before Flop (didn't bet)



PokerStars Hand #254210404520:  Hold'em No Limit ($0.50/$1.00 USD) - 2025/01/05 17:00:27 WET [2025/01/05 12:00:27 ET]
Table 'Colocolo' 6-max Seat #3 is the button
Seat 4: b2k-Snick ($103.20 in chips) is sitting out
Seat 1: gudrozd ($136.14 in chips) 
Seat 2: Manifestorr ($104.89 in chips) 
Seat 3: Twistenko ($100 in chips) 
Seat 5: tertigvah ($25.11 in chips) 
Seat 6: Gfoer ($100 in chips) 
tertigvah: posts small blind $0.50
Gfoer: posts big blind $1
*** HOLE CARDS ***
gudrozd: raises $1.50 to $2.50
Manifestorr: folds 
Twistenko: folds 
tertigvah: calls $2
Gfoer: folds 
*** FLOP *** [5h Ks 3h]
tertigvah: checks 
gudrozd: checks 
*** TURN *** [5h Ks 3h] [9s]
tertigvah: checks 
gudrozd: checks 
*** RIVER *** [5h Ks 3h 9s] [9c]
tertigvah: bets $9
gudrozd: folds 
Uncalled bet ($9) returned to tertigvah
tertigvah collected $5.70 from pot
tertigvah: doesn't show hand 
*** SUMMARY ***
Total pot $6 | Rake $0.30 
Board [5h Ks 3h 9s 9c]
Seat 4: b2k-Snick
Seat 1: gudrozd folded on the River
Seat 2: Manifestorr folded before Flop (didn't bet)
Seat 3: Twistenko (button) folded before Flop (didn't bet)
Seat 5: tertigvah (small blind) collected ($5.70)
Seat 6: Gfoer (big blind) folded before Flop



PokerStars Hand #254210420446:  Hold'em No Limit ($0.50/$1.00 USD) - 2025/01/05 17:01:14 WET [2025/01/05 12:01:14 ET]
Table 'Colocolo' 6-max Seat #5 is the button
Seat 4: b2k-Snick ($103.20 in chips) is sitting out
Seat 1: gudrozd ($133.64 in chips) 
Seat 2: Manifestorr ($104.89 in chips) 
Seat 3: Twistenko ($100 in chips) 
Seat 5: tertigvah ($28.31 in chips) 
Seat 6: Gfoer ($100 in chips) 
Gfoer: posts small blind $0.50
gudrozd: posts big blind $1
*** HOLE CARDS ***
Manifestorr: folds 
Twistenko: raises $1.50 to $2.50
tertigvah: calls $2.50
Gfoer: folds 
gudrozd: calls $1.50
*** FLOP *** [Ac 9d Qc]
gudrozd: checks 
Twistenko: checks 
tertigvah: checks 
*** TURN *** [Ac 9d Qc] [Ts]
gudrozd: checks 
Twistenko: checks 
tertigvah: checks 
*** RIVER *** [Ac 9d Qc Ts] [As]
gudrozd: bets $2.51
Twistenko: calls $2.51
tertigvah: raises $13.49 to $16
gudrozd: folds 
Twistenko: calls $13.49
*** SHOW DOWN ***
tertigvah: shows [9c Kh] (two pair, Aces and Nines)
Twistenko: shows [Ad 5d] (three of a kind, Aces)
Twistenko collected $40.38 from pot
*** SUMMARY ***
Total pot $42.51 | Rake $2.13 
Board [Ac 9d Qc Ts As]
Seat 4: b2k-Snick
Seat 1: gudrozd (big blind) folded on the River
Seat 2: Manifestorr folded before Flop (didn't bet)
Seat 3: Twistenko showed [Ad 5d] and won ($40.38) with three of a kind, Aces
Seat 5: tertigvah (button) showed [9c Kh] and lost with two pair, Aces and Nines
Seat 6: Gfoer (small blind) folded before Flop



PokerStars Hand #254210442410:  Hold'em No Limit ($0.50/$1.00 USD) - 2025/01/05 17:02:26 WET [2025/01/05 12:02:26 ET]
Table 'Colocolo' 6-max Seat #6 is the button
Seat 4: b2k-Snick ($103.20 in chips) is sitting out
Seat 1: gudrozd ($128.63 in chips) 
Seat 2: Manifestorr ($104.89 in chips) 
Seat 3: Twistenko ($121.88 in chips) 
Seat 5: tertigvah ($9.81 in chips) 
Seat 6: Gfoer ($100 in chips) 
gudrozd: posts small blind $0.50
Manifestorr: posts big blind $1
b2k-Snick: sits out 
*** HOLE CARDS ***
Twistenko: folds 
tertigvah: calls $1
Gfoer: folds 
gudrozd: folds 
Manifestorr: checks 
*** FLOP *** [3s Ad 8c]
Manifestorr: checks 
tertigvah: checks 
*** TURN *** [3s Ad 8c] [7d]
Manifestorr: checks 
tertigvah: bets $4
Manifestorr: folds 
Uncalled bet ($4) returned to tertigvah
tertigvah collected $2.38 from pot
tertigvah: doesn't show hand 
*** SUMMARY ***
Total pot $2.50 | Rake $0.12 
Board [3s Ad 8c 7d]
Seat 4: b2k-Snick
Seat 1: gudrozd (small blind) folded before Flop
Seat 2: Manifestorr (big blind) folded on the Turn
Seat 3: Twistenko folded before Flop (didn't bet)
Seat 5: tertigvah collected ($2.38)
Seat 6: Gfoer (button) folded before Flop (didn't bet)



PokerStars Hand #254210452275:  Hold'em No Limit ($0.50/$1.00 USD) - 2025/01/05 17:02:54 WET [2025/01/05 12:02:54 ET]
Table 'Colocolo' 6-max Seat #1 is the button
Seat 4: b2k-Snick ($103.20 in chips) is sitting out
Seat 1: gudrozd ($128.13 in chips) 
Seat 2: Manifestorr ($103.89 in chips) 
Seat 3: Twistenko ($121.88 in chips) 
Seat 5: tertigvah ($11.19 in chips) 
Seat 6: Gfoer ($100 in chips) 
Manifestorr: posts small blind $0.50
Twistenko: posts big blind $1
b2k-Snick: sits out 
*** HOLE CARDS ***
tertigvah: calls $1
Gfoer: folds 
gudrozd: folds 
Manifestorr: folds 
Twistenko: checks 
*** FLOP *** [9s Kh 5c]
Twistenko: checks 
tertigvah: bets $4
Twistenko: calls $4
*** TURN *** [9s Kh 5c] [Kd]
Twistenko: checks 
tertigvah: bets $6
Twistenko: raises $6 to $12
tertigvah: calls $0.19 and is all-in
Uncalled bet ($5.81) returned to Twistenko
*** RIVER *** [9s Kh 5c Kd] [Ad]
*** SHOW DOWN ***
Twistenko: shows [2d Kc] (three of a kind, Kings)
tertigvah: shows [8h 3d] (a pair of Kings)
Twistenko collected $21.74 from pot
*** SUMMARY ***
Total pot $22.88 | Rake $1.14 
Board [9s Kh 5c Kd Ad]
Seat 4: b2k-Snick
Seat 1: gudrozd (button) folded before Flop (didn't bet)
Seat 2: Manifestorr (small blind) folded before Flop
Seat 3: Twistenko (big blind) showed [2d Kc] and won ($21.74) with three of a kind, Kings
Seat 5: tertigvah showed [8h 3d] and lost with a pair of Kings
Seat 6: Gfoer folded before Flop (didn't bet)



PokerStars Hand #254210473581:  Hold'em No Limit ($0.50/$1.00 USD) - 2025/01/05 17:03:59 WET [2025/01/05 12:03:59 ET]
Table 'Colocolo' 6-max Seat #2 is the button
Seat 5: tertigvah ($0 in chips) is sitting out
Seat 1: gudrozd ($128.13 in chips) 
Seat 2: Manifestorr ($103.39 in chips) 
Seat 3: Twistenko ($132.43 in chips) 
Seat 4: b2k-Snick ($103.20 in chips) 
Seat 6: Gfoer ($100 in chips) 
Twistenko: posts small blind $0.50
b2k-Snick: posts big blind $1
*** HOLE CARDS ***
Gfoer: folds 
gudrozd: folds 
Manifestorr: raises $1.20 to $2.20
Twistenko: raises $8.80 to $11
b2k-Snick: folds 
Manifestorr: folds 
Uncalled bet ($8.80) returned to Twistenko
Twistenko collected $5.40 from pot
Twistenko: doesn't show hand 
*** SUMMARY ***
Total pot $5.40 | Rake $0 
Seat 5: tertigvah
Seat 1: gudrozd folded before Flop (didn't bet)
Seat 2: Manifestorr (button) folded before Flop
Seat 3: Twistenko (small blind) collected ($5.40)
Seat 4: b2k-Snick (big blind) folded before Flop
Seat 6: Gfoer folded before Flop (didn't bet)



PokerStars Hand #254210479720:  Hold'em No Limit ($0.50/$1.00 USD) - 2025/01/05 17:04:18 WET [2025/01/05 12:04:18 ET]
Table 'Colocolo' 6-max Seat #3 is the button
Seat 1: gudrozd ($128.13 in chips) 
Seat 2: Manifestorr ($101.19 in chips) 
Seat 3: Twistenko ($135.63 in chips) 
Seat 4: b2k-Snick ($102.20 in chips) 
Seat 5: tertigvah ($20 in chips) 
Seat 6: Gfoer ($100 in chips) 
b2k-Snick: posts small blind $0.50
tertigvah: posts big blind $1
*** HOLE CARDS ***
Gfoer: folds 
gudrozd: folds 
Manifestorr: folds 
Twistenko: folds 
b2k-Snick: folds 
Uncalled bet ($0.50) returned to tertigvah
tertigvah collected $1 from pot
tertigvah: doesn't show hand 
*** SUMMARY ***
Total pot $1 | Rake $0 
Seat 1: gudrozd folded before Flop (didn't bet)
Seat 2: Manifestorr folded before Flop (didn't bet)
Seat 3: Twistenko (button) folded before Flop (didn't bet)
Seat 4: b2k-Snick (small blind) folded before Flop
Seat 5: tertigvah (big blind) collected ($1)
Seat 6: Gfoer folded before Flop (didn't bet)



PokerStars Hand #254210484218:  Hold'em No Limit ($0.50/$1.00 USD) - 2025/01/05 17:04:32 WET [2025/01/05 12:04:32 ET]
Table 'Colocolo' 6-max Seat #4 is the button
Seat 6: Gfoer ($100 in chips) is sitting out
Seat 1: gudrozd ($128.13 in chips) 
Seat 2: Manifestorr ($101.19 in chips) 
Seat 3: Twistenko ($135.63 in chips) 
Seat 4: b2k-Snick ($101.70 in chips) 
Seat 5: tertigvah ($20.50 in chips) 
tertigvah: posts small blind $0.50
Gfoer: is sitting out 
gudrozd: posts big blind $1
*** HOLE CARDS ***
Manifestorr: folds 
Twistenko: folds 
b2k-Snick: raises $1.50 to $2.50
tertigvah: raises $1.50 to $4
gudrozd: folds 
b2k-Snick: calls $1.50
*** FLOP *** [Jc Qd Ah]
tertigvah: bets $5
b2k-Snick: folds 
Uncalled bet ($5) returned to tertigvah
tertigvah collected $8.55 from pot
tertigvah: doesn't show hand 
*** SUMMARY ***
Total pot $9 | Rake $0.45 
Board [Jc Qd Ah]
Seat 6: Gfoer
Seat 1: gudrozd (big blind) folded before Flop
Seat 2: Manifestorr folded before Flop (didn't bet)
Seat 3: Twistenko folded before Flop (didn't bet)
Seat 4: b2k-Snick (button) folded on the Flop
Seat 5: tertigvah (small blind) collected ($8.55)



PokerStars Hand #254210496500:  Hold'em No Limit ($0.50/$1.00 USD) - 2025/01/05 17:05:09 WET [2025/01/05 12:05:09 ET]
Table 'Colocolo' 6-max Seat #5 is the button
Seat 6: Gfoer ($100 in chips) is sitting out
Seat 1: gudrozd ($127.13 in chips) 
Seat 2: Manifestorr ($101.19 in chips) 
Seat 3: Twistenko ($135.63 in chips) 
Seat 4: b2k-Snick ($100 in chips) 
Seat 5: tertigvah ($25.05 in chips) 
gudrozd: posts small blind $0.50
Manifestorr: posts big blind $1
*** HOLE CARDS ***
Twistenko: raises $1.50 to $2.50
b2k-Snick: folds 
tertigvah: folds 
gudrozd: folds 
Manifestorr: folds 
Uncalled bet ($1.50) returned to Twistenko
Twistenko collected $2.50 from pot
Twistenko: doesn't show hand 
*** SUMMARY ***
Total pot $2.50 | Rake $0 
Seat 6: Gfoer
Seat 1: gudrozd (small blind) folded before Flop
Seat 2: Manifestorr (big blind) folded before Flop
Seat 3: Twistenko collected ($2.50)
Seat 4: b2k-Snick folded before Flop (didn't bet)
Seat 5: tertigvah (button) folded before Flop (didn't bet)



PokerStars Hand #254210508332:  Hold'em No Limit ($0.50/$1.00 USD) - 2025/01/05 17:05:44 WET [2025/01/05 12:05:44 ET]
Table 'Colocolo' 6-max Seat #1 is the button
Seat 1: gudrozd ($126.63 in chips) 
Seat 2: Manifestorr ($100.19 in chips) 
Seat 3: Twistenko ($137.13 in chips) 
Seat 4: b2k-Snick ($100 in chips) 
Seat 5: tertigvah ($25.05 in chips) 
Seat 6: Gfoer ($100 in chips) 
Manifestorr: posts small blind $0.50
Twistenko: posts big blind $1
Gfoer: posts small & big blinds $1.50
*** HOLE CARDS ***
b2k-Snick: folds 
tertigvah: folds 
Gfoer: raises $2 to $3
gudrozd: folds 
Manifestorr: folds 
Twistenko: calls $2
*** FLOP *** [7d 6h 4d]
Twistenko: checks 
Gfoer: checks 
*** TURN *** [7d 6h 4d] [4c]
Twistenko: checks 
Gfoer: bets $2.10
Twistenko: folds 
Uncalled bet ($2.10) returned to Gfoer
Gfoer collected $6.65 from pot
Gfoer: doesn't show hand 
*** SUMMARY ***
Total pot $7 | Rake $0.35 
Board [7d 6h 4d 4c]
Seat 1: gudrozd (button) folded before Flop (didn't bet)
Seat 2: Manifestorr (small blind) folded before Flop
Seat 3: Twistenko (big blind) folded on the Turn
Seat 4: b2k-Snick folded before Flop (didn't bet)
Seat 5: tertigvah folded before Flop (didn't bet)
Seat 6: Gfoer collected ($6.65)



PokerStars Hand #254210535280:  Hold'em No Limit ($0.50/$1.00 USD) - 2025/01/05 17:07:06 WET [2025/01/05 12:07:06 ET]
Table 'Colocolo' 6-max Seat #2 is the button
Seat 1: gudrozd ($126.63 in chips) 
Seat 2: Manifestorr ($100 in chips) 
Seat 3: Twistenko ($134.13 in chips) 
Seat 4: b2k-Snick ($100 in chips) 
Seat 5: tertigvah ($25.05 in chips) 
Seat 6: Gfoer ($103.15 in chips) 
Twistenko: posts small blind $0.50
b2k-Snick: posts big blind $1
*** HOLE CARDS ***
tertigvah: calls $1
Gfoer: folds 
gudrozd: folds 
Manifestorr: folds 
Twistenko: folds 
b2k-Snick: checks 
*** FLOP *** [8c Td Qh]
b2k-Snick: checks 
tertigvah: checks 
*** TURN *** [8c Td Qh] [3d]
b2k-Snick: bets $2.50
tertigvah: calls $2.50
*** RIVER *** [8c Td Qh 3d] [Tc]
b2k-Snick: bets $2.35
tertigvah: folds 
Uncalled bet ($2.35) returned to b2k-Snick
b2k-Snick collected $7.12 from pot
b2k-Snick: doesn't show hand 
*** SUMMARY ***
Total pot $7.50 | Rake $0.38 
Board [8c Td Qh 3d Tc]
Seat 1: gudrozd folded before Flop (didn't bet)
Seat 2: Manifestorr (button) folded before Flop (didn't bet)
Seat 3: Twistenko (small blind) folded before Flop
Seat 4: b2k-Snick (big blind) collected ($7.12)
Seat 5: tertigvah folded on the River
Seat 6: Gfoer folded before Flop (didn't bet)



PokerStars Hand #254210554567:  Hold'em No Limit ($0.50/$1.00 USD) - 2025/01/05 17:08:03 WET [2025/01/05 12:08:03 ET]
Table 'Colocolo' 6-max Seat #3 is the button
Seat 1: gudrozd ($126.63 in chips) 
Seat 2: Manifestorr ($100 in chips) 
Seat 3: Twistenko ($133.63 in chips) 
Seat 4: b2k-Snick ($103.62 in chips) 
Seat 5: tertigvah ($21.55 in chips) 
Seat 6: Gfoer ($103.15 in chips) 
b2k-Snick: posts small blind $0.50
tertigvah: posts big blind $1
*** HOLE CARDS ***
Gfoer: folds 
gudrozd: folds 
Manifestorr: raises $1.20 to $2.20
Twistenko: raises $4.80 to $7
b2k-Snick: folds 
tertigvah: calls $6
Manifestorr: folds 
*** FLOP *** [Qc 9s As]
tertigvah: checks 
Twistenko: checks 
*** TURN *** [Qc 9s As] [Kh]
tertigvah: checks 
Twistenko: bets $4.90
tertigvah: raises $4.90 to $9.80
Twistenko: raises $12.70 to $22.50
tertigvah: calls $4.75 and is all-in
Uncalled bet ($7.95) returned to Twistenko
*** RIVER *** [Qc 9s As Kh] [6c]
*** SHOW DOWN ***
tertigvah: shows [Ad Jc] (a pair of Aces)
Twistenko: shows [Ah Ac] (three of a kind, Aces)
Twistenko collected $43.51 from pot
*** SUMMARY ***
Total pot $45.80 | Rake $2.29 
Board [Qc 9s As Kh 6c]
Seat 1: gudrozd folded before Flop (didn't bet)
Seat 2: Manifestorr folded before Flop
Seat 3: Twistenko (button) showed [Ah Ac] and won ($43.51) with three of a kind, Aces
Seat 4: b2k-Snick (small blind) folded before Flop
Seat 5: tertigvah (big blind) showed [Ad Jc] and lost with a pair of Aces
Seat 6: Gfoer folded before Flop (didn't bet)



PokerStars Hand #254210584807:  Hold'em No Limit ($0.50/$1.00 USD) - 2025/01/05 17:09:33 WET [2025/01/05 12:09:33 ET]
Table 'Colocolo' 6-max Seat #4 is the button
Seat 5: tertigvah ($0 in chips) is sitting out
Seat 1: gudrozd ($126.63 in chips) 
Seat 2: Manifestorr ($100 in chips) 
Seat 3: Twistenko ($155.59 in chips) 
Seat 4: b2k-Snick ($103.12 in chips) 
Seat 6: Gfoer ($103.15 in chips) 
Gfoer: posts small blind $0.50
gudrozd: posts big blind $1
*** HOLE CARDS ***
Manifestorr: folds 
Twistenko: raises $1.50 to $2.50
b2k-Snick: folds 
Gfoer: folds 
gudrozd: folds 
Uncalled bet ($1.50) returned to Twistenko
Twistenko collected $2.50 from pot
Twistenko: doesn't show hand 
*** SUMMARY ***
Total pot $2.50 | Rake $0 
Seat 5: tertigvah
Seat 1: gudrozd (big blind) folded before Flop
Seat 2: Manifestorr folded before Flop (didn't bet)
Seat 3: Twistenko collected ($2.50)
Seat 4: b2k-Snick (button) folded before Flop (didn't bet)
Seat 6: Gfoer (small blind) folded before Flop



PokerStars Hand #254210589005:  Hold'em No Limit ($0.50/$1.00 USD) - 2025/01/05 17:09:45 WET [2025/01/05 12:09:45 ET]
Table 'Colocolo' 6-max Seat #6 is the button
Seat 1: gudrozd ($125.63 in chips) 
Seat 2: Manifestorr ($100 in chips) 
Seat 3: Twistenko ($157.09 in chips) 
Seat 4: b2k-Snick ($103.12 in chips) 
Seat 5: tertigvah ($38.25 in chips) 
Seat 6: Gfoer ($102.65 in chips) 
gudrozd: posts small blind $0.50
Manifestorr: posts big blind $1
tertigvah: posts small blind $0.50
*** HOLE CARDS ***
Twistenko: folds 
b2k-Snick: folds 
tertigvah: folds 
Gfoer: raises $2 to $3
gudrozd: folds 
Manifestorr: folds 
Uncalled bet ($2) returned to Gfoer
Gfoer collected $3 from pot
Gfoer: doesn't show hand 
*** SUMMARY ***
Total pot $3 | Rake $0 
Seat 1: gudrozd (small blind) folded before Flop
Seat 2: Manifestorr (big blind) folded before Flop
Seat 3: Twistenko folded before Flop (didn't bet)
Seat 4: b2k-Snick folded before Flop (didn't bet)
Seat 5: tertigvah folded before Flop (didn't bet)
Seat 6: Gfoer (button) collected ($3)



PokerStars Hand #254210596814:  Hold'em No Limit ($0.50/$1.00 USD) - 2025/01/05 17:10:08 WET [2025/01/05 12:10:08 ET]
Table 'Colocolo' 6-max Seat #1 is the button
Seat 1: gudrozd ($125.13 in chips) 
Seat 2: Manifestorr ($100 in chips) 
Seat 3: Twistenko ($157.09 in chips) 
Seat 4: b2k-Snick ($103.12 in chips) 
Seat 5: tertigvah ($37.75 in chips) 
Seat 6: Gfoer ($104.65 in chips) 
Manifestorr: posts small blind $0.50
Twistenko: posts big blind $1
*** HOLE CARDS ***
b2k-Snick: folds 
tertigvah: calls $1
Gfoer: raises $3.50 to $4.50
gudrozd: folds 
Manifestorr: folds 
Twistenko: folds 
tertigvah: calls $3.50
*** FLOP *** [4h 9d Qs]
tertigvah: checks 
Gfoer: bets $3.32
tertigvah: calls $3.32
*** TURN *** [4h 9d Qs] [5d]
tertigvah: checks 
Gfoer: checks 
*** RIVER *** [4h 9d Qs 5d] [Qd]
tertigvah: checks 
Gfoer: checks 
*** SHOW DOWN ***
tertigvah: shows [5s As] (two pair, Queens and Fives)
Gfoer: mucks hand 
tertigvah collected $16.28 from pot
*** SUMMARY ***
Total pot $17.14 | Rake $0.86 
Board [4h 9d Qs 5d Qd]
Seat 1: gudrozd (button) folded before Flop (didn't bet)
Seat 2: Manifestorr (small blind) folded before Flop
Seat 3: Twistenko (big blind) folded before Flop
Seat 4: b2k-Snick folded before Flop (didn't bet)
Seat 5: tertigvah showed [5s As] and won ($16.28) with two pair, Queens and Fives
Seat 6: Gfoer mucked



PokerStars Hand #254210631129:  Hold'em No Limit ($0.50/$1.00 USD) - 2025/01/05 17:11:49 WET [2025/01/05 12:11:49 ET]
Table 'Colocolo' 6-max Seat #2 is the button
Seat 1: gudrozd ($125.13 in chips) 
Seat 2: Manifestorr ($100 in chips) 
Seat 3: Twistenko ($156.09 in chips) 
Seat 4: b2k-Snick ($103.12 in chips) 
Seat 5: tertigvah ($46.21 in chips) 
Seat 6: Gfoer ($100 in chips) 
Twistenko: posts small blind $0.50
b2k-Snick: posts big blind $1
*** HOLE CARDS ***
tertigvah: calls $1
Gfoer: raises $3.50 to $4.50
gudrozd: folds 
Manifestorr: folds 
Twistenko: folds 
b2k-Snick: folds 
tertigvah: calls $3.50
*** FLOP *** [Qs 8c Js]
tertigvah: checks 
Gfoer: checks 
*** TURN *** [Qs 8c Js] [3d]
tertigvah: checks 
Gfoer: checks 
*** RIVER *** [Qs 8c Js 3d] [7h]
tertigvah: bets $13
Gfoer: folds 
Uncalled bet ($13) returned to tertigvah
tertigvah collected $9.98 from pot
tertigvah: doesn't show hand 
*** SUMMARY ***
Total pot $10.50 | Rake $0.52 
Board [Qs 8c Js 3d 7h]
Seat 1: gudrozd folded before Flop (didn't bet)
Seat 2: Manifestorr (button) folded before Flop (didn't bet)
Seat 3: Twistenko (small blind) folded before Flop
Seat 4: b2k-Snick (big blind) folded before Flop
Seat 5: tertigvah collected ($9.98)
Seat 6: Gfoer folded on the River



PokerStars Hand #254210654655:  Hold'em No Limit ($0.50/$1.00 USD) - 2025/01/05 17:12:57 WET [2025/01/05 12:12:57 ET]
Table 'Colocolo' 6-max Seat #3 is the button
Seat 1: gudrozd ($125.13 in chips) 
Seat 2: Manifestorr ($100 in chips) 
Seat 3: Twistenko ($155.59 in chips) 
Seat 4: b2k-Snick ($102.12 in chips) 
Seat 5: tertigvah ($51.69 in chips) 
Seat 6: Gfoer ($100 in chips) 
b2k-Snick: posts small blind $0.50
tertigvah: posts big blind $1
*** HOLE CARDS ***
Gfoer: raises $1.20 to $2.20
gudrozd: folds 
Manifestorr: folds 
Twistenko: folds 
b2k-Snick: folds 
tertigvah: calls $1.20
*** FLOP *** [4c Qs 2h]
tertigvah: checks 
Gfoer has timed out
Gfoer: checks 
*** TURN *** [4c Qs 2h] [Kh]
tertigvah: checks 
Gfoer: checks 
*** RIVER *** [4c Qs 2h Kh] [Qh]
tertigvah: bets $6
Gfoer: folds 
Uncalled bet ($6) returned to tertigvah
tertigvah collected $4.66 from pot
tertigvah: doesn't show hand 
*** SUMMARY ***
Total pot $4.90 | Rake $0.24 
Board [4c Qs 2h Kh Qh]
Seat 1: gudrozd folded before Flop (didn't bet)
Seat 2: Manifestorr folded before Flop (didn't bet)
Seat 3: Twistenko (button) folded before Flop (didn't bet)
Seat 4: b2k-Snick (small blind) folded before Flop
Seat 5: tertigvah (big blind) collected ($4.66)
Seat 6: Gfoer folded on the River



PokerStars Hand #254210675561:  Hold'em No Limit ($0.50/$1.00 USD) - 2025/01/05 17:13:58 WET [2025/01/05 12:13:58 ET]
Table 'Colocolo' 6-max Seat #4 is the button
Seat 1: gudrozd ($125.13 in chips) 
Seat 2: Manifestorr ($100 in chips) 
Seat 3: Twistenko ($155.59 in chips) 
Seat 4: b2k-Snick ($101.62 in chips) 
Seat 5: tertigvah ($54.15 in chips) 
Seat 6: Gfoer ($100 in chips) 
tertigvah: posts small blind $0.50
Gfoer: posts big blind $1
*** HOLE CARDS ***
gudrozd: folds 
Manifestorr: folds 
Twistenko: folds 
b2k-Snick: folds 
tertigvah: calls $0.50
Gfoer: raises $3.50 to $4.50
tertigvah: folds 
Uncalled bet ($3.50) returned to Gfoer
Gfoer collected $2 from pot
Gfoer: doesn't show hand 
*** SUMMARY ***
Total pot $2 | Rake $0 
Seat 1: gudrozd folded before Flop (didn't bet)
Seat 2: Manifestorr folded before Flop (didn't bet)
Seat 3: Twistenko folded before Flop (didn't bet)
Seat 4: b2k-Snick (button) folded before Flop (didn't bet)
Seat 5: tertigvah (small blind) folded before Flop
Seat 6: Gfoer (big blind) collected ($2)



PokerStars Hand #254210690856:  Hold'em No Limit ($0.50/$1.00 USD) - 2025/01/05 17:14:42 WET [2025/01/05 12:14:42 ET]
Table 'Colocolo' 6-max Seat #5 is the button
Seat 1: gudrozd ($125.13 in chips) 
Seat 2: Manifestorr ($100 in chips) 
Seat 3: Twistenko ($155.59 in chips) 
Seat 4: b2k-Snick ($101.62 in chips) 
Seat 5: tertigvah ($53.15 in chips) 
Seat 6: Gfoer ($101 in chips) 
Gfoer: posts small blind $0.50
gudrozd: posts big blind $1
*** HOLE CARDS ***
Manifestorr: folds 
Twistenko: folds 
b2k-Snick: folds 
tertigvah: calls $1
Gfoer: folds 
gudrozd: checks 
*** FLOP *** [3s 9s 4c]
gudrozd: checks 
tertigvah: checks 
*** TURN *** [3s 9s 4c] [3h]
gudrozd: checks 
tertigvah: checks 
*** RIVER *** [3s 9s 4c 3h] [Js]
gudrozd: checks 
tertigvah: checks 
*** SHOW DOWN ***
gudrozd: shows [4d Ah] (two pair, Fours and Threes)
tertigvah: mucks hand 
gudrozd collected $2.38 from pot
*** SUMMARY ***
Total pot $2.50 | Rake $0.12 
Board [3s 9s 4c 3h Js]
Seat 1: gudrozd (big blind) showed [4d Ah] and won ($2.38) with two pair, Fours and Threes
Seat 2: Manifestorr folded before Flop (didn't bet)
Seat 3: Twistenko folded before Flop (didn't bet)
Seat 4: b2k-Snick folded before Flop (didn't bet)
Seat 5: tertigvah (button) mucked
Seat 6: Gfoer (small blind) folded before Flop



PokerStars Hand #254210715684:  Hold'em No Limit ($0.50/$1.00 USD) - 2025/01/05 17:15:52 WET [2025/01/05 12:15:52 ET]
Table 'Colocolo' 6-max Seat #6 is the button
Seat 1: gudrozd ($126.51 in chips) 
Seat 2: Manifestorr ($100 in chips) 
Seat 3: Twistenko ($155.59 in chips) 
Seat 4: b2k-Snick ($101.62 in chips) 
Seat 5: tertigvah ($52.15 in chips) 
Seat 6: Gfoer ($100.50 in chips) 
gudrozd: posts small blind $0.50
Manifestorr: posts big blind $1
*** HOLE CARDS ***
Twistenko: folds 
b2k-Snick: folds 
tertigvah: calls $1
Gfoer: folds 
gudrozd: raises $4 to $5
Manifestorr: folds 
tertigvah: calls $4
*** FLOP *** [6h 2s Jd]
gudrozd: bets $3.45
tertigvah: calls $3.45
*** TURN *** [6h 2s Jd] [9h]
gudrozd: bets $12.75
tertigvah: calls $12.75
*** RIVER *** [6h 2s Jd 9h] [Qd]
gudrozd: bets $32
tertigvah: folds 
Uncalled bet ($32) returned to gudrozd
gudrozd collected $41.23 from pot
gudrozd: doesn't show hand 
*** SUMMARY ***
Total pot $43.40 | Rake $2.17 
Board [6h 2s Jd 9h Qd]
Seat 1: gudrozd (small blind) collected ($41.23)
Seat 2: Manifestorr (big blind) folded before Flop
Seat 3: Twistenko folded before Flop (didn't bet)
Seat 4: b2k-Snick folded before Flop (didn't bet)
Seat 5: tertigvah folded on the River
Seat 6: Gfoer (button) folded before Flop (didn't bet)



PokerStars Hand #254210738370:  Hold'em No Limit ($0.50/$1.00 USD) - 2025/01/05 17:16:57 WET [2025/01/05 12:16:57 ET]
Table 'Colocolo' 6-max Seat #1 is the button
Seat 1: gudrozd ($146.54 in chips) 
Seat 2: Manifestorr ($100 in chips) 
Seat 3: Twistenko ($155.59 in chips) 
Seat 4: b2k-Snick ($101.62 in chips) 
Seat 5: tertigvah ($30.95 in chips) 
Seat 6: Gfoer ($100.50 in chips) 
Manifestorr: posts small blind $0.50
Twistenko: posts big blind $1
*** HOLE CARDS ***
b2k-Snick: folds 
tertigvah: calls $1
Gfoer: folds 
gudrozd: raises $4 to $5
Manifestorr: folds 
Twistenko: calls $4
tertigvah: calls $4
*** FLOP *** [Jc 8h 6d]
Twistenko: checks 
tertigvah: checks 
gudrozd: checks 
*** TURN *** [Jc 8h 6d] [7c]
Twistenko: checks 
tertigvah is disconnected 
tertigvah has timed out while disconnected
tertigvah: checks 
gudrozd: bets $11.04
Twistenko: folds 
tertigvah: calls $11.04
*** RIVER *** [Jc 8h 6d 7c] [2d]
tertigvah: checks 
gudrozd: bets $15
tertigvah: folds 
Uncalled bet ($15) returned to gudrozd
gudrozd collected $35.70 from pot
gudrozd: doesn't show hand 
*** SUMMARY ***
Total pot $37.58 | Rake $1.88 
Board [Jc 8h 6d 7c 2d]
Seat 1: gudrozd (button) collected ($35.70)
Seat 2: Manifestorr (small blind) folded before Flop
Seat 3: Twistenko (big blind) folded on the Turn
Seat 4: b2k-Snick folded before Flop (didn't bet)
Seat 5: tertigvah folded on the River
Seat 6: Gfoer folded before Flop (didn't bet)



PokerStars Hand #254210802423:  Hold'em No Limit ($0.50/$1.00 USD) - 2025/01/05 17:20:02 WET [2025/01/05 12:20:02 ET]
Table 'Colocolo' 6-max Seat #2 is the button
Seat 1: gudrozd ($166.20 in chips) 
Seat 2: Manifestorr ($100 in chips) 
Seat 3: Twistenko ($150.59 in chips) 
Seat 4: b2k-Snick ($101.62 in chips) 
Seat 5: tertigvah ($14.91 in chips) 
Seat 6: Gfoer ($100.50 in chips) 
Twistenko: posts small blind $0.50
b2k-Snick: posts big blind $1
*** HOLE CARDS ***
tertigvah: raises $1 to $2
Gfoer: folds 
gudrozd: folds 
Manifestorr: folds 
Twistenko: folds 
b2k-Snick: raises $99.62 to $101.62 and is all-in
tertigvah: calls $12.91 and is all-in
Uncalled bet ($86.71) returned to b2k-Snick
*** FLOP *** [4s 3h 6d]
*** TURN *** [4s 3h 6d] [3d]
*** RIVER *** [4s 3h 6d 3d] [8d]
*** SHOW DOWN ***
b2k-Snick: shows [Kc Qd] (a pair of Threes)
tertigvah: shows [Qc As] (a pair of Threes - Ace kicker)
tertigvah collected $28.80 from pot
*** SUMMARY ***
Total pot $30.32 | Rake $1.52 
Board [4s 3h 6d 3d 8d]
Seat 1: gudrozd folded before Flop (didn't bet)
Seat 2: Manifestorr (button) folded before Flop (didn't bet)
Seat 3: Twistenko (small blind) folded before Flop
Seat 4: b2k-Snick (big blind) showed [Kc Qd] and lost with a pair of Threes
Seat 5: tertigvah showed [Qc As] and won ($28.80) with a pair of Threes
Seat 6: Gfoer folded before Flop (didn't bet)



PokerStars Hand #254210816375:  Hold'em No Limit ($0.50/$1.00 USD) - 2025/01/05 17:20:41 WET [2025/01/05 12:20:41 ET]
Table 'Colocolo' 6-max Seat #3 is the button
Seat 1: gudrozd ($166.20 in chips) 
Seat 2: Manifestorr ($100 in chips) 
Seat 3: Twistenko ($150.09 in chips) 
Seat 4: b2k-Snick ($100 in chips) 
Seat 5: tertigvah ($28.80 in chips) 
Seat 6: Gfoer ($100.50 in chips) 
b2k-Snick: posts small blind $0.50
tertigvah: posts big blind $1
*** HOLE CARDS ***
Gfoer: raises $1.20 to $2.20
gudrozd: folds 
Manifestorr: folds 
Twistenko: folds 
b2k-Snick: raises $7.80 to $10
tertigvah: calls $9
Gfoer: folds 
*** FLOP *** [5h 8s 4d]
b2k-Snick: checks 
tertigvah: checks 
*** TURN *** [5h 8s 4d] [3s]
b2k-Snick: checks 
tertigvah: checks 
*** RIVER *** [5h 8s 4d 3s] [5c]
b2k-Snick: bets $19
tertigvah: folds 
Uncalled bet ($19) returned to b2k-Snick
b2k-Snick collected $21.09 from pot
b2k-Snick: doesn't show hand 
*** SUMMARY ***
Total pot $22.20 | Rake $1.11 
Board [5h 8s 4d 3s 5c]
Seat 1: gudrozd folded before Flop (didn't bet)
Seat 2: Manifestorr folded before Flop (didn't bet)
Seat 3: Twistenko (button) folded before Flop (didn't bet)
Seat 4: b2k-Snick (small blind) collected ($21.09)
Seat 5: tertigvah (big blind) folded on the River
Seat 6: Gfoer folded before Flop



PokerStars Hand #254210843891:  Hold'em No Limit ($0.50/$1.00 USD) - 2025/01/05 17:21:59 WET [2025/01/05 12:21:59 ET]
Table 'Colocolo' 6-max Seat #4 is the button
Seat 1: gudrozd ($166.20 in chips) 
Seat 2: Manifestorr ($100 in chips) 
Seat 3: Twistenko ($150.09 in chips) 
Seat 4: b2k-Snick ($111.09 in chips) 
Seat 5: tertigvah ($18.80 in chips) 
Seat 6: Gfoer ($100 in chips) 
tertigvah: posts small blind $0.50
Gfoer: posts big blind $1
*** HOLE CARDS ***
gudrozd: folds 
Manifestorr: folds 
Twistenko: folds 
b2k-Snick: folds 
tertigvah: calls $0.50
Gfoer: raises $3 to $4
tertigvah: calls $3
*** FLOP *** [Qs 5d 2h]
tertigvah: checks 
Gfoer: checks 
*** TURN *** [Qs 5d 2h] [4d]
tertigvah: checks 
Gfoer: checks 
*** RIVER *** [Qs 5d 2h 4d] [Ah]
tertigvah: checks 
Gfoer: checks 
*** SHOW DOWN ***
tertigvah: shows [6d 9c] (high card Ace)
Gfoer: shows [Th Kh] (high card Ace - King kicker)
Gfoer collected $7.60 from pot
*** SUMMARY ***
Total pot $8 | Rake $0.40 
Board [Qs 5d 2h 4d Ah]
Seat 1: gudrozd folded before Flop (didn't bet)
Seat 2: Manifestorr folded before Flop (didn't bet)
Seat 3: Twistenko folded before Flop (didn't bet)
Seat 4: b2k-Snick (button) folded before Flop (didn't bet)
Seat 5: tertigvah (small blind) showed [6d 9c] and lost with high card Ace
Seat 6: Gfoer (big blind) showed [Th Kh] and won ($7.60) with high card Ace



PokerStars Hand #254210860416:  Hold'em No Limit ($0.50/$1.00 USD) - 2025/01/05 17:22:46 WET [2025/01/05 12:22:46 ET]
Table 'Colocolo' 6-max Seat #5 is the button
Seat 1: gudrozd ($166.20 in chips) 
Seat 2: Manifestorr ($100 in chips) 
Seat 3: Twistenko ($150.09 in chips) 
Seat 4: b2k-Snick ($111.09 in chips) 
Seat 5: tertigvah ($14.80 in chips) 
Seat 6: Gfoer ($103.60 in chips) 
Gfoer: posts small blind $0.50
gudrozd: posts big blind $1
*** HOLE CARDS ***
Manifestorr: folds 
Twistenko: raises $1.50 to $2.50
b2k-Snick: folds 
tertigvah: calls $2.50
Gfoer: folds 
gudrozd: folds 
*** FLOP *** [Kh 2d 2c]
Twistenko: bets $2.04
tertigvah: calls $2.04
*** TURN *** [Kh 2d 2c] [Th]
Twistenko: checks 
tertigvah: checks 
*** RIVER *** [Kh 2d 2c Th] [8d]
Twistenko: bets $3.32
tertigvah: folds 
Uncalled bet ($3.32) returned to Twistenko
Twistenko collected $10.05 from pot
Twistenko: doesn't show hand 
*** SUMMARY ***
Total pot $10.58 | Rake $0.53 
Board [Kh 2d 2c Th 8d]
Seat 1: gudrozd (big blind) folded before Flop
Seat 2: Manifestorr folded before Flop (didn't bet)
Seat 3: Twistenko collected ($10.05)
Seat 4: b2k-Snick folded before Flop (didn't bet)
Seat 5: tertigvah (button) folded on the River
Seat 6: Gfoer (small blind) folded before Flop



PokerStars Hand #254210885592:  Hold'em No Limit ($0.50/$1.00 USD) - 2025/01/05 17:23:56 WET [2025/01/05 12:23:56 ET]
Table 'Colocolo' 6-max Seat #6 is the button
Seat 1: gudrozd ($165.20 in chips) 
Seat 2: Manifestorr ($100 in chips) 
Seat 3: Twistenko ($155.60 in chips) 
Seat 4: b2k-Snick ($111.09 in chips) 
Seat 5: tertigvah ($10.26 in chips) 
Seat 6: Gfoer ($103.10 in chips) 
gudrozd: posts small blind $0.50
Manifestorr: posts big blind $1
*** HOLE CARDS ***
Twistenko: folds 
b2k-Snick: folds 
tertigvah: calls $1
Gfoer: raises $3.50 to $4.50
gudrozd: folds 
Manifestorr: folds 
tertigvah: folds 
Uncalled bet ($3.50) returned to Gfoer
Gfoer collected $3.50 from pot
Gfoer: doesn't show hand 
*** SUMMARY ***
Total pot $3.50 | Rake $0 
Seat 1: gudrozd (small blind) folded before Flop
Seat 2: Manifestorr (big blind) folded before Flop
Seat 3: Twistenko folded before Flop (didn't bet)
Seat 4: b2k-Snick folded before Flop (didn't bet)
Seat 5: tertigvah folded before Flop
Seat 6: Gfoer (button) collected ($3.50)



PokerStars Hand #254210893548:  Hold'em No Limit ($0.50/$1.00 USD) - 2025/01/05 17:24:19 WET [2025/01/05 12:24:19 ET]
Table 'Colocolo' 6-max Seat #1 is the button
Seat 1: gudrozd ($164.70 in chips) 
Seat 2: Manifestorr ($100 in chips) 
Seat 3: Twistenko ($155.60 in chips) 
Seat 4: b2k-Snick ($111.09 in chips) 
Seat 5: tertigvah ($9.26 in chips) 
Seat 6: Gfoer ($105.60 in chips) 
Manifestorr: posts small blind $0.50
Twistenko: posts big blind $1
*** HOLE CARDS ***
b2k-Snick: raises $1.10 to $2.10
tertigvah: calls $2.10
Gfoer: folds 
gudrozd: folds 
Manifestorr: folds 
Twistenko: raises $11.90 to $14
b2k-Snick: raises $12 to $26
tertigvah: calls $7.16 and is all-in
Twistenko: calls $12
*** FLOP *** [Td 5h Ks]
Twistenko: checks 
b2k-Snick: checks 
*** TURN *** [Td 5h Ks] [2d]
Twistenko: checks 
b2k-Snick: checks 
*** RIVER *** [Td 5h Ks 2d] [9d]
Twistenko: checks 
b2k-Snick: checks 
*** SHOW DOWN ***
Twistenko: shows [As Qc] (high card Ace)
b2k-Snick: shows [Ac 5c] (a pair of Fives)
b2k-Snick collected $32.39 from side pot
tertigvah: mucks hand 
b2k-Snick collected $26.87 from main pot
*** SUMMARY ***
Total pot $61.76 Main pot $26.87. Side pot $32.39. | Rake $2.50 
Board [Td 5h Ks 2d 9d]
Seat 1: gudrozd (button) folded before Flop (didn't bet)
Seat 2: Manifestorr (small blind) folded before Flop
Seat 3: Twistenko (big blind) showed [As Qc] and lost with high card Ace
Seat 4: b2k-Snick showed [Ac 5c] and won ($59.26) with a pair of Fives
Seat 5: tertigvah mucked
Seat 6: Gfoer folded before Flop (didn't bet)



PokerStars Hand #254210919681:  Hold'em No Limit ($0.50/$1.00 USD) - 2025/01/05 17:25:32 WET [2025/01/05 12:25:32 ET]
Table 'Colocolo' 6-max Seat #2 is the button
Seat 5: tertigvah ($0 in chips) is sitting out
Seat 1: gudrozd ($164.70 in chips) 
Seat 2: Manifestorr ($100 in chips) 
Seat 3: Twistenko ($129.60 in chips) 
Seat 4: b2k-Snick ($144.35 in chips) 
Seat 6: Gfoer ($105.60 in chips) 
Twistenko: posts small blind $0.50
b2k-Snick: posts big blind $1
*** HOLE CARDS ***
Gfoer: folds 
gudrozd: folds 
Manifestorr: folds 
Twistenko: folds 
Uncalled bet ($0.50) returned to b2k-Snick
b2k-Snick collected $1 from pot
b2k-Snick: doesn't show hand 
*** SUMMARY ***
Total pot $1 | Rake $0 
Seat 5: tertigvah
Seat 1: gudrozd folded before Flop (didn't bet)
Seat 2: Manifestorr (button) folded before Flop (didn't bet)
Seat 3: Twistenko (small blind) folded before Flop
Seat 4: b2k-Snick (big blind) collected ($1)
Seat 6: Gfoer folded before Flop (didn't bet)



PokerStars Hand #254210923806:  Hold'em No Limit ($0.50/$1.00 USD) - 2025/01/05 17:25:44 WET [2025/01/05 12:25:44 ET]
Table 'Colocolo' 6-max Seat #3 is the button
Seat 5: tertigvah ($0 in chips) is sitting out
Seat 1: gudrozd ($164.70 in chips) 
Seat 2: Manifestorr ($100 in chips) 
Seat 3: Twistenko ($129.10 in chips) 
Seat 4: b2k-Snick ($144.85 in chips) 
Seat 6: Gfoer ($105.60 in chips) 
b2k-Snick: posts small blind $0.50
Gfoer: posts big blind $1
*** HOLE CARDS ***
gudrozd: folds 
Manifestorr: folds 
Twistenko: raises $2 to $3
b2k-Snick: folds 
Gfoer: folds 
Uncalled bet ($2) returned to Twistenko
Twistenko collected $2.50 from pot
Twistenko: doesn't show hand 
*** SUMMARY ***
Total pot $2.50 | Rake $0 
Seat 5: tertigvah
Seat 1: gudrozd folded before Flop (didn't bet)
Seat 2: Manifestorr folded before Flop (didn't bet)
Seat 3: Twistenko (button) collected ($2.50)
Seat 4: b2k-Snick (small blind) folded before Flop
Seat 6: Gfoer (big blind) folded before Flop



PokerStars Hand #254210933169:  Hold'em No Limit ($0.50/$1.00 USD) - 2025/01/05 17:26:10 WET [2025/01/05 12:26:10 ET]
Table 'Colocolo' 6-max Seat #4 is the button
Seat 5: tertigvah ($0 in chips) is sitting out
Seat 1: gudrozd ($164.70 in chips) 
Seat 2: Manifestorr ($100 in chips) 
Seat 3: Twistenko ($130.60 in chips) 
Seat 4: b2k-Snick ($144.35 in chips) 
Seat 6: Gfoer ($104.60 in chips) 
Gfoer: posts small blind $0.50
gudrozd: posts big blind $1
*** HOLE CARDS ***
Manifestorr: folds 
Twistenko: folds 
b2k-Snick: folds 
Gfoer: raises $1.50 to $2.50
gudrozd: calls $1.50
*** FLOP *** [4h Ad 7c]
Gfoer: bets $1.58
gudrozd: calls $1.58
*** TURN *** [4h Ad 7c] [4s]
Gfoer: bets $10.85
gudrozd: folds 
Uncalled bet ($10.85) returned to Gfoer
Gfoer collected $7.75 from pot
Gfoer: doesn't show hand 
*** SUMMARY ***
Total pot $8.16 | Rake $0.41 
Board [4h Ad 7c 4s]
Seat 5: tertigvah
Seat 1: gudrozd (big blind) folded on the Turn
Seat 2: Manifestorr folded before Flop (didn't bet)
Seat 3: Twistenko folded before Flop (didn't bet)
Seat 4: b2k-Snick (button) folded before Flop (didn't bet)
Seat 6: Gfoer (small blind) collected ($7.75)



PokerStars Hand #254210953482:  Hold'em No Limit ($0.50/$1.00 USD) - 2025/01/05 17:27:08 WET [2025/01/05 12:27:08 ET]
Table 'Colocolo' 6-max Seat #6 is the button
Seat 2: Manifestorr ($100 in chips) is sitting out
Seat 5: tertigvah ($0 in chips) is sitting out
Seat 1: gudrozd ($160.62 in chips) 
Seat 3: Twistenko ($130.60 in chips) 
Seat 4: b2k-Snick ($144.35 in chips) 
Seat 6: Gfoer ($108.27 in chips) 
gudrozd: posts small blind $0.50
Manifestorr: is sitting out 
Twistenko: posts big blind $1
*** HOLE CARDS ***
b2k-Snick: folds 
Gfoer: folds 
gudrozd: folds 
Uncalled bet ($0.50) returned to Twistenko
Twistenko collected $1 from pot
Twistenko: doesn't show hand 
*** SUMMARY ***
Total pot $1 | Rake $0 
Seat 2: Manifestorr
Seat 5: tertigvah
Seat 1: gudrozd (small blind) folded before Flop
Seat 3: Twistenko (big blind) collected ($1)
Seat 4: b2k-Snick folded before Flop (didn't bet)
Seat 6: Gfoer (button) folded before Flop (didn't bet)



PokerStars Hand #254211114058:  Hold'em No Limit ($0.50/$1.00 USD) - 2025/01/05 17:34:27 WET [2025/01/05 12:34:27 ET]
Table 'Colocolo' 6-max Seat #2 is the button
Seat 6: poker_soul11 ($100 in chips) is sitting out
Seat 1: Manifestorr ($100 in chips) 
Seat 2: MrZoooom ($61.84 in chips) 
Seat 3: Dr. Fvinagre ($9 in chips) 
Seat 4: b2k-Snick ($120.56 in chips) 
Seat 5: Palacios777 ($100 in chips) 
Dr. Fvinagre: posts small blind $0.50
b2k-Snick: posts big blind $1
poker_soul11: sits out 
*** HOLE CARDS ***
Palacios777: folds 
Manifestorr: raises $1.20 to $2.20
MrZoooom: folds 
Dr. Fvinagre: folds 
b2k-Snick: calls $1.20
*** FLOP *** [Jc Ah 4h]
b2k-Snick: checks 
Manifestorr: bets $3.50
b2k-Snick: calls $3.50
*** TURN *** [Jc Ah 4h] [8s]
b2k-Snick: checks 
Manifestorr: checks 
*** RIVER *** [Jc Ah 4h 8s] [Td]
b2k-Snick: checks 
Manifestorr: bets $15.76
b2k-Snick: folds 
Uncalled bet ($15.76) returned to Manifestorr
Manifestorr collected $11.30 from pot
*** SUMMARY ***
Total pot $11.90 | Rake $0.60 
Board [Jc Ah 4h 8s Td]
Seat 6: poker_soul11
Seat 1: Manifestorr collected ($11.30)
Seat 2: MrZoooom (button) folded before Flop (didn't bet)
Seat 3: Dr. Fvinagre (small blind) folded before Flop
Seat 4: b2k-Snick (big blind) folded on the River
Seat 5: Palacios777 folded before Flop (didn't bet)



PokerStars Hand #254211137135:  Hold'em No Limit ($0.50/$1.00 USD) - 2025/01/05 17:35:29 WET [2025/01/05 12:35:29 ET]
Table 'Colocolo' 6-max Seat #3 is the button
Seat 6: poker_soul11 ($100 in chips) is sitting out
Seat 1: Manifestorr ($105.60 in chips) 
Seat 2: MrZoooom ($61.84 in chips) 
Seat 3: Dr. Fvinagre ($8.50 in chips) 
Seat 4: b2k-Snick ($114.86 in chips) 
Seat 5: Palacios777 ($100 in chips) 
b2k-Snick: posts small blind $0.50
Palacios777: posts big blind $1
poker_soul11: sits out 
*** HOLE CARDS ***
Manifestorr: folds 
MrZoooom: folds 
Dr. Fvinagre: folds 
b2k-Snick: raises $2 to $3
Palacios777: folds 
Uncalled bet ($2) returned to b2k-Snick
b2k-Snick collected $2 from pot
b2k-Snick: doesn't show hand 
*** SUMMARY ***
Total pot $2 | Rake $0 
Seat 6: poker_soul11
Seat 1: Manifestorr folded before Flop (didn't bet)
Seat 2: MrZoooom folded before Flop (didn't bet)
Seat 3: Dr. Fvinagre (button) folded before Flop (didn't bet)
Seat 4: b2k-Snick (small blind) collected ($2)
Seat 5: Palacios777 (big blind) folded before Flop



PokerStars Hand #254211145487:  Hold'em No Limit ($0.50/$1.00 USD) - 2025/01/05 17:35:51 WET [2025/01/05 12:35:51 ET]
Table 'Colocolo' 6-max Seat #4 is the button
Seat 1: Manifestorr ($105.60 in chips) 
Seat 2: MrZoooom ($61.84 in chips) 
Seat 3: Dr. Fvinagre ($8.50 in chips) 
Seat 4: b2k-Snick ($115.86 in chips) 
Seat 5: Palacios777 ($100 in chips) 
Seat 6: poker_soul11 ($100 in chips) 
Palacios777: posts small blind $0.50
poker_soul11: posts big blind $1
*** HOLE CARDS ***
Manifestorr: raises $1.20 to $2.20
MrZoooom: folds 
Dr. Fvinagre: folds 
b2k-Snick: folds 
Palacios777: folds 
poker_soul11: folds 
Uncalled bet ($1.20) returned to Manifestorr
Manifestorr collected $2.50 from pot
*** SUMMARY ***
Total pot $2.50 | Rake $0 
Seat 1: Manifestorr collected ($2.50)
Seat 2: MrZoooom folded before Flop (didn't bet)
Seat 3: Dr. Fvinagre folded before Flop (didn't bet)
Seat 4: b2k-Snick (button) folded before Flop (didn't bet)
Seat 5: Palacios777 (small blind) folded before Flop
Seat 6: poker_soul11 (big blind) folded before Flop



PokerStars Hand #254211151047:  Hold'em No Limit ($0.50/$1.00 USD) - 2025/01/05 17:36:06 WET [2025/01/05 12:36:06 ET]
Table 'Colocolo' 6-max Seat #5 is the button
Seat 1: Manifestorr ($107.10 in chips) is sitting out
Seat 2: MrZoooom ($61.84 in chips) 
Seat 3: Dr. Fvinagre ($8.50 in chips) 
Seat 4: b2k-Snick ($115.86 in chips) 
Seat 5: Palacios777 ($100 in chips) 
Seat 6: poker_soul11 ($100 in chips) 
poker_soul11: posts small blind $0.50
Manifestorr: is sitting out 
MrZoooom: posts big blind $1
*** HOLE CARDS ***
Dr. Fvinagre: folds 
Manifestorr leaves the table
b2k-Snick: folds 
Palacios777: raises $1.50 to $2.50
poker_soul11: raises $9.50 to $12
MrZoooom: folds 
Palacios777: folds 
Uncalled bet ($9.50) returned to poker_soul11
poker_soul11 collected $6 from pot
poker_soul11: doesn't show hand 
*** SUMMARY ***
Total pot $6 | Rake $0 
Seat 1: Manifestorr
Seat 2: MrZoooom (big blind) folded before Flop
Seat 3: Dr. Fvinagre folded before Flop (didn't bet)
Seat 4: b2k-Snick folded before Flop (didn't bet)
Seat 5: Palacios777 (button) folded before Flop
Seat 6: poker_soul11 (small blind) collected ($6)



PokerStars Hand #254211171824:  Hold'em No Limit ($0.50/$1.00 USD) - 2025/01/05 17:37:01 WET [2025/01/05 12:37:01 ET]
Table 'Colocolo' 6-max Seat #6 is the button
Seat 2: MrZoooom ($60.84 in chips) 
Seat 3: Dr. Fvinagre ($8.50 in chips) 
Seat 4: b2k-Snick ($115.86 in chips) 
Seat 5: Palacios777 ($100 in chips) 
Seat 6: poker_soul11 ($103.50 in chips) 
MrZoooom: posts small blind $0.50
Dr. Fvinagre: posts big blind $1
*** HOLE CARDS ***
b2k-Snick: raises $1.10 to $2.10
Palacios777: folds 
poker_soul11: folds 
MrZoooom: folds 
Dr. Fvinagre: calls $1.10
*** FLOP *** [As Tc Jd]
Dr. Fvinagre: checks 
tobeblack joins the table at seat #1 
tobeblack is disconnected 
b2k-Snick: bets $1.96
Dr. Fvinagre: folds 
Uncalled bet ($1.96) returned to b2k-Snick
b2k-Snick collected $4.46 from pot
b2k-Snick: doesn't show hand 
*** SUMMARY ***
Total pot $4.70 | Rake $0.24 
Board [As Tc Jd]
Seat 2: MrZoooom (small blind) folded before Flop
Seat 3: Dr. Fvinagre (big blind) folded on the Flop
Seat 4: b2k-Snick collected ($4.46)
Seat 5: Palacios777 folded before Flop (didn't bet)
Seat 6: poker_soul11 (button) folded before Flop (didn't bet)



PokerStars Hand #254211186341:  Hold'em No Limit ($0.50/$1.00 USD) - 2025/01/05 17:37:40 WET [2025/01/05 12:37:40 ET]
Table 'Colocolo' 6-max Seat #2 is the button
Seat 1: tobeblack ($100 in chips) is sitting out
Seat 2: MrZoooom ($60.34 in chips) 
Seat 3: Dr. Fvinagre ($6.40 in chips) 
Seat 4: b2k-Snick ($118.22 in chips) 
Seat 5: Palacios777 ($100 in chips) 
Seat 6: poker_soul11 ($103.50 in chips) 
Dr. Fvinagre: posts small blind $0.50
b2k-Snick: posts big blind $1
tobeblack: sits out 
*** HOLE CARDS ***
Palacios777: folds 
poker_soul11: folds 
MrZoooom: raises $2 to $3
Dr. Fvinagre: folds 
b2k-Snick: folds 
Uncalled bet ($2) returned to MrZoooom
MrZoooom collected $2.50 from pot
MrZoooom: doesn't show hand 
*** SUMMARY ***
Total pot $2.50 | Rake $0 
Seat 1: tobeblack
Seat 2: MrZoooom (button) collected ($2.50)
Seat 3: Dr. Fvinagre (small blind) folded before Flop
Seat 4: b2k-Snick (big blind) folded before Flop
Seat 5: Palacios777 folded before Flop (didn't bet)
Seat 6: poker_soul11 folded before Flop (didn't bet)



PokerStars Hand #254211198050:  Hold'em No Limit ($0.50/$1.00 USD) - 2025/01/05 17:38:12 WET [2025/01/05 12:38:12 ET]
Table 'Colocolo' 6-max Seat #3 is the button
Seat 1: tobeblack ($100 in chips) is sitting out
Seat 2: MrZoooom ($61.84 in chips) 
Seat 3: Dr. Fvinagre ($5.90 in chips) 
Seat 4: b2k-Snick ($117.22 in chips) 
Seat 5: Palacios777 ($100 in chips) 
Seat 6: poker_soul11 ($103.50 in chips) 
b2k-Snick: posts small blind $0.50
Palacios777: posts big blind $1
tobeblack: sits out 
*** HOLE CARDS ***
poker_soul11: folds 
MrZoooom: raises $2 to $3
Dr. Fvinagre: raises $2.90 to $5.90 and is all-in
b2k-Snick: folds 
Palacios777: folds 
MrZoooom: calls $2.90
*** FLOP *** [Qc Js 9d]
*** TURN *** [Qc Js 9d] [9c]
*** RIVER *** [Qc Js 9d 9c] [Ad]
*** SHOW DOWN ***
MrZoooom: shows [2h As] (two pair, Aces and Nines)
Dr. Fvinagre: shows [Th Ac] (two pair, Aces and Nines)
MrZoooom collected $6.32 from pot
Dr. Fvinagre collected $6.32 from pot
*** SUMMARY ***
Total pot $13.30 | Rake $0.66 
Board [Qc Js 9d 9c Ad]
Seat 1: tobeblack
Seat 2: MrZoooom showed [2h As] and won ($6.32) with two pair, Aces and Nines
Seat 3: Dr. Fvinagre (button) showed [Th Ac] and won ($6.32) with two pair, Aces and Nines
Seat 4: b2k-Snick (small blind) folded before Flop
Seat 5: Palacios777 (big blind) folded before Flop
Seat 6: poker_soul11 folded before Flop (didn't bet)



PokerStars Hand #254211216201:  Hold'em No Limit ($0.50/$1.00 USD) - 2025/01/05 17:39:01 WET [2025/01/05 12:39:01 ET]
Table 'Colocolo' 6-max Seat #4 is the button
Seat 1: tobeblack ($100 in chips) is sitting out
Seat 2: MrZoooom ($62.26 in chips) 
Seat 3: Dr. Fvinagre ($6.32 in chips) 
Seat 4: b2k-Snick ($116.72 in chips) 
Seat 5: Palacios777 ($100 in chips) 
Seat 6: poker_soul11 ($103.50 in chips) 
Palacios777: posts small blind $0.50
poker_soul11: posts big blind $1
tobeblack: sits out 
*** HOLE CARDS ***
MrZoooom has timed out
MrZoooom: folds 
Dr. Fvinagre: folds 
b2k-Snick: raises $1.50 to $2.50
Palacios777: folds 
poker_soul11: folds 
Uncalled bet ($1.50) returned to b2k-Snick
b2k-Snick collected $2.50 from pot
b2k-Snick: doesn't show hand 
*** SUMMARY ***
Total pot $2.50 | Rake $0 
Seat 1: tobeblack
Seat 2: MrZoooom folded before Flop (didn't bet)
Seat 3: Dr. Fvinagre folded before Flop (didn't bet)
Seat 4: b2k-Snick (button) collected ($2.50)
Seat 5: Palacios777 (small blind) folded before Flop
Seat 6: poker_soul11 (big blind) folded before Flop



PokerStars Hand #254211225970:  Hold'em No Limit ($0.50/$1.00 USD) - 2025/01/05 17:39:28 WET [2025/01/05 12:39:28 ET]
Table 'Colocolo' 6-max Seat #5 is the button
Seat 1: tobeblack ($100 in chips) 
Seat 2: MrZoooom ($62.26 in chips) 
Seat 3: Dr. Fvinagre ($6.32 in chips) 
Seat 4: b2k-Snick ($118.22 in chips) 
Seat 5: Palacios777 ($100 in chips) 
Seat 6: poker_soul11 ($102.50 in chips) 
poker_soul11: posts small blind $0.50
tobeblack: posts big blind $1
*** HOLE CARDS ***
MrZoooom: folds 
Dr. Fvinagre: folds 
b2k-Snick: raises $1.50 to $2.50
Palacios777: folds 
poker_soul11: folds 
tobeblack: calls $1.50
*** FLOP *** [5s 6s 9d]
tobeblack: checks 
b2k-Snick: bets $1.72
tobeblack: calls $1.72
*** TURN *** [5s 6s 9d] [Td]
tobeblack: checks 
b2k-Snick: bets $6.50
tobeblack: folds 
Uncalled bet ($6.50) returned to b2k-Snick
b2k-Snick collected $8.49 from pot
b2k-Snick: doesn't show hand 
*** SUMMARY ***
Total pot $8.94 | Rake $0.45 
Board [5s 6s 9d Td]
Seat 1: tobeblack (big blind) folded on the Turn
Seat 2: MrZoooom folded before Flop (didn't bet)
Seat 3: Dr. Fvinagre folded before Flop (didn't bet)
Seat 4: b2k-Snick collected ($8.49)
Seat 5: Palacios777 (button) folded before Flop (didn't bet)
Seat 6: poker_soul11 (small blind) folded before Flop



PokerStars Hand #254211246826:  Hold'em No Limit ($0.50/$1.00 USD) - 2025/01/05 17:40:24 WET [2025/01/05 12:40:24 ET]
Table 'Colocolo' 6-max Seat #6 is the button
Seat 1: tobeblack ($100 in chips) 
Seat 2: MrZoooom ($62.26 in chips) 
Seat 3: Dr. Fvinagre ($6.32 in chips) 
Seat 4: b2k-Snick ($122.49 in chips) 
Seat 5: Palacios777 ($100 in chips) 
Seat 6: poker_soul11 ($102 in chips) 
tobeblack: posts small blind $0.50
MrZoooom: posts big blind $1
*** HOLE CARDS ***
Dr. Fvinagre: raises $5.32 to $6.32 and is all-in
b2k-Snick: folds 
Palacios777: folds 
poker_soul11: folds 
tobeblack: raises $9.64 to $15.96
MrZoooom: folds 
Uncalled bet ($9.64) returned to tobeblack
*** FLOP *** [8h 9c Qh]
*** TURN *** [8h 9c Qh] [Qd]
*** RIVER *** [8h 9c Qh Qd] [Ad]
*** SHOW DOWN ***
tobeblack: shows [Th Ts] (two pair, Queens and Tens)
Dr. Fvinagre: shows [Jc Qc] (three of a kind, Queens)
Dr. Fvinagre cashed out the hand for $5.98 | Cash Out Fee $0.12
*** SUMMARY ***
Total pot $13.64 | Rake $0.68 
Board [8h 9c Qh Qd Ad]
Seat 1: tobeblack (small blind) showed [Th Ts] and lost with two pair, Queens and Tens
Seat 2: MrZoooom (big blind) folded before Flop
Seat 3: Dr. Fvinagre showed [Jc Qc] and won ($12.96) with three of a kind, Queens (pot not awarded as player cashed out)
Seat 4: b2k-Snick folded before Flop (didn't bet)
Seat 5: Palacios777 folded before Flop (didn't bet)
Seat 6: poker_soul11 (button) folded before Flop (didn't bet)



PokerStars Hand #254211261515:  Hold'em No Limit ($0.50/$1.00 USD) - 2025/01/05 17:41:03 WET [2025/01/05 12:41:03 ET]
Table 'Colocolo' 6-max Seat #1 is the button
Seat 1: tobeblack ($100 in chips) 
Seat 2: MrZoooom ($61.26 in chips) 
Seat 3: Dr. Fvinagre ($5.98 in chips) 
Seat 4: b2k-Snick ($122.49 in chips) 
Seat 5: Palacios777 ($100 in chips) 
Seat 6: poker_soul11 ($102 in chips) 
MrZoooom: posts small blind $0.50
Dr. Fvinagre: posts big blind $1
*** HOLE CARDS ***
b2k-Snick: folds 
Palacios777: raises $1.50 to $2.50
poker_soul11: raises $5 to $7.50
tobeblack: calls $7.50
MrZoooom: folds 
Dr. Fvinagre: folds 
Palacios777: folds 
*** FLOP *** [Kh 4h 9d]
poker_soul11: checks 
tobeblack: checks 
*** TURN *** [Kh 4h 9d] [6h]
poker_soul11: checks 
tobeblack: bets $3.03
poker_soul11: calls $3.03
*** RIVER *** [Kh 4h 9d 6h] [Tc]
poker_soul11: checks 
tobeblack: checks 
*** SHOW DOWN ***
poker_soul11: shows [Ad Ac] (a pair of Aces)
tobeblack: mucks hand 
poker_soul11 collected $23.81 from pot
*** SUMMARY ***
Total pot $25.06 | Rake $1.25 
Board [Kh 4h 9d 6h Tc]
Seat 1: tobeblack (button) mucked
Seat 2: MrZoooom (small blind) folded before Flop
Seat 3: Dr. Fvinagre (big blind) folded before Flop
Seat 4: b2k-Snick folded before Flop (didn't bet)
Seat 5: Palacios777 folded before Flop
Seat 6: poker_soul11 showed [Ad Ac] and won ($23.81) with a pair of Aces



PokerStars Hand #254211282941:  Hold'em No Limit ($0.50/$1.00 USD) - 2025/01/05 17:42:01 WET [2025/01/05 12:42:01 ET]
Table 'Colocolo' 6-max Seat #2 is the button
Seat 1: tobeblack ($100 in chips) 
Seat 2: MrZoooom ($60.76 in chips) 
Seat 3: Dr. Fvinagre ($4.98 in chips) 
Seat 4: b2k-Snick ($122.49 in chips) 
Seat 5: Palacios777 ($100 in chips) 
Seat 6: poker_soul11 ($115.28 in chips) 
Dr. Fvinagre: posts small blind $0.50
b2k-Snick: posts big blind $1
*** HOLE CARDS ***
Palacios777: folds 
poker_soul11: folds 
tobeblack: folds 
MrZoooom: folds 
Dr. Fvinagre: raises $3.98 to $4.98 and is all-in
b2k-Snick: calls $3.98
*** FLOP *** [Tc 5c 7s]
*** TURN *** [Tc 5c 7s] [Th]
*** RIVER *** [Tc 5c 7s Th] [As]
*** SHOW DOWN ***
Dr. Fvinagre: shows [8c 8s] (two pair, Tens and Eights)
b2k-Snick: shows [Jh 9h] (a pair of Tens)
Dr. Fvinagre collected $9.46 from pot
*** SUMMARY ***
Total pot $9.96 | Rake $0.50 
Board [Tc 5c 7s Th As]
Seat 1: tobeblack folded before Flop (didn't bet)
Seat 2: MrZoooom (button) folded before Flop (didn't bet)
Seat 3: Dr. Fvinagre (small blind) showed [8c 8s] and won ($9.46) with two pair, Tens and Eights
Seat 4: b2k-Snick (big blind) showed [Jh 9h] and lost with a pair of Tens
Seat 5: Palacios777 folded before Flop (didn't bet)
Seat 6: poker_soul11 folded before Flop (didn't bet)



PokerStars Hand #254211295566:  Hold'em No Limit ($0.50/$1.00 USD) - 2025/01/05 17:42:36 WET [2025/01/05 12:42:36 ET]
Table 'Colocolo' 6-max Seat #3 is the button
Seat 1: tobeblack ($100 in chips) 
Seat 2: MrZoooom ($60.76 in chips) 
Seat 3: Dr. Fvinagre ($9.46 in chips) 
Seat 4: b2k-Snick ($117.51 in chips) 
Seat 5: Palacios777 ($100 in chips) 
Seat 6: poker_soul11 ($115.28 in chips) 
b2k-Snick: posts small blind $0.50
Palacios777: posts big blind $1
*** HOLE CARDS ***
poker_soul11: folds 
tobeblack: raises $1 to $2
MrZoooom: folds 
Dr. Fvinagre: folds 
Dr. Fvinagre leaves the table
b2k-Snick: folds 
Palacios777: folds 
Uncalled bet ($1) returned to tobeblack
tobeblack collected $2.50 from pot
tobeblack: doesn't show hand 
*** SUMMARY ***
Total pot $2.50 | Rake $0 
Seat 1: tobeblack collected ($2.50)
Seat 2: MrZoooom folded before Flop (didn't bet)
Seat 3: Dr. Fvinagre (button) folded before Flop (didn't bet)
Seat 4: b2k-Snick (small blind) folded before Flop
Seat 5: Palacios777 (big blind) folded before Flop
Seat 6: poker_soul11 folded before Flop (didn't bet)



PokerStars Hand #254211302007:  Hold'em No Limit ($0.50/$1.00 USD) - 2025/01/05 17:42:54 WET [2025/01/05 12:42:54 ET]
Table 'Colocolo' 6-max Seat #4 is the button
Seat 1: tobeblack ($101.50 in chips) 
Seat 2: MrZoooom ($60.76 in chips) 
Seat 4: b2k-Snick ($117.01 in chips) 
Seat 5: Palacios777 ($100 in chips) 
Seat 6: poker_soul11 ($115.28 in chips) 
Palacios777: posts small blind $0.50
poker_soul11: posts big blind $1
*** HOLE CARDS ***
sta$igk joins the table at seat #3 
tobeblack: folds 
MrZoooom: folds 
b2k-Snick: raises $1.50 to $2.50
Palacios777: raises $8.50 to $11
poker_soul11: folds 
b2k-Snick: raises $11.50 to $22.50
Palacios777: folds 
Uncalled bet ($11.50) returned to b2k-Snick
b2k-Snick collected $23 from pot
b2k-Snick: doesn't show hand 
*** SUMMARY ***
Total pot $23 | Rake $0 
Seat 1: tobeblack folded before Flop (didn't bet)
Seat 2: MrZoooom folded before Flop (didn't bet)
Seat 4: b2k-Snick (button) collected ($23)
Seat 5: Palacios777 (small blind) folded before Flop
Seat 6: poker_soul11 (big blind) folded before Flop



PokerStars Hand #254211326354:  Hold'em No Limit ($0.50/$1.00 USD) - 2025/01/05 17:44:00 WET [2025/01/05 12:44:00 ET]
Table 'Colocolo' 6-max Seat #5 is the button
Seat 3: sta$igk ($100 in chips) is sitting out
Seat 1: tobeblack ($101.50 in chips) 
Seat 2: MrZoooom ($60.76 in chips) 
Seat 4: b2k-Snick ($129.01 in chips) 
Seat 5: Palacios777 ($100 in chips) 
Seat 6: poker_soul11 ($114.28 in chips) 
poker_soul11: posts small blind $0.50
tobeblack: posts big blind $1
sta$igk: sits out 
*** HOLE CARDS ***
MrZoooom: folds 
b2k-Snick: folds 
Palacios777: folds 
poker_soul11: raises $2 to $3
tobeblack: calls $2
*** FLOP *** [7h 8h As]
poker_soul11: checks 
tobeblack: bets $2.85
poker_soul11: calls $2.85
*** TURN *** [7h 8h As] [Jd]
poker_soul11: checks 
tobeblack: bets $5.56
poker_soul11: calls $5.56
*** RIVER *** [7h 8h As Jd] [5h]
poker_soul11: checks 
tobeblack: bets $21.68
poker_soul11: folds 
Uncalled bet ($21.68) returned to tobeblack
tobeblack collected $21.68 from pot
tobeblack: doesn't show hand 
*** SUMMARY ***
Total pot $22.82 | Rake $1.14 
Board [7h 8h As Jd 5h]
Seat 3: sta$igk
Seat 1: tobeblack (big blind) collected ($21.68)
Seat 2: MrZoooom folded before Flop (didn't bet)
Seat 4: b2k-Snick folded before Flop (didn't bet)
Seat 5: Palacios777 (button) folded before Flop (didn't bet)
Seat 6: poker_soul11 (small blind) folded on the River



PokerStars Hand #254211344882:  Hold'em No Limit ($0.50/$1.00 USD) - 2025/01/05 17:44:50 WET [2025/01/05 12:44:50 ET]
Table 'Colocolo' 6-max Seat #6 is the button
Seat 3: sta$igk ($100 in chips) is sitting out
Seat 1: tobeblack ($111.77 in chips) 
Seat 2: MrZoooom ($60.76 in chips) 
Seat 4: b2k-Snick ($129.01 in chips) 
Seat 5: Palacios777 ($100 in chips) 
Seat 6: poker_soul11 ($102.87 in chips) 
tobeblack: posts small blind $0.50
MrZoooom: posts big blind $1
sta$igk: sits out 
*** HOLE CARDS ***
b2k-Snick: raises $1.50 to $2.50
Palacios777: raises $5 to $7.50
poker_soul11: folds 
tobeblack: folds 
MrZoooom: folds 
b2k-Snick: raises $13.50 to $21
Palacios777: calls $13.50
*** FLOP *** [7h 6c 7d]
b2k-Snick: bets $10
Palacios777: calls $10
*** TURN *** [7h 6c 7d] [Kc]
b2k-Snick: bets $14
Palacios777: calls $14
*** RIVER *** [7h 6c 7d Kc] [3c]
b2k-Snick: bets $9
Palacios777: raises $46 to $55 and is all-in
b2k-Snick: calls $46
*** SHOW DOWN ***
Palacios777: shows [Ah Ac] (two pair, Aces and Sevens)
b2k-Snick: shows [Qh Qd] (two pair, Queens and Sevens)
Palacios777 collected $199 from pot
*** SUMMARY ***
Total pot $201.50 | Rake $2.50 
Board [7h 6c 7d Kc 3c]
Seat 3: sta$igk
Seat 1: tobeblack (small blind) folded before Flop
Seat 2: MrZoooom (big blind) folded before Flop
Seat 4: b2k-Snick showed [Qh Qd] and lost with two pair, Queens and Sevens
Seat 5: Palacios777 showed [Ah Ac] and won ($199) with two pair, Aces and Sevens
Seat 6: poker_soul11 (button) folded before Flop (didn't bet)



PokerStars Hand #254211396938:  Hold'em No Limit ($0.50/$1.00 USD) - 2025/01/05 17:47:12 WET [2025/01/05 12:47:12 ET]
Table 'Colocolo' 6-max Seat #1 is the button
Seat 1: tobeblack ($111.27 in chips) 
Seat 2: MrZoooom ($59.76 in chips) 
Seat 3: sta$igk ($100 in chips) 
Seat 4: b2k-Snick ($100 in chips) 
Seat 5: Palacios777 ($199 in chips) 
Seat 6: poker_soul11 ($102.87 in chips) 
MrZoooom: posts small blind $0.50
sta$igk: posts big blind $1
*** HOLE CARDS ***
b2k-Snick: raises $1.10 to $2.10
Palacios777: folds 
poker_soul11: folds 
tobeblack: raises $5.70 to $7.80
MrZoooom: folds 
sta$igk: folds 
b2k-Snick: folds 
Uncalled bet ($5.70) returned to tobeblack
tobeblack collected $5.70 from pot
tobeblack: doesn't show hand 
*** SUMMARY ***
Total pot $5.70 | Rake $0 
Seat 1: tobeblack (button) collected ($5.70)
Seat 2: MrZoooom (small blind) folded before Flop
Seat 3: sta$igk (big blind) folded before Flop
Seat 4: b2k-Snick folded before Flop
Seat 5: Palacios777 folded before Flop (didn't bet)
Seat 6: poker_soul11 folded before Flop (didn't bet)



PokerStars Hand #254211409785:  Hold'em No Limit ($0.50/$1.00 USD) - 2025/01/05 17:47:47 WET [2025/01/05 12:47:47 ET]
Table 'Colocolo' 6-max Seat #2 is the button
Seat 1: tobeblack ($114.87 in chips) 
Seat 2: MrZoooom ($59.26 in chips) 
Seat 3: sta$igk ($100 in chips) 
Seat 4: b2k-Snick ($100 in chips) 
Seat 5: Palacios777 ($199 in chips) 
Seat 6: poker_soul11 ($102.87 in chips) 
sta$igk: posts small blind $0.50
b2k-Snick: posts big blind $1
*** HOLE CARDS ***
Palacios777: folds 
poker_soul11: folds 
tobeblack: raises $1 to $2
MrZoooom: folds 
sta$igk: folds 
b2k-Snick: calls $1
*** FLOP *** [4c 6c 3s]
b2k-Snick: checks 
tobeblack: bets $3.28
b2k-Snick: raises $6.72 to $10
tobeblack: calls $6.72
*** TURN *** [4c 6c 3s] [5d]
b2k-Snick: bets $16.50
tobeblack: raises $16.50 to $33
b2k-Snick: calls $16.50
*** RIVER *** [4c 6c 3s 5d] [4d]
b2k-Snick: checks 
tobeblack: checks 
*** SHOW DOWN ***
b2k-Snick: shows [7s Ts] (a straight, Three to Seven)
tobeblack: shows [7h 7c] (a straight, Three to Seven)
b2k-Snick collected $44 from pot
tobeblack collected $44 from pot
*** SUMMARY ***
Total pot $90.50 | Rake $2.50 
Board [4c 6c 3s 5d 4d]
Seat 1: tobeblack showed [7h 7c] and won ($44) with a straight, Three to Seven
Seat 2: MrZoooom (button) folded before Flop (didn't bet)
Seat 3: sta$igk (small blind) folded before Flop
Seat 4: b2k-Snick (big blind) showed [7s Ts] and won ($44) with a straight, Three to Seven
Seat 5: Palacios777 folded before Flop (didn't bet)
Seat 6: poker_soul11 folded before Flop (didn't bet)



PokerStars Hand #254211433442:  Hold'em No Limit ($0.50/$1.00 USD) - 2025/01/05 17:48:53 WET [2025/01/05 12:48:53 ET]
Table 'Colocolo' 6-max Seat #3 is the button
Seat 1: tobeblack ($113.87 in chips) 
Seat 2: MrZoooom ($59.26 in chips) 
Seat 3: sta$igk ($100 in chips) 
Seat 4: b2k-Snick ($100 in chips) 
Seat 5: Palacios777 ($199 in chips) 
Seat 6: poker_soul11 ($102.87 in chips) 
b2k-Snick: posts small blind $0.50
Palacios777: posts big blind $1
*** HOLE CARDS ***
poker_soul11: folds 
tobeblack: folds 
MrZoooom: folds 
sta$igk: folds 
b2k-Snick: raises $2 to $3
Palacios777: raises $6 to $9
b2k-Snick: raises $15 to $24
Palacios777: calls $15
*** FLOP *** [Kc 9h 7s]
b2k-Snick: bets $11
Palacios777: folds 
Uncalled bet ($11) returned to b2k-Snick
b2k-Snick collected $45.60 from pot
b2k-Snick: doesn't show hand 
*** SUMMARY ***
Total pot $48 | Rake $2.40 
Board [Kc 9h 7s]
Seat 1: tobeblack folded before Flop (didn't bet)
Seat 2: MrZoooom folded before Flop (didn't bet)
Seat 3: sta$igk (button) folded before Flop (didn't bet)
Seat 4: b2k-Snick (small blind) collected ($45.60)
Seat 5: Palacios777 (big blind) folded on the Flop
Seat 6: poker_soul11 folded before Flop (didn't bet)



PokerStars Hand #254211465719:  Hold'em No Limit ($0.50/$1.00 USD) - 2025/01/05 17:50:24 WET [2025/01/05 12:50:24 ET]
Table 'Colocolo' 6-max Seat #4 is the button
Seat 1: tobeblack ($113.87 in chips) 
Seat 2: MrZoooom ($59.26 in chips) 
Seat 3: sta$igk ($100 in chips) 
Seat 4: b2k-Snick ($121.60 in chips) 
Seat 5: Palacios777 ($175 in chips) 
Seat 6: poker_soul11 ($102.87 in chips) 
Palacios777: posts small blind $0.50
poker_soul11: posts big blind $1
*** HOLE CARDS ***
tobeblack: raises $1 to $2
MrZoooom: calls $2
sta$igk: folds 
b2k-Snick: folds 
Palacios777: folds 
poker_soul11: folds 
*** FLOP *** [8h 7d 7s]
tobeblack: bets $2.61
MrZoooom: calls $2.61
*** TURN *** [8h 7d 7s] [Qd]
tobeblack: bets $5.09
MrZoooom: calls $5.09
*** RIVER *** [8h 7d 7s Qd] [8d]
tobeblack: checks 
MrZoooom: bets $9
tobeblack: folds 
Uncalled bet ($9) returned to MrZoooom
MrZoooom collected $19.86 from pot
MrZoooom: doesn't show hand 
*** SUMMARY ***
Total pot $20.90 | Rake $1.04 
Board [8h 7d 7s Qd 8d]
Seat 1: tobeblack folded on the River
Seat 2: MrZoooom collected ($19.86)
Seat 3: sta$igk folded before Flop (didn't bet)
Seat 4: b2k-Snick (button) folded before Flop (didn't bet)
Seat 5: Palacios777 (small blind) folded before Flop
Seat 6: poker_soul11 (big blind) folded before Flop



PokerStars Hand #254211480610:  Hold'em No Limit ($0.50/$1.00 USD) - 2025/01/05 17:51:06 WET [2025/01/05 12:51:06 ET]
Table 'Colocolo' 6-max Seat #5 is the button
Seat 1: tobeblack ($104.17 in chips) 
Seat 2: MrZoooom ($69.42 in chips) 
Seat 3: sta$igk ($100 in chips) 
Seat 4: b2k-Snick ($121.60 in chips) 
Seat 5: Palacios777 ($174.50 in chips) 
Seat 6: poker_soul11 ($101.87 in chips) 
poker_soul11: posts small blind $0.50
tobeblack: posts big blind $1
*** HOLE CARDS ***
MrZoooom: folds 
sta$igk: folds 
b2k-Snick: folds 
Palacios777: folds 
poker_soul11: raises $2 to $3
tobeblack: folds 
Uncalled bet ($2) returned to poker_soul11
poker_soul11 collected $2 from pot
poker_soul11: doesn't show hand 
*** SUMMARY ***
Total pot $2 | Rake $0 
Seat 1: tobeblack (big blind) folded before Flop
Seat 2: MrZoooom folded before Flop (didn't bet)
Seat 3: sta$igk folded before Flop (didn't bet)
Seat 4: b2k-Snick folded before Flop (didn't bet)
Seat 5: Palacios777 (button) folded before Flop (didn't bet)
Seat 6: poker_soul11 (small blind) collected ($2)



PokerStars Hand #254211489598:  Hold'em No Limit ($0.50/$1.00 USD) - 2025/01/05 17:51:31 WET [2025/01/05 12:51:31 ET]
Table 'Colocolo' 6-max Seat #6 is the button
Seat 2: MrZoooom ($69.42 in chips) is sitting out
Seat 3: sta$igk ($100 in chips) is sitting out
Seat 1: tobeblack ($103.17 in chips) 
Seat 4: b2k-Snick ($121.60 in chips) 
Seat 5: Palacios777 ($174.50 in chips) 
Seat 6: poker_soul11 ($102.87 in chips) 
tobeblack: posts small blind $0.50
MrZoooom: is sitting out 
sta$igk: is sitting out 
b2k-Snick: posts big blind $1
*** HOLE CARDS ***
sta$igk leaves the table
Palacios777: folds 
poker_soul11: folds 
tobeblack: raises $1 to $2
kars0n joins the table at seat #3 
b2k-Snick: calls $1
*** FLOP *** [7s Qh Jd]
tobeblack: checks 
b2k-Snick: checks 
*** TURN *** [7s Qh Jd] [Ad]
tobeblack: bets $1.90
MrZoooom leaves the table
b2k-Snick: folds 
Uncalled bet ($1.90) returned to tobeblack
tobeblack collected $3.80 from pot
tobeblack: doesn't show hand 
*** SUMMARY ***
Total pot $4 | Rake $0.20 
Board [7s Qh Jd Ad]
Seat 2: MrZoooom
Seat 3: sta$igk
Seat 1: tobeblack (small blind) collected ($3.80)
Seat 4: b2k-Snick (big blind) folded on the Turn
Seat 5: Palacios777 folded before Flop (didn't bet)
Seat 6: poker_soul11 (button) folded before Flop (didn't bet)



PokerStars Hand #254211505006:  Hold'em No Limit ($0.50/$1.00 USD) - 2025/01/05 17:52:14 WET [2025/01/05 12:52:14 ET]
Table 'Colocolo' 6-max Seat #1 is the button
Seat 3: kars0n ($100 in chips) is sitting out
Seat 5: Palacios777 ($174.50 in chips) is sitting out
Seat 1: tobeblack ($104.97 in chips) 
Seat 4: b2k-Snick ($119.60 in chips) 
Seat 6: poker_soul11 ($102.87 in chips) 
b2k-Snick: posts small blind $0.50
Palacios777: is sitting out 
poker_soul11: posts big blind $1
*** HOLE CARDS ***
tobeblack: folds 
b2k-Snick: raises $2 to $3
poker_soul11: folds 
Uncalled bet ($2) returned to b2k-Snick
b2k-Snick collected $2 from pot
b2k-Snick: doesn't show hand 
*** SUMMARY ***
Total pot $2 | Rake $0 
Seat 3: kars0n
Seat 5: Palacios777
Seat 1: tobeblack (button) folded before Flop (didn't bet)
Seat 4: b2k-Snick (small blind) collected ($2)
Seat 6: poker_soul11 (big blind) folded before Flop



PokerStars Hand #254211509562:  Hold'em No Limit ($0.50/$1.00 USD) - 2025/01/05 17:52:27 WET [2025/01/05 12:52:27 ET]
Table 'Colocolo' 6-max Seat #4 is the button
Seat 3: kars0n ($100 in chips) is sitting out
Seat 5: Palacios777 ($174.50 in chips) is sitting out
Seat 1: tobeblack ($104.97 in chips) 
Seat 4: b2k-Snick ($120.60 in chips) 
Seat 6: poker_soul11 ($101.87 in chips) 
poker_soul11: posts small blind $0.50
tobeblack: posts big blind $1
kars0n: sits out 
*** HOLE CARDS ***
b2k-Snick: folds 
poker_soul11: folds 
Uncalled bet ($0.50) returned to tobeblack
tobeblack collected $1 from pot
tobeblack: doesn't show hand 
*** SUMMARY ***
Total pot $1 | Rake $0 
Seat 3: kars0n
Seat 5: Palacios777
Seat 1: tobeblack (big blind) collected ($1)
Seat 4: b2k-Snick (button) folded before Flop (didn't bet)
Seat 6: poker_soul11 (small blind) folded before Flop



PokerStars Hand #254211513359:  Hold'em No Limit ($0.50/$1.00 USD) - 2025/01/05 17:52:37 WET [2025/01/05 12:52:37 ET]
Table 'Colocolo' 6-max Seat #6 is the button
Seat 5: Palacios777 ($174.50 in chips) is sitting out
Seat 1: tobeblack ($105.47 in chips) 
Seat 3: kars0n ($100 in chips) 
Seat 4: b2k-Snick ($120.60 in chips) 
Seat 6: poker_soul11 ($101.37 in chips) 
tobeblack: posts small blind $0.50
kars0n: posts big blind $1
*** HOLE CARDS ***
b2k-Snick: folds 
poker_soul11: folds 
tobeblack: folds 
Uncalled bet ($0.50) returned to kars0n
kars0n collected $1 from pot
kars0n: doesn't show hand 
Christianzt1 joins the table at seat #2 
*** SUMMARY ***
Total pot $1 | Rake $0 
Seat 5: Palacios777
Seat 1: tobeblack (small blind) folded before Flop
Seat 3: kars0n (big blind) collected ($1)
Seat 4: b2k-Snick folded before Flop (didn't bet)
Seat 6: poker_soul11 (button) folded before Flop (didn't bet)



PokerStars Hand #254211518030:  Hold'em No Limit ($0.50/$1.00 USD) - 2025/01/05 17:52:50 WET [2025/01/05 12:52:50 ET]
Table 'Colocolo' 6-max Seat #1 is the button
Seat 2: Christianzt1 ($100 in chips) is sitting out
Seat 5: Palacios777 ($174.50 in chips) is sitting out
Seat 1: tobeblack ($104.97 in chips) 
Seat 3: kars0n ($100.50 in chips) 
Seat 4: b2k-Snick ($120.60 in chips) 
Seat 6: poker_soul11 ($101.37 in chips) 
kars0n: posts small blind $0.50
b2k-Snick: posts big blind $1
*** HOLE CARDS ***
poker_soul11: folds 
tobeblack: folds 
kars0n: folds 
Uncalled bet ($0.50) returned to b2k-Snick
b2k-Snick collected $1 from pot
b2k-Snick: doesn't show hand 
*** SUMMARY ***
Total pot $1 | Rake $0 
Seat 2: Christianzt1
Seat 5: Palacios777
Seat 1: tobeblack (button) folded before Flop (didn't bet)
Seat 3: kars0n (small blind) folded before Flop
Seat 4: b2k-Snick (big blind) collected ($1)
Seat 6: poker_soul11 folded before Flop (didn't bet)



PokerStars Hand #254211521622:  Hold'em No Limit ($0.50/$1.00 USD) - 2025/01/05 17:53:00 WET [2025/01/05 12:53:00 ET]
Table 'Colocolo' 6-max Seat #3 is the button
Seat 2: Christianzt1 ($100 in chips) is sitting out
Seat 5: Palacios777 ($174.50 in chips) is sitting out
Seat 1: tobeblack ($104.97 in chips) 
Seat 3: kars0n ($100 in chips) 
Seat 4: b2k-Snick ($121.10 in chips) 
Seat 6: poker_soul11 ($101.37 in chips) 
b2k-Snick: posts small blind $0.50
poker_soul11: posts big blind $1
Christianzt1: sits out 
*** HOLE CARDS ***
tobeblack: raises $2 to $3
kars0n: folds 
b2k-Snick: folds 
poker_soul11: folds 
Uncalled bet ($2) returned to tobeblack
tobeblack collected $2.50 from pot
tobeblack: doesn't show hand 
*** SUMMARY ***
Total pot $2.50 | Rake $0 
Seat 2: Christianzt1
Seat 5: Palacios777
Seat 1: tobeblack collected ($2.50)
Seat 3: kars0n (button) folded before Flop (didn't bet)
Seat 4: b2k-Snick (small blind) folded before Flop
Seat 6: poker_soul11 (big blind) folded before Flop



PokerStars Hand #254211530277:  Hold'em No Limit ($0.50/$1.00 USD) - 2025/01/05 17:53:24 WET [2025/01/05 12:53:24 ET]
Table 'Colocolo' 6-max Seat #4 is the button
Seat 2: Christianzt1 ($100 in chips) is sitting out
Seat 5: Palacios777 ($174.50 in chips) is sitting out
Seat 1: tobeblack ($106.47 in chips) 
Seat 3: kars0n ($100 in chips) 
Seat 4: b2k-Snick ($120.60 in chips) 
Seat 6: poker_soul11 ($100.37 in chips) 
poker_soul11: posts small blind $0.50
tobeblack: posts big blind $1
Christianzt1: sits out 
*** HOLE CARDS ***
kars0n: folds 
b2k-Snick: folds 
poker_soul11: raises $2 to $3
tobeblack: folds 
Uncalled bet ($2) returned to poker_soul11
poker_soul11 collected $2 from pot
poker_soul11: doesn't show hand 
*** SUMMARY ***
Total pot $2 | Rake $0 
Seat 2: Christianzt1
Seat 5: Palacios777
Seat 1: tobeblack (big blind) folded before Flop
Seat 3: kars0n folded before Flop (didn't bet)
Seat 4: b2k-Snick (button) folded before Flop (didn't bet)
Seat 6: poker_soul11 (small blind) collected ($2)



PokerStars Hand #254211538774:  Hold'em No Limit ($0.50/$1.00 USD) - 2025/01/05 17:53:48 WET [2025/01/05 12:53:48 ET]
Table 'Colocolo' 6-max Seat #6 is the button
Seat 5: Palacios777 ($174.50 in chips) is sitting out
Seat 1: tobeblack ($105.47 in chips) 
Seat 2: Christianzt1 ($100 in chips) 
Seat 3: kars0n ($100 in chips) 
Seat 4: b2k-Snick ($120.60 in chips) 
Seat 6: poker_soul11 ($101.37 in chips) 
tobeblack: posts small blind $0.50
Christianzt1: posts big blind $1
*** HOLE CARDS ***
kars0n: folds 
b2k-Snick: folds 
poker_soul11: folds 
tobeblack: raises $2 to $3
Christianzt1: folds 
Uncalled bet ($2) returned to tobeblack
tobeblack collected $2 from pot
tobeblack: doesn't show hand 
*** SUMMARY ***
Total pot $2 | Rake $0 
Seat 5: Palacios777
Seat 1: tobeblack (small blind) collected ($2)
Seat 2: Christianzt1 (big blind) folded before Flop
Seat 3: kars0n folded before Flop (didn't bet)
Seat 4: b2k-Snick folded before Flop (didn't bet)
Seat 6: poker_soul11 (button) folded before Flop (didn't bet)



PokerStars Hand #254211542494:  Hold'em No Limit ($0.50/$1.00 USD) - 2025/01/05 17:53:58 WET [2025/01/05 12:53:58 ET]
Table 'Colocolo' 6-max Seat #1 is the button
Seat 5: Palacios777 ($174.50 in chips) is sitting out
Seat 1: tobeblack ($106.47 in chips) 
Seat 2: Christianzt1 ($100 in chips) 
Seat 3: kars0n ($100 in chips) 
Seat 4: b2k-Snick ($120.60 in chips) 
Seat 6: poker_soul11 ($101.37 in chips) 
Christianzt1: posts small blind $0.50
kars0n: posts big blind $1
*** HOLE CARDS ***
b2k-Snick: folds 
poker_soul11: raises $1.20 to $2.20
tobeblack: raises $5.90 to $8.10
Christianzt1: folds 
kars0n: folds 
poker_soul11: folds 
Uncalled bet ($5.90) returned to tobeblack
tobeblack collected $5.90 from pot
tobeblack: doesn't show hand 
*** SUMMARY ***
Total pot $5.90 | Rake $0 
Seat 5: Palacios777
Seat 1: tobeblack (button) collected ($5.90)
Seat 2: Christianzt1 (small blind) folded before Flop
Seat 3: kars0n (big blind) folded before Flop
Seat 4: b2k-Snick folded before Flop (didn't bet)
Seat 6: poker_soul11 folded before Flop



PokerStars Hand #254211550703:  Hold'em No Limit ($0.50/$1.00 USD) - 2025/01/05 17:54:21 WET [2025/01/05 12:54:21 ET]
Table 'Colocolo' 6-max Seat #2 is the button
Seat 5: Palacios777 ($174.50 in chips) is sitting out
Seat 1: tobeblack ($110.17 in chips) 
Seat 2: Christianzt1 ($100 in chips) 
Seat 3: kars0n ($100 in chips) 
Seat 4: b2k-Snick ($120.60 in chips) 
Seat 6: poker_soul11 ($100 in chips) 
kars0n: posts small blind $0.50
b2k-Snick: posts big blind $1
*** HOLE CARDS ***
poker_soul11: raises $1.20 to $2.20
tobeblack: folds 
Christianzt1: folds 
kars0n: folds 
b2k-Snick: calls $1.20
*** FLOP *** [Ad 2d 7d]
tobeblack leaves the table
b2k-Snick: checks 
poker_soul11: bets $1.17
b2k-Snick: calls $1.17
*** TURN *** [Ad 2d 7d] [9d]
b2k-Snick: checks 
poker_soul11: checks 
*** RIVER *** [Ad 2d 7d 9d] [6d]
b2k-Snick: checks 
kars0n leaves the table
poker_soul11: checks 
*** SHOW DOWN ***
b2k-Snick: shows [8c Ac] (a flush, Ace high)
poker_soul11: shows [Th Tc] (a flush, Ace high)
b2k-Snick collected $3.44 from pot
poker_soul11 collected $3.44 from pot
*** SUMMARY ***
Total pot $7.24 | Rake $0.36 
Board [Ad 2d 7d 9d 6d]
Seat 5: Palacios777
Seat 1: tobeblack folded before Flop (didn't bet)
Seat 2: Christianzt1 (button) folded before Flop (didn't bet)
Seat 3: kars0n (small blind) folded before Flop
Seat 4: b2k-Snick (big blind) showed [8c Ac] and won ($3.44) with a flush, Ace high
Seat 6: poker_soul11 showed [Th Tc] and won ($3.44) with a flush, Ace high



PokerStars Hand #254211576529:  Hold'em No Limit ($0.50/$1.00 USD) - 2025/01/05 17:55:48 WET [2025/01/05 12:55:48 ET]
Table 'Colocolo' 6-max Seat #4 is the button
Seat 5: Palacios777 ($174.50 in chips) is sitting out
Seat 2: Christianzt1 ($100 in chips) 
Seat 4: b2k-Snick ($120.67 in chips) 
Seat 6: poker_soul11 ($100.07 in chips) 
poker_soul11: posts small blind $0.50
Christianzt1: posts big blind $1
*** HOLE CARDS ***
b2k-Snick: raises $1.50 to $2.50
poker_soul11: folds 
Christianzt1: calls $1.50
*** FLOP *** [Ad Ac 7d]
Christianzt1: checks 
Palacios777 leaves the table
b2k-Snick: bets $1.50
Christianzt1: calls $1.50
*** TURN *** [Ad Ac 7d] [6h]
Christianzt1: bets $2.02
b2k-Snick: calls $2.02
*** RIVER *** [Ad Ac 7d 6h] [9s]
Christianzt1: bets $1.19
b2k-Snick: raises $11.81 to $13
Christianzt1: raises $37 to $50
b2k-Snick: folds 
Uncalled bet ($37) returned to Christianzt1
Christianzt1 collected $37.54 from pot
*** SUMMARY ***
Total pot $38.54 | Rake $1 
Board [Ad Ac 7d 6h 9s]
Seat 5: Palacios777
Seat 2: Christianzt1 (big blind) collected ($37.54)
Seat 4: b2k-Snick (button) folded on the River
Seat 6: poker_soul11 (small blind) folded before Flop



PokerStars Hand #254211593684:  Hold'em No Limit ($0.50/$1.00 USD) - 2025/01/05 17:57:09 WET [2025/01/05 12:57:09 ET]
Table 'Colocolo' 6-max Seat #2 is the button
Seat 4: b2k-Snick ($101.65 in chips) is sitting out
Seat 2: Christianzt1 ($118.52 in chips) 
Seat 6: poker_soul11 ($100 in chips) 
Christianzt1: posts small blind $0.50
b2k-Snick: is sitting out 
poker_soul11: posts big blind $1
*** HOLE CARDS ***
Christianzt1: folds 
Uncalled bet ($0.50) returned to poker_soul11
poker_soul11 collected $1 from pot
poker_soul11: doesn't show hand 
b2k-Snick leaves the table
*** SUMMARY ***
Total pot $1 | Rake $0 
Seat 4: b2k-Snick
Seat 2: Christianzt1 (button) (small blind) folded before Flop
Seat 6: poker_soul11 (big blind) collected ($1)



