PokerStars Hand #254205073002:  Hold'em No Limit ($0.50/$1.00 USD) - 2025/01/05 9:43:53 WET [2025/01/05 4:43:53 ET]
Table 'Laodamia II' 6-max Seat #3 is the button
Seat 2: vannacasting ($95 in chips) is sitting out
Seat 5: avlee1 ($100 in chips) is sitting out
Seat 1: valmble ($18.52 in chips) 
Seat 3: Alinyr ($100 in chips) 
Seat 4: NikoPale ($104.98 in chips) 
Seat 6: Pon4uk.ua ($100 in chips) 
NikoPale: posts small blind $0.50
Pon4uk.ua: posts big blind $1
*** HOLE CARDS ***
valmble: folds 
Alinyr: raises $1.50 to $2.50
NikoPale: raises $8.50 to $11
Pon4uk.ua: folds 
Alinyr: folds 
Uncalled bet ($8.50) returned to NikoPale
NikoPale collected $6 from pot
NikoPale: doesn't show hand 
*** SUMMARY ***
Total pot $6 | Rake $0 
Seat 2: vannacasting
Seat 5: avlee1
Seat 1: valmble folded before Flop (didn't bet)
Seat 3: Alinyr (button) folded before Flop
Seat 4: NikoPale (small blind) collected ($6)
Seat 6: Pon4uk.ua (big blind) folded before Flop



PokerStars Hand #254205076120:  Hold'em No Limit ($0.50/$1.00 USD) - 2025/01/05 9:44:20 WET [2025/01/05 4:44:20 ET]
Table 'Laodamia II' 6-max Seat #4 is the button
Seat 1: valmble ($18.52 in chips) is sitting out
Seat 2: vannacasting ($95 in chips) is sitting out
Seat 5: avlee1 ($100 in chips) is sitting out
Seat 3: Alinyr ($100 in chips) 
Seat 4: NikoPale ($108.48 in chips) 
Seat 6: Pon4uk.ua ($100 in chips) 
Pon4uk.ua: posts small blind $0.50
valmble: is sitting out 
Alinyr: posts big blind $1
*** HOLE CARDS ***
NikoPale: folds 
Pon4uk.ua: raises $2 to $3
Alinyr: folds 
Uncalled bet ($2) returned to Pon4uk.ua
Pon4uk.ua collected $2 from pot
Pon4uk.ua: doesn't show hand 
*** SUMMARY ***
Total pot $2 | Rake $0 
Seat 1: valmble
Seat 2: vannacasting
Seat 5: avlee1
Seat 3: Alinyr (big blind) folded before Flop
Seat 4: NikoPale (button) folded before Flop (didn't bet)
Seat 6: Pon4uk.ua (small blind) collected ($2)



PokerStars Hand #254205078639:  Hold'em No Limit ($0.50/$1.00 USD) - 2025/01/05 9:44:41 WET [2025/01/05 4:44:41 ET]
Table 'Laodamia II' 6-max Seat #6 is the button
Seat 5: avlee1 ($100 in chips) is sitting out
Seat 1: valmble ($18.52 in chips) 
Seat 2: vannacasting ($95 in chips) 
Seat 3: Alinyr ($100 in chips) 
Seat 6: Pon4uk.ua ($101 in chips) 
valmble: posts small blind $0.50
vannacasting: posts big blind $1
*** HOLE CARDS ***
Alinyr: folds 
Pon4uk.ua: folds 
valmble: folds 
Uncalled bet ($0.50) returned to vannacasting
vannacasting collected $1 from pot
*** SUMMARY ***
Total pot $1 | Rake $0 
Seat 5: avlee1
Seat 1: valmble (small blind) folded before Flop
Seat 2: vannacasting (big blind) collected ($1)
Seat 3: Alinyr folded before Flop (didn't bet)
Seat 6: Pon4uk.ua (button) folded before Flop (didn't bet)



PokerStars Hand #254205080463:  Hold'em No Limit ($0.50/$1.00 USD) - 2025/01/05 9:44:57 WET [2025/01/05 4:44:57 ET]
Table 'Laodamia II' 6-max Seat #1 is the button
Seat 5: avlee1 ($100 in chips) is sitting out
Seat 1: valmble ($18.02 in chips) 
Seat 2: vannacasting ($95.50 in chips) 
Seat 3: Alinyr ($100 in chips) 
Seat 6: Pon4uk.ua ($101 in chips) 
vannacasting: posts small blind $0.50
Alinyr: posts big blind $1
*** HOLE CARDS ***
Pon4uk.ua: folds 
valmble: folds 
vannacasting: calls $0.50
value_ftw joins the table at seat #4 
Alinyr: checks 
*** FLOP *** [9c Jh Kc]
vannacasting: checks 
Alinyr: checks 
*** TURN *** [9c Jh Kc] [Th]
vannacasting: checks 
Alinyr: bets $1.43
vannacasting: calls $1.43
*** RIVER *** [9c Jh Kc Th] [4h]
vannacasting: checks 
Alinyr: bets $4.67
vannacasting: raises $13.96 to $18.63
Alinyr: folds 
Uncalled bet ($13.96) returned to vannacasting
vannacasting collected $13.49 from pot
*** SUMMARY ***
Total pot $14.20 | Rake $0.71 
Board [9c Jh Kc Th 4h]
Seat 5: avlee1
Seat 1: valmble (button) folded before Flop (didn't bet)
Seat 2: vannacasting (small blind) collected ($13.49)
Seat 3: Alinyr (big blind) folded on the River
Seat 6: Pon4uk.ua folded before Flop (didn't bet)



PokerStars Hand #254205085519:  Hold'em No Limit ($0.50/$1.00 USD) - 2025/01/05 9:45:40 WET [2025/01/05 4:45:40 ET]
Table 'Laodamia II' 6-max Seat #2 is the button
Seat 5: avlee1 ($100 in chips) is sitting out
Seat 1: valmble ($18.02 in chips) 
Seat 2: vannacasting ($101.89 in chips) 
Seat 3: Alinyr ($100 in chips) 
Seat 4: value_ftw ($100 in chips) 
Seat 6: Pon4uk.ua ($101 in chips) 
Alinyr: posts small blind $0.50
value_ftw: posts big blind $1
*** HOLE CARDS ***
Pon4uk.ua: folds 
valmble: folds 
vannacasting: folds 
Alinyr: folds 
Uncalled bet ($0.50) returned to value_ftw
value_ftw collected $1 from pot
value_ftw: doesn't show hand 
*** SUMMARY ***
Total pot $1 | Rake $0 
Seat 5: avlee1
Seat 1: valmble folded before Flop (didn't bet)
Seat 2: vannacasting (button) folded before Flop (didn't bet)
Seat 3: Alinyr (small blind) folded before Flop
Seat 4: value_ftw (big blind) collected ($1)
Seat 6: Pon4uk.ua folded before Flop (didn't bet)



PokerStars Hand #254205086895:  Hold'em No Limit ($0.50/$1.00 USD) - 2025/01/05 9:45:52 WET [2025/01/05 4:45:52 ET]
Table 'Laodamia II' 6-max Seat #3 is the button
Seat 5: avlee1 ($100 in chips) is sitting out
Seat 1: valmble ($18.02 in chips) 
Seat 2: vannacasting ($101.89 in chips) 
Seat 3: Alinyr ($100 in chips) 
Seat 4: value_ftw ($100.50 in chips) 
Seat 6: Pon4uk.ua ($101 in chips) 
value_ftw: posts small blind $0.50
Pon4uk.ua: posts big blind $1
*** HOLE CARDS ***
valmble: folds 
vannacasting: calls $1
Alinyr: folds 
value_ftw: folds 
Pon4uk.ua: checks 
*** FLOP *** [9s 7d 5d]
Pon4uk.ua: checks 
vannacasting: checks 
*** TURN *** [9s 7d 5d] [Ks]
Pon4uk.ua: checks 
vannacasting: bets $2.38
Pon4uk.ua: folds 
Uncalled bet ($2.38) returned to vannacasting
vannacasting collected $2.38 from pot
*** SUMMARY ***
Total pot $2.50 | Rake $0.12 
Board [9s 7d 5d Ks]
Seat 5: avlee1
Seat 1: valmble folded before Flop (didn't bet)
Seat 2: vannacasting collected ($2.38)
Seat 3: Alinyr (button) folded before Flop (didn't bet)
Seat 4: value_ftw (small blind) folded before Flop
Seat 6: Pon4uk.ua (big blind) folded on the Turn



PokerStars Hand #254205092366:  Hold'em No Limit ($0.50/$1.00 USD) - 2025/01/05 9:46:39 WET [2025/01/05 4:46:39 ET]
Table 'Laodamia II' 6-max Seat #4 is the button
Seat 1: valmble ($18.02 in chips) is sitting out
Seat 5: avlee1 ($100 in chips) is sitting out
Seat 2: vannacasting ($103.27 in chips) 
Seat 3: Alinyr ($100 in chips) 
Seat 4: value_ftw ($100 in chips) 
Seat 6: Pon4uk.ua ($100 in chips) 
Pon4uk.ua: posts small blind $0.50
valmble: is sitting out 
vannacasting: posts big blind $1
*** HOLE CARDS ***
valmble leaves the table
Alinyr: folds 
value_ftw: folds 
Pon4uk.ua: raises $1.75 to $2.75
vannacasting: folds 
Uncalled bet ($1.75) returned to Pon4uk.ua
Pon4uk.ua collected $2 from pot
Pon4uk.ua: doesn't show hand 
*** SUMMARY ***
Total pot $2 | Rake $0 
Seat 1: valmble
Seat 5: avlee1
Seat 2: vannacasting (big blind) folded before Flop
Seat 3: Alinyr folded before Flop (didn't bet)
Seat 4: value_ftw (button) folded before Flop (didn't bet)
Seat 6: Pon4uk.ua (small blind) collected ($2)



PokerStars Hand #254205095200:  Hold'em No Limit ($0.50/$1.00 USD) - 2025/01/05 9:47:03 WET [2025/01/05 4:47:03 ET]
Table 'Laodamia II' 6-max Seat #6 is the button
Seat 5: avlee1 ($100 in chips) is sitting out
Seat 2: vannacasting ($102.27 in chips) 
Seat 3: Alinyr ($100 in chips) 
Seat 4: value_ftw ($100 in chips) 
Seat 6: Pon4uk.ua ($101 in chips) 
vannacasting: posts small blind $0.50
Alinyr: posts big blind $1
*** HOLE CARDS ***
value_ftw: folds 
Pon4uk.ua: raises $1.50 to $2.50
vannacasting: folds 
Alinyr: folds 
Uncalled bet ($1.50) returned to Pon4uk.ua
vannacasting leaves the table
Pon4uk.ua collected $2.50 from pot
Pon4uk.ua: doesn't show hand 
*** SUMMARY ***
Total pot $2.50 | Rake $0 
Seat 5: avlee1
Seat 2: vannacasting (small blind) folded before Flop
Seat 3: Alinyr (big blind) folded before Flop
Seat 4: value_ftw folded before Flop (didn't bet)
Seat 6: Pon4uk.ua (button) collected ($2.50)



PokerStars Hand #254205097027:  Hold'em No Limit ($0.50/$1.00 USD) - 2025/01/05 9:47:18 WET [2025/01/05 4:47:18 ET]
Table 'Laodamia II' 6-max Seat #3 is the button
Seat 5: avlee1 ($100 in chips) is sitting out
Seat 3: Alinyr ($100 in chips) 
Seat 4: value_ftw ($100 in chips) 
Seat 6: Pon4uk.ua ($102.50 in chips) 
value_ftw: posts small blind $0.50
Pon4uk.ua: posts big blind $1
*** HOLE CARDS ***
Alinyr: raises $1.50 to $2.50
value_ftw: raises $8 to $10.50
Pon4uk.ua: folds 
Alinyr: calls $8
*** FLOP *** [As Th 3d]
value_ftw: bets $5.25
Alinyr: folds 
Uncalled bet ($5.25) returned to value_ftw
value_ftw collected $21 from pot
value_ftw: doesn't show hand 
*** SUMMARY ***
Total pot $22 | Rake $1 
Board [As Th 3d]
Seat 5: avlee1
Seat 3: Alinyr (button) folded on the Flop
Seat 4: value_ftw (small blind) collected ($21)
Seat 6: Pon4uk.ua (big blind) folded before Flop



