PokerStars Hand #254214478985:  Hold'em No Limit ($0.50/$1.00 USD) - 2025/01/05 19:42:21 WET [2025/01/05 14:42:21 ET]
Table 'Hekate III' 6-max Seat #2 is the button
Seat 1: kekoccc ($100 in chips) is sitting out
Seat 5: steelNike ($10 in chips) is sitting out
Seat 6: SorinS28 ($100 in chips) is sitting out
Seat 2: MrZoooom ($43.11 in chips) 
Seat 3: Fles_22_97 ($30.72 in chips) 
Seat 4: rao999 ($100 in chips) 
Fles_22_97: posts small blind $0.50
rao999: posts big blind $1
steelNike: sits out 
SorinS28: sits out 
kekoccc: sits out 
*** HOLE CARDS ***
MrZoooom: raises $2 to $3
Fles_22_97: folds 
rao999 has timed out
rao999: folds 
Uncalled bet ($2) returned to MrZoooom
MrZoooom collected $2.50 from pot
MrZoooom: doesn't show hand 
*** SUMMARY ***
Total pot $2.50 | Rake $0 
Seat 1: kekoccc
Seat 5: steelNike
Seat 6: SorinS28
Seat 2: MrZoooom (button) collected ($2.50)
Seat 3: Fles_22_97 (small blind) folded before Flop
Seat 4: rao999 (big blind) folded before Flop



PokerStars Hand #254214497150:  Hold'em No Limit ($0.50/$1.00 USD) - 2025/01/05 19:43:05 WET [2025/01/05 14:43:05 ET]
Table 'Hekate III' 6-max Seat #3 is the button
Seat 1: kekoccc ($100 in chips) is sitting out
Seat 4: rao999 ($100 in chips) is sitting out
Seat 5: steelNike ($10 in chips) is sitting out
Seat 6: SorinS28 ($100 in chips) is sitting out
Seat 2: MrZoooom ($44.61 in chips) 
Seat 3: Fles_22_97 ($30.22 in chips) 
Fles_22_97: posts small blind $0.50
MrZoooom: posts big blind $1
*** HOLE CARDS ***
Fles_22_97: folds 
Uncalled bet ($0.50) returned to MrZoooom
MrZoooom collected $1 from pot
MrZoooom: doesn't show hand 
*** SUMMARY ***
Total pot $1 | Rake $0 
Seat 1: kekoccc
Seat 4: rao999
Seat 5: steelNike
Seat 6: SorinS28
Seat 2: MrZoooom (big blind) collected ($1)
Seat 3: Fles_22_97 (button) (small blind) folded before Flop



PokerStars Hand #254214499930:  Hold'em No Limit ($0.50/$1.00 USD) - 2025/01/05 19:43:12 WET [2025/01/05 14:43:12 ET]
Table 'Hekate III' 6-max Seat #2 is the button
Seat 1: kekoccc ($100 in chips) is sitting out
Seat 4: rao999 ($100 in chips) is sitting out
Seat 6: SorinS28 ($100 in chips) is sitting out
Seat 2: MrZoooom ($45.11 in chips) 
Seat 3: Fles_22_97 ($29.72 in chips) 
Seat 5: steelNike ($10 in chips) 
Fles_22_97: posts small blind $0.50
steelNike: posts big blind $1
SorinS28: sits out 
kekoccc: sits out 
*** HOLE CARDS ***
MrZoooom: raises $2 to $3
Fles_22_97: folds 
steelNike: folds 
Uncalled bet ($2) returned to MrZoooom
MrZoooom collected $2.50 from pot
MrZoooom: doesn't show hand 
*** SUMMARY ***
Total pot $2.50 | Rake $0 
Seat 1: kekoccc
Seat 4: rao999
Seat 6: SorinS28
Seat 2: MrZoooom (button) collected ($2.50)
Seat 3: Fles_22_97 (small blind) folded before Flop
Seat 5: steelNike (big blind) folded before Flop



PokerStars Hand #254214504879:  Hold'em No Limit ($0.50/$1.00 USD) - 2025/01/05 19:43:24 WET [2025/01/05 14:43:24 ET]
Table 'Hekate III' 6-max Seat #3 is the button
Seat 1: kekoccc ($100 in chips) is sitting out
Seat 4: rao999 ($100 in chips) is sitting out
Seat 2: MrZoooom ($46.61 in chips) 
Seat 3: Fles_22_97 ($29.22 in chips) 
Seat 5: steelNike ($9 in chips) 
Seat 6: SorinS28 ($100 in chips) 
steelNike: posts small blind $0.50
SorinS28: posts big blind $1
kekoccc: sits out 
*** HOLE CARDS ***
MrZoooom: folds 
Fles_22_97: raises $2 to $3
steelNike: folds 
SorinS28: folds 
Uncalled bet ($2) returned to Fles_22_97
Fles_22_97 collected $2.50 from pot
*** SUMMARY ***
Total pot $2.50 | Rake $0 
Seat 1: kekoccc
Seat 4: rao999
Seat 2: MrZoooom folded before Flop (didn't bet)
Seat 3: Fles_22_97 (button) collected ($2.50)
Seat 5: steelNike (small blind) folded before Flop
Seat 6: SorinS28 (big blind) folded before Flop



PokerStars Hand #254214511638:  Hold'em No Limit ($0.50/$1.00 USD) - 2025/01/05 19:43:40 WET [2025/01/05 14:43:40 ET]
Table 'Hekate III' 6-max Seat #5 is the button
Seat 4: rao999 ($100 in chips) is sitting out
Seat 1: kekoccc ($100 in chips) 
Seat 2: MrZoooom ($46.61 in chips) 
Seat 3: Fles_22_97 ($30.72 in chips) 
Seat 5: steelNike ($23.50 in chips) 
Seat 6: SorinS28 ($100 in chips) 
SorinS28: posts small blind $0.50
kekoccc: posts big blind $1
*** HOLE CARDS ***
MrZoooom: folds 
Fles_22_97: calls $1
steelNike: folds 
SorinS28: folds 
kekoccc: checks 
*** FLOP *** [9d 2s 6s]
kekoccc: bets $2
Fles_22_97: folds 
Uncalled bet ($2) returned to kekoccc
kekoccc collected $2.38 from pot
kekoccc: doesn't show hand 
*** SUMMARY ***
Total pot $2.50 | Rake $0.12 
Board [9d 2s 6s]
Seat 4: rao999
Seat 1: kekoccc (big blind) collected ($2.38)
Seat 2: MrZoooom folded before Flop (didn't bet)
Seat 3: Fles_22_97 folded on the Flop
Seat 5: steelNike (button) folded before Flop (didn't bet)
Seat 6: SorinS28 (small blind) folded before Flop



PokerStars Hand #254214528737:  Hold'em No Limit ($0.50/$1.00 USD) - 2025/01/05 19:44:21 WET [2025/01/05 14:44:21 ET]
Table 'Hekate III' 6-max Seat #6 is the button
Seat 4: rao999 ($100 in chips) is sitting out
Seat 1: kekoccc ($101.38 in chips) 
Seat 2: MrZoooom ($46.61 in chips) 
Seat 3: Fles_22_97 ($29.72 in chips) 
Seat 5: steelNike ($23.50 in chips) 
Seat 6: SorinS28 ($100 in chips) 
kekoccc: posts small blind $0.50
MrZoooom: posts big blind $1
*** HOLE CARDS ***
Fles_22_97: folds 
steelNike: folds 
Fles_22_97 leaves the table
SorinS28: folds 
kekoccc: folds 
Uncalled bet ($0.50) returned to MrZoooom
MrZoooom collected $1 from pot
MrZoooom: doesn't show hand 
*** SUMMARY ***
Total pot $1 | Rake $0 
Seat 4: rao999
Seat 1: kekoccc (small blind) folded before Flop
Seat 2: MrZoooom (big blind) collected ($1)
Seat 3: Fles_22_97 folded before Flop (didn't bet)
Seat 5: steelNike folded before Flop (didn't bet)
Seat 6: SorinS28 (button) folded before Flop (didn't bet)



PokerStars Hand #254214534671:  Hold'em No Limit ($0.50/$1.00 USD) - 2025/01/05 19:44:36 WET [2025/01/05 14:44:36 ET]
Table 'Hekate III' 6-max Seat #1 is the button
Seat 4: rao999 ($100 in chips) is sitting out
Seat 1: kekoccc ($100.88 in chips) 
Seat 2: MrZoooom ($47.11 in chips) 
Seat 5: steelNike ($23.50 in chips) 
Seat 6: SorinS28 ($100 in chips) 
MrZoooom: posts small blind $0.50
steelNike: posts big blind $1
*** HOLE CARDS ***
SorinS28: folds 
kekoccc: folds 
MrZoooom: raises $1 to $2
steelNike: calls $1
*** FLOP *** [7d 9c Ah]
MrZoooom: checks 
ElviStar joins the table at seat #3 
steelNike: checks 
*** TURN *** [7d 9c Ah] [6c]
MrZoooom: bets $3
steelNike: calls $3
*** RIVER *** [7d 9c Ah 6c] [2s]
MrZoooom: bets $7
steelNike: folds 
Uncalled bet ($7) returned to MrZoooom
MrZoooom collected $9.50 from pot
MrZoooom: doesn't show hand 
*** SUMMARY ***
Total pot $10 | Rake $0.50 
Board [7d 9c Ah 6c 2s]
Seat 4: rao999
Seat 1: kekoccc (button) folded before Flop (didn't bet)
Seat 2: MrZoooom (small blind) collected ($9.50)
Seat 5: steelNike (big blind) folded on the River
Seat 6: SorinS28 folded before Flop (didn't bet)



PokerStars Hand #254214565317:  Hold'em No Limit ($0.50/$1.00 USD) - 2025/01/05 19:45:49 WET [2025/01/05 14:45:49 ET]
Table 'Hekate III' 6-max Seat #2 is the button
Seat 3: ElviStar ($25 in chips) is sitting out
Seat 4: rao999 ($100 in chips) is sitting out
Seat 1: kekoccc ($100.88 in chips) 
Seat 2: MrZoooom ($51.61 in chips) 
Seat 5: steelNike ($18.50 in chips) 
Seat 6: SorinS28 ($100 in chips) 
steelNike: posts small blind $0.50
SorinS28: posts big blind $1
*** HOLE CARDS ***
kekoccc: folds 
MrZoooom: raises $2 to $3
steelNike: folds 
SorinS28: calls $2
*** FLOP *** [3d 5c 9s]
SorinS28: checks 
MrZoooom: bets $4
SorinS28: folds 
Uncalled bet ($4) returned to MrZoooom
MrZoooom collected $6.18 from pot
MrZoooom: doesn't show hand 
*** SUMMARY ***
Total pot $6.50 | Rake $0.32 
Board [3d 5c 9s]
Seat 3: ElviStar
Seat 4: rao999
Seat 1: kekoccc folded before Flop (didn't bet)
Seat 2: MrZoooom (button) collected ($6.18)
Seat 5: steelNike (small blind) folded before Flop
Seat 6: SorinS28 (big blind) folded on the Flop



PokerStars Hand #254214583059:  Hold'em No Limit ($0.50/$1.00 USD) - 2025/01/05 19:46:31 WET [2025/01/05 14:46:31 ET]
Table 'Hekate III' 6-max Seat #5 is the button
Seat 1: kekoccc ($100.88 in chips) is sitting out
Seat 3: ElviStar ($25 in chips) is sitting out
Seat 4: rao999 ($100 in chips) is sitting out
Seat 2: MrZoooom ($54.79 in chips) 
Seat 5: steelNike ($25 in chips) 
Seat 6: SorinS28 ($100 in chips) 
SorinS28: posts small blind $0.50
kekoccc: is sitting out 
MrZoooom: posts big blind $1
ElviStar: sits out 
rao999: sits out 
*** HOLE CARDS ***
steelNike: folds 
SorinS28: folds 
Uncalled bet ($0.50) returned to MrZoooom
MrZoooom collected $1 from pot
MrZoooom: doesn't show hand 
*** SUMMARY ***
Total pot $1 | Rake $0 
Seat 1: kekoccc
Seat 3: ElviStar
Seat 4: rao999
Seat 2: MrZoooom (big blind) collected ($1)
Seat 5: steelNike (button) folded before Flop (didn't bet)
Seat 6: SorinS28 (small blind) folded before Flop



PokerStars Hand #254214587375:  Hold'em No Limit ($0.50/$1.00 USD) - 2025/01/05 19:46:41 WET [2025/01/05 14:46:41 ET]
Table 'Hekate III' 6-max Seat #6 is the button
Seat 1: kekoccc ($100.88 in chips) is sitting out
Seat 4: rao999 ($100 in chips) is sitting out
Seat 2: MrZoooom ($55.29 in chips) 
Seat 3: ElviStar ($25 in chips) 
Seat 5: steelNike ($25 in chips) 
Seat 6: SorinS28 ($100 in chips) 
MrZoooom: posts small blind $0.50
ElviStar: posts big blind $1
rao999: sits out 
*** HOLE CARDS ***
steelNike: folds 
SorinS28: folds 
MrZoooom: raises $2 to $3
ElviStar: calls $2
*** FLOP *** [3c Qd 7c]
MrZoooom: bets $3
ElviStar: folds 
Uncalled bet ($3) returned to MrZoooom
MrZoooom collected $5.70 from pot
MrZoooom: doesn't show hand 
*** SUMMARY ***
Total pot $6 | Rake $0.30 
Board [3c Qd 7c]
Seat 1: kekoccc
Seat 4: rao999
Seat 2: MrZoooom (small blind) collected ($5.70)
Seat 3: ElviStar (big blind) folded on the Flop
Seat 5: steelNike folded before Flop (didn't bet)
Seat 6: SorinS28 (button) folded before Flop (didn't bet)



PokerStars Hand #254214601896:  Hold'em No Limit ($0.50/$1.00 USD) - 2025/01/05 19:47:16 WET [2025/01/05 14:47:16 ET]
Table 'Hekate III' 6-max Seat #2 is the button
Seat 1: kekoccc ($100.88 in chips) is sitting out
Seat 4: rao999 ($100 in chips) is sitting out
Seat 2: MrZoooom ($57.99 in chips) 
Seat 3: ElviStar ($22 in chips) 
Seat 5: steelNike ($25 in chips) 
Seat 6: SorinS28 ($100 in chips) 
ElviStar: posts small blind $0.50
rao999: is sitting out 
steelNike: posts big blind $1
kekoccc: sits out 
*** HOLE CARDS ***
SorinS28: folds 
MrZoooom: raises $2 to $3
ElviStar: calls $2.50
steelNike: folds 
*** FLOP *** [Ac 3c 6h]
ElviStar: checks 
MrZoooom: bets $4
ElviStar: folds 
Uncalled bet ($4) returned to MrZoooom
MrZoooom collected $6.65 from pot
MrZoooom: doesn't show hand 
*** SUMMARY ***
Total pot $7 | Rake $0.35 
Board [Ac 3c 6h]
Seat 1: kekoccc
Seat 4: rao999
Seat 2: MrZoooom (button) collected ($6.65)
Seat 3: ElviStar (small blind) folded on the Flop
Seat 5: steelNike (big blind) folded before Flop
Seat 6: SorinS28 folded before Flop (didn't bet)



PokerStars Hand #254214616513:  Hold'em No Limit ($0.50/$1.00 USD) - 2025/01/05 19:47:51 WET [2025/01/05 14:47:51 ET]
Table 'Hekate III' 6-max Seat #3 is the button
Seat 1: kekoccc ($100.88 in chips) is sitting out
Seat 4: rao999 ($100 in chips) is sitting out
Seat 2: MrZoooom ($61.64 in chips) 
Seat 3: ElviStar ($19 in chips) 
Seat 5: steelNike ($24 in chips) 
Seat 6: SorinS28 ($100 in chips) 
steelNike: posts small blind $0.50
SorinS28: posts big blind $1
kekoccc: sits out 
*** HOLE CARDS ***
MrZoooom: folds 
ElviStar: folds 
steelNike: raises $1 to $2
SorinS28: calls $1
*** FLOP *** [Kc Kd 9d]
steelNike: bets $1
SorinS28: folds 
Uncalled bet ($1) returned to steelNike
steelNike collected $3.80 from pot
*** SUMMARY ***
Total pot $4 | Rake $0.20 
Board [Kc Kd 9d]
Seat 1: kekoccc
Seat 4: rao999
Seat 2: MrZoooom folded before Flop (didn't bet)
Seat 3: ElviStar (button) folded before Flop (didn't bet)
Seat 5: steelNike (small blind) collected ($3.80)
Seat 6: SorinS28 (big blind) folded on the Flop



PokerStars Hand #254214632957:  Hold'em No Limit ($0.50/$1.00 USD) - 2025/01/05 19:48:30 WET [2025/01/05 14:48:30 ET]
Table 'Hekate III' 6-max Seat #5 is the button
Seat 4: rao999 ($100 in chips) is sitting out
Seat 1: kekoccc ($100.88 in chips) 
Seat 2: MrZoooom ($61.64 in chips) 
Seat 3: ElviStar ($19 in chips) 
Seat 5: steelNike ($25.80 in chips) 
Seat 6: SorinS28 ($100 in chips) 
SorinS28: posts small blind $0.50
kekoccc: posts big blind $1
rao999: sits out 
*** HOLE CARDS ***
MrZoooom: folds 
ElviStar: folds 
steelNike: folds 
SorinS28: folds 
Uncalled bet ($0.50) returned to kekoccc
kekoccc collected $1 from pot
kekoccc: doesn't show hand 
*** SUMMARY ***
Total pot $1 | Rake $0 
Seat 4: rao999
Seat 1: kekoccc (big blind) collected ($1)
Seat 2: MrZoooom folded before Flop (didn't bet)
Seat 3: ElviStar folded before Flop (didn't bet)
Seat 5: steelNike (button) folded before Flop (didn't bet)
Seat 6: SorinS28 (small blind) folded before Flop



PokerStars Hand #254214637796:  Hold'em No Limit ($0.50/$1.00 USD) - 2025/01/05 19:48:42 WET [2025/01/05 14:48:42 ET]
Table 'Hekate III' 6-max Seat #6 is the button
Seat 4: rao999 ($100 in chips) is sitting out
Seat 1: kekoccc ($101.38 in chips) 
Seat 2: MrZoooom ($61.64 in chips) 
Seat 3: ElviStar ($19 in chips) 
Seat 5: steelNike ($25.80 in chips) 
Seat 6: SorinS28 ($100 in chips) 
kekoccc: posts small blind $0.50
MrZoooom: posts big blind $1
rao999: sits out 
*** HOLE CARDS ***
ElviStar: folds 
steelNike: folds 
SorinS28: folds 
kekoccc: folds 
Uncalled bet ($0.50) returned to MrZoooom
MrZoooom collected $1 from pot
MrZoooom: doesn't show hand 
*** SUMMARY ***
Total pot $1 | Rake $0 
Seat 4: rao999
Seat 1: kekoccc (small blind) folded before Flop
Seat 2: MrZoooom (big blind) collected ($1)
Seat 3: ElviStar folded before Flop (didn't bet)
Seat 5: steelNike folded before Flop (didn't bet)
Seat 6: SorinS28 (button) folded before Flop (didn't bet)



PokerStars Hand #254214643273:  Hold'em No Limit ($0.50/$1.00 USD) - 2025/01/05 19:48:55 WET [2025/01/05 14:48:55 ET]
Table 'Hekate III' 6-max Seat #1 is the button
Seat 4: rao999 ($100 in chips) is sitting out
Seat 1: kekoccc ($100.88 in chips) 
Seat 2: MrZoooom ($62.14 in chips) 
Seat 3: ElviStar ($19 in chips) 
Seat 5: steelNike ($25.80 in chips) 
Seat 6: SorinS28 ($100 in chips) 
MrZoooom: posts small blind $0.50
ElviStar: posts big blind $1
rao999: sits out 
*** HOLE CARDS ***
steelNike: folds 
SorinS28: folds 
kekoccc: raises $1.50 to $2.50
MrZoooom: raises $6.50 to $9
ElviStar: folds 
kekoccc: folds 
Uncalled bet ($6.50) returned to MrZoooom
MrZoooom collected $6 from pot
MrZoooom: doesn't show hand 
*** SUMMARY ***
Total pot $6 | Rake $0 
Seat 4: rao999
Seat 1: kekoccc (button) folded before Flop
Seat 2: MrZoooom (small blind) collected ($6)
Seat 3: ElviStar (big blind) folded before Flop
Seat 5: steelNike folded before Flop (didn't bet)
Seat 6: SorinS28 folded before Flop (didn't bet)



PokerStars Hand #254214651039:  Hold'em No Limit ($0.50/$1.00 USD) - 2025/01/05 19:49:14 WET [2025/01/05 14:49:14 ET]
Table 'Hekate III' 6-max Seat #2 is the button
Seat 1: kekoccc ($100 in chips) 
Seat 2: MrZoooom ($65.64 in chips) 
Seat 3: ElviStar ($18 in chips) 
Seat 4: rao999 ($100 in chips) 
Seat 5: steelNike ($25.80 in chips) 
Seat 6: SorinS28 ($100 in chips) 
ElviStar: posts small blind $0.50
rao999: posts big blind $1
*** HOLE CARDS ***
steelNike: raises $1 to $2
SorinS28: folds 
kekoccc: folds 
MrZoooom: folds 
ElviStar: folds 
rao999 has timed out
rao999: folds 
Uncalled bet ($1) returned to steelNike
steelNike collected $2.50 from pot
*** SUMMARY ***
Total pot $2.50 | Rake $0 
Seat 1: kekoccc folded before Flop (didn't bet)
Seat 2: MrZoooom (button) folded before Flop (didn't bet)
Seat 3: ElviStar (small blind) folded before Flop
Seat 4: rao999 (big blind) folded before Flop
Seat 5: steelNike collected ($2.50)
Seat 6: SorinS28 folded before Flop (didn't bet)



PokerStars Hand #254214663843:  Hold'em No Limit ($0.50/$1.00 USD) - 2025/01/05 19:49:45 WET [2025/01/05 14:49:45 ET]
Table 'Hekate III' 6-max Seat #3 is the button
Seat 1: kekoccc ($100 in chips) 
Seat 2: MrZoooom ($65.64 in chips) 
Seat 3: ElviStar ($17.50 in chips) 
Seat 4: rao999 ($100 in chips) 
Seat 5: steelNike ($27.30 in chips) 
Seat 6: SorinS28 ($100 in chips) 
rao999: posts small blind $0.50
steelNike: posts big blind $1
*** HOLE CARDS ***
SorinS28: folds 
kekoccc: folds 
MrZoooom: folds 
ElviStar: raises $1 to $2
rao999: folds 
steelNike: calls $1
*** FLOP *** [7s Ts 5h]
steelNike: checks 
ElviStar: bets $3
steelNike: folds 
Uncalled bet ($3) returned to ElviStar
ElviStar collected $4.28 from pot
*** SUMMARY ***
Total pot $4.50 | Rake $0.22 
Board [7s Ts 5h]
Seat 1: kekoccc folded before Flop (didn't bet)
Seat 2: MrZoooom folded before Flop (didn't bet)
Seat 3: ElviStar (button) collected ($4.28)
Seat 4: rao999 (small blind) folded before Flop
Seat 5: steelNike (big blind) folded on the Flop
Seat 6: SorinS28 folded before Flop (didn't bet)



PokerStars Hand #254214681353:  Hold'em No Limit ($0.50/$1.00 USD) - 2025/01/05 19:50:27 WET [2025/01/05 14:50:27 ET]
Table 'Hekate III' 6-max Seat #4 is the button
Seat 1: kekoccc ($100 in chips) 
Seat 2: MrZoooom ($65.64 in chips) 
Seat 3: ElviStar ($19.78 in chips) 
Seat 4: rao999 ($100 in chips) 
Seat 5: steelNike ($25.30 in chips) 
Seat 6: SorinS28 ($100 in chips) 
steelNike: posts small blind $0.50
SorinS28: posts big blind $1
*** HOLE CARDS ***
kekoccc: folds 
MrZoooom: folds 
ElviStar: folds 
rao999: raises $1.50 to $2.50
steelNike: folds 
SorinS28: folds 
Uncalled bet ($1.50) returned to rao999
rao999 collected $2.50 from pot
rao999: doesn't show hand 
*** SUMMARY ***
Total pot $2.50 | Rake $0 
Seat 1: kekoccc folded before Flop (didn't bet)
Seat 2: MrZoooom folded before Flop (didn't bet)
Seat 3: ElviStar folded before Flop (didn't bet)
Seat 4: rao999 (button) collected ($2.50)
Seat 5: steelNike (small blind) folded before Flop
Seat 6: SorinS28 (big blind) folded before Flop



PokerStars Hand #254214690495:  Hold'em No Limit ($0.50/$1.00 USD) - 2025/01/05 19:50:49 WET [2025/01/05 14:50:49 ET]
Table 'Hekate III' 6-max Seat #5 is the button
Seat 1: kekoccc ($100 in chips) 
Seat 2: MrZoooom ($65.64 in chips) 
Seat 3: ElviStar ($19.78 in chips) 
Seat 4: rao999 ($101.50 in chips) 
Seat 5: steelNike ($24.80 in chips) 
Seat 6: SorinS28 ($100 in chips) 
SorinS28: posts small blind $0.50
kekoccc: posts big blind $1
*** HOLE CARDS ***
MrZoooom: raises $2 to $3
ElviStar: calls $3
rao999: folds 
steelNike: folds 
SorinS28: folds 
kekoccc: folds 
*** FLOP *** [3h 8d 5c]
MrZoooom: checks 
ElviStar: bets $5
MrZoooom: folds 
Uncalled bet ($5) returned to ElviStar
ElviStar collected $7.12 from pot
*** SUMMARY ***
Total pot $7.50 | Rake $0.38 
Board [3h 8d 5c]
Seat 1: kekoccc (big blind) folded before Flop
Seat 2: MrZoooom folded on the Flop
Seat 3: ElviStar collected ($7.12)
Seat 4: rao999 folded before Flop (didn't bet)
Seat 5: steelNike (button) folded before Flop (didn't bet)
Seat 6: SorinS28 (small blind) folded before Flop



PokerStars Hand #254214708799:  Hold'em No Limit ($0.50/$1.00 USD) - 2025/01/05 19:51:33 WET [2025/01/05 14:51:33 ET]
Table 'Hekate III' 6-max Seat #6 is the button
Seat 1: kekoccc ($100 in chips) 
Seat 2: MrZoooom ($62.64 in chips) 
Seat 3: ElviStar ($23.90 in chips) 
Seat 4: rao999 ($101.50 in chips) 
Seat 5: steelNike ($24.80 in chips) 
Seat 6: SorinS28 ($100 in chips) 
kekoccc: posts small blind $0.50
MrZoooom: posts big blind $1
*** HOLE CARDS ***
ElviStar: folds 
rao999: folds 
steelNike: raises $1 to $2
SorinS28: folds 
kekoccc: folds 
MrZoooom: folds 
Uncalled bet ($1) returned to steelNike
steelNike collected $2.50 from pot
*** SUMMARY ***
Total pot $2.50 | Rake $0 
Seat 1: kekoccc (small blind) folded before Flop
Seat 2: MrZoooom (big blind) folded before Flop
Seat 3: ElviStar folded before Flop (didn't bet)
Seat 4: rao999 folded before Flop (didn't bet)
Seat 5: steelNike collected ($2.50)
Seat 6: SorinS28 (button) folded before Flop (didn't bet)



PokerStars Hand #254214721593:  Hold'em No Limit ($0.50/$1.00 USD) - 2025/01/05 19:52:04 WET [2025/01/05 14:52:04 ET]
Table 'Hekate III' 6-max Seat #1 is the button
Seat 1: kekoccc ($100 in chips) 
Seat 2: MrZoooom ($61.64 in chips) 
Seat 3: ElviStar ($23.90 in chips) 
Seat 4: rao999 ($101.50 in chips) 
Seat 5: steelNike ($26.30 in chips) 
Seat 6: SorinS28 ($100 in chips) 
MrZoooom: posts small blind $0.50
ElviStar: posts big blind $1
*** HOLE CARDS ***
rao999: folds 
steelNike: raises $1 to $2
SorinS28: folds 
kekoccc: folds 
MrZoooom: folds 
ElviStar: calls $1
*** FLOP *** [Td 6c Th]
ElviStar: checks 
steelNike: bets $1.90
ElviStar: calls $1.90
*** TURN *** [Td 6c Th] [Ac]
ElviStar: checks 
steelNike: checks 
*** RIVER *** [Td 6c Th Ac] [5d]
ElviStar: bets $5
steelNike: raises $16 to $21
ElviStar: folds 
Uncalled bet ($16) returned to steelNike
steelNike collected $17.38 from pot
*** SUMMARY ***
Total pot $18.30 | Rake $0.92 
Board [Td 6c Th Ac 5d]
Seat 1: kekoccc (button) folded before Flop (didn't bet)
Seat 2: MrZoooom (small blind) folded before Flop
Seat 3: ElviStar (big blind) folded on the River
Seat 4: rao999 folded before Flop (didn't bet)
Seat 5: steelNike collected ($17.38)
Seat 6: SorinS28 folded before Flop (didn't bet)



PokerStars Hand #254214767061:  Hold'em No Limit ($0.50/$1.00 USD) - 2025/01/05 19:53:54 WET [2025/01/05 14:53:54 ET]
Table 'Hekate III' 6-max Seat #2 is the button
Seat 1: kekoccc ($100 in chips) 
Seat 2: MrZoooom ($61.14 in chips) 
Seat 3: ElviStar ($15 in chips) 
Seat 4: rao999 ($101.50 in chips) 
Seat 5: steelNike ($34.78 in chips) 
Seat 6: SorinS28 ($100 in chips) 
ElviStar: posts small blind $0.50
rao999: posts big blind $1
*** HOLE CARDS ***
steelNike: folds 
SorinS28: folds 
kekoccc: folds 
MrZoooom: folds 
ElviStar: folds 
Uncalled bet ($0.50) returned to rao999
rao999 collected $1 from pot
rao999: doesn't show hand 
*** SUMMARY ***
Total pot $1 | Rake $0 
Seat 1: kekoccc folded before Flop (didn't bet)
Seat 2: MrZoooom (button) folded before Flop (didn't bet)
Seat 3: ElviStar (small blind) folded before Flop
Seat 4: rao999 (big blind) collected ($1)
Seat 5: steelNike folded before Flop (didn't bet)
Seat 6: SorinS28 folded before Flop (didn't bet)



PokerStars Hand #254214778288:  Hold'em No Limit ($0.50/$1.00 USD) - 2025/01/05 19:54:21 WET [2025/01/05 14:54:21 ET]
Table 'Hekate III' 6-max Seat #3 is the button
Seat 1: kekoccc ($100 in chips) 
Seat 2: MrZoooom ($61.14 in chips) 
Seat 3: ElviStar ($14.50 in chips) 
Seat 4: rao999 ($102 in chips) 
Seat 5: steelNike ($34.78 in chips) 
Seat 6: SorinS28 ($100 in chips) 
rao999: posts small blind $0.50
steelNike: posts big blind $1
*** HOLE CARDS ***
SorinS28: folds 
kekoccc: folds 
MrZoooom: folds 
ElviStar: raises $2 to $3
rao999: raises $99 to $102 and is all-in
steelNike: folds 
ElviStar: calls $11.50 and is all-in
Uncalled bet ($87.50) returned to rao999
*** FLOP *** [6d Jd 3d]
*** TURN *** [6d Jd 3d] [3h]
*** RIVER *** [6d Jd 3d 3h] [5s]
*** SHOW DOWN ***
rao999: shows [8h Ah] (a pair of Threes)
ElviStar: shows [Td 9d] (a flush, Jack high)
ElviStar collected $28.50 from pot
SorinS28 leaves the table
rao999 cashed out the hand for $15.46 | Cash Out Fee $0.32
*** SUMMARY ***
Total pot $30 | Rake $1.50 
Board [6d Jd 3d 3h 5s]
Seat 1: kekoccc folded before Flop (didn't bet)
Seat 2: MrZoooom folded before Flop (didn't bet)
Seat 3: ElviStar (button) showed [Td 9d] and won ($28.50) with a flush, Jack high
Seat 4: rao999 (small blind) showed [8h Ah] and lost with a pair of Threes (cashed out).
Seat 5: steelNike (big blind) folded before Flop
Seat 6: SorinS28 folded before Flop (didn't bet)



PokerStars Hand #254214792792:  Hold'em No Limit ($0.50/$1.00 USD) - 2025/01/05 19:54:57 WET [2025/01/05 14:54:57 ET]
Table 'Hekate III' 6-max Seat #4 is the button
Seat 1: kekoccc ($100 in chips) 
Seat 2: MrZoooom ($61.14 in chips) 
Seat 3: ElviStar ($28.50 in chips) 
Seat 4: rao999 ($102.96 in chips) 
Seat 5: steelNike ($33.78 in chips) 
steelNike: posts small blind $0.50
kekoccc: posts big blind $1
*** HOLE CARDS ***
MrZoooom: folds 
ElviStar: folds 
rao999: folds 
steelNike: raises $2 to $3
kekoccc: raises $6 to $9
XneferX joins the table at seat #6 
steelNike: raises $24.78 to $33.78 and is all-in
kekoccc: folds 
Uncalled bet ($24.78) returned to steelNike
steelNike collected $18 from pot
*** SUMMARY ***
Total pot $18 | Rake $0 
Seat 1: kekoccc (big blind) folded before Flop
Seat 2: MrZoooom folded before Flop (didn't bet)
Seat 3: ElviStar folded before Flop (didn't bet)
Seat 4: rao999 (button) folded before Flop (didn't bet)
Seat 5: steelNike (small blind) collected ($18)



PokerStars Hand #254214810158:  Hold'em No Limit ($0.50/$1.00 USD) - 2025/01/05 19:56:02 WET [2025/01/05 14:56:02 ET]
Table 'Hekate III' 6-max Seat #5 is the button
Seat 6: XneferX ($100 in chips) is sitting out
Seat 1: kekoccc ($100 in chips) 
Seat 2: MrZoooom ($61.14 in chips) 
Seat 3: ElviStar ($28.50 in chips) 
Seat 4: rao999 ($102.96 in chips) 
Seat 5: steelNike ($42.78 in chips) 
kekoccc: posts small blind $0.50
MrZoooom: posts big blind $1
*** HOLE CARDS ***
ElviStar: raises $2 to $3
rao999: raises $2 to $5
steelNike: folds 
kekoccc: folds 
MrZoooom: folds 
ElviStar: raises $23.50 to $28.50 and is all-in
rao999: folds 
Uncalled bet ($23.50) returned to ElviStar
ElviStar collected $11.50 from pot
*** SUMMARY ***
Total pot $11.50 | Rake $0 
Seat 6: XneferX
Seat 1: kekoccc (small blind) folded before Flop
Seat 2: MrZoooom (big blind) folded before Flop
Seat 3: ElviStar collected ($11.50)
Seat 4: rao999 folded before Flop
Seat 5: steelNike (button) folded before Flop (didn't bet)



PokerStars Hand #254214820571:  Hold'em No Limit ($0.50/$1.00 USD) - 2025/01/05 19:56:48 WET [2025/01/05 14:56:48 ET]
Table 'Hekate III' 6-max Seat #1 is the button
Seat 6: XneferX ($100 in chips) is sitting out
Seat 1: kekoccc ($100 in chips) 
Seat 2: MrZoooom ($60.14 in chips) 
Seat 3: ElviStar ($35 in chips) 
Seat 4: rao999 ($100 in chips) 
Seat 5: steelNike ($42.78 in chips) 
MrZoooom: posts small blind $0.50
ElviStar: posts big blind $1
XneferX: sits out 
*** HOLE CARDS ***
rao999: folds 
steelNike: folds 
kekoccc: folds 
MrZoooom: folds 
Uncalled bet ($0.50) returned to ElviStar
ElviStar collected $1 from pot
*** SUMMARY ***
Total pot $1 | Rake $0 
Seat 6: XneferX
Seat 1: kekoccc (button) folded before Flop (didn't bet)
Seat 2: MrZoooom (small blind) folded before Flop
Seat 3: ElviStar (big blind) collected ($1)
Seat 4: rao999 folded before Flop (didn't bet)
Seat 5: steelNike folded before Flop (didn't bet)



PokerStars Hand #254214827017:  Hold'em No Limit ($0.50/$1.00 USD) - 2025/01/05 19:57:17 WET [2025/01/05 14:57:17 ET]
Table 'Hekate III' 6-max Seat #2 is the button
Seat 6: XneferX ($100 in chips) is sitting out
Seat 1: kekoccc ($100 in chips) 
Seat 2: MrZoooom ($59.64 in chips) 
Seat 3: ElviStar ($35.50 in chips) 
Seat 4: rao999 ($100 in chips) 
Seat 5: steelNike ($42.78 in chips) 
ElviStar: posts small blind $0.50
rao999: posts big blind $1
XneferX: sits out 
*** HOLE CARDS ***
steelNike: folds 
kekoccc: raises $1.50 to $2.50
MrZoooom: folds 
ElviStar: raises $3.50 to $6
rao999: folds 
kekoccc: folds 
Uncalled bet ($3.50) returned to ElviStar
ElviStar collected $6 from pot
*** SUMMARY ***
Total pot $6 | Rake $0 
Seat 6: XneferX
Seat 1: kekoccc folded before Flop
Seat 2: MrZoooom (button) folded before Flop (didn't bet)
Seat 3: ElviStar (small blind) collected ($6)
Seat 4: rao999 (big blind) folded before Flop
Seat 5: steelNike folded before Flop (didn't bet)



PokerStars Hand #254214838311:  Hold'em No Limit ($0.50/$1.00 USD) - 2025/01/05 19:58:06 WET [2025/01/05 14:58:06 ET]
Table 'Hekate III' 6-max Seat #4 is the button
Seat 3: ElviStar ($39 in chips) is sitting out
Seat 1: kekoccc ($100 in chips) 
Seat 2: MrZoooom ($59.64 in chips) 
Seat 4: rao999 ($100 in chips) 
Seat 5: steelNike ($42.78 in chips) 
Seat 6: XneferX ($100 in chips) 
steelNike: posts small blind $0.50
XneferX: posts big blind $1
*** HOLE CARDS ***
kekoccc: folds 
MrZoooom: raises $2 to $3
rao999: folds 
steelNike: folds 
XneferX: folds 
Uncalled bet ($2) returned to MrZoooom
MrZoooom collected $2.50 from pot
MrZoooom: doesn't show hand 
*** SUMMARY ***
Total pot $2.50 | Rake $0 
Seat 3: ElviStar
Seat 1: kekoccc folded before Flop (didn't bet)
Seat 2: MrZoooom collected ($2.50)
Seat 4: rao999 (button) folded before Flop (didn't bet)
Seat 5: steelNike (small blind) folded before Flop
Seat 6: XneferX (big blind) folded before Flop



PokerStars Hand #254215031964:  Hold'em No Limit ($0.50/$1.00 USD) - 2025/01/05 20:07:20 WET [2025/01/05 15:07:20 ET]
Table 'Hekate III' 6-max Seat #5 is the button
Seat 1: kekoccc ($142.48 in chips) 
Seat 2: MrZoooom ($44.17 in chips) 
Seat 3: ElviStar ($22.08 in chips) 
Seat 4: rao999 ($100 in chips) 
Seat 5: steelNike ($80.50 in chips) 
Seat 6: XneferX ($100 in chips) 
XneferX: posts small blind $0.50
kekoccc: posts big blind $1
*** HOLE CARDS ***
MrZoooom: folds 
ElviStar: folds 
rao999 has timed out
rao999: folds 
steelNike: folds 
XneferX: folds 
Uncalled bet ($0.50) returned to kekoccc
kekoccc collected $1 from pot
kekoccc: doesn't show hand 
*** SUMMARY ***
Total pot $1 | Rake $0 
Seat 1: kekoccc (big blind) collected ($1)
Seat 2: MrZoooom folded before Flop (didn't bet)
Seat 3: ElviStar folded before Flop (didn't bet)
Seat 4: rao999 folded before Flop (didn't bet)
Seat 5: steelNike (button) folded before Flop (didn't bet)
Seat 6: XneferX (small blind) folded before Flop



PokerStars Hand #254215044405:  Hold'em No Limit ($0.50/$1.00 USD) - 2025/01/05 20:07:48 WET [2025/01/05 15:07:48 ET]
Table 'Hekate III' 6-max Seat #6 is the button
Seat 4: rao999 ($100 in chips) is sitting out
Seat 1: kekoccc ($142.98 in chips) 
Seat 2: MrZoooom ($44.17 in chips) 
Seat 3: ElviStar ($22.08 in chips) 
Seat 5: steelNike ($80.50 in chips) 
Seat 6: XneferX ($100 in chips) 
kekoccc: posts small blind $0.50
MrZoooom: posts big blind $1
*** HOLE CARDS ***
ElviStar: raises $2 to $3
steelNike: folds 
XneferX: folds 
kekoccc: folds 
MrZoooom: folds 
Uncalled bet ($2) returned to ElviStar
ElviStar collected $2.50 from pot
*** SUMMARY ***
Total pot $2.50 | Rake $0 
Seat 4: rao999
Seat 1: kekoccc (small blind) folded before Flop
Seat 2: MrZoooom (big blind) folded before Flop
Seat 3: ElviStar collected ($2.50)
Seat 5: steelNike folded before Flop (didn't bet)
Seat 6: XneferX (button) folded before Flop (didn't bet)



PokerStars Hand #254215055695:  Hold'em No Limit ($0.50/$1.00 USD) - 2025/01/05 20:08:14 WET [2025/01/05 15:08:14 ET]
Table 'Hekate III' 6-max Seat #1 is the button
Seat 1: kekoccc ($142.48 in chips) 
Seat 2: MrZoooom ($43.17 in chips) 
Seat 3: ElviStar ($23.58 in chips) 
Seat 4: rao999 ($100 in chips) 
Seat 5: steelNike ($80.50 in chips) 
Seat 6: XneferX ($100 in chips) 
MrZoooom: posts small blind $0.50
ElviStar: posts big blind $1
*** HOLE CARDS ***
rao999: folds 
steelNike: folds 
XneferX: folds 
kekoccc: folds 
MrZoooom: folds 
Uncalled bet ($0.50) returned to ElviStar
ElviStar collected $1 from pot
*** SUMMARY ***
Total pot $1 | Rake $0 
Seat 1: kekoccc (button) folded before Flop (didn't bet)
Seat 2: MrZoooom (small blind) folded before Flop
Seat 3: ElviStar (big blind) collected ($1)
Seat 4: rao999 folded before Flop (didn't bet)
Seat 5: steelNike folded before Flop (didn't bet)
Seat 6: XneferX folded before Flop (didn't bet)



PokerStars Hand #254215064876:  Hold'em No Limit ($0.50/$1.00 USD) - 2025/01/05 20:08:35 WET [2025/01/05 15:08:35 ET]
Table 'Hekate III' 6-max Seat #2 is the button
Seat 1: kekoccc ($142.48 in chips) 
Seat 2: MrZoooom ($42.67 in chips) 
Seat 3: ElviStar ($24.08 in chips) 
Seat 4: rao999 ($100 in chips) 
Seat 5: steelNike ($80.50 in chips) 
Seat 6: XneferX ($100 in chips) 
ElviStar: posts small blind $0.50
rao999: posts big blind $1
*** HOLE CARDS ***
steelNike: folds 
XneferX: raises $1.20 to $2.20
kekoccc: folds 
MrZoooom: calls $2.20
ElviStar: raises $2.80 to $5
rao999: folds 
XneferX: folds 
MrZoooom: calls $2.80
*** FLOP *** [5h 6s 4c]
ElviStar: bets $5
MrZoooom: raises $32.67 to $37.67 and is all-in
ElviStar: calls $14.08 and is all-in
Uncalled bet ($18.59) returned to MrZoooom
*** TURN *** [5h 6s 4c] [Td]
*** RIVER *** [5h 6s 4c Td] [8c]
*** SHOW DOWN ***
ElviStar: shows [As 7s] (a straight, Four to Eight)
MrZoooom: shows [3c 6c] (a pair of Sixes)
ElviStar collected $48.86 from pot
*** SUMMARY ***
Total pot $51.36 | Rake $2.50 
Board [5h 6s 4c Td 8c]
Seat 1: kekoccc folded before Flop (didn't bet)
Seat 2: MrZoooom (button) showed [3c 6c] and lost with a pair of Sixes
Seat 3: ElviStar (small blind) showed [As 7s] and won ($48.86) with a straight, Four to Eight
Seat 4: rao999 (big blind) folded before Flop
Seat 5: steelNike folded before Flop (didn't bet)
Seat 6: XneferX folded before Flop



PokerStars Hand #254215097676:  Hold'em No Limit ($0.50/$1.00 USD) - 2025/01/05 20:09:51 WET [2025/01/05 15:09:51 ET]
Table 'Hekate III' 6-max Seat #3 is the button
Seat 1: kekoccc ($142.48 in chips) 
Seat 2: MrZoooom ($18.59 in chips) 
Seat 3: ElviStar ($48.86 in chips) 
Seat 4: rao999 ($100 in chips) 
Seat 5: steelNike ($80.50 in chips) 
Seat 6: XneferX ($100 in chips) 
rao999: posts small blind $0.50
steelNike: posts big blind $1
*** HOLE CARDS ***
XneferX: raises $1.20 to $2.20
kekoccc: folds 
MrZoooom: folds 
ElviStar: folds 
rao999 has timed out
rao999: folds 
steelNike: folds 
Uncalled bet ($1.20) returned to XneferX
XneferX collected $2.50 from pot
XneferX: doesn't show hand 
*** SUMMARY ***
Total pot $2.50 | Rake $0 
Seat 1: kekoccc folded before Flop (didn't bet)
Seat 2: MrZoooom folded before Flop (didn't bet)
Seat 3: ElviStar (button) folded before Flop (didn't bet)
Seat 4: rao999 (small blind) folded before Flop
Seat 5: steelNike (big blind) folded before Flop
Seat 6: XneferX collected ($2.50)



PokerStars Hand #254215110924:  Hold'em No Limit ($0.50/$1.00 USD) - 2025/01/05 20:10:21 WET [2025/01/05 15:10:21 ET]
Table 'Hekate III' 6-max Seat #5 is the button
Seat 3: ElviStar ($48.86 in chips) is sitting out
Seat 4: rao999 ($100 in chips) is sitting out
Seat 1: kekoccc ($142.48 in chips) 
Seat 2: MrZoooom ($18.59 in chips) 
Seat 5: steelNike ($79.50 in chips) 
Seat 6: XneferX ($101.50 in chips) 
XneferX: posts small blind $0.50
kekoccc: posts big blind $1
*** HOLE CARDS ***
MrZoooom: raises $2 to $3
steelNike: folds 
XneferX: folds 
kekoccc: folds 
Uncalled bet ($2) returned to MrZoooom
MrZoooom collected $2.50 from pot
MrZoooom: doesn't show hand 
*** SUMMARY ***
Total pot $2.50 | Rake $0 
Seat 3: ElviStar
Seat 4: rao999
Seat 1: kekoccc (big blind) folded before Flop
Seat 2: MrZoooom collected ($2.50)
Seat 5: steelNike (button) folded before Flop (didn't bet)
Seat 6: XneferX (small blind) folded before Flop



PokerStars Hand #254215117619:  Hold'em No Limit ($0.50/$1.00 USD) - 2025/01/05 20:10:37 WET [2025/01/05 15:10:37 ET]
Table 'Hekate III' 6-max Seat #6 is the button
Seat 3: ElviStar ($48.86 in chips) is sitting out
Seat 4: rao999 ($100 in chips) is sitting out
Seat 1: kekoccc ($141.48 in chips) 
Seat 2: MrZoooom ($20.09 in chips) 
Seat 5: steelNike ($79.50 in chips) 
Seat 6: XneferX ($101 in chips) 
kekoccc: posts small blind $0.50
MrZoooom: posts big blind $1
*** HOLE CARDS ***
steelNike: folds 
XneferX: raises $1.77 to $2.77
kekoccc: folds 
MrZoooom: folds 
Uncalled bet ($1.77) returned to XneferX
XneferX collected $2.50 from pot
XneferX: doesn't show hand 
*** SUMMARY ***
Total pot $2.50 | Rake $0 
Seat 3: ElviStar
Seat 4: rao999
Seat 1: kekoccc (small blind) folded before Flop
Seat 2: MrZoooom (big blind) folded before Flop
Seat 5: steelNike folded before Flop (didn't bet)
Seat 6: XneferX (button) collected ($2.50)



PokerStars Hand #254215128406:  Hold'em No Limit ($0.50/$1.00 USD) - 2025/01/05 20:11:01 WET [2025/01/05 15:11:01 ET]
Table 'Hekate III' 6-max Seat #1 is the button
Seat 3: ElviStar ($48.86 in chips) is sitting out
Seat 4: rao999 ($100 in chips) is sitting out
Seat 1: kekoccc ($140.98 in chips) 
Seat 2: MrZoooom ($19.09 in chips) 
Seat 5: steelNike ($79.50 in chips) 
Seat 6: XneferX ($102.50 in chips) 
MrZoooom: posts small blind $0.50
steelNike: posts big blind $1
*** HOLE CARDS ***
XneferX: folds 
kekoccc: folds 
MrZoooom: raises $2 to $3
steelNike: folds 
Uncalled bet ($2) returned to MrZoooom
MrZoooom collected $2 from pot
MrZoooom: doesn't show hand 
*** SUMMARY ***
Total pot $2 | Rake $0 
Seat 3: ElviStar
Seat 4: rao999
Seat 1: kekoccc (button) folded before Flop (didn't bet)
Seat 2: MrZoooom (small blind) collected ($2)
Seat 5: steelNike (big blind) folded before Flop
Seat 6: XneferX folded before Flop (didn't bet)



PokerStars Hand #254215138340:  Hold'em No Limit ($0.50/$1.00 USD) - 2025/01/05 20:11:24 WET [2025/01/05 15:11:24 ET]
Table 'Hekate III' 6-max Seat #2 is the button
Seat 3: ElviStar ($48.86 in chips) is sitting out
Seat 4: rao999 ($100 in chips) is sitting out
Seat 1: kekoccc ($140.98 in chips) 
Seat 2: MrZoooom ($20.09 in chips) 
Seat 5: steelNike ($78.50 in chips) 
Seat 6: XneferX ($102.50 in chips) 
steelNike: posts small blind $0.50
XneferX: posts big blind $1
*** HOLE CARDS ***
kekoccc: folds 
MrZoooom has timed out
MrZoooom: folds 
steelNike: folds 
Uncalled bet ($0.50) returned to XneferX
XneferX collected $1 from pot
XneferX: doesn't show hand 
*** SUMMARY ***
Total pot $1 | Rake $0 
Seat 3: ElviStar
Seat 4: rao999
Seat 1: kekoccc folded before Flop (didn't bet)
Seat 2: MrZoooom (button) folded before Flop (didn't bet)
Seat 5: steelNike (small blind) folded before Flop
Seat 6: XneferX (big blind) collected ($1)



PokerStars Hand #254215146659:  Hold'em No Limit ($0.50/$1.00 USD) - 2025/01/05 20:11:44 WET [2025/01/05 15:11:44 ET]
Table 'Hekate III' 6-max Seat #5 is the button
Seat 3: ElviStar ($48.86 in chips) is sitting out
Seat 4: rao999 ($100 in chips) is sitting out
Seat 1: kekoccc ($140.98 in chips) 
Seat 2: MrZoooom ($20.09 in chips) 
Seat 5: steelNike ($78 in chips) 
Seat 6: XneferX ($103 in chips) 
XneferX: posts small blind $0.50
kekoccc: posts big blind $1
rao999: sits out 
*** HOLE CARDS ***
MrZoooom has timed out
MrZoooom: folds 
steelNike: raises $1.50 to $2.50
XneferX: raises $6.50 to $9
kekoccc: folds 
steelNike: folds 
Uncalled bet ($6.50) returned to XneferX
XneferX collected $6 from pot
XneferX: doesn't show hand 
*** SUMMARY ***
Total pot $6 | Rake $0 
Seat 3: ElviStar
Seat 4: rao999
Seat 1: kekoccc (big blind) folded before Flop
Seat 2: MrZoooom folded before Flop (didn't bet)
Seat 5: steelNike (button) folded before Flop
Seat 6: XneferX (small blind) collected ($6)



PokerStars Hand #254215161708:  Hold'em No Limit ($0.50/$1.00 USD) - 2025/01/05 20:12:19 WET [2025/01/05 15:12:19 ET]
Table 'Hekate III' 6-max Seat #6 is the button
Seat 3: ElviStar ($48.86 in chips) is sitting out
Seat 4: rao999 ($100 in chips) is sitting out
Seat 1: kekoccc ($139.98 in chips) 
Seat 2: MrZoooom ($20.09 in chips) 
Seat 5: steelNike ($75.50 in chips) 
Seat 6: XneferX ($106.50 in chips) 
kekoccc: posts small blind $0.50
MrZoooom: posts big blind $1
rao999: sits out 
*** HOLE CARDS ***
steelNike: raises $1.30 to $2.30
XneferX: folds 
kekoccc: folds 
MrZoooom: raises $17.79 to $20.09 and is all-in
steelNike: folds 
Uncalled bet ($17.79) returned to MrZoooom
MrZoooom collected $5.10 from pot
MrZoooom: doesn't show hand 
*** SUMMARY ***
Total pot $5.10 | Rake $0 
Seat 3: ElviStar
Seat 4: rao999
Seat 1: kekoccc (small blind) folded before Flop
Seat 2: MrZoooom (big blind) collected ($5.10)
Seat 5: steelNike folded before Flop
Seat 6: XneferX (button) folded before Flop (didn't bet)



PokerStars Hand #254215171171:  Hold'em No Limit ($0.50/$1.00 USD) - 2025/01/05 20:12:41 WET [2025/01/05 15:12:41 ET]
Table 'Hekate III' 6-max Seat #1 is the button
Seat 3: ElviStar ($48.86 in chips) is sitting out
Seat 4: rao999 ($100 in chips) is sitting out
Seat 1: kekoccc ($139.48 in chips) 
Seat 2: MrZoooom ($22.89 in chips) 
Seat 5: steelNike ($73.20 in chips) 
Seat 6: XneferX ($106.50 in chips) 
MrZoooom: posts small blind $0.50
rao999: is sitting out 
steelNike: posts big blind $1
*** HOLE CARDS ***
XneferX: folds 
kekoccc: raises $1.50 to $2.50
rao999 leaves the table
MrZoooom: raises $20.39 to $22.89 and is all-in
steelNike: folds 
kekoccc: calls $20.39
*** FLOP *** [6c Qd Qh]
*** TURN *** [6c Qd Qh] [8s]
*** RIVER *** [6c Qd Qh 8s] [Kc]
*** SHOW DOWN ***
MrZoooom: shows [7h Ad] (a pair of Queens)
kekoccc: shows [Ah 7c] (a pair of Queens)
MrZoooom collected $22.89 from pot
kekoccc collected $22.89 from pot
*** SUMMARY ***
Total pot $46.78 | Rake $1 
Board [6c Qd Qh 8s Kc]
Seat 3: ElviStar
Seat 4: rao999
Seat 1: kekoccc (button) showed [Ah 7c] and won ($22.89) with a pair of Queens
Seat 2: MrZoooom (small blind) showed [7h Ad] and won ($22.89) with a pair of Queens
Seat 5: steelNike (big blind) folded before Flop
Seat 6: XneferX folded before Flop (didn't bet)



PokerStars Hand #254215184037:  Hold'em No Limit ($0.50/$1.00 USD) - 2025/01/05 20:13:11 WET [2025/01/05 15:13:11 ET]
Table 'Hekate III' 6-max Seat #2 is the button
Seat 3: ElviStar ($48.86 in chips) is sitting out
Seat 1: kekoccc ($139.48 in chips) 
Seat 2: MrZoooom ($22.89 in chips) 
Seat 5: steelNike ($72.20 in chips) 
Seat 6: XneferX ($106.50 in chips) 
steelNike: posts small blind $0.50
XneferX: posts big blind $1
*** HOLE CARDS ***
kekoccc: folds 
MrZoooom: folds 
sta$igk joins the table at seat #4 
steelNike: raises $2 to $3
XneferX: calls $2
*** FLOP *** [Th Qc 8h]
steelNike: bets $1.43
XneferX: calls $1.43
*** TURN *** [Th Qc 8h] [5s]
steelNike: bets $12.50
XneferX: folds 
Uncalled bet ($12.50) returned to steelNike
steelNike collected $8.42 from pot
*** SUMMARY ***
Total pot $8.86 | Rake $0.44 
Board [Th Qc 8h 5s]
Seat 3: ElviStar
Seat 1: kekoccc folded before Flop (didn't bet)
Seat 2: MrZoooom (button) folded before Flop (didn't bet)
Seat 5: steelNike (small blind) collected ($8.42)
Seat 6: XneferX (big blind) folded on the Turn



PokerStars Hand #254215211252:  Hold'em No Limit ($0.50/$1.00 USD) - 2025/01/05 20:14:14 WET [2025/01/05 15:14:14 ET]
Table 'Hekate III' 6-max Seat #5 is the button
Seat 1: kekoccc ($139.48 in chips) is sitting out
Seat 3: ElviStar ($48.86 in chips) is sitting out
Seat 4: sta$igk ($100 in chips) is sitting out
Seat 2: MrZoooom ($22.89 in chips) 
Seat 5: steelNike ($76.19 in chips) 
Seat 6: XneferX ($102.07 in chips) 
XneferX: posts small blind $0.50
kekoccc: is sitting out 
MrZoooom: posts big blind $1
sta$igk: sits out 
*** HOLE CARDS ***
kekoccc leaves the table
steelNike: raises $1 to $2
XneferX: folds 
MrZoooom: folds 
Uncalled bet ($1) returned to steelNike
steelNike collected $2.50 from pot
*** SUMMARY ***
Total pot $2.50 | Rake $0 
Seat 1: kekoccc
Seat 3: ElviStar
Seat 4: sta$igk
Seat 2: MrZoooom (big blind) folded before Flop
Seat 5: steelNike (button) collected ($2.50)
Seat 6: XneferX (small blind) folded before Flop



PokerStars Hand #254215218559:  Hold'em No Limit ($0.50/$1.00 USD) - 2025/01/05 20:14:31 WET [2025/01/05 15:14:31 ET]
Table 'Hekate III' 6-max Seat #6 is the button
Seat 3: ElviStar ($48.86 in chips) is sitting out
Seat 2: MrZoooom ($21.89 in chips) 
Seat 4: sta$igk ($100 in chips) 
Seat 5: steelNike ($77.69 in chips) 
Seat 6: XneferX ($101.57 in chips) 
MrZoooom: posts small blind $0.50
sta$igk: posts big blind $1
*** HOLE CARDS ***
steelNike: folds 
XneferX: folds 
MrZoooom: raises $2 to $3
sta$igk: folds 
Uncalled bet ($2) returned to MrZoooom
MrZoooom collected $2 from pot
MrZoooom: doesn't show hand 
*** SUMMARY ***
Total pot $2 | Rake $0 
Seat 3: ElviStar
Seat 2: MrZoooom (small blind) collected ($2)
Seat 4: sta$igk (big blind) folded before Flop
Seat 5: steelNike folded before Flop (didn't bet)
Seat 6: XneferX (button) folded before Flop (didn't bet)



PokerStars Hand #254215224793:  Hold'em No Limit ($0.50/$1.00 USD) - 2025/01/05 20:14:46 WET [2025/01/05 15:14:46 ET]
Table 'Hekate III' 6-max Seat #2 is the button
Seat 3: ElviStar ($48.86 in chips) is sitting out
Seat 2: MrZoooom ($22.89 in chips) 
Seat 4: sta$igk ($100 in chips) 
Seat 5: steelNike ($77.69 in chips) 
Seat 6: XneferX ($101.57 in chips) 
sta$igk: posts small blind $0.50
steelNike: posts big blind $1
*** HOLE CARDS ***
XneferX: folds 
MrZoooom: raises $2 to $3
sta$igk: folds 
steelNike: folds 
Uncalled bet ($2) returned to MrZoooom
MrZoooom collected $2.50 from pot
MrZoooom: doesn't show hand 
*** SUMMARY ***
Total pot $2.50 | Rake $0 
Seat 3: ElviStar
Seat 2: MrZoooom (button) collected ($2.50)
Seat 4: sta$igk (small blind) folded before Flop
Seat 5: steelNike (big blind) folded before Flop
Seat 6: XneferX folded before Flop (didn't bet)



PokerStars Hand #254215231898:  Hold'em No Limit ($0.50/$1.00 USD) - 2025/01/05 20:15:02 WET [2025/01/05 15:15:02 ET]
Table 'Hekate III' 6-max Seat #4 is the button
Seat 3: ElviStar ($48.86 in chips) is sitting out
Seat 2: MrZoooom ($24.39 in chips) 
Seat 4: sta$igk ($100 in chips) 
Seat 5: steelNike ($76.69 in chips) 
Seat 6: XneferX ($101.57 in chips) 
steelNike: posts small blind $0.50
XneferX: posts big blind $1
*** HOLE CARDS ***
MrZoooom: raises $2 to $3
sta$igk: folds 
steelNike: folds 
XneferX: folds 
Uncalled bet ($2) returned to MrZoooom
MrZoooom collected $2.50 from pot
MrZoooom: doesn't show hand 
*** SUMMARY ***
Total pot $2.50 | Rake $0 
Seat 3: ElviStar
Seat 2: MrZoooom collected ($2.50)
Seat 4: sta$igk (button) folded before Flop (didn't bet)
Seat 5: steelNike (small blind) folded before Flop
Seat 6: XneferX (big blind) folded before Flop



PokerStars Hand #254215239086:  Hold'em No Limit ($0.50/$1.00 USD) - 2025/01/05 20:15:18 WET [2025/01/05 15:15:18 ET]
Table 'Hekate III' 6-max Seat #5 is the button
Seat 2: MrZoooom ($25.89 in chips) 
Seat 3: ElviStar ($48.86 in chips) 
Seat 4: sta$igk ($100 in chips) 
Seat 5: steelNike ($76.19 in chips) 
Seat 6: XneferX ($100.57 in chips) 
XneferX: posts small blind $0.50
MrZoooom: posts big blind $1
ElviStar: posts small & big blinds $1.50
*** HOLE CARDS ***
ElviStar: checks 
sta$igk: folds 
steelNike: calls $1
XneferX: raises $5 to $6
MrZoooom: folds 
ElviStar: calls $5
steelNike: raises $70.19 to $76.19 and is all-in
XneferX: folds 
ElviStar: folds 
Uncalled bet ($70.19) returned to steelNike
steelNike collected $19.50 from pot
NISIY joins the table at seat #1 
*** SUMMARY ***
Total pot $19.50 | Rake $0 
Seat 2: MrZoooom (big blind) folded before Flop
Seat 3: ElviStar folded before Flop
Seat 4: sta$igk folded before Flop (didn't bet)
Seat 5: steelNike (button) collected ($19.50)
Seat 6: XneferX (small blind) folded before Flop



PokerStars Hand #254215262353:  Hold'em No Limit ($0.50/$1.00 USD) - 2025/01/05 20:16:12 WET [2025/01/05 15:16:12 ET]
Table 'Hekate III' 6-max Seat #6 is the button
Seat 1: NISIY ($100 in chips) is sitting out
Seat 2: MrZoooom ($24.89 in chips) 
Seat 3: ElviStar ($42.36 in chips) 
Seat 4: sta$igk ($100 in chips) 
Seat 5: steelNike ($89.69 in chips) 
Seat 6: XneferX ($100 in chips) 
MrZoooom: posts small blind $0.50
ElviStar: posts big blind $1
*** HOLE CARDS ***
sta$igk: folds 
steelNike: folds 
XneferX: folds 
MrZoooom: raises $2 to $3
ElviStar: folds 
Uncalled bet ($2) returned to MrZoooom
MrZoooom collected $2 from pot
MrZoooom: doesn't show hand 
*** SUMMARY ***
Total pot $2 | Rake $0 
Seat 1: NISIY
Seat 2: MrZoooom (small blind) collected ($2)
Seat 3: ElviStar (big blind) folded before Flop
Seat 4: sta$igk folded before Flop (didn't bet)
Seat 5: steelNike folded before Flop (didn't bet)
Seat 6: XneferX (button) folded before Flop (didn't bet)



PokerStars Hand #254215269215:  Hold'em No Limit ($0.50/$1.00 USD) - 2025/01/05 20:16:27 WET [2025/01/05 15:16:27 ET]
Table 'Hekate III' 6-max Seat #2 is the button
Seat 1: NISIY ($100 in chips) is sitting out
Seat 2: MrZoooom ($25.89 in chips) 
Seat 3: ElviStar ($41.36 in chips) 
Seat 4: sta$igk ($100 in chips) 
Seat 5: steelNike ($89.69 in chips) 
Seat 6: XneferX ($100 in chips) 
ElviStar: posts small blind $0.50
sta$igk: posts big blind $1
NISIY: sits out 
*** HOLE CARDS ***
steelNike: folds 
XneferX: folds 
MrZoooom: raises $2 to $3
ElviStar: calls $2.50
sta$igk: folds 
*** FLOP *** [6d Kh 8c]
ElviStar: checks 
MrZoooom is connected 
MrZoooom: bets $4
ElviStar: calls $4
*** TURN *** [6d Kh 8c] [5s]
ElviStar: checks 
MrZoooom: checks 
*** RIVER *** [6d Kh 8c 5s] [Ts]
ElviStar: checks 
MrZoooom: checks 
*** SHOW DOWN ***
ElviStar: shows [Kc 4c] (a pair of Kings)
MrZoooom: mucks hand 
ElviStar collected $14.25 from pot
*** SUMMARY ***
Total pot $15 | Rake $0.75 
Board [6d Kh 8c 5s Ts]
Seat 1: NISIY
Seat 2: MrZoooom (button) mucked
Seat 3: ElviStar (small blind) showed [Kc 4c] and won ($14.25) with a pair of Kings
Seat 4: sta$igk (big blind) folded before Flop
Seat 5: steelNike folded before Flop (didn't bet)
Seat 6: XneferX folded before Flop (didn't bet)



PokerStars Hand #254215313164:  Hold'em No Limit ($0.50/$1.00 USD) - 2025/01/05 20:18:09 WET [2025/01/05 15:18:09 ET]
Table 'Hekate III' 6-max Seat #3 is the button
Seat 1: NISIY ($100 in chips) is sitting out
Seat 2: MrZoooom ($18.89 in chips) 
Seat 3: ElviStar ($48.61 in chips) 
Seat 4: sta$igk ($100 in chips) 
Seat 5: steelNike ($89.69 in chips) 
Seat 6: XneferX ($100 in chips) 
sta$igk: posts small blind $0.50
steelNike: posts big blind $1
NISIY: sits out 
*** HOLE CARDS ***
XneferX: folds 
MrZoooom: folds 
ElviStar: calls $1
sta$igk: raises $4 to $5
steelNike: folds 
ElviStar: calls $4
*** FLOP *** [Qd 7h 2c]
sta$igk: bets $3.45
ElviStar: raises $4.55 to $8
sta$igk: calls $4.55
*** TURN *** [Qd 7h 2c] [2d]
sta$igk: checks 
ElviStar: bets $4
sta$igk: raises $83 to $87 and is all-in
ElviStar: calls $31.61 and is all-in
Uncalled bet ($51.39) returned to sta$igk
*** RIVER *** [Qd 7h 2c 2d] [Ad]
*** SHOW DOWN ***
sta$igk: shows [Qc Kc] (two pair, Queens and Deuces)
ElviStar: shows [7s 9d] (two pair, Sevens and Deuces)
sta$igk collected $95.72 from pot
*** SUMMARY ***
Total pot $98.22 | Rake $2.50 
Board [Qd 7h 2c 2d Ad]
Seat 1: NISIY
Seat 2: MrZoooom folded before Flop (didn't bet)
Seat 3: ElviStar (button) showed [7s 9d] and lost with two pair, Sevens and Deuces
Seat 4: sta$igk (small blind) showed [Qc Kc] and won ($95.72) with two pair, Queens and Deuces
Seat 5: steelNike (big blind) folded before Flop
Seat 6: XneferX folded before Flop (didn't bet)



PokerStars Hand #254215349749:  Hold'em No Limit ($0.50/$1.00 USD) - 2025/01/05 20:19:33 WET [2025/01/05 15:19:33 ET]
Table 'Hekate III' 6-max Seat #4 is the button
Seat 1: NISIY ($100 in chips) is sitting out
Seat 3: ElviStar ($0 in chips) is sitting out
Seat 2: MrZoooom ($18.89 in chips) 
Seat 4: sta$igk ($147.11 in chips) 
Seat 5: steelNike ($88.69 in chips) 
Seat 6: XneferX ($100 in chips) 
steelNike: posts small blind $0.50
XneferX: posts big blind $1
NISIY: sits out 
*** HOLE CARDS ***
MrZoooom: folds 
ElviStar leaves the table
sta$igk: raises $1.50 to $2.50
NISIY leaves the table
steelNike: folds 
XneferX: calls $1.50
*** FLOP *** [2s 3s 4c]
XneferX: checks 
sta$igk: checks 
*** TURN *** [2s 3s 4c] [8c]
zGCarlosC56 joins the table at seat #1 
zGCarlosC56 is disconnected 
XneferX: bets $6.11
sta$igk: folds 
Uncalled bet ($6.11) returned to XneferX
XneferX collected $5.22 from pot
XneferX: doesn't show hand 
*** SUMMARY ***
Total pot $5.50 | Rake $0.28 
Board [2s 3s 4c 8c]
Seat 1: NISIY
Seat 3: ElviStar
Seat 2: MrZoooom folded before Flop (didn't bet)
Seat 4: sta$igk (button) folded on the Turn
Seat 5: steelNike (small blind) folded before Flop
Seat 6: XneferX (big blind) collected ($5.22)



PokerStars Hand #254215372935:  Hold'em No Limit ($0.50/$1.00 USD) - 2025/01/05 20:20:26 WET [2025/01/05 15:20:26 ET]
Table 'Hekate III' 6-max Seat #5 is the button
Seat 1: zGCarlosC56 ($10 in chips) 
Seat 2: MrZoooom ($18.89 in chips) 
Seat 4: sta$igk ($144.61 in chips) 
Seat 5: steelNike ($88.19 in chips) 
Seat 6: XneferX ($102.72 in chips) 
XneferX: posts small blind $0.50
zGCarlosC56: posts big blind $1
*** HOLE CARDS ***
MrZoooom: folds 
sta$igk: raises $1.50 to $2.50
steelNike: folds 
XneferX: raises $6.50 to $9
zGCarlosC56: folds 
sta$igk: calls $6.50
*** FLOP *** [Qh Ts 9d]
PhoenixAssassin joins the table at seat #3 
XneferX: bets $13.90
sta$igk: folds 
Uncalled bet ($13.90) returned to XneferX
XneferX collected $18.05 from pot
XneferX: doesn't show hand 
*** SUMMARY ***
Total pot $19 | Rake $0.95 
Board [Qh Ts 9d]
Seat 1: zGCarlosC56 (big blind) folded before Flop
Seat 2: MrZoooom folded before Flop (didn't bet)
Seat 4: sta$igk folded on the Flop
Seat 5: steelNike (button) folded before Flop (didn't bet)
Seat 6: XneferX (small blind) collected ($18.05)



PokerStars Hand #254215396955:  Hold'em No Limit ($0.50/$1.00 USD) - 2025/01/05 20:21:22 WET [2025/01/05 15:21:22 ET]
Table 'Hekate III' 6-max Seat #6 is the button
Seat 3: PhoenixAssassin ($100 in chips) is sitting out
Seat 1: zGCarlosC56 ($9 in chips) 
Seat 2: MrZoooom ($21.39 in chips) 
Seat 4: sta$igk ($135.61 in chips) 
Seat 5: steelNike ($88.19 in chips) 
Seat 6: XneferX ($111.77 in chips) 
zGCarlosC56: posts small blind $0.50
MrZoooom: posts big blind $1
PhoenixAssassin: sits out 
*** HOLE CARDS ***
sta$igk: folds 
steelNike: folds 
XneferX: folds 
zGCarlosC56: calls $0.50
MrZoooom: checks 
*** FLOP *** [3s Ac 7d]
zGCarlosC56: checks 
MrZoooom: checks 
*** TURN *** [3s Ac 7d] [Ah]
zGCarlosC56: checks 
MrZoooom: checks 
*** RIVER *** [3s Ac 7d Ah] [Td]
zGCarlosC56: checks 
MrZoooom: checks 
*** SHOW DOWN ***
zGCarlosC56: shows [6s Jc] (a pair of Aces)
MrZoooom: shows [8h Jh] (a pair of Aces - Jack+Ten+Eight kicker)
MrZoooom collected $1.90 from pot
*** SUMMARY ***
Total pot $2 | Rake $0.10 
Board [3s Ac 7d Ah Td]
Seat 3: PhoenixAssassin
Seat 1: zGCarlosC56 (small blind) showed [6s Jc] and lost with a pair of Aces
Seat 2: MrZoooom (big blind) showed [8h Jh] and won ($1.90) with a pair of Aces
Seat 4: sta$igk folded before Flop (didn't bet)
Seat 5: steelNike folded before Flop (didn't bet)
Seat 6: XneferX (button) folded before Flop (didn't bet)



PokerStars Hand #254215418934:  Hold'em No Limit ($0.50/$1.00 USD) - 2025/01/05 20:22:13 WET [2025/01/05 15:22:13 ET]
Table 'Hekate III' 6-max Seat #1 is the button
Seat 1: zGCarlosC56 ($8 in chips) 
Seat 2: MrZoooom ($22.29 in chips) 
Seat 3: PhoenixAssassin ($100 in chips) 
Seat 4: sta$igk ($135.61 in chips) 
Seat 5: steelNike ($88.19 in chips) 
Seat 6: XneferX ($111.77 in chips) 
MrZoooom: posts small blind $0.50
PhoenixAssassin: posts big blind $1
*** HOLE CARDS ***
sta$igk: folds 
steelNike: folds 
XneferX: raises $1.20 to $2.20
zGCarlosC56: raises $5.80 to $8 and is all-in
MrZoooom: raises $14.29 to $22.29 and is all-in
PhoenixAssassin: folds 
XneferX: folds 
Uncalled bet ($14.29) returned to MrZoooom
*** FLOP *** [4d 7d Ts]
*** TURN *** [4d 7d Ts] [2h]
*** RIVER *** [4d 7d Ts 2h] [Ah]
*** SHOW DOWN ***
MrZoooom: shows [Ad Kh] (a pair of Aces)
zGCarlosC56: shows [8d 8s] (a pair of Eights)
MrZoooom collected $18.24 from pot
*** SUMMARY ***
Total pot $19.20 | Rake $0.96 
Board [4d 7d Ts 2h Ah]
Seat 1: zGCarlosC56 (button) showed [8d 8s] and lost with a pair of Eights
Seat 2: MrZoooom (small blind) showed [Ad Kh] and won ($18.24) with a pair of Aces
Seat 3: PhoenixAssassin (big blind) folded before Flop
Seat 4: sta$igk folded before Flop (didn't bet)
Seat 5: steelNike folded before Flop (didn't bet)
Seat 6: XneferX folded before Flop



PokerStars Hand #254215433645:  Hold'em No Limit ($0.50/$1.00 USD) - 2025/01/05 20:22:47 WET [2025/01/05 15:22:47 ET]
Table 'Hekate III' 6-max Seat #2 is the button
Seat 1: zGCarlosC56 ($0 in chips) is sitting out
Seat 2: MrZoooom ($32.53 in chips) 
Seat 3: PhoenixAssassin ($100 in chips) 
Seat 4: sta$igk ($135.61 in chips) 
Seat 5: steelNike ($88.19 in chips) 
Seat 6: XneferX ($109.57 in chips) 
PhoenixAssassin: posts small blind $0.50
sta$igk: posts big blind $1
*** HOLE CARDS ***
steelNike: raises $1 to $2
XneferX: folds 
MrZoooom: calls $2
PhoenixAssassin: folds 
sta$igk: folds 
*** FLOP *** [Jd 4d Qd]
steelNike: checks 
MrZoooom: checks 
*** TURN *** [Jd 4d Qd] [4s]
steelNike: bets $3.92
MrZoooom: calls $3.92
*** RIVER *** [Jd 4d Qd 4s] [2d]
steelNike: bets $9.50
MrZoooom: folds 
Uncalled bet ($9.50) returned to steelNike
steelNike collected $12.67 from pot
*** SUMMARY ***
Total pot $13.34 | Rake $0.67 
Board [Jd 4d Qd 4s 2d]
Seat 1: zGCarlosC56
Seat 2: MrZoooom (button) folded on the River
Seat 3: PhoenixAssassin (small blind) folded before Flop
Seat 4: sta$igk (big blind) folded before Flop
Seat 5: steelNike collected ($12.67)
Seat 6: XneferX folded before Flop (didn't bet)



PokerStars Hand #254215456175:  Hold'em No Limit ($0.50/$1.00 USD) - 2025/01/05 20:23:39 WET [2025/01/05 15:23:39 ET]
Table 'Hekate III' 6-max Seat #3 is the button
Seat 1: zGCarlosC56 ($10.85 in chips) 
Seat 2: MrZoooom ($26.61 in chips) 
Seat 3: PhoenixAssassin ($100 in chips) 
Seat 4: sta$igk ($134.61 in chips) 
Seat 5: steelNike ($94.94 in chips) 
Seat 6: XneferX ($109.57 in chips) 
sta$igk: posts small blind $0.50
steelNike: posts big blind $1
*** HOLE CARDS ***
XneferX: folds 
zGCarlosC56: calls $1
MrZoooom: folds 
PhoenixAssassin: folds 
sta$igk: folds 
steelNike: checks 
*** FLOP *** [2s Ks 4s]
steelNike: checks 
zGCarlosC56: checks 
*** TURN *** [2s Ks 4s] [Ah]
steelNike: checks 
zGCarlosC56: checks 
*** RIVER *** [2s Ks 4s Ah] [3d]
steelNike: checks 
zGCarlosC56: checks 
*** SHOW DOWN ***
steelNike: shows [6d 3h] (a pair of Threes)
zGCarlosC56: mucks hand 
steelNike collected $2.38 from pot
*** SUMMARY ***
Total pot $2.50 | Rake $0.12 
Board [2s Ks 4s Ah 3d]
Seat 1: zGCarlosC56 mucked
Seat 2: MrZoooom folded before Flop (didn't bet)
Seat 3: PhoenixAssassin (button) folded before Flop (didn't bet)
Seat 4: sta$igk (small blind) folded before Flop
Seat 5: steelNike (big blind) showed [6d 3h] and won ($2.38) with a pair of Threes
Seat 6: XneferX folded before Flop (didn't bet)



PokerStars Hand #254215465839:  Hold'em No Limit ($0.50/$1.00 USD) - 2025/01/05 20:24:02 WET [2025/01/05 15:24:02 ET]
Table 'Hekate III' 6-max Seat #4 is the button
Seat 1: zGCarlosC56 ($9.85 in chips) 
Seat 2: MrZoooom ($26.61 in chips) 
Seat 3: PhoenixAssassin ($100 in chips) 
Seat 4: sta$igk ($134.11 in chips) 
Seat 5: steelNike ($96.32 in chips) 
Seat 6: XneferX ($109.57 in chips) 
steelNike: posts small blind $0.50
XneferX: posts big blind $1
*** HOLE CARDS ***
zGCarlosC56: calls $1
MrZoooom: folds 
PhoenixAssassin: folds 
sta$igk: folds 
steelNike: folds 
XneferX: checks 
*** FLOP *** [Qs Ah As]
XneferX: bets $1.20
zGCarlosC56: raises $7.65 to $8.85 and is all-in
XneferX: folds 
Uncalled bet ($7.65) returned to zGCarlosC56
zGCarlosC56 collected $4.66 from pot
zGCarlosC56: doesn't show hand 
*** SUMMARY ***
Total pot $4.90 | Rake $0.24 
Board [Qs Ah As]
Seat 1: zGCarlosC56 collected ($4.66)
Seat 2: MrZoooom folded before Flop (didn't bet)
Seat 3: PhoenixAssassin folded before Flop (didn't bet)
Seat 4: sta$igk (button) folded before Flop (didn't bet)
Seat 5: steelNike (small blind) folded before Flop
Seat 6: XneferX (big blind) folded on the Flop



PokerStars Hand #254215479003:  Hold'em No Limit ($0.50/$1.00 USD) - 2025/01/05 20:24:32 WET [2025/01/05 15:24:32 ET]
Table 'Hekate III' 6-max Seat #5 is the button
Seat 1: zGCarlosC56 ($12.31 in chips) 
Seat 2: MrZoooom ($26.61 in chips) 
Seat 3: PhoenixAssassin ($100 in chips) 
Seat 4: sta$igk ($134.11 in chips) 
Seat 5: steelNike ($95.82 in chips) 
Seat 6: XneferX ($107.37 in chips) 
XneferX: posts small blind $0.50
zGCarlosC56: posts big blind $1
*** HOLE CARDS ***
MrZoooom: folds 
PhoenixAssassin: folds 
sta$igk: folds 
steelNike: folds 
XneferX: raises $1.90 to $2.90
zGCarlosC56: folds 
Uncalled bet ($1.90) returned to XneferX
XneferX collected $2 from pot
XneferX: doesn't show hand 
*** SUMMARY ***
Total pot $2 | Rake $0 
Seat 1: zGCarlosC56 (big blind) folded before Flop
Seat 2: MrZoooom folded before Flop (didn't bet)
Seat 3: PhoenixAssassin folded before Flop (didn't bet)
Seat 4: sta$igk folded before Flop (didn't bet)
Seat 5: steelNike (button) folded before Flop (didn't bet)
Seat 6: XneferX (small blind) collected ($2)



PokerStars Hand #254215485844:  Hold'em No Limit ($0.50/$1.00 USD) - 2025/01/05 20:24:48 WET [2025/01/05 15:24:48 ET]
Table 'Hekate III' 6-max Seat #6 is the button
Seat 1: zGCarlosC56 ($11.31 in chips) 
Seat 2: MrZoooom ($26.61 in chips) 
Seat 3: PhoenixAssassin ($100 in chips) 
Seat 4: sta$igk ($134.11 in chips) 
Seat 5: steelNike ($95.82 in chips) 
Seat 6: XneferX ($108.37 in chips) 
zGCarlosC56: posts small blind $0.50
MrZoooom: posts big blind $1
*** HOLE CARDS ***
PhoenixAssassin: folds 
sta$igk: raises $1.50 to $2.50
steelNike: folds 
XneferX: folds 
zGCarlosC56: folds 
MrZoooom: folds 
Uncalled bet ($1.50) returned to sta$igk
sta$igk collected $2.50 from pot
sta$igk: doesn't show hand 
*** SUMMARY ***
Total pot $2.50 | Rake $0 
Seat 1: zGCarlosC56 (small blind) folded before Flop
Seat 2: MrZoooom (big blind) folded before Flop
Seat 3: PhoenixAssassin folded before Flop (didn't bet)
Seat 4: sta$igk collected ($2.50)
Seat 5: steelNike folded before Flop (didn't bet)
Seat 6: XneferX (button) folded before Flop (didn't bet)



PokerStars Hand #254215491549:  Hold'em No Limit ($0.50/$1.00 USD) - 2025/01/05 20:25:01 WET [2025/01/05 15:25:01 ET]
Table 'Hekate III' 6-max Seat #1 is the button
Seat 1: zGCarlosC56 ($10.81 in chips) 
Seat 2: MrZoooom ($25.61 in chips) 
Seat 3: PhoenixAssassin ($100 in chips) 
Seat 4: sta$igk ($135.61 in chips) 
Seat 5: steelNike ($95.82 in chips) 
Seat 6: XneferX ($108.37 in chips) 
MrZoooom: posts small blind $0.50
PhoenixAssassin: posts big blind $1
*** HOLE CARDS ***
sta$igk: folds 
steelNike: folds 
XneferX: folds 
zGCarlosC56: calls $1
MrZoooom: raises $24.61 to $25.61 and is all-in
PhoenixAssassin: folds 
zGCarlosC56: folds 
Uncalled bet ($24.61) returned to MrZoooom
MrZoooom collected $3 from pot
MrZoooom: doesn't show hand 
*** SUMMARY ***
Total pot $3 | Rake $0 
Seat 1: zGCarlosC56 (button) folded before Flop
Seat 2: MrZoooom (small blind) collected ($3)
Seat 3: PhoenixAssassin (big blind) folded before Flop
Seat 4: sta$igk folded before Flop (didn't bet)
Seat 5: steelNike folded before Flop (didn't bet)
Seat 6: XneferX folded before Flop (didn't bet)



PokerStars Hand #254215501197:  Hold'em No Limit ($0.50/$1.00 USD) - 2025/01/05 20:25:24 WET [2025/01/05 15:25:24 ET]
Table 'Hekate III' 6-max Seat #2 is the button
Seat 1: zGCarlosC56 ($9.81 in chips) 
Seat 2: MrZoooom ($27.61 in chips) 
Seat 3: PhoenixAssassin ($100 in chips) 
Seat 4: sta$igk ($135.61 in chips) 
Seat 5: steelNike ($95.82 in chips) 
Seat 6: XneferX ($108.37 in chips) 
PhoenixAssassin: posts small blind $0.50
sta$igk: posts big blind $1
*** HOLE CARDS ***
steelNike: folds 
XneferX: raises $1.50 to $2.50
zGCarlosC56: folds 
MrZoooom: folds 
PhoenixAssassin: raises $9.50 to $12
sta$igk: folds 
XneferX: calls $9.50
*** FLOP *** [2s 8c 4c]
PhoenixAssassin: checks 
XneferX: bets $12.11
PhoenixAssassin: calls $12.11
*** TURN *** [2s 8c 4c] [3c]
PhoenixAssassin: checks 
XneferX: checks 
*** RIVER *** [2s 8c 4c 3c] [Ts]
PhoenixAssassin: checks 
XneferX: bets $23.85
PhoenixAssassin: calls $23.85
*** SHOW DOWN ***
XneferX: shows [Qc Qd] (a pair of Queens)
PhoenixAssassin: mucks hand 
XneferX collected $94.42 from pot
*** SUMMARY ***
Total pot $96.92 | Rake $2.50 
Board [2s 8c 4c 3c Ts]
Seat 1: zGCarlosC56 folded before Flop (didn't bet)
Seat 2: MrZoooom (button) folded before Flop (didn't bet)
Seat 3: PhoenixAssassin (small blind) mucked
Seat 4: sta$igk (big blind) folded before Flop
Seat 5: steelNike folded before Flop (didn't bet)
Seat 6: XneferX showed [Qc Qd] and won ($94.42) with a pair of Queens



PokerStars Hand #254215535246:  Hold'em No Limit ($0.50/$1.00 USD) - 2025/01/05 20:26:44 WET [2025/01/05 15:26:44 ET]
Table 'Hekate III' 6-max Seat #3 is the button
Seat 1: zGCarlosC56 ($9.81 in chips) 
Seat 2: MrZoooom ($27.61 in chips) 
Seat 3: PhoenixAssassin ($100 in chips) 
Seat 4: sta$igk ($134.61 in chips) 
Seat 5: steelNike ($95.82 in chips) 
Seat 6: XneferX ($154.83 in chips) 
sta$igk: posts small blind $0.50
steelNike: posts big blind $1
*** HOLE CARDS ***
XneferX: folds 
zGCarlosC56: calls $1
MrZoooom: folds 
PhoenixAssassin: folds 
sta$igk: raises $9 to $10
steelNike: folds 
zGCarlosC56: calls $8.81 and is all-in
Uncalled bet ($0.19) returned to sta$igk
*** FLOP *** [Qc 7c 3c]
*** TURN *** [Qc 7c 3c] [Js]
*** RIVER *** [Qc 7c 3c Js] [Qd]
*** SHOW DOWN ***
sta$igk: shows [As Qh] (three of a kind, Queens)
zGCarlosC56: shows [Ad Jc] (two pair, Queens and Jacks)
sta$igk collected $19.59 from pot
*** SUMMARY ***
Total pot $20.62 | Rake $1.03 
Board [Qc 7c 3c Js Qd]
Seat 1: zGCarlosC56 showed [Ad Jc] and lost with two pair, Queens and Jacks
Seat 2: MrZoooom folded before Flop (didn't bet)
Seat 3: PhoenixAssassin (button) folded before Flop (didn't bet)
Seat 4: sta$igk (small blind) showed [As Qh] and won ($19.59) with three of a kind, Queens
Seat 5: steelNike (big blind) folded before Flop
Seat 6: XneferX folded before Flop (didn't bet)



PokerStars Hand #254215546648:  Hold'em No Limit ($0.50/$1.00 USD) - 2025/01/05 20:27:11 WET [2025/01/05 15:27:11 ET]
Table 'Hekate III' 6-max Seat #4 is the button
Seat 1: zGCarlosC56 ($0 in chips) is sitting out
Seat 2: MrZoooom ($27.61 in chips) 
Seat 3: PhoenixAssassin ($100 in chips) 
Seat 4: sta$igk ($144.39 in chips) 
Seat 5: steelNike ($94.82 in chips) 
Seat 6: XneferX ($154.83 in chips) 
steelNike: posts small blind $0.50
XneferX: posts big blind $1
*** HOLE CARDS ***
MrZoooom: folds 
PhoenixAssassin: folds 
sta$igk: folds 
steelNike: folds 
Uncalled bet ($0.50) returned to XneferX
XneferX collected $1 from pot
XneferX: doesn't show hand 
*** SUMMARY ***
Total pot $1 | Rake $0 
Seat 1: zGCarlosC56
Seat 2: MrZoooom folded before Flop (didn't bet)
Seat 3: PhoenixAssassin folded before Flop (didn't bet)
Seat 4: sta$igk (button) folded before Flop (didn't bet)
Seat 5: steelNike (small blind) folded before Flop
Seat 6: XneferX (big blind) collected ($1)



PokerStars Hand #254215550969:  Hold'em No Limit ($0.50/$1.00 USD) - 2025/01/05 20:27:21 WET [2025/01/05 15:27:21 ET]
Table 'Hekate III' 6-max Seat #5 is the button
Seat 1: zGCarlosC56 ($0 in chips) is sitting out
Seat 2: MrZoooom ($27.61 in chips) 
Seat 3: PhoenixAssassin ($100 in chips) 
Seat 4: sta$igk ($144.39 in chips) 
Seat 5: steelNike ($94.32 in chips) 
Seat 6: XneferX ($155.33 in chips) 
XneferX: posts small blind $0.50
MrZoooom: posts big blind $1
*** HOLE CARDS ***
PhoenixAssassin: folds 
sta$igk: folds 
zGCarlosC56 is disconnected 
steelNike: folds 
XneferX: folds 
Uncalled bet ($0.50) returned to MrZoooom
MrZoooom collected $1 from pot
MrZoooom: doesn't show hand 
*** SUMMARY ***
Total pot $1 | Rake $0 
Seat 1: zGCarlosC56
Seat 2: MrZoooom (big blind) collected ($1)
Seat 3: PhoenixAssassin folded before Flop (didn't bet)
Seat 4: sta$igk folded before Flop (didn't bet)
Seat 5: steelNike (button) folded before Flop (didn't bet)
Seat 6: XneferX (small blind) folded before Flop



PokerStars Hand #254215558764:  Hold'em No Limit ($0.50/$1.00 USD) - 2025/01/05 20:27:40 WET [2025/01/05 15:27:40 ET]
Table 'Hekate III' 6-max Seat #6 is the button
Seat 1: zGCarlosC56 ($0 in chips) is sitting out
Seat 2: MrZoooom ($28.11 in chips) 
Seat 3: PhoenixAssassin ($100 in chips) 
Seat 4: sta$igk ($144.39 in chips) 
Seat 5: steelNike ($94.32 in chips) 
Seat 6: XneferX ($154.83 in chips) 
MrZoooom: posts small blind $0.50
PhoenixAssassin: posts big blind $1
*** HOLE CARDS ***
sta$igk: folds 
sta$igk leaves the table
steelNike: raises $1 to $2
XneferX: folds 
MrZoooom: folds 
PhoenixAssassin: folds 
Uncalled bet ($1) returned to steelNike
steelNike collected $2.50 from pot
*** SUMMARY ***
Total pot $2.50 | Rake $0 
Seat 1: zGCarlosC56
Seat 2: MrZoooom (small blind) folded before Flop
Seat 3: PhoenixAssassin (big blind) folded before Flop
Seat 4: sta$igk folded before Flop (didn't bet)
Seat 5: steelNike collected ($2.50)
Seat 6: XneferX (button) folded before Flop (didn't bet)



PokerStars Hand #254215565960:  Hold'em No Limit ($0.50/$1.00 USD) - 2025/01/05 20:27:57 WET [2025/01/05 15:27:57 ET]
Table 'Hekate III' 6-max Seat #3 is the button
Seat 1: zGCarlosC56 ($0 in chips) is sitting out
Seat 5: steelNike ($95.82 in chips) is sitting out
Seat 6: XneferX ($154.83 in chips) is sitting out
Seat 2: MrZoooom ($27.61 in chips) 
Seat 3: PhoenixAssassin ($100 in chips) 
PhoenixAssassin: posts small blind $0.50
steelNike: is sitting out 
XneferX: is sitting out 
MrZoooom: posts big blind $1
*** HOLE CARDS ***
XneferX leaves the table
PhoenixAssassin: raises $1.50 to $2.50
steelNike leaves the table
MrZoooom: raises $4.50 to $7
PhoenixAssassin: folds 
Uncalled bet ($4.50) returned to MrZoooom
MrZoooom collected $5 from pot
MrZoooom: doesn't show hand 
*** SUMMARY ***
Total pot $5 | Rake $0 
Seat 1: zGCarlosC56
Seat 5: steelNike
Seat 6: XneferX
Seat 2: MrZoooom (big blind) collected ($5)
Seat 3: PhoenixAssassin (button) (small blind) folded before Flop



PokerStars Hand #254215574717:  Hold'em No Limit ($0.50/$1.00 USD) - 2025/01/05 20:28:17 WET [2025/01/05 15:28:17 ET]
Table 'Hekate III' 6-max Seat #2 is the button
Seat 1: zGCarlosC56 ($0 in chips) is sitting out
Seat 2: MrZoooom ($30.11 in chips) 
Seat 3: PhoenixAssassin ($100 in chips) 
MrZoooom: posts small blind $0.50
PhoenixAssassin: posts big blind $1
*** HOLE CARDS ***
MrZoooom: raises $29.11 to $30.11 and is all-in
PhoenixAssassin: folds 
Uncalled bet ($29.11) returned to MrZoooom
MrZoooom collected $2 from pot
MrZoooom: doesn't show hand 
*** SUMMARY ***
Total pot $2 | Rake $0 
Seat 1: zGCarlosC56
Seat 2: MrZoooom (button) (small blind) collected ($2)
Seat 3: PhoenixAssassin (big blind) folded before Flop



