PokerStars Hand #254218326926:  Hold'em No Limit ($0.50/$1.00 USD) - 2025/01/05 22:24:48 WET [2025/01/05 17:24:48 ET]
Table 'Tros II' 6-max Seat #6 is the button
Seat 1: NISIY ($100 in chips) 
Seat 2: Be_castelo1 ($100 in chips) 
Seat 3: alexandr699 ($100 in chips) 
Seat 4: Mr_Dick666 ($100 in chips) 
Seat 5: CichiChanMarian ($100 in chips) 
Seat 6: Alinyr ($100 in chips) 
NISIY: posts small blind $0.50
Be_castelo1: posts big blind $1
*** HOLE CARDS ***
alexandr699: folds 
Mr_Dick666: raises $1 to $2
CichiChanMarian: folds 
Alinyr: raises $5.50 to $7.50
NISIY: folds 
Be_castelo1: folds 
Mr_Dick666: folds 
Uncalled bet ($5.50) returned to Alinyr
Alinyr collected $5.50 from pot
Alinyr: doesn't show hand 
*** SUMMARY ***
Total pot $5.50 | Rake $0 
Seat 1: NISIY (small blind) folded before Flop
Seat 2: Be_castelo1 (big blind) folded before Flop
Seat 3: alexandr699 folded before Flop (didn't bet)
Seat 4: Mr_Dick666 folded before Flop
Seat 5: CichiChanMarian folded before Flop (didn't bet)
Seat 6: Alinyr (button) collected ($5.50)



PokerStars Hand #254218339032:  Hold'em No Limit ($0.50/$1.00 USD) - 2025/01/05 22:25:18 WET [2025/01/05 17:25:18 ET]
Table 'Tros II' 6-max Seat #1 is the button
Seat 1: NISIY ($100 in chips) 
Seat 2: Be_castelo1 ($99 in chips) 
Seat 3: alexandr699 ($100 in chips) 
Seat 4: Mr_Dick666 ($100 in chips) 
Seat 5: CichiChanMarian ($100 in chips) 
Seat 6: Alinyr ($103.50 in chips) 
Be_castelo1: posts small blind $0.50
alexandr699: posts big blind $1
*** HOLE CARDS ***
Mr_Dick666: folds 
CichiChanMarian: folds 
Alinyr: raises $1.28 to $2.28
NISIY: raises $5.22 to $7.50
Be_castelo1: folds 
alexandr699: folds 
Alinyr: folds 
Uncalled bet ($5.22) returned to NISIY
NISIY collected $6.06 from pot
NISIY: doesn't show hand 
*** SUMMARY ***
Total pot $6.06 | Rake $0 
Seat 1: NISIY (button) collected ($6.06)
Seat 2: Be_castelo1 (small blind) folded before Flop
Seat 3: alexandr699 (big blind) folded before Flop
Seat 4: Mr_Dick666 folded before Flop (didn't bet)
Seat 5: CichiChanMarian folded before Flop (didn't bet)
Seat 6: Alinyr folded before Flop



PokerStars Hand #254218348568:  Hold'em No Limit ($0.50/$1.00 USD) - 2025/01/05 22:25:43 WET [2025/01/05 17:25:43 ET]
Table 'Tros II' 6-max Seat #2 is the button
Seat 1: NISIY ($103.78 in chips) 
Seat 2: Be_castelo1 ($98.50 in chips) 
Seat 3: alexandr699 ($100 in chips) 
Seat 4: Mr_Dick666 ($100 in chips) 
Seat 5: CichiChanMarian ($100 in chips) 
Seat 6: Alinyr ($101.22 in chips) 
alexandr699: posts small blind $0.50
Mr_Dick666: posts big blind $1
*** HOLE CARDS ***
CichiChanMarian: folds 
Alinyr: folds 
NISIY: folds 
Be_castelo1: folds 
alexandr699: raises $2 to $3
Mr_Dick666: calls $2
*** FLOP *** [3d 8c Th]
alexandr699: checks 
Mr_Dick666: bets $1.88
alexandr699: folds 
Uncalled bet ($1.88) returned to Mr_Dick666
Mr_Dick666 collected $5.70 from pot
Mr_Dick666: doesn't show hand 
*** SUMMARY ***
Total pot $6 | Rake $0.30 
Board [3d 8c Th]
Seat 1: NISIY folded before Flop (didn't bet)
Seat 2: Be_castelo1 (button) folded before Flop (didn't bet)
Seat 3: alexandr699 (small blind) folded on the Flop
Seat 4: Mr_Dick666 (big blind) collected ($5.70)
Seat 5: CichiChanMarian folded before Flop (didn't bet)
Seat 6: Alinyr folded before Flop (didn't bet)



PokerStars Hand #254218364167:  Hold'em No Limit ($0.50/$1.00 USD) - 2025/01/05 22:26:23 WET [2025/01/05 17:26:23 ET]
Table 'Tros II' 6-max Seat #3 is the button
Seat 1: NISIY ($103.78 in chips) 
Seat 2: Be_castelo1 ($98.50 in chips) 
Seat 3: alexandr699 ($100 in chips) 
Seat 4: Mr_Dick666 ($102.70 in chips) 
Seat 5: CichiChanMarian ($100 in chips) 
Seat 6: Alinyr ($101.22 in chips) 
Mr_Dick666: posts small blind $0.50
CichiChanMarian: posts big blind $1
*** HOLE CARDS ***
Alinyr: folds 
NISIY: folds 
Be_castelo1: calls $1
alexandr699: folds 
Mr_Dick666: folds 
CichiChanMarian: raises $4 to $5
Be_castelo1: calls $4
*** FLOP *** [Ad 2d Kd]
CichiChanMarian: checks 
Be_castelo1: checks 
*** TURN *** [Ad 2d Kd] [2s]
CichiChanMarian: bets $4.99
Be_castelo1: calls $4.99
*** RIVER *** [Ad 2d Kd 2s] [Jc]
CichiChanMarian: checks 
Be_castelo1: checks 
*** SHOW DOWN ***
CichiChanMarian: shows [Kh 7d] (two pair, Kings and Deuces)
Be_castelo1: shows [As 7c] (two pair, Aces and Deuces)
Be_castelo1 collected $19.46 from pot
*** SUMMARY ***
Total pot $20.48 | Rake $1.02 
Board [Ad 2d Kd 2s Jc]
Seat 1: NISIY folded before Flop (didn't bet)
Seat 2: Be_castelo1 showed [As 7c] and won ($19.46) with two pair, Aces and Deuces
Seat 3: alexandr699 (button) folded before Flop (didn't bet)
Seat 4: Mr_Dick666 (small blind) folded before Flop
Seat 5: CichiChanMarian (big blind) showed [Kh 7d] and lost with two pair, Kings and Deuces
Seat 6: Alinyr folded before Flop (didn't bet)



PokerStars Hand #254218386377:  Hold'em No Limit ($0.50/$1.00 USD) - 2025/01/05 22:27:20 WET [2025/01/05 17:27:20 ET]
Table 'Tros II' 6-max Seat #4 is the button
Seat 1: NISIY ($103.78 in chips) 
Seat 2: Be_castelo1 ($107.97 in chips) 
Seat 3: alexandr699 ($100 in chips) 
Seat 4: Mr_Dick666 ($102.20 in chips) 
Seat 5: CichiChanMarian ($100 in chips) 
Seat 6: Alinyr ($101.22 in chips) 
CichiChanMarian: posts small blind $0.50
Alinyr: posts big blind $1
*** HOLE CARDS ***
NISIY: folds 
Be_castelo1: folds 
alexandr699: raises $2 to $3
Mr_Dick666: folds 
CichiChanMarian: folds 
Alinyr: calls $2
*** FLOP *** [6s 6h 3d]
Alinyr: checks 
alexandr699: bets $3.09
Alinyr: raises $4.08 to $7.17
alexandr699: calls $4.08
*** TURN *** [6s 6h 3d] [Qd]
Alinyr: bets $14.85
alexandr699: calls $14.85
*** RIVER *** [6s 6h 3d Qd] [2d]
Alinyr: bets $36.03
alexandr699: calls $36.03
*** SHOW DOWN ***
Alinyr: shows [Kd 4d] (a flush, King high)
alexandr699: mucks hand 
Alinyr collected $120.10 from pot
*** SUMMARY ***
Total pot $122.60 | Rake $2.50 
Board [6s 6h 3d Qd 2d]
Seat 1: NISIY folded before Flop (didn't bet)
Seat 2: Be_castelo1 folded before Flop (didn't bet)
Seat 3: alexandr699 mucked
Seat 4: Mr_Dick666 (button) folded before Flop (didn't bet)
Seat 5: CichiChanMarian (small blind) folded before Flop
Seat 6: Alinyr (big blind) showed [Kd 4d] and won ($120.10) with a flush, King high



PokerStars Hand #254218430051:  Hold'em No Limit ($0.50/$1.00 USD) - 2025/01/05 22:29:11 WET [2025/01/05 17:29:11 ET]
Table 'Tros II' 6-max Seat #5 is the button
Seat 1: NISIY ($103.78 in chips) 
Seat 2: Be_castelo1 ($107.97 in chips) 
Seat 3: alexandr699 ($100 in chips) 
Seat 4: Mr_Dick666 ($102.20 in chips) 
Seat 5: CichiChanMarian ($100 in chips) 
Seat 6: Alinyr ($160.27 in chips) 
Alinyr: posts small blind $0.50
NISIY: posts big blind $1
*** HOLE CARDS ***
Be_castelo1: folds 
alexandr699: folds 
Mr_Dick666: raises $1.50 to $2.50
CichiChanMarian: folds 
Alinyr: folds 
NISIY: folds 
Uncalled bet ($1.50) returned to Mr_Dick666
Mr_Dick666 collected $2.50 from pot
Mr_Dick666: doesn't show hand 
*** SUMMARY ***
Total pot $2.50 | Rake $0 
Seat 1: NISIY (big blind) folded before Flop
Seat 2: Be_castelo1 folded before Flop (didn't bet)
Seat 3: alexandr699 folded before Flop (didn't bet)
Seat 4: Mr_Dick666 collected ($2.50)
Seat 5: CichiChanMarian (button) folded before Flop (didn't bet)
Seat 6: Alinyr (small blind) folded before Flop



PokerStars Hand #254218435291:  Hold'em No Limit ($0.50/$1.00 USD) - 2025/01/05 22:29:24 WET [2025/01/05 17:29:24 ET]
Table 'Tros II' 6-max Seat #6 is the button
Seat 1: NISIY ($102.78 in chips) 
Seat 2: Be_castelo1 ($107.97 in chips) 
Seat 3: alexandr699 ($100 in chips) 
Seat 4: Mr_Dick666 ($103.70 in chips) 
Seat 5: CichiChanMarian ($100 in chips) 
Seat 6: Alinyr ($159.77 in chips) 
NISIY: posts small blind $0.50
Be_castelo1: posts big blind $1
*** HOLE CARDS ***
alexandr699: raises $2 to $3
Mr_Dick666: folds 
CichiChanMarian: raises $6.60 to $9.60
Alinyr: folds 
NISIY: folds 
Be_castelo1: folds 
alexandr699: folds 
Uncalled bet ($6.60) returned to CichiChanMarian
CichiChanMarian collected $7.50 from pot
CichiChanMarian: doesn't show hand 
*** SUMMARY ***
Total pot $7.50 | Rake $0 
Seat 1: NISIY (small blind) folded before Flop
Seat 2: Be_castelo1 (big blind) folded before Flop
Seat 3: alexandr699 folded before Flop
Seat 4: Mr_Dick666 folded before Flop (didn't bet)
Seat 5: CichiChanMarian collected ($7.50)
Seat 6: Alinyr (button) folded before Flop (didn't bet)



PokerStars Hand #254218444080:  Hold'em No Limit ($0.50/$1.00 USD) - 2025/01/05 22:29:47 WET [2025/01/05 17:29:47 ET]
Table 'Tros II' 6-max Seat #1 is the button
Seat 1: NISIY ($102.28 in chips) 
Seat 2: Be_castelo1 ($106.97 in chips) 
Seat 3: alexandr699 ($100 in chips) 
Seat 4: Mr_Dick666 ($103.70 in chips) 
Seat 5: CichiChanMarian ($104.50 in chips) 
Seat 6: Alinyr ($159.77 in chips) 
Be_castelo1: posts small blind $0.50
alexandr699: posts big blind $1
*** HOLE CARDS ***
Mr_Dick666: folds 
CichiChanMarian: raises $1.50 to $2.50
Alinyr: folds 
NISIY: raises $5 to $7.50
Be_castelo1: folds 
alexandr699: folds 
CichiChanMarian: calls $5
*** FLOP *** [4d 8h 2h]
CichiChanMarian: checks 
NISIY: bets $5.17
CichiChanMarian: raises $8.59 to $13.76
NISIY: raises $14.26 to $28.02
CichiChanMarian: raises $68.98 to $97 and is all-in
NISIY: folds 
Uncalled bet ($68.98) returned to CichiChanMarian
CichiChanMarian collected $70.04 from pot
CichiChanMarian: doesn't show hand 
*** SUMMARY ***
Total pot $72.54 | Rake $2.50 
Board [4d 8h 2h]
Seat 1: NISIY (button) folded on the Flop
Seat 2: Be_castelo1 (small blind) folded before Flop
Seat 3: alexandr699 (big blind) folded before Flop
Seat 4: Mr_Dick666 folded before Flop (didn't bet)
Seat 5: CichiChanMarian collected ($70.04)
Seat 6: Alinyr folded before Flop (didn't bet)



PokerStars Hand #254218476820:  Hold'em No Limit ($0.50/$1.00 USD) - 2025/01/05 22:31:09 WET [2025/01/05 17:31:09 ET]
Table 'Tros II' 6-max Seat #2 is the button
Seat 1: NISIY ($100 in chips) 
Seat 2: Be_castelo1 ($106.47 in chips) 
Seat 3: alexandr699 ($100 in chips) 
Seat 4: Mr_Dick666 ($103.70 in chips) 
Seat 5: CichiChanMarian ($139.02 in chips) 
Seat 6: Alinyr ($159.77 in chips) 
alexandr699: posts small blind $0.50
Mr_Dick666: posts big blind $1
*** HOLE CARDS ***
CichiChanMarian: raises $1.50 to $2.50
Alinyr: raises $5.50 to $8
NISIY: folds 
Be_castelo1: folds 
alexandr699: folds 
Mr_Dick666: raises $12 to $20
CichiChanMarian: folds 
Alinyr: raises $139.77 to $159.77 and is all-in
Mr_Dick666: folds 
Uncalled bet ($139.77) returned to Alinyr
Alinyr collected $43 from pot
Alinyr: doesn't show hand 
*** SUMMARY ***
Total pot $43 | Rake $0 
Seat 1: NISIY folded before Flop (didn't bet)
Seat 2: Be_castelo1 (button) folded before Flop (didn't bet)
Seat 3: alexandr699 (small blind) folded before Flop
Seat 4: Mr_Dick666 (big blind) folded before Flop
Seat 5: CichiChanMarian folded before Flop
Seat 6: Alinyr collected ($43)



PokerStars Hand #254218499778:  Hold'em No Limit ($0.50/$1.00 USD) - 2025/01/05 22:32:08 WET [2025/01/05 17:32:08 ET]
Table 'Tros II' 6-max Seat #3 is the button
Seat 1: NISIY ($100 in chips) 
Seat 2: Be_castelo1 ($106.47 in chips) 
Seat 3: alexandr699 ($100 in chips) 
Seat 4: Mr_Dick666 ($100 in chips) 
Seat 5: CichiChanMarian ($136.52 in chips) 
Seat 6: Alinyr ($182.77 in chips) 
Mr_Dick666: posts small blind $0.50
CichiChanMarian: posts big blind $1
*** HOLE CARDS ***
Alinyr: folds 
NISIY: folds 
Be_castelo1: calls $1
alexandr699: folds 
Mr_Dick666: folds 
CichiChanMarian: checks 
*** FLOP *** [8s Jd Ah]
CichiChanMarian: checks 
Be_castelo1: checks 
*** TURN *** [8s Jd Ah] [9d]
CichiChanMarian: checks 
Be_castelo1: checks 
*** RIVER *** [8s Jd Ah 9d] [Ad]
CichiChanMarian: bets $1.78
Be_castelo1: folds 
Uncalled bet ($1.78) returned to CichiChanMarian
CichiChanMarian collected $2.38 from pot
CichiChanMarian: doesn't show hand 
*** SUMMARY ***
Total pot $2.50 | Rake $0.12 
Board [8s Jd Ah 9d Ad]
Seat 1: NISIY folded before Flop (didn't bet)
Seat 2: Be_castelo1 folded on the River
Seat 3: alexandr699 (button) folded before Flop (didn't bet)
Seat 4: Mr_Dick666 (small blind) folded before Flop
Seat 5: CichiChanMarian (big blind) collected ($2.38)
Seat 6: Alinyr folded before Flop (didn't bet)



PokerStars Hand #254218526237:  Hold'em No Limit ($0.50/$1.00 USD) - 2025/01/05 22:33:16 WET [2025/01/05 17:33:16 ET]
Table 'Tros II' 6-max Seat #4 is the button
Seat 1: NISIY ($100 in chips) 
Seat 2: Be_castelo1 ($105.47 in chips) 
Seat 3: alexandr699 ($100 in chips) 
Seat 4: Mr_Dick666 ($100 in chips) 
Seat 5: CichiChanMarian ($137.90 in chips) 
Seat 6: Alinyr ($182.77 in chips) 
CichiChanMarian: posts small blind $0.50
Alinyr: posts big blind $1
*** HOLE CARDS ***
NISIY: folds 
Be_castelo1: calls $1
alexandr699: folds 
Mr_Dick666: raises $3 to $4
CichiChanMarian: folds 
Alinyr: calls $3
Be_castelo1: calls $3
*** FLOP *** [4c Td 6h]
Alinyr: checks 
Be_castelo1: checks 
Mr_Dick666: bets $4.75
Alinyr: folds 
Be_castelo1: calls $4.75
*** TURN *** [4c Td 6h] [Qs]
Be_castelo1: checks 
Mr_Dick666: bets $15.68
Be_castelo1: folds 
Uncalled bet ($15.68) returned to Mr_Dick666
Mr_Dick666 collected $20.90 from pot
Mr_Dick666: doesn't show hand 
*** SUMMARY ***
Total pot $22 | Rake $1.10 
Board [4c Td 6h Qs]
Seat 1: NISIY folded before Flop (didn't bet)
Seat 2: Be_castelo1 folded on the Turn
Seat 3: alexandr699 folded before Flop (didn't bet)
Seat 4: Mr_Dick666 (button) collected ($20.90)
Seat 5: CichiChanMarian (small blind) folded before Flop
Seat 6: Alinyr (big blind) folded on the Flop



PokerStars Hand #254218557676:  Hold'em No Limit ($0.50/$1.00 USD) - 2025/01/05 22:34:36 WET [2025/01/05 17:34:36 ET]
Table 'Tros II' 6-max Seat #5 is the button
Seat 1: NISIY ($100 in chips) 
Seat 2: Be_castelo1 ($96.72 in chips) 
Seat 3: alexandr699 ($100 in chips) 
Seat 4: Mr_Dick666 ($112.15 in chips) 
Seat 5: CichiChanMarian ($137.40 in chips) 
Seat 6: Alinyr ($178.77 in chips) 
Alinyr: posts small blind $0.50
NISIY: posts big blind $1
*** HOLE CARDS ***
Be_castelo1: calls $1
alexandr699: raises $4 to $5
Mr_Dick666: folds 
CichiChanMarian: folds 
Alinyr: folds 
NISIY: folds 
Be_castelo1: folds 
Uncalled bet ($4) returned to alexandr699
alexandr699 collected $3.50 from pot
alexandr699: doesn't show hand 
*** SUMMARY ***
Total pot $3.50 | Rake $0 
Seat 1: NISIY (big blind) folded before Flop
Seat 2: Be_castelo1 folded before Flop
Seat 3: alexandr699 collected ($3.50)
Seat 4: Mr_Dick666 folded before Flop (didn't bet)
Seat 5: CichiChanMarian (button) folded before Flop (didn't bet)
Seat 6: Alinyr (small blind) folded before Flop



PokerStars Hand #254218567714:  Hold'em No Limit ($0.50/$1.00 USD) - 2025/01/05 22:35:01 WET [2025/01/05 17:35:01 ET]
Table 'Tros II' 6-max Seat #6 is the button
Seat 1: NISIY ($100 in chips) 
Seat 2: Be_castelo1 ($95.72 in chips) 
Seat 3: alexandr699 ($102.50 in chips) 
Seat 4: Mr_Dick666 ($112.15 in chips) 
Seat 5: CichiChanMarian ($137.40 in chips) 
Seat 6: Alinyr ($178.27 in chips) 
NISIY: posts small blind $0.50
Be_castelo1: posts big blind $1
*** HOLE CARDS ***
alexandr699: folds 
Mr_Dick666: folds 
CichiChanMarian: folds 
Alinyr: folds 
NISIY: raises $2 to $3
Be_castelo1: folds 
Uncalled bet ($2) returned to NISIY
NISIY collected $2 from pot
NISIY: doesn't show hand 
*** SUMMARY ***
Total pot $2 | Rake $0 
Seat 1: NISIY (small blind) collected ($2)
Seat 2: Be_castelo1 (big blind) folded before Flop
Seat 3: alexandr699 folded before Flop (didn't bet)
Seat 4: Mr_Dick666 folded before Flop (didn't bet)
Seat 5: CichiChanMarian folded before Flop (didn't bet)
Seat 6: Alinyr (button) folded before Flop (didn't bet)



PokerStars Hand #254218580267:  Hold'em No Limit ($0.50/$1.00 USD) - 2025/01/05 22:35:34 WET [2025/01/05 17:35:34 ET]
Table 'Tros II' 6-max Seat #1 is the button
Seat 1: NISIY ($101 in chips) 
Seat 2: Be_castelo1 ($94.72 in chips) 
Seat 3: alexandr699 ($102.50 in chips) 
Seat 4: Mr_Dick666 ($112.15 in chips) 
Seat 5: CichiChanMarian ($137.40 in chips) 
Seat 6: Alinyr ($178.27 in chips) 
Be_castelo1: posts small blind $0.50
alexandr699: posts big blind $1
*** HOLE CARDS ***
Mr_Dick666: folds 
CichiChanMarian: folds 
Alinyr: folds 
NISIY: raises $1.50 to $2.50
Be_castelo1: calls $2
alexandr699: folds 
*** FLOP *** [As 8d 4s]
Be_castelo1: checks 
NISIY: bets $1.88
Be_castelo1: calls $1.88
*** TURN *** [As 8d 4s] [2s]
Be_castelo1: checks 
NISIY: bets $6.95
Be_castelo1: folds 
Uncalled bet ($6.95) returned to NISIY
NISIY collected $9.27 from pot
NISIY: doesn't show hand 
*** SUMMARY ***
Total pot $9.76 | Rake $0.49 
Board [As 8d 4s 2s]
Seat 1: NISIY (button) collected ($9.27)
Seat 2: Be_castelo1 (small blind) folded on the Turn
Seat 3: alexandr699 (big blind) folded before Flop
Seat 4: Mr_Dick666 folded before Flop (didn't bet)
Seat 5: CichiChanMarian folded before Flop (didn't bet)
Seat 6: Alinyr folded before Flop (didn't bet)



PokerStars Hand #254218600924:  Hold'em No Limit ($0.50/$1.00 USD) - 2025/01/05 22:36:28 WET [2025/01/05 17:36:28 ET]
Table 'Tros II' 6-max Seat #2 is the button
Seat 1: NISIY ($105.89 in chips) 
Seat 2: Be_castelo1 ($90.34 in chips) 
Seat 3: alexandr699 ($101.50 in chips) 
Seat 4: Mr_Dick666 ($112.15 in chips) 
Seat 5: CichiChanMarian ($137.40 in chips) 
Seat 6: Alinyr ($178.27 in chips) 
alexandr699: posts small blind $0.50
Mr_Dick666: posts big blind $1
*** HOLE CARDS ***
CichiChanMarian: folds 
Alinyr: folds 
NISIY: folds 
Be_castelo1: folds 
alexandr699: raises $2 to $3
Mr_Dick666: folds 
Uncalled bet ($2) returned to alexandr699
alexandr699 collected $2 from pot
alexandr699: doesn't show hand 
*** SUMMARY ***
Total pot $2 | Rake $0 
Seat 1: NISIY folded before Flop (didn't bet)
Seat 2: Be_castelo1 (button) folded before Flop (didn't bet)
Seat 3: alexandr699 (small blind) collected ($2)
Seat 4: Mr_Dick666 (big blind) folded before Flop
Seat 5: CichiChanMarian folded before Flop (didn't bet)
Seat 6: Alinyr folded before Flop (didn't bet)



PokerStars Hand #254218610662:  Hold'em No Limit ($0.50/$1.00 USD) - 2025/01/05 22:36:53 WET [2025/01/05 17:36:53 ET]
Table 'Tros II' 6-max Seat #3 is the button
Seat 1: NISIY ($105.89 in chips) 
Seat 2: Be_castelo1 ($90.34 in chips) 
Seat 3: alexandr699 ($102.50 in chips) 
Seat 4: Mr_Dick666 ($111.15 in chips) 
Seat 5: CichiChanMarian ($137.40 in chips) 
Seat 6: Alinyr ($178.27 in chips) 
Mr_Dick666: posts small blind $0.50
CichiChanMarian: posts big blind $1
*** HOLE CARDS ***
Alinyr: folds 
NISIY: raises $1.50 to $2.50
Be_castelo1: folds 
alexandr699: folds 
Mr_Dick666: folds 
CichiChanMarian: folds 
Uncalled bet ($1.50) returned to NISIY
NISIY collected $2.50 from pot
NISIY: doesn't show hand 
*** SUMMARY ***
Total pot $2.50 | Rake $0 
Seat 1: NISIY collected ($2.50)
Seat 2: Be_castelo1 folded before Flop (didn't bet)
Seat 3: alexandr699 (button) folded before Flop (didn't bet)
Seat 4: Mr_Dick666 (small blind) folded before Flop
Seat 5: CichiChanMarian (big blind) folded before Flop
Seat 6: Alinyr folded before Flop (didn't bet)



PokerStars Hand #254218628018:  Hold'em No Limit ($0.50/$1.00 USD) - 2025/01/05 22:37:38 WET [2025/01/05 17:37:38 ET]
Table 'Tros II' 6-max Seat #4 is the button
Seat 1: NISIY ($107.39 in chips) 
Seat 2: Be_castelo1 ($90.34 in chips) 
Seat 3: alexandr699 ($102.50 in chips) 
Seat 4: Mr_Dick666 ($110.65 in chips) 
Seat 5: CichiChanMarian ($136.40 in chips) 
Seat 6: Alinyr ($178.27 in chips) 
CichiChanMarian: posts small blind $0.50
Alinyr: posts big blind $1
*** HOLE CARDS ***
NISIY: raises $1.50 to $2.50
Be_castelo1: calls $2.50
alexandr699: folds 
Mr_Dick666: folds 
CichiChanMarian: folds 
Alinyr: folds 
*** FLOP *** [9c 4h Ks]
NISIY: bets $4.64
Be_castelo1: folds 
Uncalled bet ($4.64) returned to NISIY
NISIY collected $6.18 from pot
NISIY: doesn't show hand 
*** SUMMARY ***
Total pot $6.50 | Rake $0.32 
Board [9c 4h Ks]
Seat 1: NISIY collected ($6.18)
Seat 2: Be_castelo1 folded on the Flop
Seat 3: alexandr699 folded before Flop (didn't bet)
Seat 4: Mr_Dick666 (button) folded before Flop (didn't bet)
Seat 5: CichiChanMarian (small blind) folded before Flop
Seat 6: Alinyr (big blind) folded before Flop



PokerStars Hand #254218641019:  Hold'em No Limit ($0.50/$1.00 USD) - 2025/01/05 22:38:12 WET [2025/01/05 17:38:12 ET]
Table 'Tros II' 6-max Seat #5 is the button
Seat 1: NISIY ($111.07 in chips) 
Seat 2: Be_castelo1 ($87.84 in chips) 
Seat 3: alexandr699 ($102.50 in chips) 
Seat 4: Mr_Dick666 ($110.65 in chips) 
Seat 5: CichiChanMarian ($135.90 in chips) 
Seat 6: Alinyr ($177.27 in chips) 
Alinyr: posts small blind $0.50
NISIY: posts big blind $1
*** HOLE CARDS ***
Be_castelo1: calls $1
alexandr699: folds 
Mr_Dick666: folds 
CichiChanMarian: folds 
Alinyr: raises $4 to $5
NISIY: folds 
Be_castelo1: calls $4
*** FLOP *** [5c Qd 9d]
Alinyr: bets $5.33
Be_castelo1: folds 
Uncalled bet ($5.33) returned to Alinyr
Alinyr collected $10.45 from pot
Alinyr: doesn't show hand 
*** SUMMARY ***
Total pot $11 | Rake $0.55 
Board [5c Qd 9d]
Seat 1: NISIY (big blind) folded before Flop
Seat 2: Be_castelo1 folded on the Flop
Seat 3: alexandr699 folded before Flop (didn't bet)
Seat 4: Mr_Dick666 folded before Flop (didn't bet)
Seat 5: CichiChanMarian (button) folded before Flop (didn't bet)
Seat 6: Alinyr (small blind) collected ($10.45)



PokerStars Hand #254218653726:  Hold'em No Limit ($0.50/$1.00 USD) - 2025/01/05 22:38:46 WET [2025/01/05 17:38:46 ET]
Table 'Tros II' 6-max Seat #6 is the button
Seat 1: NISIY ($110.07 in chips) 
Seat 2: Be_castelo1 ($82.84 in chips) 
Seat 3: alexandr699 ($102.50 in chips) 
Seat 4: Mr_Dick666 ($110.65 in chips) 
Seat 5: CichiChanMarian ($135.90 in chips) 
Seat 6: Alinyr ($182.72 in chips) 
NISIY: posts small blind $0.50
Be_castelo1: posts big blind $1
*** HOLE CARDS ***
alexandr699: folds 
Mr_Dick666: folds 
CichiChanMarian: folds 
Alinyr: raises $1.50 to $2.50
NISIY: raises $9.50 to $12
Be_castelo1: folds 
Alinyr: raises $13 to $25
NISIY: raises $85.07 to $110.07 and is all-in
Alinyr: calls $85.07
*** FIRST FLOP *** [7c 4c Jd]
*** FIRST TURN *** [7c 4c Jd] [Th]
*** FIRST RIVER *** [7c 4c Jd Th] [Qc]
*** SECOND FLOP *** [Kd Ts 6d]
*** SECOND TURN *** [Kd Ts 6d] [9d]
*** SECOND RIVER *** [Kd Ts 6d 9d] [2h]
*** FIRST SHOW DOWN ***
NISIY: shows [Ah Ac] (a pair of Aces)
Alinyr: shows [Ks Kc] (a pair of Kings)
NISIY collected $109.32 from pot
*** SECOND SHOW DOWN ***
NISIY: shows [Ah Ac] (a pair of Aces)
Alinyr: shows [Ks Kc] (three of a kind, Kings)
Alinyr collected $109.32 from pot
*** SUMMARY ***
Total pot $221.14 | Rake $2.50 
Hand was run twice
FIRST Board [7c 4c Jd Th Qc]
SECOND Board [Kd Ts 6d 9d 2h]
Seat 1: NISIY (small blind) showed [Ah Ac] and won ($109.32) with a pair of Aces, and lost with a pair of Aces
Seat 2: Be_castelo1 (big blind) folded before Flop
Seat 3: alexandr699 folded before Flop (didn't bet)
Seat 4: Mr_Dick666 folded before Flop (didn't bet)
Seat 5: CichiChanMarian folded before Flop (didn't bet)
Seat 6: Alinyr (button) showed [Ks Kc] and lost with a pair of Kings, and won ($109.32) with three of a kind, Kings



PokerStars Hand #254218670994:  Hold'em No Limit ($0.50/$1.00 USD) - 2025/01/05 22:39:32 WET [2025/01/05 17:39:32 ET]
Table 'Tros II' 6-max Seat #1 is the button
Seat 1: NISIY ($109.32 in chips) 
Seat 2: Be_castelo1 ($81.84 in chips) 
Seat 3: alexandr699 ($102.50 in chips) 
Seat 4: Mr_Dick666 ($110.65 in chips) 
Seat 5: CichiChanMarian ($135.90 in chips) 
Seat 6: Alinyr ($181.97 in chips) 
Be_castelo1: posts small blind $0.50
alexandr699: posts big blind $1
*** HOLE CARDS ***
Mr_Dick666: raises $1 to $2
CichiChanMarian: folds 
Alinyr: raises $4.50 to $6.50
NISIY: folds 
Be_castelo1: calls $6
alexandr699: folds 
Mr_Dick666: folds 
*** FLOP *** [9d 4c 6s]
Be_castelo1: checks 
Alinyr: bets $7.75
Be_castelo1: calls $7.75
*** TURN *** [9d 4c 6s] [8s]
Be_castelo1: checks 
Alinyr: checks 
*** RIVER *** [9d 4c 6s 8s] [3c]
Be_castelo1: checks 
Alinyr: checks 
*** SHOW DOWN ***
Be_castelo1: shows [8h 7s] (a pair of Eights)
Alinyr: mucks hand 
Be_castelo1 collected $29.92 from pot
*** SUMMARY ***
Total pot $31.50 | Rake $1.58 
Board [9d 4c 6s 8s 3c]
Seat 1: NISIY (button) folded before Flop (didn't bet)
Seat 2: Be_castelo1 (small blind) showed [8h 7s] and won ($29.92) with a pair of Eights
Seat 3: alexandr699 (big blind) folded before Flop
Seat 4: Mr_Dick666 folded before Flop
Seat 5: CichiChanMarian folded before Flop (didn't bet)
Seat 6: Alinyr mucked



PokerStars Hand #254218696741:  Hold'em No Limit ($0.50/$1.00 USD) - 2025/01/05 22:40:39 WET [2025/01/05 17:40:39 ET]
Table 'Tros II' 6-max Seat #2 is the button
Seat 1: NISIY ($109.32 in chips) 
Seat 2: Be_castelo1 ($97.51 in chips) 
Seat 3: alexandr699 ($101.50 in chips) 
Seat 4: Mr_Dick666 ($108.65 in chips) 
Seat 5: CichiChanMarian ($135.90 in chips) 
Seat 6: Alinyr ($167.72 in chips) 
alexandr699: posts small blind $0.50
Mr_Dick666: posts big blind $1
*** HOLE CARDS ***
CichiChanMarian: raises $1.50 to $2.50
Alinyr: folds 
NISIY: folds 
Be_castelo1: calls $2.50
alexandr699: folds 
Mr_Dick666: calls $1.50
*** FLOP *** [6h Kh Jh]
Mr_Dick666: checks 
CichiChanMarian: checks 
Be_castelo1: checks 
*** TURN *** [6h Kh Jh] [Jd]
Mr_Dick666: checks 
CichiChanMarian: bets $3.80
Be_castelo1: calls $3.80
Mr_Dick666: folds 
*** RIVER *** [6h Kh Jh Jd] [6c]
CichiChanMarian: checks 
Be_castelo1: bets $6
CichiChanMarian: calls $6
*** SHOW DOWN ***
Be_castelo1: shows [9s Kd] (two pair, Kings and Jacks)
CichiChanMarian: mucks hand 
Be_castelo1 collected $26.22 from pot
*** SUMMARY ***
Total pot $27.60 | Rake $1.38 
Board [6h Kh Jh Jd 6c]
Seat 1: NISIY folded before Flop (didn't bet)
Seat 2: Be_castelo1 (button) showed [9s Kd] and won ($26.22) with two pair, Kings and Jacks
Seat 3: alexandr699 (small blind) folded before Flop
Seat 4: Mr_Dick666 (big blind) folded on the Turn
Seat 5: CichiChanMarian mucked
Seat 6: Alinyr folded before Flop (didn't bet)



PokerStars Hand #254218731668:  Hold'em No Limit ($0.50/$1.00 USD) - 2025/01/05 22:42:11 WET [2025/01/05 17:42:11 ET]
Table 'Tros II' 6-max Seat #3 is the button
Seat 1: NISIY ($109.32 in chips) 
Seat 2: Be_castelo1 ($111.43 in chips) 
Seat 3: alexandr699 ($101 in chips) 
Seat 4: Mr_Dick666 ($106.15 in chips) 
Seat 5: CichiChanMarian ($123.60 in chips) 
Seat 6: Alinyr ($167.72 in chips) 
Mr_Dick666: posts small blind $0.50
CichiChanMarian: posts big blind $1
*** HOLE CARDS ***
Alinyr: folds 
NISIY: folds 
Be_castelo1: calls $1
alexandr699: raises $5 to $6
Mr_Dick666: folds 
CichiChanMarian: calls $5
Be_castelo1: folds 
*** FLOP *** [4h 3d 2c]
CichiChanMarian: checks 
alexandr699: checks 
*** TURN *** [4h 3d 2c] [6d]
CichiChanMarian: checks 
alexandr699: checks 
*** RIVER *** [4h 3d 2c 6d] [2d]
CichiChanMarian: bets $9.62
alexandr699: calls $9.62
*** SHOW DOWN ***
CichiChanMarian: shows [Jd Jc] (two pair, Jacks and Deuces)
alexandr699: mucks hand 
CichiChanMarian collected $31.10 from pot
*** SUMMARY ***
Total pot $32.74 | Rake $1.64 
Board [4h 3d 2c 6d 2d]
Seat 1: NISIY folded before Flop (didn't bet)
Seat 2: Be_castelo1 folded before Flop
Seat 3: alexandr699 (button) mucked
Seat 4: Mr_Dick666 (small blind) folded before Flop
Seat 5: CichiChanMarian (big blind) showed [Jd Jc] and won ($31.10) with two pair, Jacks and Deuces
Seat 6: Alinyr folded before Flop (didn't bet)



PokerStars Hand #254218755142:  Hold'em No Limit ($0.50/$1.00 USD) - 2025/01/05 22:43:14 WET [2025/01/05 17:43:14 ET]
Table 'Tros II' 6-max Seat #4 is the button
Seat 1: NISIY ($109.32 in chips) 
Seat 2: Be_castelo1 ($110.43 in chips) 
Seat 3: alexandr699 ($100 in chips) 
Seat 4: Mr_Dick666 ($105.65 in chips) 
Seat 5: CichiChanMarian ($139.08 in chips) 
Seat 6: Alinyr ($167.72 in chips) 
CichiChanMarian: posts small blind $0.50
Alinyr: posts big blind $1
*** HOLE CARDS ***
NISIY: raises $1.50 to $2.50
Be_castelo1: folds 
alexandr699: folds 
Mr_Dick666: folds 
CichiChanMarian: folds 
Alinyr: calls $1.50
*** FLOP *** [3h Kc As]
Alinyr: checks 
NISIY: bets $3.92
Alinyr: calls $3.92
*** TURN *** [3h Kc As] [9c]
Alinyr: checks 
NISIY: bets $9.50
Alinyr: folds 
Uncalled bet ($9.50) returned to NISIY
NISIY collected $12.67 from pot
NISIY: doesn't show hand 
*** SUMMARY ***
Total pot $13.34 | Rake $0.67 
Board [3h Kc As 9c]
Seat 1: NISIY collected ($12.67)
Seat 2: Be_castelo1 folded before Flop (didn't bet)
Seat 3: alexandr699 folded before Flop (didn't bet)
Seat 4: Mr_Dick666 (button) folded before Flop (didn't bet)
Seat 5: CichiChanMarian (small blind) folded before Flop
Seat 6: Alinyr (big blind) folded on the Turn



PokerStars Hand #254218782562:  Hold'em No Limit ($0.50/$1.00 USD) - 2025/01/05 22:44:27 WET [2025/01/05 17:44:27 ET]
Table 'Tros II' 6-max Seat #5 is the button
Seat 1: NISIY ($115.57 in chips) 
Seat 2: Be_castelo1 ($110.43 in chips) 
Seat 3: alexandr699 ($100 in chips) 
Seat 4: Mr_Dick666 ($105.65 in chips) 
Seat 5: CichiChanMarian ($138.58 in chips) 
Seat 6: Alinyr ($161.30 in chips) 
Alinyr: posts small blind $0.50
NISIY: posts big blind $1
*** HOLE CARDS ***
Be_castelo1: calls $1
alexandr699: folds 
Mr_Dick666: folds 
CichiChanMarian: folds 
Alinyr: folds 
NISIY: checks 
*** FLOP *** [4h 5d 5c]
NISIY: checks 
Be_castelo1: checks 
*** TURN *** [4h 5d 5c] [7h]
NISIY: bets $2
Be_castelo1: calls $2
*** RIVER *** [4h 5d 5c 7h] [6s]
NISIY: checks 
Be_castelo1: bets $6
NISIY: calls $6
*** SHOW DOWN ***
Be_castelo1: shows [3s As] (a straight, Three to Seven)
NISIY: shows [3c Kd] (a straight, Three to Seven)
NISIY collected $8.79 from pot
Be_castelo1 collected $8.79 from pot
*** SUMMARY ***
Total pot $18.50 | Rake $0.92 
Board [4h 5d 5c 7h 6s]
Seat 1: NISIY (big blind) showed [3c Kd] and won ($8.79) with a straight, Three to Seven
Seat 2: Be_castelo1 showed [3s As] and won ($8.79) with a straight, Three to Seven
Seat 3: alexandr699 folded before Flop (didn't bet)
Seat 4: Mr_Dick666 folded before Flop (didn't bet)
Seat 5: CichiChanMarian (button) folded before Flop (didn't bet)
Seat 6: Alinyr (small blind) folded before Flop



PokerStars Hand #254218799930:  Hold'em No Limit ($0.50/$1.00 USD) - 2025/01/05 22:45:13 WET [2025/01/05 17:45:13 ET]
Table 'Tros II' 6-max Seat #6 is the button
Seat 1: NISIY ($115.36 in chips) 
Seat 2: Be_castelo1 ($110.22 in chips) 
Seat 3: alexandr699 ($100 in chips) 
Seat 4: Mr_Dick666 ($105.65 in chips) 
Seat 5: CichiChanMarian ($138.58 in chips) 
Seat 6: Alinyr ($160.80 in chips) 
NISIY: posts small blind $0.50
Be_castelo1: posts big blind $1
*** HOLE CARDS ***
alexandr699: folds 
Mr_Dick666: raises $1 to $2
CichiChanMarian: raises $5 to $7
Alinyr: folds 
NISIY: raises $13 to $20
Be_castelo1: folds 
Mr_Dick666: folds 
CichiChanMarian: calls $13
*** FLOP *** [9d Kd Kc]
NISIY: bets $10.21
CichiChanMarian: folds 
Uncalled bet ($10.21) returned to NISIY
NISIY collected $40.85 from pot
NISIY: doesn't show hand 
*** SUMMARY ***
Total pot $43 | Rake $2.15 
Board [9d Kd Kc]
Seat 1: NISIY (small blind) collected ($40.85)
Seat 2: Be_castelo1 (big blind) folded before Flop
Seat 3: alexandr699 folded before Flop (didn't bet)
Seat 4: Mr_Dick666 folded before Flop
Seat 5: CichiChanMarian folded on the Flop
Seat 6: Alinyr (button) folded before Flop (didn't bet)



PokerStars Hand #254218822820:  Hold'em No Limit ($0.50/$1.00 USD) - 2025/01/05 22:46:13 WET [2025/01/05 17:46:13 ET]
Table 'Tros II' 6-max Seat #1 is the button
Seat 1: NISIY ($136.21 in chips) 
Seat 2: Be_castelo1 ($109.22 in chips) 
Seat 3: alexandr699 ($100 in chips) 
Seat 4: Mr_Dick666 ($103.65 in chips) 
Seat 5: CichiChanMarian ($118.58 in chips) 
Seat 6: Alinyr ($160.80 in chips) 
Be_castelo1: posts small blind $0.50
alexandr699: posts big blind $1
*** HOLE CARDS ***
Mr_Dick666: folds 
CichiChanMarian: folds 
Alinyr: folds 
NISIY: folds 
Be_castelo1: calls $0.50
alexandr699: checks 
*** FLOP *** [9h 7d Ks]
Be_castelo1: checks 
alexandr699: checks 
*** TURN *** [9h 7d Ks] [4s]
Be_castelo1: checks 
alexandr699: checks 
*** RIVER *** [9h 7d Ks 4s] [8c]
Be_castelo1: bets $3
alexandr699: folds 
Uncalled bet ($3) returned to Be_castelo1
Be_castelo1 collected $1.90 from pot
*** SUMMARY ***
Total pot $2 | Rake $0.10 
Board [9h 7d Ks 4s 8c]
Seat 1: NISIY (button) folded before Flop (didn't bet)
Seat 2: Be_castelo1 (small blind) collected ($1.90)
Seat 3: alexandr699 (big blind) folded on the River
Seat 4: Mr_Dick666 folded before Flop (didn't bet)
Seat 5: CichiChanMarian folded before Flop (didn't bet)
Seat 6: Alinyr folded before Flop (didn't bet)



PokerStars Hand #254218842556:  Hold'em No Limit ($0.50/$1.00 USD) - 2025/01/05 22:47:05 WET [2025/01/05 17:47:05 ET]
Table 'Tros II' 6-max Seat #2 is the button
Seat 1: NISIY ($136.21 in chips) 
Seat 2: Be_castelo1 ($110.12 in chips) 
Seat 3: alexandr699 ($100 in chips) 
Seat 4: Mr_Dick666 ($103.65 in chips) 
Seat 5: CichiChanMarian ($118.58 in chips) 
Seat 6: Alinyr ($160.80 in chips) 
alexandr699: posts small blind $0.50
Mr_Dick666: posts big blind $1
*** HOLE CARDS ***
CichiChanMarian: folds 
Alinyr: folds 
NISIY: folds 
Be_castelo1: calls $1
alexandr699: calls $0.50
Mr_Dick666: checks 
*** FLOP *** [9d Kh 4s]
alexandr699: checks 
Mr_Dick666: checks 
Be_castelo1: checks 
*** TURN *** [9d Kh 4s] [2d]
alexandr699: bets $1
Mr_Dick666: folds 
Be_castelo1: calls $1
*** RIVER *** [9d Kh 4s 2d] [Js]
alexandr699: bets $1
Be_castelo1: folds 
Uncalled bet ($1) returned to alexandr699
alexandr699 collected $4.75 from pot
alexandr699: doesn't show hand 
*** SUMMARY ***
Total pot $5 | Rake $0.25 
Board [9d Kh 4s 2d Js]
Seat 1: NISIY folded before Flop (didn't bet)
Seat 2: Be_castelo1 (button) folded on the River
Seat 3: alexandr699 (small blind) collected ($4.75)
Seat 4: Mr_Dick666 (big blind) folded on the Turn
Seat 5: CichiChanMarian folded before Flop (didn't bet)
Seat 6: Alinyr folded before Flop (didn't bet)



PokerStars Hand #254218857435:  Hold'em No Limit ($0.50/$1.00 USD) - 2025/01/05 22:47:44 WET [2025/01/05 17:47:44 ET]
Table 'Tros II' 6-max Seat #3 is the button
Seat 1: NISIY ($136.21 in chips) 
Seat 2: Be_castelo1 ($108.12 in chips) 
Seat 3: alexandr699 ($102.75 in chips) 
Seat 4: Mr_Dick666 ($102.65 in chips) 
Seat 5: CichiChanMarian ($118.58 in chips) 
Seat 6: Alinyr ($160.80 in chips) 
Mr_Dick666: posts small blind $0.50
CichiChanMarian: posts big blind $1
*** HOLE CARDS ***
Alinyr: folds 
NISIY: folds 
Be_castelo1: folds 
alexandr699: raises $2 to $3
Mr_Dick666: folds 
CichiChanMarian: folds 
Uncalled bet ($2) returned to alexandr699
alexandr699 collected $2.50 from pot
alexandr699: doesn't show hand 
*** SUMMARY ***
Total pot $2.50 | Rake $0 
Seat 1: NISIY folded before Flop (didn't bet)
Seat 2: Be_castelo1 folded before Flop (didn't bet)
Seat 3: alexandr699 (button) collected ($2.50)
Seat 4: Mr_Dick666 (small blind) folded before Flop
Seat 5: CichiChanMarian (big blind) folded before Flop
Seat 6: Alinyr folded before Flop (didn't bet)



PokerStars Hand #254218867846:  Hold'em No Limit ($0.50/$1.00 USD) - 2025/01/05 22:48:11 WET [2025/01/05 17:48:11 ET]
Table 'Tros II' 6-max Seat #4 is the button
Seat 1: NISIY ($136.21 in chips) 
Seat 2: Be_castelo1 ($108.12 in chips) 
Seat 3: alexandr699 ($104.25 in chips) 
Seat 4: Mr_Dick666 ($102.15 in chips) 
Seat 5: CichiChanMarian ($117.58 in chips) 
Seat 6: Alinyr ($160.80 in chips) 
CichiChanMarian: posts small blind $0.50
Alinyr: posts big blind $1
*** HOLE CARDS ***
NISIY: raises $1.50 to $2.50
Be_castelo1: folds 
alexandr699: folds 
Mr_Dick666: folds 
CichiChanMarian: folds 
Alinyr: folds 
Uncalled bet ($1.50) returned to NISIY
NISIY collected $2.50 from pot
NISIY: doesn't show hand 
*** SUMMARY ***
Total pot $2.50 | Rake $0 
Seat 1: NISIY collected ($2.50)
Seat 2: Be_castelo1 folded before Flop (didn't bet)
Seat 3: alexandr699 folded before Flop (didn't bet)
Seat 4: Mr_Dick666 (button) folded before Flop (didn't bet)
Seat 5: CichiChanMarian (small blind) folded before Flop
Seat 6: Alinyr (big blind) folded before Flop



PokerStars Hand #254218878064:  Hold'em No Limit ($0.50/$1.00 USD) - 2025/01/05 22:48:38 WET [2025/01/05 17:48:38 ET]
Table 'Tros II' 6-max Seat #5 is the button
Seat 1: NISIY ($137.71 in chips) 
Seat 2: Be_castelo1 ($108.12 in chips) 
Seat 3: alexandr699 ($104.25 in chips) 
Seat 4: Mr_Dick666 ($102.15 in chips) 
Seat 5: CichiChanMarian ($117.08 in chips) 
Seat 6: Alinyr ($159.80 in chips) 
Alinyr: posts small blind $0.50
NISIY: posts big blind $1
*** HOLE CARDS ***
Be_castelo1: calls $1
alexandr699: folds 
Mr_Dick666: folds 
CichiChanMarian: folds 
Alinyr: folds 
NISIY: checks 
*** FLOP *** [Kc Tc 4c]
NISIY: checks 
Be_castelo1: checks 
*** TURN *** [Kc Tc 4c] [Kh]
NISIY: bets $2
Be_castelo1: folds 
Uncalled bet ($2) returned to NISIY
NISIY collected $2.38 from pot
NISIY: doesn't show hand 
*** SUMMARY ***
Total pot $2.50 | Rake $0.12 
Board [Kc Tc 4c Kh]
Seat 1: NISIY (big blind) collected ($2.38)
Seat 2: Be_castelo1 folded on the Turn
Seat 3: alexandr699 folded before Flop (didn't bet)
Seat 4: Mr_Dick666 folded before Flop (didn't bet)
Seat 5: CichiChanMarian (button) folded before Flop (didn't bet)
Seat 6: Alinyr (small blind) folded before Flop



PokerStars Hand #254218891865:  Hold'em No Limit ($0.50/$1.00 USD) - 2025/01/05 22:49:15 WET [2025/01/05 17:49:15 ET]
Table 'Tros II' 6-max Seat #6 is the button
Seat 1: NISIY ($139.09 in chips) 
Seat 2: Be_castelo1 ($107.12 in chips) 
Seat 3: alexandr699 ($104.25 in chips) 
Seat 4: Mr_Dick666 ($102.15 in chips) 
Seat 5: CichiChanMarian ($117.08 in chips) 
Seat 6: Alinyr ($159.30 in chips) 
NISIY: posts small blind $0.50
Be_castelo1: posts big blind $1
*** HOLE CARDS ***
alexandr699: folds 
Mr_Dick666: raises $1 to $2
CichiChanMarian: folds 
Alinyr: folds 
NISIY: raises $9 to $11
Be_castelo1: folds 
Mr_Dick666: folds 
Uncalled bet ($9) returned to NISIY
NISIY collected $5 from pot
NISIY: doesn't show hand 
*** SUMMARY ***
Total pot $5 | Rake $0 
Seat 1: NISIY (small blind) collected ($5)
Seat 2: Be_castelo1 (big blind) folded before Flop
Seat 3: alexandr699 folded before Flop (didn't bet)
Seat 4: Mr_Dick666 folded before Flop
Seat 5: CichiChanMarian folded before Flop (didn't bet)
Seat 6: Alinyr (button) folded before Flop (didn't bet)



PokerStars Hand #254218898950:  Hold'em No Limit ($0.50/$1.00 USD) - 2025/01/05 22:49:34 WET [2025/01/05 17:49:34 ET]
Table 'Tros II' 6-max Seat #1 is the button
Seat 1: NISIY ($142.09 in chips) 
Seat 2: Be_castelo1 ($106.12 in chips) 
Seat 3: alexandr699 ($104.25 in chips) 
Seat 4: Mr_Dick666 ($100.15 in chips) 
Seat 5: CichiChanMarian ($117.08 in chips) 
Seat 6: Alinyr ($159.30 in chips) 
Be_castelo1: posts small blind $0.50
alexandr699: posts big blind $1
*** HOLE CARDS ***
Mr_Dick666: raises $1 to $2
CichiChanMarian: folds 
Alinyr: folds 
NISIY: folds 
Be_castelo1: calls $1.50
alexandr699: folds 
*** FLOP *** [Kh Ah 2s]
Be_castelo1: checks 
Mr_Dick666: bets $3.18
Be_castelo1: folds 
Uncalled bet ($3.18) returned to Mr_Dick666
Mr_Dick666 collected $4.75 from pot
Mr_Dick666: doesn't show hand 
*** SUMMARY ***
Total pot $5 | Rake $0.25 
Board [Kh Ah 2s]
Seat 1: NISIY (button) folded before Flop (didn't bet)
Seat 2: Be_castelo1 (small blind) folded on the Flop
Seat 3: alexandr699 (big blind) folded before Flop
Seat 4: Mr_Dick666 collected ($4.75)
Seat 5: CichiChanMarian folded before Flop (didn't bet)
Seat 6: Alinyr folded before Flop (didn't bet)



PokerStars Hand #254218908946:  Hold'em No Limit ($0.50/$1.00 USD) - 2025/01/05 22:50:01 WET [2025/01/05 17:50:01 ET]
Table 'Tros II' 6-max Seat #2 is the button
Seat 1: NISIY ($142.09 in chips) 
Seat 2: Be_castelo1 ($104.12 in chips) 
Seat 3: alexandr699 ($103.25 in chips) 
Seat 4: Mr_Dick666 ($102.90 in chips) 
Seat 5: CichiChanMarian ($117.08 in chips) 
Seat 6: Alinyr ($159.30 in chips) 
alexandr699: posts small blind $0.50
Mr_Dick666: posts big blind $1
*** HOLE CARDS ***
CichiChanMarian: folds 
Alinyr: raises $1.05 to $2.05
NISIY: folds 
Be_castelo1: calls $2.05
alexandr699: folds 
Mr_Dick666: folds 
*** FLOP *** [9s 3c 2s]
Alinyr: checks 
Be_castelo1: checks 
*** TURN *** [9s 3c 2s] [4s]
Alinyr: bets $2.71
Be_castelo1: calls $2.71
*** RIVER *** [9s 3c 2s 4s] [8s]
Alinyr: checks 
Be_castelo1: checks 
*** SHOW DOWN ***
Alinyr: shows [Qh Qc] (a pair of Queens)
Be_castelo1: mucks hand 
Alinyr collected $10.47 from pot
*** SUMMARY ***
Total pot $11.02 | Rake $0.55 
Board [9s 3c 2s 4s 8s]
Seat 1: NISIY folded before Flop (didn't bet)
Seat 2: Be_castelo1 (button) mucked
Seat 3: alexandr699 (small blind) folded before Flop
Seat 4: Mr_Dick666 (big blind) folded before Flop
Seat 5: CichiChanMarian folded before Flop (didn't bet)
Seat 6: Alinyr showed [Qh Qc] and won ($10.47) with a pair of Queens



PokerStars Hand #254218928274:  Hold'em No Limit ($0.50/$1.00 USD) - 2025/01/05 22:50:53 WET [2025/01/05 17:50:53 ET]
Table 'Tros II' 6-max Seat #3 is the button
Seat 1: NISIY ($142.09 in chips) 
Seat 2: Be_castelo1 ($99.36 in chips) 
Seat 3: alexandr699 ($102.75 in chips) 
Seat 4: Mr_Dick666 ($101.90 in chips) 
Seat 5: CichiChanMarian ($117.08 in chips) 
Seat 6: Alinyr ($165.01 in chips) 
Mr_Dick666: posts small blind $0.50
CichiChanMarian: posts big blind $1
*** HOLE CARDS ***
Alinyr: folds 
NISIY: folds 
Be_castelo1: folds 
alexandr699: raises $2 to $3
Mr_Dick666: raises $7 to $10
CichiChanMarian: folds 
alexandr699: raises $13 to $23
Mr_Dick666: raises $78.90 to $101.90 and is all-in
alexandr699: calls $78.90
*** FIRST FLOP *** [4h 9s 3s]
*** FIRST TURN *** [4h 9s 3s] [3d]
*** FIRST RIVER *** [4h 9s 3s 3d] [9d]
*** SECOND FLOP *** [Ks 8d Kc]
*** SECOND TURN *** [Ks 8d Kc] [9c]
*** SECOND RIVER *** [Ks 8d Kc 9c] [6c]
*** FIRST SHOW DOWN ***
Mr_Dick666: shows [Jc Jh] (two pair, Jacks and Nines)
alexandr699: shows [Qc Qd] (two pair, Queens and Nines)
alexandr699 collected $101.15 from pot
*** SECOND SHOW DOWN ***
Mr_Dick666: shows [Jc Jh] (two pair, Kings and Jacks)
alexandr699: shows [Qc Qd] (two pair, Kings and Queens)
alexandr699 collected $101.15 from pot
*** SUMMARY ***
Total pot $204.80 | Rake $2.50 
Hand was run twice
FIRST Board [4h 9s 3s 3d 9d]
SECOND Board [Ks 8d Kc 9c 6c]
Seat 1: NISIY folded before Flop (didn't bet)
Seat 2: Be_castelo1 folded before Flop (didn't bet)
Seat 3: alexandr699 (button) showed [Qc Qd] and won ($101.15) with two pair, Queens and Nines, and won ($101.15) with two pair, Kings and Queens
Seat 4: Mr_Dick666 (small blind) showed [Jc Jh] and lost with two pair, Jacks and Nines, and lost with two pair, Kings and Jacks
Seat 5: CichiChanMarian (big blind) folded before Flop
Seat 6: Alinyr folded before Flop (didn't bet)



PokerStars Hand #254218944386:  Hold'em No Limit ($0.50/$1.00 USD) - 2025/01/05 22:51:35 WET [2025/01/05 17:51:35 ET]
Table 'Tros II' 6-max Seat #4 is the button
Seat 1: NISIY ($142.09 in chips) 
Seat 2: Be_castelo1 ($99.36 in chips) 
Seat 3: alexandr699 ($203.15 in chips) 
Seat 4: Mr_Dick666 ($100 in chips) 
Seat 5: CichiChanMarian ($116.08 in chips) 
Seat 6: Alinyr ($165.01 in chips) 
CichiChanMarian: posts small blind $0.50
Alinyr: posts big blind $1
*** HOLE CARDS ***
NISIY: folds 
Be_castelo1: folds 
alexandr699: folds 
Mr_Dick666: folds 
CichiChanMarian: folds 
Uncalled bet ($0.50) returned to Alinyr
Alinyr collected $1 from pot
Alinyr: doesn't show hand 
*** SUMMARY ***
Total pot $1 | Rake $0 
Seat 1: NISIY folded before Flop (didn't bet)
Seat 2: Be_castelo1 folded before Flop (didn't bet)
Seat 3: alexandr699 folded before Flop (didn't bet)
Seat 4: Mr_Dick666 (button) folded before Flop (didn't bet)
Seat 5: CichiChanMarian (small blind) folded before Flop
Seat 6: Alinyr (big blind) collected ($1)



PokerStars Hand #254218953326:  Hold'em No Limit ($0.50/$1.00 USD) - 2025/01/05 22:52:00 WET [2025/01/05 17:52:00 ET]
Table 'Tros II' 6-max Seat #5 is the button
Seat 1: NISIY ($142.09 in chips) 
Seat 2: Be_castelo1 ($99.36 in chips) 
Seat 3: alexandr699 ($203.15 in chips) 
Seat 4: Mr_Dick666 ($100 in chips) 
Seat 5: CichiChanMarian ($115.58 in chips) 
Seat 6: Alinyr ($165.51 in chips) 
Alinyr: posts small blind $0.50
NISIY: posts big blind $1
*** HOLE CARDS ***
Be_castelo1: folds 
alexandr699: raises $2 to $3
Mr_Dick666: folds 
CichiChanMarian: folds 
Alinyr: folds 
NISIY: calls $2
*** FLOP *** [9h 2s 6h]
NISIY: checks 
alexandr699: bets $3.09
NISIY: calls $3.09
*** TURN *** [9h 2s 6h] [6s]
NISIY: checks 
alexandr699: bets $15.67
NISIY: folds 
Uncalled bet ($15.67) returned to alexandr699
alexandr699 collected $12.05 from pot
alexandr699: doesn't show hand 
*** SUMMARY ***
Total pot $12.68 | Rake $0.63 
Board [9h 2s 6h 6s]
Seat 1: NISIY (big blind) folded on the Turn
Seat 2: Be_castelo1 folded before Flop (didn't bet)
Seat 3: alexandr699 collected ($12.05)
Seat 4: Mr_Dick666 folded before Flop (didn't bet)
Seat 5: CichiChanMarian (button) folded before Flop (didn't bet)
Seat 6: Alinyr (small blind) folded before Flop



PokerStars Hand #254218977466:  Hold'em No Limit ($0.50/$1.00 USD) - 2025/01/05 22:53:04 WET [2025/01/05 17:53:04 ET]
Table 'Tros II' 6-max Seat #6 is the button
Seat 1: NISIY ($136 in chips) 
Seat 2: Be_castelo1 ($99.36 in chips) 
Seat 3: alexandr699 ($209.11 in chips) 
Seat 4: Mr_Dick666 ($100 in chips) 
Seat 5: CichiChanMarian ($115.58 in chips) 
Seat 6: Alinyr ($165.01 in chips) 
NISIY: posts small blind $0.50
Be_castelo1: posts big blind $1
*** HOLE CARDS ***
alexandr699: folds 
Mr_Dick666: folds 
CichiChanMarian: folds 
Alinyr: folds 
NISIY: raises $2 to $3
Be_castelo1: calls $2
*** FLOP *** [Ad 6s 8d]
NISIY: bets $2.85
Be_castelo1: folds 
Uncalled bet ($2.85) returned to NISIY
NISIY collected $5.70 from pot
NISIY: doesn't show hand 
*** SUMMARY ***
Total pot $6 | Rake $0.30 
Board [Ad 6s 8d]
Seat 1: NISIY (small blind) collected ($5.70)
Seat 2: Be_castelo1 (big blind) folded on the Flop
Seat 3: alexandr699 folded before Flop (didn't bet)
Seat 4: Mr_Dick666 folded before Flop (didn't bet)
Seat 5: CichiChanMarian folded before Flop (didn't bet)
Seat 6: Alinyr (button) folded before Flop (didn't bet)



PokerStars Hand #254218989628:  Hold'em No Limit ($0.50/$1.00 USD) - 2025/01/05 22:53:37 WET [2025/01/05 17:53:37 ET]
Table 'Tros II' 6-max Seat #1 is the button
Seat 1: NISIY ($138.70 in chips) 
Seat 2: Be_castelo1 ($96.36 in chips) 
Seat 3: alexandr699 ($209.11 in chips) 
Seat 4: Mr_Dick666 ($100 in chips) 
Seat 5: CichiChanMarian ($115.58 in chips) 
Seat 6: Alinyr ($165.01 in chips) 
Be_castelo1: posts small blind $0.50
alexandr699: posts big blind $1
*** HOLE CARDS ***
Mr_Dick666: raises $1 to $2
CichiChanMarian: folds 
Alinyr: raises $4.50 to $6.50
NISIY: folds 
Be_castelo1: folds 
alexandr699: folds 
Mr_Dick666: calls $4.50
*** FLOP *** [Jh 8c Kd]
Mr_Dick666: checks 
Alinyr: bets $4.55
Mr_Dick666: folds 
Uncalled bet ($4.55) returned to Alinyr
Alinyr collected $13.78 from pot
Alinyr: doesn't show hand 
*** SUMMARY ***
Total pot $14.50 | Rake $0.72 
Board [Jh 8c Kd]
Seat 1: NISIY (button) folded before Flop (didn't bet)
Seat 2: Be_castelo1 (small blind) folded before Flop
Seat 3: alexandr699 (big blind) folded before Flop
Seat 4: Mr_Dick666 folded on the Flop
Seat 5: CichiChanMarian folded before Flop (didn't bet)
Seat 6: Alinyr collected ($13.78)



PokerStars Hand #254219002172:  Hold'em No Limit ($0.50/$1.00 USD) - 2025/01/05 22:54:11 WET [2025/01/05 17:54:11 ET]
Table 'Tros II' 6-max Seat #2 is the button
Seat 1: NISIY ($138.70 in chips) 
Seat 2: Be_castelo1 ($95.86 in chips) 
Seat 3: alexandr699 ($208.11 in chips) 
Seat 4: Mr_Dick666 ($100 in chips) 
Seat 5: CichiChanMarian ($115.58 in chips) 
Seat 6: Alinyr ($172.29 in chips) 
alexandr699: posts small blind $0.50
Mr_Dick666: posts big blind $1
*** HOLE CARDS ***
CichiChanMarian: folds 
Alinyr: folds 
NISIY: folds 
Be_castelo1: folds 
alexandr699: raises $2 to $3
Mr_Dick666: calls $2
*** FLOP *** [Ah Jh 8c]
alexandr699: checks 
Mr_Dick666: checks 
*** TURN *** [Ah Jh 8c] [4s]
alexandr699: checks 
Mr_Dick666: bets $3.82
alexandr699: calls $3.82
*** RIVER *** [Ah Jh 8c 4s] [3h]
alexandr699: checks 
Mr_Dick666: bets $8.68
alexandr699: raises $43.40 to $52.08
Mr_Dick666: folds 
Uncalled bet ($43.40) returned to alexandr699
alexandr699 collected $29.45 from pot
alexandr699: doesn't show hand 
*** SUMMARY ***
Total pot $31 | Rake $1.55 
Board [Ah Jh 8c 4s 3h]
Seat 1: NISIY folded before Flop (didn't bet)
Seat 2: Be_castelo1 (button) folded before Flop (didn't bet)
Seat 3: alexandr699 (small blind) collected ($29.45)
Seat 4: Mr_Dick666 (big blind) folded on the River
Seat 5: CichiChanMarian folded before Flop (didn't bet)
Seat 6: Alinyr folded before Flop (didn't bet)



PokerStars Hand #254219032955:  Hold'em No Limit ($0.50/$1.00 USD) - 2025/01/05 22:55:52 WET [2025/01/05 17:55:52 ET]
Table 'Tros II' 6-max Seat #3 is the button
Seat 1: NISIY ($138.70 in chips) 
Seat 2: Be_castelo1 ($95.86 in chips) 
Seat 3: alexandr699 ($222.06 in chips) 
Seat 4: Mr_Dick666 ($100 in chips) 
Seat 5: CichiChanMarian ($115.58 in chips) 
Seat 6: Alinyr ($172.29 in chips) 
Mr_Dick666: posts small blind $0.50
CichiChanMarian: posts big blind $1
*** HOLE CARDS ***
Alinyr: folds 
NISIY: raises $1.50 to $2.50
Be_castelo1: calls $2.50
alexandr699: folds 
Mr_Dick666: folds 
CichiChanMarian: calls $1.50
*** FLOP *** [Js 9d Qd]
CichiChanMarian: checks 
NISIY: bets $5.70
Be_castelo1: raises $5.70 to $11.40
CichiChanMarian: folds 
NISIY: calls $5.70
*** TURN *** [Js 9d Qd] [5s]
NISIY: checks 
Be_castelo1: bets $8
NISIY: calls $8
*** RIVER *** [Js 9d Qd 5s] [Jd]
NISIY: checks 
Be_castelo1: bets $22.23
NISIY: calls $22.23
*** SHOW DOWN ***
Be_castelo1: shows [Jc Qs] (a full house, Jacks full of Queens)
NISIY: mucks hand 
Be_castelo1 collected $88.76 from pot
*** SUMMARY ***
Total pot $91.26 | Rake $2.50 
Board [Js 9d Qd 5s Jd]
Seat 1: NISIY mucked
Seat 2: Be_castelo1 showed [Jc Qs] and won ($88.76) with a full house, Jacks full of Queens
Seat 3: alexandr699 (button) folded before Flop (didn't bet)
Seat 4: Mr_Dick666 (small blind) folded before Flop
Seat 5: CichiChanMarian (big blind) folded on the Flop
Seat 6: Alinyr folded before Flop (didn't bet)



PokerStars Hand #254219050488:  Hold'em No Limit ($0.50/$1.00 USD) - 2025/01/05 22:57:12 WET [2025/01/05 17:57:12 ET]
Table 'Tros II' 6-max Seat #4 is the button
Seat 1: NISIY ($100 in chips) 
Seat 2: Be_castelo1 ($140.49 in chips) 
Seat 3: alexandr699 ($222.06 in chips) 
Seat 4: Mr_Dick666 ($100 in chips) 
Seat 5: CichiChanMarian ($113.08 in chips) 
Seat 6: Alinyr ($172.29 in chips) 
CichiChanMarian: posts small blind $0.50
Alinyr: posts big blind $1
*** HOLE CARDS ***
NISIY: folds 
Be_castelo1: calls $1
alexandr699: folds 
Mr_Dick666: folds 
CichiChanMarian: folds 
Alinyr: checks 
*** FLOP *** [Jc 3c 8s]
Alinyr: checks 
Be_castelo1: checks 
*** TURN *** [Jc 3c 8s] [4s]
Alinyr: checks 
Be_castelo1: checks 
*** RIVER *** [Jc 3c 8s 4s] [8d]
Alinyr: checks 
Be_castelo1: checks 
*** SHOW DOWN ***
Alinyr: shows [6d 2d] (a pair of Eights)
Be_castelo1: shows [7s Ah] (a pair of Eights - Ace kicker)
Be_castelo1 collected $2.38 from pot
*** SUMMARY ***
Total pot $2.50 | Rake $0.12 
Board [Jc 3c 8s 4s 8d]
Seat 1: NISIY folded before Flop (didn't bet)
Seat 2: Be_castelo1 showed [7s Ah] and won ($2.38) with a pair of Eights
Seat 3: alexandr699 folded before Flop (didn't bet)
Seat 4: Mr_Dick666 (button) folded before Flop (didn't bet)
Seat 5: CichiChanMarian (small blind) folded before Flop
Seat 6: Alinyr (big blind) showed [6d 2d] and lost with a pair of Eights



PokerStars Hand #254219060690:  Hold'em No Limit ($0.50/$1.00 USD) - 2025/01/05 22:57:57 WET [2025/01/05 17:57:57 ET]
Table 'Tros II' 6-max Seat #5 is the button
Seat 1: NISIY ($100 in chips) 
Seat 2: Be_castelo1 ($141.87 in chips) 
Seat 3: alexandr699 ($222.06 in chips) 
Seat 4: Mr_Dick666 ($100 in chips) 
Seat 5: CichiChanMarian ($112.58 in chips) 
Seat 6: Alinyr ($171.29 in chips) 
Alinyr: posts small blind $0.50
NISIY: posts big blind $1
*** HOLE CARDS ***
Be_castelo1: calls $1
alexandr699: folds 
Mr_Dick666: folds 
CichiChanMarian: raises $3 to $4
Alinyr: folds 
NISIY: folds 
Be_castelo1: calls $3
*** FLOP *** [As 7h Qd]
Be_castelo1: checks 
CichiChanMarian: bets $2.98
Be_castelo1: folds 
Uncalled bet ($2.98) returned to CichiChanMarian
CichiChanMarian collected $9.02 from pot
CichiChanMarian: doesn't show hand 
*** SUMMARY ***
Total pot $9.50 | Rake $0.48 
Board [As 7h Qd]
Seat 1: NISIY (big blind) folded before Flop
Seat 2: Be_castelo1 folded on the Flop
Seat 3: alexandr699 folded before Flop (didn't bet)
Seat 4: Mr_Dick666 folded before Flop (didn't bet)
Seat 5: CichiChanMarian (button) collected ($9.02)
Seat 6: Alinyr (small blind) folded before Flop



PokerStars Hand #254219073177:  Hold'em No Limit ($0.50/$1.00 USD) - 2025/01/05 22:58:53 WET [2025/01/05 17:58:53 ET]
Table 'Tros II' 6-max Seat #6 is the button
Seat 1: NISIY ($100 in chips) 
Seat 2: Be_castelo1 ($137.87 in chips) 
Seat 3: alexandr699 ($222.06 in chips) 
Seat 4: Mr_Dick666 ($100 in chips) 
Seat 5: CichiChanMarian ($117.60 in chips) 
Seat 6: Alinyr ($170.79 in chips) 
NISIY: posts small blind $0.50
Be_castelo1: posts big blind $1
*** HOLE CARDS ***
alexandr699: folds 
Mr_Dick666: folds 
CichiChanMarian: folds 
Alinyr: folds 
NISIY: raises $2 to $3
Be_castelo1: calls $2
*** FLOP *** [Jd 2s 7d]
NISIY: bets $2.85
Be_castelo1: folds 
Uncalled bet ($2.85) returned to NISIY
NISIY collected $5.70 from pot
NISIY: doesn't show hand 
*** SUMMARY ***
Total pot $6 | Rake $0.30 
Board [Jd 2s 7d]
Seat 1: NISIY (small blind) collected ($5.70)
Seat 2: Be_castelo1 (big blind) folded on the Flop
Seat 3: alexandr699 folded before Flop (didn't bet)
Seat 4: Mr_Dick666 folded before Flop (didn't bet)
Seat 5: CichiChanMarian folded before Flop (didn't bet)
Seat 6: Alinyr (button) folded before Flop (didn't bet)



PokerStars Hand #254219082196:  Hold'em No Limit ($0.50/$1.00 USD) - 2025/01/05 22:59:33 WET [2025/01/05 17:59:33 ET]
Table 'Tros II' 6-max Seat #1 is the button
Seat 1: NISIY ($102.70 in chips) 
Seat 2: Be_castelo1 ($134.87 in chips) 
Seat 3: alexandr699 ($222.06 in chips) 
Seat 4: Mr_Dick666 ($100 in chips) 
Seat 5: CichiChanMarian ($117.60 in chips) 
Seat 6: Alinyr ($170.79 in chips) 
Be_castelo1: posts small blind $0.50
alexandr699: posts big blind $1
*** HOLE CARDS ***
Mr_Dick666: folds 
CichiChanMarian: raises $1.50 to $2.50
Alinyr: folds 
NISIY: raises $5 to $7.50
Be_castelo1: calls $7
alexandr699: folds 
CichiChanMarian: raises $16.50 to $24
NISIY: folds 
Be_castelo1: calls $16.50
*** FLOP *** [7c 9d 9s]
Be_castelo1: checks 
CichiChanMarian: checks 
*** TURN *** [7c 9d 9s] [2h]
Be_castelo1: checks 
CichiChanMarian: checks 
*** RIVER *** [7c 9d 9s 2h] [Ts]
Be_castelo1: checks 
CichiChanMarian: checks 
*** SHOW DOWN ***
Be_castelo1: shows [6d 6h] (two pair, Nines and Sixes)
CichiChanMarian: mucks hand 
Be_castelo1 collected $54 from pot
*** SUMMARY ***
Total pot $56.50 | Rake $2.50 
Board [7c 9d 9s 2h Ts]
Seat 1: NISIY (button) folded before Flop
Seat 2: Be_castelo1 (small blind) showed [6d 6h] and won ($54) with two pair, Nines and Sixes
Seat 3: alexandr699 (big blind) folded before Flop
Seat 4: Mr_Dick666 folded before Flop (didn't bet)
Seat 5: CichiChanMarian mucked
Seat 6: Alinyr folded before Flop (didn't bet)



PokerStars Hand #254219096886:  Hold'em No Limit ($0.50/$1.00 USD) - 2025/01/05 23:00:36 WET [2025/01/05 18:00:36 ET]
Table 'Tros II' 6-max Seat #2 is the button
Seat 1: NISIY ($100 in chips) 
Seat 2: Be_castelo1 ($164.87 in chips) 
Seat 3: alexandr699 ($221.06 in chips) 
Seat 4: Mr_Dick666 ($100 in chips) 
Seat 5: CichiChanMarian ($100 in chips) 
Seat 6: Alinyr ($170.79 in chips) 
alexandr699: posts small blind $0.50
Mr_Dick666: posts big blind $1
*** HOLE CARDS ***
CichiChanMarian: folds 
Alinyr: folds 
NISIY: folds 
Be_castelo1: calls $1
alexandr699: folds 
Mr_Dick666: checks 
*** FLOP *** [4h 4d 7c]
Mr_Dick666: bets $1
Be_castelo1: calls $1
*** TURN *** [4h 4d 7c] [9d]
Mr_Dick666: bets $1.41
Be_castelo1: folds 
Uncalled bet ($1.41) returned to Mr_Dick666
Mr_Dick666 collected $4.28 from pot
Mr_Dick666: doesn't show hand 
*** SUMMARY ***
Total pot $4.50 | Rake $0.22 
Board [4h 4d 7c 9d]
Seat 1: NISIY folded before Flop (didn't bet)
Seat 2: Be_castelo1 (button) folded on the Turn
Seat 3: alexandr699 (small blind) folded before Flop
Seat 4: Mr_Dick666 (big blind) collected ($4.28)
Seat 5: CichiChanMarian folded before Flop (didn't bet)
Seat 6: Alinyr folded before Flop (didn't bet)



PokerStars Hand #254219105099:  Hold'em No Limit ($0.50/$1.00 USD) - 2025/01/05 23:01:08 WET [2025/01/05 18:01:08 ET]
Table 'Tros II' 6-max Seat #3 is the button
Seat 1: NISIY ($100 in chips) 
Seat 2: Be_castelo1 ($162.87 in chips) 
Seat 3: alexandr699 ($220.56 in chips) 
Seat 4: Mr_Dick666 ($102.28 in chips) 
Seat 5: CichiChanMarian ($100 in chips) 
Seat 6: Alinyr ($170.79 in chips) 
Mr_Dick666: posts small blind $0.50
CichiChanMarian: posts big blind $1
*** HOLE CARDS ***
Alinyr: raises $1.05 to $2.05
NISIY: folds 
Be_castelo1: folds 
alexandr699: folds 
Mr_Dick666: folds 
CichiChanMarian: folds 
Uncalled bet ($1.05) returned to Alinyr
Alinyr collected $2.50 from pot
Alinyr: doesn't show hand 
*** SUMMARY ***
Total pot $2.50 | Rake $0 
Seat 1: NISIY folded before Flop (didn't bet)
Seat 2: Be_castelo1 folded before Flop (didn't bet)
Seat 3: alexandr699 (button) folded before Flop (didn't bet)
Seat 4: Mr_Dick666 (small blind) folded before Flop
Seat 5: CichiChanMarian (big blind) folded before Flop
Seat 6: Alinyr collected ($2.50)



PokerStars Hand #254219110066:  Hold'em No Limit ($0.50/$1.00 USD) - 2025/01/05 23:01:26 WET [2025/01/05 18:01:26 ET]
Table 'Tros II' 6-max Seat #4 is the button
Seat 1: NISIY ($100 in chips) 
Seat 2: Be_castelo1 ($162.87 in chips) 
Seat 3: alexandr699 ($220.56 in chips) 
Seat 4: Mr_Dick666 ($101.78 in chips) 
Seat 5: CichiChanMarian ($100 in chips) 
Seat 6: Alinyr ($172.29 in chips) 
CichiChanMarian: posts small blind $0.50
Alinyr: posts big blind $1
*** HOLE CARDS ***
NISIY: folds 
Be_castelo1: calls $1
alexandr699: raises $4 to $5
Mr_Dick666: calls $5
CichiChanMarian: folds 
Alinyr: folds 
Be_castelo1: calls $4
*** FLOP *** [Ad 2d 4h]
Be_castelo1: checks 
alexandr699: bets $11.76
Mr_Dick666: folds 
Be_castelo1: calls $11.76
*** TURN *** [Ad 2d 4h] [6c]
Be_castelo1: checks 
alexandr699: bets $38.02
Be_castelo1: calls $38.02
*** RIVER *** [Ad 2d 4h 6c] [7h]
Be_castelo1: checks 
alexandr699: bets $165.78 and is all-in
Be_castelo1: folds 
Uncalled bet ($165.78) returned to alexandr699
alexandr699 collected $113.56 from pot
alexandr699: doesn't show hand 
*** SUMMARY ***
Total pot $116.06 | Rake $2.50 
Board [Ad 2d 4h 6c 7h]
Seat 1: NISIY folded before Flop (didn't bet)
Seat 2: Be_castelo1 folded on the River
Seat 3: alexandr699 collected ($113.56)
Seat 4: Mr_Dick666 (button) folded on the Flop
Seat 5: CichiChanMarian (small blind) folded before Flop
Seat 6: Alinyr (big blind) folded before Flop



PokerStars Hand #254219138159:  Hold'em No Limit ($0.50/$1.00 USD) - 2025/01/05 23:02:51 WET [2025/01/05 18:02:51 ET]
Table 'Tros II' 6-max Seat #5 is the button
Seat 1: NISIY ($100 in chips) 
Seat 2: Be_castelo1 ($108.09 in chips) 
Seat 3: alexandr699 ($279.34 in chips) 
Seat 4: Mr_Dick666 ($100 in chips) 
Seat 5: CichiChanMarian ($100 in chips) 
Seat 6: Alinyr ($171.29 in chips) 
Alinyr: posts small blind $0.50
NISIY: posts big blind $1
*** HOLE CARDS ***
Be_castelo1: calls $1
alexandr699: folds 
Mr_Dick666: raises $3 to $4
CichiChanMarian: folds 
Alinyr: raises $11 to $15
NISIY: folds 
Be_castelo1: folds 
Mr_Dick666: calls $11
*** FLOP *** [7s 3c 2d]
Alinyr: bets $18.54
Mr_Dick666: folds 
Uncalled bet ($18.54) returned to Alinyr
Alinyr collected $30.40 from pot
Alinyr: doesn't show hand 
*** SUMMARY ***
Total pot $32 | Rake $1.60 
Board [7s 3c 2d]
Seat 1: NISIY (big blind) folded before Flop
Seat 2: Be_castelo1 folded before Flop
Seat 3: alexandr699 folded before Flop (didn't bet)
Seat 4: Mr_Dick666 folded on the Flop
Seat 5: CichiChanMarian (button) folded before Flop (didn't bet)
Seat 6: Alinyr (small blind) collected ($30.40)



PokerStars Hand #254219163845:  Hold'em No Limit ($0.50/$1.00 USD) - 2025/01/05 23:04:01 WET [2025/01/05 18:04:01 ET]
Table 'Tros II' 6-max Seat #6 is the button
Seat 1: NISIY ($100 in chips) 
Seat 2: Be_castelo1 ($107.09 in chips) 
Seat 3: alexandr699 ($279.34 in chips) 
Seat 4: Mr_Dick666 ($100 in chips) 
Seat 5: CichiChanMarian ($100 in chips) 
Seat 6: Alinyr ($186.69 in chips) 
NISIY: posts small blind $0.50
Be_castelo1: posts big blind $1
*** HOLE CARDS ***
alexandr699: folds 
Mr_Dick666: folds 
CichiChanMarian: folds 
Alinyr: raises $1.50 to $2.50
NISIY: folds 
Be_castelo1: calls $1.50
*** FLOP *** [7d Ac 3d]
Be_castelo1: checks 
Alinyr: bets $1.72
Be_castelo1: calls $1.72
*** TURN *** [7d Ac 3d] [9s]
Be_castelo1: checks 
Alinyr: checks 
*** RIVER *** [7d Ac 3d 9s] [8h]
Be_castelo1: checks 
Alinyr: checks 
*** SHOW DOWN ***
Be_castelo1: shows [4s 6s] (high card Ace)
Alinyr: mucks hand 
Be_castelo1 collected $8.49 from pot
*** SUMMARY ***
Total pot $8.94 | Rake $0.45 
Board [7d Ac 3d 9s 8h]
Seat 1: NISIY (small blind) folded before Flop
Seat 2: Be_castelo1 (big blind) showed [4s 6s] and won ($8.49) with high card Ace
Seat 3: alexandr699 folded before Flop (didn't bet)
Seat 4: Mr_Dick666 folded before Flop (didn't bet)
Seat 5: CichiChanMarian folded before Flop (didn't bet)
Seat 6: Alinyr (button) mucked



PokerStars Hand #254219194302:  Hold'em No Limit ($0.50/$1.00 USD) - 2025/01/05 23:05:25 WET [2025/01/05 18:05:25 ET]
Table 'Tros II' 6-max Seat #1 is the button
Seat 1: NISIY ($100 in chips) 
Seat 2: Be_castelo1 ($111.36 in chips) 
Seat 3: alexandr699 ($279.34 in chips) 
Seat 4: Mr_Dick666 ($100 in chips) 
Seat 5: CichiChanMarian ($100 in chips) 
Seat 6: Alinyr ($182.47 in chips) 
Be_castelo1: posts small blind $0.50
alexandr699: posts big blind $1
*** HOLE CARDS ***
Mr_Dick666: raises $1 to $2
CichiChanMarian: folds 
Alinyr: folds 
NISIY: folds 
Be_castelo1: calls $1.50
alexandr699: folds 
*** FLOP *** [6d Th Jc]
Be_castelo1: checks 
Mr_Dick666: bets $3.18
Be_castelo1: folds 
Uncalled bet ($3.18) returned to Mr_Dick666
Mr_Dick666 collected $4.75 from pot
Mr_Dick666: doesn't show hand 
*** SUMMARY ***
Total pot $5 | Rake $0.25 
Board [6d Th Jc]
Seat 1: NISIY (button) folded before Flop (didn't bet)
Seat 2: Be_castelo1 (small blind) folded on the Flop
Seat 3: alexandr699 (big blind) folded before Flop
Seat 4: Mr_Dick666 collected ($4.75)
Seat 5: CichiChanMarian folded before Flop (didn't bet)
Seat 6: Alinyr folded before Flop (didn't bet)



PokerStars Hand #254219205673:  Hold'em No Limit ($0.50/$1.00 USD) - 2025/01/05 23:05:54 WET [2025/01/05 18:05:54 ET]
Table 'Tros II' 6-max Seat #2 is the button
Seat 1: NISIY ($100 in chips) 
Seat 2: Be_castelo1 ($109.36 in chips) 
Seat 3: alexandr699 ($278.34 in chips) 
Seat 4: Mr_Dick666 ($102.75 in chips) 
Seat 5: CichiChanMarian ($100 in chips) 
Seat 6: Alinyr ($182.47 in chips) 
alexandr699: posts small blind $0.50
Mr_Dick666: posts big blind $1
*** HOLE CARDS ***
CichiChanMarian: raises $1.50 to $2.50
Alinyr: folds 
NISIY: folds 
Be_castelo1: calls $2.50
alexandr699: folds 
Mr_Dick666: folds 
*** FLOP *** [5h 2d 7s]
CichiChanMarian: checks 
Be_castelo1: checks 
*** TURN *** [5h 2d 7s] [Ah]
CichiChanMarian: bets $4.63
Be_castelo1: folds 
Uncalled bet ($4.63) returned to CichiChanMarian
CichiChanMarian collected $6.18 from pot
CichiChanMarian: doesn't show hand 
*** SUMMARY ***
Total pot $6.50 | Rake $0.32 
Board [5h 2d 7s Ah]
Seat 1: NISIY folded before Flop (didn't bet)
Seat 2: Be_castelo1 (button) folded on the Turn
Seat 3: alexandr699 (small blind) folded before Flop
Seat 4: Mr_Dick666 (big blind) folded before Flop
Seat 5: CichiChanMarian collected ($6.18)
Seat 6: Alinyr folded before Flop (didn't bet)



PokerStars Hand #254219219632:  Hold'em No Limit ($0.50/$1.00 USD) - 2025/01/05 23:06:32 WET [2025/01/05 18:06:32 ET]
Table 'Tros II' 6-max Seat #3 is the button
Seat 1: NISIY ($100 in chips) 
Seat 2: Be_castelo1 ($106.86 in chips) 
Seat 3: alexandr699 ($277.84 in chips) 
Seat 4: Mr_Dick666 ($101.75 in chips) 
Seat 5: CichiChanMarian ($103.68 in chips) 
Seat 6: Alinyr ($182.47 in chips) 
Mr_Dick666: posts small blind $0.50
CichiChanMarian: posts big blind $1
*** HOLE CARDS ***
Alinyr: folds 
NISIY: folds 
Be_castelo1: folds 
alexandr699: raises $2 to $3
Mr_Dick666: raises $7 to $10
CichiChanMarian: folds 
alexandr699: folds 
Uncalled bet ($7) returned to Mr_Dick666
Mr_Dick666 collected $7 from pot
Mr_Dick666: doesn't show hand 
*** SUMMARY ***
Total pot $7 | Rake $0 
Seat 1: NISIY folded before Flop (didn't bet)
Seat 2: Be_castelo1 folded before Flop (didn't bet)
Seat 3: alexandr699 (button) folded before Flop
Seat 4: Mr_Dick666 (small blind) collected ($7)
Seat 5: CichiChanMarian (big blind) folded before Flop
Seat 6: Alinyr folded before Flop (didn't bet)



PokerStars Hand #254219230966:  Hold'em No Limit ($0.50/$1.00 USD) - 2025/01/05 23:07:04 WET [2025/01/05 18:07:04 ET]
Table 'Tros II' 6-max Seat #4 is the button
Seat 1: NISIY ($100 in chips) 
Seat 2: Be_castelo1 ($106.86 in chips) 
Seat 3: alexandr699 ($274.84 in chips) 
Seat 4: Mr_Dick666 ($105.75 in chips) 
Seat 5: CichiChanMarian ($102.68 in chips) 
Seat 6: Alinyr ($182.47 in chips) 
CichiChanMarian: posts small blind $0.50
Alinyr: posts big blind $1
*** HOLE CARDS ***
NISIY: folds 
Be_castelo1: calls $1
alexandr699: folds 
Mr_Dick666: folds 
CichiChanMarian: folds 
Alinyr: checks 
*** FLOP *** [Ah 2d 4d]
Alinyr: checks 
Be_castelo1: bets $1
Alinyr: calls $1
*** TURN *** [Ah 2d 4d] [3c]
Alinyr: checks 
Be_castelo1: bets $1
Alinyr: calls $1
*** RIVER *** [Ah 2d 4d 3c] [Js]
Alinyr: checks 
Be_castelo1: bets $1
Alinyr: folds 
Uncalled bet ($1) returned to Be_castelo1
Be_castelo1 collected $6.18 from pot
*** SUMMARY ***
Total pot $6.50 | Rake $0.32 
Board [Ah 2d 4d 3c Js]
Seat 1: NISIY folded before Flop (didn't bet)
Seat 2: Be_castelo1 collected ($6.18)
Seat 3: alexandr699 folded before Flop (didn't bet)
Seat 4: Mr_Dick666 (button) folded before Flop (didn't bet)
Seat 5: CichiChanMarian (small blind) folded before Flop
Seat 6: Alinyr (big blind) folded on the River



PokerStars Hand #254219248697:  Hold'em No Limit ($0.50/$1.00 USD) - 2025/01/05 23:07:52 WET [2025/01/05 18:07:52 ET]
Table 'Tros II' 6-max Seat #5 is the button
Seat 1: NISIY ($100 in chips) 
Seat 2: Be_castelo1 ($110.04 in chips) 
Seat 3: alexandr699 ($274.84 in chips) 
Seat 4: Mr_Dick666 ($105.75 in chips) 
Seat 5: CichiChanMarian ($102.18 in chips) 
Seat 6: Alinyr ($179.47 in chips) 
Alinyr: posts small blind $0.50
NISIY: posts big blind $1
*** HOLE CARDS ***
Be_castelo1: folds 
alexandr699: folds 
Mr_Dick666: folds 
CichiChanMarian: folds 
Alinyr: raises $2 to $3
NISIY: folds 
Uncalled bet ($2) returned to Alinyr
Alinyr collected $2 from pot
Alinyr: doesn't show hand 
*** SUMMARY ***
Total pot $2 | Rake $0 
Seat 1: NISIY (big blind) folded before Flop
Seat 2: Be_castelo1 folded before Flop (didn't bet)
Seat 3: alexandr699 folded before Flop (didn't bet)
Seat 4: Mr_Dick666 folded before Flop (didn't bet)
Seat 5: CichiChanMarian (button) folded before Flop (didn't bet)
Seat 6: Alinyr (small blind) collected ($2)



PokerStars Hand #254219257832:  Hold'em No Limit ($0.50/$1.00 USD) - 2025/01/05 23:08:17 WET [2025/01/05 18:08:17 ET]
Table 'Tros II' 6-max Seat #6 is the button
Seat 1: NISIY ($100 in chips) 
Seat 2: Be_castelo1 ($110.04 in chips) 
Seat 3: alexandr699 ($274.84 in chips) 
Seat 4: Mr_Dick666 ($105.75 in chips) 
Seat 5: CichiChanMarian ($102.18 in chips) 
Seat 6: Alinyr ($180.47 in chips) 
NISIY: posts small blind $0.50
Be_castelo1: posts big blind $1
*** HOLE CARDS ***
alexandr699: folds 
Mr_Dick666: folds 
CichiChanMarian: raises $1.50 to $2.50
Alinyr: calls $2.50
NISIY: folds 
Be_castelo1: calls $1.50
*** FLOP *** [5s 9d Td]
Be_castelo1: checks 
CichiChanMarian: checks 
Alinyr: checks 
*** TURN *** [5s 9d Td] [Kd]
Be_castelo1: checks 
CichiChanMarian: bets $3.80
Alinyr: folds 
Be_castelo1: folds 
Uncalled bet ($3.80) returned to CichiChanMarian
CichiChanMarian collected $7.60 from pot
CichiChanMarian: doesn't show hand 
*** SUMMARY ***
Total pot $8 | Rake $0.40 
Board [5s 9d Td Kd]
Seat 1: NISIY (small blind) folded before Flop
Seat 2: Be_castelo1 (big blind) folded on the Turn
Seat 3: alexandr699 folded before Flop (didn't bet)
Seat 4: Mr_Dick666 folded before Flop (didn't bet)
Seat 5: CichiChanMarian collected ($7.60)
Seat 6: Alinyr (button) folded on the Turn



PokerStars Hand #254219285145:  Hold'em No Limit ($0.50/$1.00 USD) - 2025/01/05 23:09:32 WET [2025/01/05 18:09:32 ET]
Table 'Tros II' 6-max Seat #1 is the button
Seat 1: NISIY ($100 in chips) 
Seat 2: Be_castelo1 ($107.54 in chips) 
Seat 3: alexandr699 ($274.84 in chips) 
Seat 4: Mr_Dick666 ($105.75 in chips) 
Seat 5: CichiChanMarian ($107.28 in chips) 
Seat 6: Alinyr ($177.97 in chips) 
Be_castelo1: posts small blind $0.50
alexandr699: posts big blind $1
*** HOLE CARDS ***
Mr_Dick666: folds 
CichiChanMarian: folds 
Alinyr: folds 
NISIY: raises $1.50 to $2.50
Be_castelo1: calls $2
alexandr699: raises $10.50 to $13
NISIY: raises $14 to $27
Be_castelo1: folds 
alexandr699: calls $14
*** FLOP *** [Qs 8h 8c]
Be_castelo1 leaves the table
alexandr699: checks 
NISIY: checks 
*** TURN *** [Qs 8h 8c] [3d]
alexandr699: bets $27
Alinyr leaves the table
kars0n joins the table at seat #6 
NISIY: folds 
Uncalled bet ($27) returned to alexandr699
alexandr699 collected $54 from pot
alexandr699: doesn't show hand 
*** SUMMARY ***
Total pot $56.50 | Rake $2.50 
Board [Qs 8h 8c 3d]
Seat 1: NISIY (button) folded on the Turn
Seat 2: Be_castelo1 (small blind) folded before Flop
Seat 3: alexandr699 (big blind) collected ($54)
Seat 4: Mr_Dick666 folded before Flop (didn't bet)
Seat 5: CichiChanMarian folded before Flop (didn't bet)
Seat 6: Alinyr folded before Flop (didn't bet)



PokerStars Hand #254219319753:  Hold'em No Limit ($0.50/$1.00 USD) - 2025/01/05 23:11:08 WET [2025/01/05 18:11:08 ET]
Table 'Tros II' 6-max Seat #3 is the button
Seat 6: kars0n ($100 in chips) is sitting out
Seat 1: NISIY ($100 in chips) 
Seat 3: alexandr699 ($301.84 in chips) 
Seat 4: Mr_Dick666 ($105.75 in chips) 
Seat 5: CichiChanMarian ($107.28 in chips) 
Mr_Dick666: posts small blind $0.50
CichiChanMarian: posts big blind $1
kars0n: sits out 
*** HOLE CARDS ***
NISIY: folds 
alexandr699: folds 
Mr_Dick666: raises $2 to $3
NISIY leaves the table
CichiChanMarian: folds 
Uncalled bet ($2) returned to Mr_Dick666
Mr_Dick666 collected $2 from pot
Mr_Dick666: doesn't show hand 
*** SUMMARY ***
Total pot $2 | Rake $0 
Seat 6: kars0n
Seat 1: NISIY folded before Flop (didn't bet)
Seat 3: alexandr699 (button) folded before Flop (didn't bet)
Seat 4: Mr_Dick666 (small blind) collected ($2)
Seat 5: CichiChanMarian (big blind) folded before Flop



PokerStars Hand #254219331765:  Hold'em No Limit ($0.50/$1.00 USD) - 2025/01/05 23:11:41 WET [2025/01/05 18:11:41 ET]
Table 'Tros II' 6-max Seat #4 is the button
Seat 3: alexandr699 ($301.84 in chips) 
Seat 4: Mr_Dick666 ($106.75 in chips) 
Seat 5: CichiChanMarian ($106.28 in chips) 
Seat 6: kars0n ($100 in chips) 
CichiChanMarian: posts small blind $0.50
kars0n: posts big blind $1
*** HOLE CARDS ***
alexandr699: folds 
Mr_Dick666: raises $1.50 to $2.50
alexandr699 leaves the table
CichiChanMarian: folds 
kars0n: folds 
Uncalled bet ($1.50) returned to Mr_Dick666
Mr_Dick666 collected $2.50 from pot
Mr_Dick666: doesn't show hand 
*** SUMMARY ***
Total pot $2.50 | Rake $0 
Seat 3: alexandr699 folded before Flop (didn't bet)
Seat 4: Mr_Dick666 (button) collected ($2.50)
Seat 5: CichiChanMarian (small blind) folded before Flop
Seat 6: kars0n (big blind) folded before Flop



