PokerStars Hand #254207261824:  Hold'em No Limit ($0.50/$1.00 USD) - 2025/01/05 13:42:56 WET [2025/01/05 8:42:56 ET]
Table 'Calpurnia II' 6-max Seat #1 is the button
Seat 1: valmble ($9 in chips) 
Seat 5: neverforever365 ($101 in chips) 
valmble: posts small blind $0.50
neverforever365: posts big blind $1
*** HOLE CARDS ***
valmble: folds 
Uncalled bet ($0.50) returned to neverforever365
neverforever365 collected $1 from pot
*** SUMMARY ***
Total pot $1 | Rake $0 
Seat 1: valmble (button) (small blind) folded before Flop
Seat 5: neverforever365 (big blind) collected ($1)



PokerStars Hand #254218525756:  Hold'em No Limit ($0.50/$1.00 USD) - 2025/01/05 22:33:14 WET [2025/01/05 17:33:14 ET]
Table 'Calpurnia II' 6-max Seat #1 is the button
Seat 3: nilatac93 ($0 in chips) is sitting out
Seat 4: AllN1ghtL0ng ($163.04 in chips) is sitting out
Seat 1: straight77777 ($10 in chips) 
Seat 2: tukeiron ($100 in chips) 
Seat 5: Dr. Fvinagre ($20.97 in chips) 
Seat 6: CichiChanMarian ($180.43 in chips) 
tukeiron: posts small blind $0.50
AllN1ghtL0ng: is sitting out 
Dr. Fvinagre: posts big blind $1
*** HOLE CARDS ***
CichiChanMarian: folds 
AllN1ghtL0ng leaves the table
straight77777: folds 
tukeiron: folds 
Uncalled bet ($0.50) returned to Dr. Fvinagre
Dr. Fvinagre collected $1 from pot
*** SUMMARY ***
Total pot $1 | Rake $0 
Seat 3: nilatac93
Seat 4: AllN1ghtL0ng
Seat 1: straight77777 (button) folded before Flop (didn't bet)
Seat 2: tukeiron (small blind) folded before Flop
Seat 5: Dr. Fvinagre (big blind) collected ($1)
Seat 6: CichiChanMarian folded before Flop (didn't bet)



PokerStars Hand #254218531666:  Hold'em No Limit ($0.50/$1.00 USD) - 2025/01/05 22:33:29 WET [2025/01/05 17:33:29 ET]
Table 'Calpurnia II' 6-max Seat #2 is the button
Seat 3: nilatac93 ($0 in chips) is sitting out
Seat 6: CichiChanMarian ($180.43 in chips) is sitting out
Seat 1: straight77777 ($10 in chips) 
Seat 2: tukeiron ($100 in chips) 
Seat 5: Dr. Fvinagre ($21.47 in chips) 
Dr. Fvinagre: posts small blind $0.50
CichiChanMarian: is sitting out 
straight77777: posts big blind $1
*** HOLE CARDS ***
tukeiron: folds 
Dr. Fvinagre: folds 
Uncalled bet ($0.50) returned to straight77777
CichiChanMarian leaves the table
straight77777 collected $1 from pot
nilatac93 is disconnected 
*** SUMMARY ***
Total pot $1 | Rake $0 
Seat 3: nilatac93
Seat 6: CichiChanMarian
Seat 1: straight77777 (big blind) collected ($1)
Seat 2: tukeiron (button) folded before Flop (didn't bet)
Seat 5: Dr. Fvinagre (small blind) folded before Flop



PokerStars Hand #254218536947:  Hold'em No Limit ($0.50/$1.00 USD) - 2025/01/05 22:33:43 WET [2025/01/05 17:33:43 ET]
Table 'Calpurnia II' 6-max Seat #5 is the button
Seat 3: nilatac93 ($0 in chips) is sitting out
Seat 1: straight77777 ($10.50 in chips) 
Seat 2: tukeiron ($100 in chips) 
Seat 5: Dr. Fvinagre ($20.97 in chips) 
straight77777: posts small blind $0.50
tukeiron: posts big blind $1
*** HOLE CARDS ***
Dr. Fvinagre: folds 
straight77777: calls $0.50
tukeiron: checks 
*** FLOP *** [2d 5d 9s]
straight77777: checks 
tukeiron: checks 
*** TURN *** [2d 5d 9s] [Qs]
straight77777: bets $1
tukeiron: folds 
Uncalled bet ($1) returned to straight77777
tukeiron leaves the table
straight77777 collected $1.90 from pot
*** SUMMARY ***
Total pot $2 | Rake $0.10 
Board [2d 5d 9s Qs]
Seat 3: nilatac93
Seat 1: straight77777 (small blind) collected ($1.90)
Seat 2: tukeiron (big blind) folded on the Turn
Seat 5: Dr. Fvinagre (button) folded before Flop (didn't bet)



PokerStars Hand #254218550435:  Hold'em No Limit ($0.50/$1.00 USD) - 2025/01/05 22:34:17 WET [2025/01/05 17:34:17 ET]
Table 'Calpurnia II' 6-max Seat #1 is the button
Seat 3: nilatac93 ($0 in chips) is sitting out
Seat 1: straight77777 ($11.40 in chips) 
Seat 5: Dr. Fvinagre ($20.97 in chips) 
straight77777: posts small blind $0.50
Dr. Fvinagre: posts big blind $1
*** HOLE CARDS ***
straight77777: raises $1 to $2
Dr. Fvinagre: folds 
Uncalled bet ($1) returned to straight77777
marcellus735 joins the table at seat #6 
marcellus735 is disconnected 
straight77777 collected $2 from pot
*** SUMMARY ***
Total pot $2 | Rake $0 
Seat 3: nilatac93
Seat 1: straight77777 (button) (small blind) collected ($2)
Seat 5: Dr. Fvinagre (big blind) folded before Flop



PokerStars Hand #254218554669:  Hold'em No Limit ($0.50/$1.00 USD) - 2025/01/05 22:34:28 WET [2025/01/05 17:34:28 ET]
Table 'Calpurnia II' 6-max Seat #1 is the button
Seat 3: nilatac93 ($0 in chips) is sitting out
Seat 1: straight77777 ($12.40 in chips) 
Seat 5: Dr. Fvinagre ($19.97 in chips) 
Seat 6: marcellus735 ($99.96 in chips) 
Dr. Fvinagre: posts small blind $0.50
marcellus735: posts big blind $1
*** HOLE CARDS ***
straight77777: calls $1
Dr. Fvinagre: raises $3 to $4
marcellus735: folds 
straight77777: calls $3
*** FLOP *** [Ah Jc 3c]
Dr. Fvinagre: checks 
straight77777: checks 
*** TURN *** [Ah Jc 3c] [Js]
Dr. Fvinagre: bets $4.28
straight77777: raises $4.12 to $8.40 and is all-in
Dr. Fvinagre: calls $4.12
*** RIVER *** [Ah Jc 3c Js] [7c]
*** SHOW DOWN ***
Dr. Fvinagre: shows [Jh Qs] (three of a kind, Jacks)
straight77777: shows [Ac 3s] (two pair, Aces and Jacks)
Dr. Fvinagre collected $24.80 from pot
*** SUMMARY ***
Total pot $25.80 | Rake $1 
Board [Ah Jc 3c Js 7c]
Seat 3: nilatac93
Seat 1: straight77777 (button) showed [Ac 3s] and lost with two pair, Aces and Jacks
Seat 5: Dr. Fvinagre (small blind) showed [Jh Qs] and won ($24.80) with three of a kind, Jacks
Seat 6: marcellus735 (big blind) folded before Flop



PokerStars Hand #254218573266:  Hold'em No Limit ($0.50/$1.00 USD) - 2025/01/05 22:35:16 WET [2025/01/05 17:35:16 ET]
Table 'Calpurnia II' 6-max Seat #6 is the button
Seat 1: straight77777 ($0 in chips) is sitting out
Seat 3: nilatac93 ($0 in chips) is sitting out
Seat 5: Dr. Fvinagre ($32.37 in chips) 
Seat 6: marcellus735 ($98.96 in chips) 
marcellus735: posts small blind $0.50
Dr. Fvinagre: posts big blind $1
*** HOLE CARDS ***
CichiChanMarian joins the table at seat #2 
marcellus735 has timed out
marcellus735: folds 
Uncalled bet ($0.50) returned to Dr. Fvinagre
Dr. Fvinagre collected $1 from pot
*** SUMMARY ***
Total pot $1 | Rake $0 
Seat 1: straight77777
Seat 3: nilatac93
Seat 5: Dr. Fvinagre (big blind) collected ($1)
Seat 6: marcellus735 (button) (small blind) folded before Flop



PokerStars Hand #254218585034:  Hold'em No Limit ($0.50/$1.00 USD) - 2025/01/05 22:35:46 WET [2025/01/05 17:35:46 ET]
Table 'Calpurnia II' 6-max Seat #5 is the button
Seat 1: straight77777 ($0 in chips) is sitting out
Seat 3: nilatac93 ($0 in chips) is sitting out
Seat 2: CichiChanMarian ($180.43 in chips) 
Seat 5: Dr. Fvinagre ($32.87 in chips) 
Seat 6: marcellus735 ($98.46 in chips) 
marcellus735: posts small blind $0.50
CichiChanMarian: posts big blind $1
*** HOLE CARDS ***
straight77777 leaves the table
Dr. Fvinagre: folds 
marcellus735: raises $2 to $3
CichiChanMarian: calls $2
*** FLOP *** [5h Kh Ts]
marcellus735: bets $2.70
Christianzt1 joins the table at seat #1 
CichiChanMarian: calls $2.70
*** TURN *** [5h Kh Ts] [8s]
marcellus735: bets $5.42
CichiChanMarian: calls $5.42
*** RIVER *** [5h Kh Ts 8s] [Th]
AllN1ghtL0ng joins the table at seat #4 
marcellus735: bets $10.62
CichiChanMarian: calls $10.62
*** SHOW DOWN ***
marcellus735: shows [6s Ac] (a pair of Tens)
CichiChanMarian: shows [7c Tc] (three of a kind, Tens)
CichiChanMarian collected $42.48 from pot
*** SUMMARY ***
Total pot $43.48 | Rake $1 
Board [5h Kh Ts 8s Th]
Seat 1: straight77777
Seat 3: nilatac93
Seat 2: CichiChanMarian (big blind) showed [7c Tc] and won ($42.48) with three of a kind, Tens
Seat 5: Dr. Fvinagre (button) folded before Flop (didn't bet)
Seat 6: marcellus735 (small blind) showed [6s Ac] and lost with a pair of Tens



PokerStars Hand #254218619772:  Hold'em No Limit ($0.50/$1.00 USD) - 2025/01/05 22:37:17 WET [2025/01/05 17:37:17 ET]
Table 'Calpurnia II' 6-max Seat #6 is the button
Seat 1: Christianzt1 ($100 in chips) is sitting out
Seat 3: nilatac93 ($0 in chips) is sitting out
Seat 2: CichiChanMarian ($201.17 in chips) 
Seat 4: AllN1ghtL0ng ($163.04 in chips) 
Seat 5: Dr. Fvinagre ($32.87 in chips) 
Seat 6: marcellus735 ($76.72 in chips) 
CichiChanMarian: posts small blind $0.50
AllN1ghtL0ng: posts big blind $1
*** HOLE CARDS ***
Dr. Fvinagre: folds 
marcellus735: raises $2.50 to $3.50
CichiChanMarian: raises $14 to $17.50
AllN1ghtL0ng: folds 
marcellus735: folds 
Uncalled bet ($14) returned to CichiChanMarian
CichiChanMarian collected $8 from pot
CichiChanMarian: doesn't show hand 
*** SUMMARY ***
Total pot $8 | Rake $0 
Seat 1: Christianzt1
Seat 3: nilatac93
Seat 2: CichiChanMarian (small blind) collected ($8)
Seat 4: AllN1ghtL0ng (big blind) folded before Flop
Seat 5: Dr. Fvinagre folded before Flop (didn't bet)
Seat 6: marcellus735 (button) folded before Flop



PokerStars Hand #254218632769:  Hold'em No Limit ($0.50/$1.00 USD) - 2025/01/05 22:37:51 WET [2025/01/05 17:37:51 ET]
Table 'Calpurnia II' 6-max Seat #2 is the button
Seat 1: Christianzt1 ($100 in chips) is sitting out
Seat 3: nilatac93 ($0 in chips) is sitting out
Seat 2: CichiChanMarian ($205.67 in chips) 
Seat 4: AllN1ghtL0ng ($162.04 in chips) 
Seat 5: Dr. Fvinagre ($32.87 in chips) 
Seat 6: marcellus735 ($73.22 in chips) 
AllN1ghtL0ng: posts small blind $0.50
Dr. Fvinagre: posts big blind $1
Christianzt1: sits out 
*** HOLE CARDS ***
marcellus735 has timed out
marcellus735: folds 
CichiChanMarian: folds 
AllN1ghtL0ng: raises $1 to $2
Dr. Fvinagre: raises $4 to $6
AllN1ghtL0ng: folds 
Uncalled bet ($4) returned to Dr. Fvinagre
Dr. Fvinagre collected $4 from pot
*** SUMMARY ***
Total pot $4 | Rake $0 
Seat 1: Christianzt1
Seat 3: nilatac93
Seat 2: CichiChanMarian (button) folded before Flop (didn't bet)
Seat 4: AllN1ghtL0ng (small blind) folded before Flop
Seat 5: Dr. Fvinagre (big blind) collected ($4)
Seat 6: marcellus735 folded before Flop (didn't bet)



PokerStars Hand #254218645664:  Hold'em No Limit ($0.50/$1.00 USD) - 2025/01/05 22:38:25 WET [2025/01/05 17:38:25 ET]
Table 'Calpurnia II' 6-max Seat #4 is the button
Seat 1: Christianzt1 ($100 in chips) is sitting out
Seat 3: nilatac93 ($0 in chips) is sitting out
Seat 2: CichiChanMarian ($205.67 in chips) 
Seat 4: AllN1ghtL0ng ($160.04 in chips) 
Seat 5: Dr. Fvinagre ($34.87 in chips) 
Seat 6: marcellus735 ($73.22 in chips) 
Dr. Fvinagre: posts small blind $0.50
marcellus735: posts big blind $1
Christianzt1: sits out 
*** HOLE CARDS ***
CichiChanMarian: folds 
AllN1ghtL0ng: folds 
Dr. Fvinagre: calls $0.50
marcellus735: raises $2 to $3
Dr. Fvinagre: calls $2
*** FLOP *** [Qh 7c As]
Dr. Fvinagre: checks 
marcellus735: bets $2.85
Dr. Fvinagre: calls $2.85
*** TURN *** [Qh 7c As] [5d]
Dr. Fvinagre: checks 
marcellus735: bets $11.12
Dr. Fvinagre: calls $11.12
*** RIVER *** [Qh 7c As 5d] [Ad]
Dr. Fvinagre: checks 
marcellus735: checks 
*** SHOW DOWN ***
Dr. Fvinagre: shows [Ac 6h] (three of a kind, Aces)
marcellus735: mucks hand 
Dr. Fvinagre collected $32.94 from pot
*** SUMMARY ***
Total pot $33.94 | Rake $1 
Board [Qh 7c As 5d Ad]
Seat 1: Christianzt1
Seat 3: nilatac93
Seat 2: CichiChanMarian folded before Flop (didn't bet)
Seat 4: AllN1ghtL0ng (button) folded before Flop (didn't bet)
Seat 5: Dr. Fvinagre (small blind) showed [Ac 6h] and won ($32.94) with three of a kind, Aces
Seat 6: marcellus735 (big blind) mucked



PokerStars Hand #254218674060:  Hold'em No Limit ($0.50/$1.00 USD) - 2025/01/05 22:39:40 WET [2025/01/05 17:39:40 ET]
Table 'Calpurnia II' 6-max Seat #5 is the button
Seat 3: nilatac93 ($0 in chips) is sitting out
Seat 1: Christianzt1 ($100 in chips) 
Seat 2: CichiChanMarian ($205.67 in chips) 
Seat 4: AllN1ghtL0ng ($160.04 in chips) 
Seat 5: Dr. Fvinagre ($50.84 in chips) 
Seat 6: marcellus735 ($56.25 in chips) 
marcellus735: posts small blind $0.50
Christianzt1: posts big blind $1
*** HOLE CARDS ***
CichiChanMarian: folds 
AllN1ghtL0ng: raises $1.50 to $2.50
Dr. Fvinagre: folds 
marcellus735: folds 
Christianzt1: folds 
Uncalled bet ($1.50) returned to AllN1ghtL0ng
marcellus735 leaves the table
AllN1ghtL0ng collected $2.50 from pot
AllN1ghtL0ng: doesn't show hand 
*** SUMMARY ***
Total pot $2.50 | Rake $0 
Seat 3: nilatac93
Seat 1: Christianzt1 (big blind) folded before Flop
Seat 2: CichiChanMarian folded before Flop (didn't bet)
Seat 4: AllN1ghtL0ng collected ($2.50)
Seat 5: Dr. Fvinagre (button) folded before Flop (didn't bet)
Seat 6: marcellus735 (small blind) folded before Flop



PokerStars Hand #254218681982:  Hold'em No Limit ($0.50/$1.00 USD) - 2025/01/05 22:40:00 WET [2025/01/05 17:40:00 ET]
Table 'Calpurnia II' 6-max Seat #1 is the button
Seat 3: nilatac93 ($0 in chips) is sitting out
Seat 4: AllN1ghtL0ng ($161.54 in chips) is sitting out
Seat 1: Christianzt1 ($100 in chips) 
Seat 2: CichiChanMarian ($205.67 in chips) 
Seat 5: Dr. Fvinagre ($50.84 in chips) 
CichiChanMarian: posts small blind $0.50
AllN1ghtL0ng: is sitting out 
Dr. Fvinagre: posts big blind $1
*** HOLE CARDS ***
Christianzt1: raises $1.40 to $2.40
CichiChanMarian: folds 
Dr. Fvinagre: calls $1.40
*** FLOP *** [Jh 8c Ad]
Dr. Fvinagre: checks 
AllN1ghtL0ng leaves the table
Christianzt1: checks 
*** TURN *** [Jh 8c Ad] [As]
Dr. Fvinagre: bets $1
Christianzt1: calls $1
*** RIVER *** [Jh 8c Ad As] [Ks]
Dr. Fvinagre: checks 
Christianzt1: bets $10.41
Dr. Fvinagre: folds 
Uncalled bet ($10.41) returned to Christianzt1
Christianzt1 collected $6.94 from pot
nilatac93 leaves the table
*** SUMMARY ***
Total pot $7.30 | Rake $0.36 
Board [Jh 8c Ad As Ks]
Seat 3: nilatac93
Seat 4: AllN1ghtL0ng
Seat 1: Christianzt1 (button) collected ($6.94)
Seat 2: CichiChanMarian (small blind) folded before Flop
Seat 5: Dr. Fvinagre (big blind) folded on the River



PokerStars Hand #254218703299:  Hold'em No Limit ($0.50/$1.00 USD) - 2025/01/05 22:40:56 WET [2025/01/05 17:40:56 ET]
Table 'Calpurnia II' 6-max Seat #2 is the button
Seat 1: Christianzt1 ($103.54 in chips) 
Seat 2: CichiChanMarian ($205.17 in chips) 
Seat 5: Dr. Fvinagre ($47.44 in chips) 
Dr. Fvinagre: posts small blind $0.50
Christianzt1: posts big blind $1
*** HOLE CARDS ***
CichiChanMarian: raises $1.50 to $2.50
Dr. Fvinagre: folds 
Christianzt1: folds 
Uncalled bet ($1.50) returned to CichiChanMarian
CichiChanMarian collected $2.50 from pot
CichiChanMarian: doesn't show hand 
*** SUMMARY ***
Total pot $2.50 | Rake $0 
Seat 1: Christianzt1 (big blind) folded before Flop
Seat 2: CichiChanMarian (button) collected ($2.50)
Seat 5: Dr. Fvinagre (small blind) folded before Flop



PokerStars Hand #254218708818:  Hold'em No Limit ($0.50/$1.00 USD) - 2025/01/05 22:41:10 WET [2025/01/05 17:41:10 ET]
Table 'Calpurnia II' 6-max Seat #5 is the button
Seat 1: Christianzt1 ($102.54 in chips) 
Seat 2: CichiChanMarian ($206.67 in chips) 
Seat 5: Dr. Fvinagre ($46.94 in chips) 
Christianzt1: posts small blind $0.50
CichiChanMarian: posts big blind $1
*** HOLE CARDS ***
Dr. Fvinagre: folds 
Christianzt1: folds 
Uncalled bet ($0.50) returned to CichiChanMarian
CichiChanMarian collected $1 from pot
CichiChanMarian: doesn't show hand 
*** SUMMARY ***
Total pot $1 | Rake $0 
Seat 1: Christianzt1 (small blind) folded before Flop
Seat 2: CichiChanMarian (big blind) collected ($1)
Seat 5: Dr. Fvinagre (button) folded before Flop (didn't bet)



PokerStars Hand #254218712228:  Hold'em No Limit ($0.50/$1.00 USD) - 2025/01/05 22:41:19 WET [2025/01/05 17:41:19 ET]
Table 'Calpurnia II' 6-max Seat #1 is the button
Seat 1: Christianzt1 ($102.04 in chips) 
Seat 2: CichiChanMarian ($207.17 in chips) 
Seat 5: Dr. Fvinagre ($46.94 in chips) 
CichiChanMarian: posts small blind $0.50
Dr. Fvinagre: posts big blind $1
*** HOLE CARDS ***
Christianzt1: raises $1.40 to $2.40
CichiChanMarian: raises $9.60 to $12
Dr. Fvinagre: folds 
Christianzt1: folds 
Uncalled bet ($9.60) returned to CichiChanMarian
CichiChanMarian collected $5.80 from pot
CichiChanMarian: doesn't show hand 
*** SUMMARY ***
Total pot $5.80 | Rake $0 
Seat 1: Christianzt1 (button) folded before Flop
Seat 2: CichiChanMarian (small blind) collected ($5.80)
Seat 5: Dr. Fvinagre (big blind) folded before Flop



