PokerStars Hand #254206276653:  Hold'em No Limit ($0.50/$1.00 USD) - 2025/01/05 12:13:05 WET [2025/01/05 7:13:05 ET]
Table 'Kajaani II' 6-max Seat #3 is the button
Seat 1: poker_soul11 ($100 in chips) 
Seat 2: lymo1951 ($100 in chips) 
Seat 3: v.sting ($100 in chips) 
Seat 4: gudrozd ($100 in chips) 
Seat 5: NOTfishON ($100 in chips) 
Seat 6: Rysiff ($100 in chips) 
gudrozd: posts small blind $0.50
NOTfishON: posts big blind $1
*** HOLE CARDS ***
Rysiff: raises $1.50 to $2.50
poker_soul11: folds 
lymo1951: folds 
v.sting: folds 
gudrozd: folds 
NOTfishON: folds 
Uncalled bet ($1.50) returned to Rysiff
Rysiff collected $2.50 from pot
Rysiff: doesn't show hand 
*** SUMMARY ***
Total pot $2.50 | Rake $0 
Seat 1: poker_soul11 folded before Flop (didn't bet)
Seat 2: lymo1951 folded before Flop (didn't bet)
Seat 3: v.sting (button) folded before Flop (didn't bet)
Seat 4: gudrozd (small blind) folded before Flop
Seat 5: NOTfishON (big blind) folded before Flop
Seat 6: Rysiff collected ($2.50)



PokerStars Hand #254206280304:  Hold'em No Limit ($0.50/$1.00 USD) - 2025/01/05 12:13:28 WET [2025/01/05 7:13:28 ET]
Table 'Kajaani II' 6-max Seat #4 is the button
Seat 1: poker_soul11 ($100 in chips) 
Seat 2: lymo1951 ($100 in chips) 
Seat 3: v.sting ($100 in chips) 
Seat 4: gudrozd ($100 in chips) 
Seat 5: NOTfishON ($100 in chips) 
Seat 6: Rysiff ($101.50 in chips) 
NOTfishON: posts small blind $0.50
Rysiff: posts big blind $1
*** HOLE CARDS ***
poker_soul11: folds 
lymo1951: folds 
v.sting: folds 
gudrozd: folds 
NOTfishON: folds 
Uncalled bet ($0.50) returned to Rysiff
Rysiff collected $1 from pot
Rysiff: doesn't show hand 
*** SUMMARY ***
Total pot $1 | Rake $0 
Seat 1: poker_soul11 folded before Flop (didn't bet)
Seat 2: lymo1951 folded before Flop (didn't bet)
Seat 3: v.sting folded before Flop (didn't bet)
Seat 4: gudrozd (button) folded before Flop (didn't bet)
Seat 5: NOTfishON (small blind) folded before Flop
Seat 6: Rysiff (big blind) collected ($1)



PokerStars Hand #254206286195:  Hold'em No Limit ($0.50/$1.00 USD) - 2025/01/05 12:14:05 WET [2025/01/05 7:14:05 ET]
Table 'Kajaani II' 6-max Seat #5 is the button
Seat 1: poker_soul11 ($100 in chips) 
Seat 2: lymo1951 ($100 in chips) 
Seat 3: v.sting ($100 in chips) 
Seat 4: gudrozd ($100 in chips) 
Seat 5: NOTfishON ($100 in chips) 
Seat 6: Rysiff ($102 in chips) 
Rysiff: posts small blind $0.50
poker_soul11: posts big blind $1
*** HOLE CARDS ***
lymo1951: raises $2.50 to $3.50
v.sting: folds 
gudrozd: folds 
NOTfishON: folds 
Rysiff: folds 
poker_soul11: folds 
Uncalled bet ($2.50) returned to lymo1951
lymo1951 collected $2.50 from pot
lymo1951: doesn't show hand 
*** SUMMARY ***
Total pot $2.50 | Rake $0 
Seat 1: poker_soul11 (big blind) folded before Flop
Seat 2: lymo1951 collected ($2.50)
Seat 3: v.sting folded before Flop (didn't bet)
Seat 4: gudrozd folded before Flop (didn't bet)
Seat 5: NOTfishON (button) folded before Flop (didn't bet)
Seat 6: Rysiff (small blind) folded before Flop



PokerStars Hand #254206289179:  Hold'em No Limit ($0.50/$1.00 USD) - 2025/01/05 12:14:24 WET [2025/01/05 7:14:24 ET]
Table 'Kajaani II' 6-max Seat #6 is the button
Seat 1: poker_soul11 ($100 in chips) 
Seat 2: lymo1951 ($101.50 in chips) 
Seat 3: v.sting ($100 in chips) 
Seat 4: gudrozd ($100 in chips) 
Seat 5: NOTfishON ($100 in chips) 
Seat 6: Rysiff ($101.50 in chips) 
poker_soul11: posts small blind $0.50
lymo1951: posts big blind $1
*** HOLE CARDS ***
v.sting: folds 
gudrozd: folds 
NOTfishON: folds 
Rysiff: folds 
poker_soul11: folds 
Uncalled bet ($0.50) returned to lymo1951
lymo1951 collected $1 from pot
lymo1951: doesn't show hand 
*** SUMMARY ***
Total pot $1 | Rake $0 
Seat 1: poker_soul11 (small blind) folded before Flop
Seat 2: lymo1951 (big blind) collected ($1)
Seat 3: v.sting folded before Flop (didn't bet)
Seat 4: gudrozd folded before Flop (didn't bet)
Seat 5: NOTfishON folded before Flop (didn't bet)
Seat 6: Rysiff (button) folded before Flop (didn't bet)



PokerStars Hand #254206291982:  Hold'em No Limit ($0.50/$1.00 USD) - 2025/01/05 12:14:41 WET [2025/01/05 7:14:41 ET]
Table 'Kajaani II' 6-max Seat #1 is the button
Seat 1: poker_soul11 ($100 in chips) 
Seat 2: lymo1951 ($102 in chips) 
Seat 3: v.sting ($100 in chips) 
Seat 4: gudrozd ($100 in chips) 
Seat 5: NOTfishON ($100 in chips) 
Seat 6: Rysiff ($101.50 in chips) 
lymo1951: posts small blind $0.50
v.sting: posts big blind $1
*** HOLE CARDS ***
gudrozd: folds 
NOTfishON: folds 
Rysiff: folds 
poker_soul11: folds 
lymo1951: raises $2 to $3
v.sting: calls $2
*** FLOP *** [2d Jc 7c]
lymo1951: bets $4
v.sting: folds 
Uncalled bet ($4) returned to lymo1951
lymo1951 collected $5.70 from pot
lymo1951: doesn't show hand 
*** SUMMARY ***
Total pot $6 | Rake $0.30 
Board [2d Jc 7c]
Seat 1: poker_soul11 (button) folded before Flop (didn't bet)
Seat 2: lymo1951 (small blind) collected ($5.70)
Seat 3: v.sting (big blind) folded on the Flop
Seat 4: gudrozd folded before Flop (didn't bet)
Seat 5: NOTfishON folded before Flop (didn't bet)
Seat 6: Rysiff folded before Flop (didn't bet)



PokerStars Hand #254206296888:  Hold'em No Limit ($0.50/$1.00 USD) - 2025/01/05 12:15:11 WET [2025/01/05 7:15:11 ET]
Table 'Kajaani II' 6-max Seat #2 is the button
Seat 1: poker_soul11 ($100 in chips) 
Seat 2: lymo1951 ($104.70 in chips) 
Seat 3: v.sting ($100 in chips) 
Seat 4: gudrozd ($100 in chips) 
Seat 5: NOTfishON ($100 in chips) 
Seat 6: Rysiff ($101.50 in chips) 
v.sting: posts small blind $0.50
gudrozd: posts big blind $1
*** HOLE CARDS ***
NOTfishON: folds 
Rysiff: folds 
poker_soul11: folds 
lymo1951: calls $1
v.sting: raises $3.50 to $4.50
gudrozd: folds 
lymo1951: calls $3.50
*** FLOP *** [Qc Ah 2s]
v.sting: bets $2.38
lymo1951: calls $2.38
*** TURN *** [Qc Ah 2s] [Jh]
v.sting: bets $7.71
lymo1951: calls $7.71
*** RIVER *** [Qc Ah 2s Jh] [Kh]
v.sting: bets $23
lymo1951: calls $23
*** SHOW DOWN ***
v.sting: shows [8h 9h] (a flush, Ace high)
lymo1951: mucks hand 
v.sting collected $73.68 from pot
*** SUMMARY ***
Total pot $76.18 | Rake $2.50 
Board [Qc Ah 2s Jh Kh]
Seat 1: poker_soul11 folded before Flop (didn't bet)
Seat 2: lymo1951 (button) mucked
Seat 3: v.sting (small blind) showed [8h 9h] and won ($73.68) with a flush, Ace high
Seat 4: gudrozd (big blind) folded before Flop
Seat 5: NOTfishON folded before Flop (didn't bet)
Seat 6: Rysiff folded before Flop (didn't bet)



PokerStars Hand #254206305838:  Hold'em No Limit ($0.50/$1.00 USD) - 2025/01/05 12:16:07 WET [2025/01/05 7:16:07 ET]
Table 'Kajaani II' 6-max Seat #3 is the button
Seat 1: poker_soul11 ($100 in chips) 
Seat 2: lymo1951 ($67.11 in chips) 
Seat 3: v.sting ($136.09 in chips) 
Seat 4: gudrozd ($100 in chips) 
Seat 5: NOTfishON ($100 in chips) 
Seat 6: Rysiff ($101.50 in chips) 
gudrozd: posts small blind $0.50
NOTfishON: posts big blind $1
*** HOLE CARDS ***
Rysiff: folds 
poker_soul11: folds 
lymo1951: folds 
v.sting: folds 
gudrozd: folds 
Uncalled bet ($0.50) returned to NOTfishON
NOTfishON collected $1 from pot
*** SUMMARY ***
Total pot $1 | Rake $0 
Seat 1: poker_soul11 folded before Flop (didn't bet)
Seat 2: lymo1951 folded before Flop (didn't bet)
Seat 3: v.sting (button) folded before Flop (didn't bet)
Seat 4: gudrozd (small blind) folded before Flop
Seat 5: NOTfishON (big blind) collected ($1)
Seat 6: Rysiff folded before Flop (didn't bet)



PokerStars Hand #254206308031:  Hold'em No Limit ($0.50/$1.00 USD) - 2025/01/05 12:16:20 WET [2025/01/05 7:16:20 ET]
Table 'Kajaani II' 6-max Seat #4 is the button
Seat 1: poker_soul11 ($100 in chips) 
Seat 2: lymo1951 ($100 in chips) 
Seat 3: v.sting ($136.09 in chips) 
Seat 4: gudrozd ($100 in chips) 
Seat 5: NOTfishON ($100.50 in chips) 
Seat 6: Rysiff ($101.50 in chips) 
NOTfishON: posts small blind $0.50
Rysiff: posts big blind $1
*** HOLE CARDS ***
poker_soul11: raises $1.20 to $2.20
lymo1951: calls $2.20
v.sting: folds 
gudrozd: folds 
NOTfishON: folds 
Rysiff: folds 
*** FLOP *** [Th 8h Kd]
poker_soul11: checks 
lymo1951: bets $6
poker_soul11: calls $6
*** TURN *** [Th 8h Kd] [2s]
poker_soul11: checks 
lymo1951: checks 
*** RIVER *** [Th 8h Kd 2s] [Kh]
poker_soul11: checks 
lymo1951: checks 
*** SHOW DOWN ***
poker_soul11: shows [Ad Ac] (two pair, Aces and Kings)
lymo1951: mucks hand 
poker_soul11 collected $17 from pot
*** SUMMARY ***
Total pot $17.90 | Rake $0.90 
Board [Th 8h Kd 2s Kh]
Seat 1: poker_soul11 showed [Ad Ac] and won ($17) with two pair, Aces and Kings
Seat 2: lymo1951 mucked
Seat 3: v.sting folded before Flop (didn't bet)
Seat 4: gudrozd (button) folded before Flop (didn't bet)
Seat 5: NOTfishON (small blind) folded before Flop
Seat 6: Rysiff (big blind) folded before Flop



PokerStars Hand #254206318867:  Hold'em No Limit ($0.50/$1.00 USD) - 2025/01/05 12:17:27 WET [2025/01/05 7:17:27 ET]
Table 'Kajaani II' 6-max Seat #5 is the button
Seat 1: poker_soul11 ($108.80 in chips) 
Seat 2: lymo1951 ($91.80 in chips) 
Seat 3: v.sting ($136.09 in chips) 
Seat 4: gudrozd ($100 in chips) 
Seat 5: NOTfishON ($100 in chips) 
Seat 6: Rysiff ($100.50 in chips) 
Rysiff: posts small blind $0.50
poker_soul11: posts big blind $1
*** HOLE CARDS ***
lymo1951: raises $2.50 to $3.50
v.sting: folds 
gudrozd: folds 
NOTfishON: folds 
Rysiff: folds 
poker_soul11: folds 
Uncalled bet ($2.50) returned to lymo1951
lymo1951 collected $2.50 from pot
lymo1951: doesn't show hand 
*** SUMMARY ***
Total pot $2.50 | Rake $0 
Seat 1: poker_soul11 (big blind) folded before Flop
Seat 2: lymo1951 collected ($2.50)
Seat 3: v.sting folded before Flop (didn't bet)
Seat 4: gudrozd folded before Flop (didn't bet)
Seat 5: NOTfishON (button) folded before Flop (didn't bet)
Seat 6: Rysiff (small blind) folded before Flop



PokerStars Hand #254206323300:  Hold'em No Limit ($0.50/$1.00 USD) - 2025/01/05 12:17:55 WET [2025/01/05 7:17:55 ET]
Table 'Kajaani II' 6-max Seat #6 is the button
Seat 1: poker_soul11 ($107.80 in chips) 
Seat 2: lymo1951 ($100 in chips) 
Seat 3: v.sting ($136.09 in chips) 
Seat 4: gudrozd ($100 in chips) 
Seat 5: NOTfishON ($100 in chips) 
Seat 6: Rysiff ($100 in chips) 
poker_soul11: posts small blind $0.50
lymo1951: posts big blind $1
*** HOLE CARDS ***
v.sting: folds 
gudrozd: folds 
NOTfishON: folds 
Rysiff: raises $1.50 to $2.50
poker_soul11: raises $9.50 to $12
lymo1951: folds 
Rysiff: raises $13 to $25
poker_soul11: raises $82.80 to $107.80 and is all-in
Rysiff: calls $75 and is all-in
Uncalled bet ($7.80) returned to poker_soul11
*** FLOP *** [8d 7h 9d]
*** TURN *** [8d 7h 9d] [4h]
*** RIVER *** [8d 7h 9d 4h] [8h]
*** SHOW DOWN ***
poker_soul11: shows [Kh As] (a pair of Eights)
Rysiff: shows [Qh Qs] (two pair, Queens and Eights)
Rysiff collected $198.50 from pot
*** SUMMARY ***
Total pot $201 | Rake $2.50 
Board [8d 7h 9d 4h 8h]
Seat 1: poker_soul11 (small blind) showed [Kh As] and lost with a pair of Eights
Seat 2: lymo1951 (big blind) folded before Flop
Seat 3: v.sting folded before Flop (didn't bet)
Seat 4: gudrozd folded before Flop (didn't bet)
Seat 5: NOTfishON folded before Flop (didn't bet)
Seat 6: Rysiff (button) showed [Qh Qs] and won ($198.50) with two pair, Queens and Eights



PokerStars Hand #254206330743:  Hold'em No Limit ($0.50/$1.00 USD) - 2025/01/05 12:18:40 WET [2025/01/05 7:18:40 ET]
Table 'Kajaani II' 6-max Seat #1 is the button
Seat 1: poker_soul11 ($100 in chips) 
Seat 2: lymo1951 ($99 in chips) 
Seat 3: v.sting ($136.09 in chips) 
Seat 4: gudrozd ($100 in chips) 
Seat 5: NOTfishON ($100 in chips) 
Seat 6: Rysiff ($198.50 in chips) 
lymo1951: posts small blind $0.50
v.sting: posts big blind $1
*** HOLE CARDS ***
gudrozd: folds 
NOTfishON: raises $1.10 to $2.10
Rysiff: raises $4.90 to $7
poker_soul11: folds 
lymo1951: calls $6.50
v.sting: folds 
NOTfishON: calls $4.90
*** FLOP *** [Jc Ad 9h]
lymo1951: checks 
NOTfishON: checks 
Rysiff: bets $10.45
lymo1951: calls $10.45
NOTfishON: folds 
*** TURN *** [Jc Ad 9h] [Qh]
lymo1951: checks 
Rysiff: checks 
*** RIVER *** [Jc Ad 9h Qh] [6c]
lymo1951: bets $81.55 and is all-in
Rysiff: calls $81.55
*** SHOW DOWN ***
lymo1951: shows [Js Th] (a pair of Jacks)
Rysiff: shows [Kh As] (a pair of Aces)
Rysiff collected $203.50 from pot
*** SUMMARY ***
Total pot $206 | Rake $2.50 
Board [Jc Ad 9h Qh 6c]
Seat 1: poker_soul11 (button) folded before Flop (didn't bet)
Seat 2: lymo1951 (small blind) showed [Js Th] and lost with a pair of Jacks
Seat 3: v.sting (big blind) folded before Flop
Seat 4: gudrozd folded before Flop (didn't bet)
Seat 5: NOTfishON folded on the Flop
Seat 6: Rysiff showed [Kh As] and won ($203.50) with a pair of Aces



PokerStars Hand #254206342680:  Hold'em No Limit ($0.50/$1.00 USD) - 2025/01/05 12:19:54 WET [2025/01/05 7:19:54 ET]
Table 'Kajaani II' 6-max Seat #3 is the button
Seat 2: lymo1951 ($0 in chips) is sitting out
Seat 1: poker_soul11 ($100 in chips) 
Seat 3: v.sting ($135.09 in chips) 
Seat 4: gudrozd ($100 in chips) 
Seat 5: NOTfishON ($100 in chips) 
Seat 6: Rysiff ($303 in chips) 
gudrozd: posts small blind $0.50
NOTfishON: posts big blind $1
*** HOLE CARDS ***
Rysiff: folds 
poker_soul11: folds 
v.sting: folds 
gudrozd: raises $2 to $3
NOTfishON: folds 
Uncalled bet ($2) returned to gudrozd
gudrozd collected $2 from pot
gudrozd: doesn't show hand 
*** SUMMARY ***
Total pot $2 | Rake $0 
Seat 2: lymo1951
Seat 1: poker_soul11 folded before Flop (didn't bet)
Seat 3: v.sting (button) folded before Flop (didn't bet)
Seat 4: gudrozd (small blind) collected ($2)
Seat 5: NOTfishON (big blind) folded before Flop
Seat 6: Rysiff folded before Flop (didn't bet)



PokerStars Hand #254206348062:  Hold'em No Limit ($0.50/$1.00 USD) - 2025/01/05 12:20:27 WET [2025/01/05 7:20:27 ET]
Table 'Kajaani II' 6-max Seat #4 is the button
Seat 1: poker_soul11 ($100 in chips) 
Seat 2: lymo1951 ($44.41 in chips) 
Seat 3: v.sting ($135.09 in chips) 
Seat 4: gudrozd ($101 in chips) 
Seat 5: NOTfishON ($100 in chips) 
Seat 6: Rysiff ($303 in chips) 
NOTfishON: posts small blind $0.50
Rysiff: posts big blind $1
*** HOLE CARDS ***
poker_soul11: folds 
lymo1951: raises $2.50 to $3.50
v.sting: folds 
gudrozd: raises $6.50 to $10
NOTfishON: folds 
Rysiff: folds 
lymo1951: calls $6.50
*** FLOP *** [3c 5s Qc]
lymo1951: checks 
gudrozd: bets $10.21
lymo1951: raises $24.20 to $34.41 and is all-in
gudrozd: calls $24.20
gudrozd has timed out
*** TURN *** [3c 5s Qc] [8s]
*** RIVER *** [3c 5s Qc 8s] [4h]
*** SHOW DOWN ***
lymo1951: shows [7c Jc] (high card Queen)
gudrozd: shows [Qs Ad] (a pair of Queens)
gudrozd collected $87.82 from pot
*** SUMMARY ***
Total pot $90.32 | Rake $2.50 
Board [3c 5s Qc 8s 4h]
Seat 1: poker_soul11 folded before Flop (didn't bet)
Seat 2: lymo1951 showed [7c Jc] and lost with high card Queen
Seat 3: v.sting folded before Flop (didn't bet)
Seat 4: gudrozd (button) showed [Qs Ad] and won ($87.82) with a pair of Queens
Seat 5: NOTfishON (small blind) folded before Flop
Seat 6: Rysiff (big blind) folded before Flop



PokerStars Hand #254206359901:  Hold'em No Limit ($0.50/$1.00 USD) - 2025/01/05 12:21:41 WET [2025/01/05 7:21:41 ET]
Table 'Kajaani II' 6-max Seat #5 is the button
Seat 2: lymo1951 ($0 in chips) is sitting out
Seat 1: poker_soul11 ($100 in chips) 
Seat 3: v.sting ($135.09 in chips) 
Seat 4: gudrozd ($144.41 in chips) 
Seat 5: NOTfishON ($100 in chips) 
Seat 6: Rysiff ($302 in chips) 
Rysiff: posts small blind $0.50
poker_soul11: posts big blind $1
*** HOLE CARDS ***
v.sting: folds 
gudrozd: raises $1.50 to $2.50
NOTfishON: folds 
Rysiff: folds 
lymo1951 leaves the table
poker_soul11: folds 
Uncalled bet ($1.50) returned to gudrozd
gudrozd collected $2.50 from pot
gudrozd: doesn't show hand 
*** SUMMARY ***
Total pot $2.50 | Rake $0 
Seat 2: lymo1951
Seat 1: poker_soul11 (big blind) folded before Flop
Seat 3: v.sting folded before Flop (didn't bet)
Seat 4: gudrozd collected ($2.50)
Seat 5: NOTfishON (button) folded before Flop (didn't bet)
Seat 6: Rysiff (small blind) folded before Flop



PokerStars Hand #254206364460:  Hold'em No Limit ($0.50/$1.00 USD) - 2025/01/05 12:22:10 WET [2025/01/05 7:22:10 ET]
Table 'Kajaani II' 6-max Seat #6 is the button
Seat 1: poker_soul11 ($100 in chips) 
Seat 3: v.sting ($135.09 in chips) 
Seat 4: gudrozd ($145.91 in chips) 
Seat 5: NOTfishON ($100 in chips) 
Seat 6: Rysiff ($301.50 in chips) 
poker_soul11: posts small blind $0.50
v.sting: posts big blind $1
*** HOLE CARDS ***
gudrozd: folds 
NOTfishON: folds 
Rysiff: folds 
stevieh124 joins the table at seat #2 
poker_soul11: folds 
Uncalled bet ($0.50) returned to v.sting
v.sting collected $1 from pot
v.sting: doesn't show hand 
*** SUMMARY ***
Total pot $1 | Rake $0 
Seat 1: poker_soul11 (small blind) folded before Flop
Seat 3: v.sting (big blind) collected ($1)
Seat 4: gudrozd folded before Flop (didn't bet)
Seat 5: NOTfishON folded before Flop (didn't bet)
Seat 6: Rysiff (button) folded before Flop (didn't bet)



PokerStars Hand #254206366538:  Hold'em No Limit ($0.50/$1.00 USD) - 2025/01/05 12:22:22 WET [2025/01/05 7:22:22 ET]
Table 'Kajaani II' 6-max Seat #3 is the button
Seat 2: stevieh124 ($100 in chips) is sitting out
Seat 4: gudrozd ($145.91 in chips) is sitting out
Seat 5: NOTfishON ($100 in chips) is sitting out
Seat 6: Rysiff ($301.50 in chips) is sitting out
Seat 1: poker_soul11 ($100 in chips) 
Seat 3: v.sting ($135.59 in chips) 
v.sting: posts small blind $0.50
NOTfishON: is sitting out 
Rysiff: is sitting out 
poker_soul11: posts big blind $1
*** HOLE CARDS ***
v.sting: folds 
Uncalled bet ($0.50) returned to poker_soul11
Rysiff leaves the table
poker_soul11 collected $1 from pot
poker_soul11: doesn't show hand 
NOTfishON leaves the table
*** SUMMARY ***
Total pot $1 | Rake $0 
Seat 2: stevieh124
Seat 4: gudrozd
Seat 5: NOTfishON
Seat 6: Rysiff
Seat 1: poker_soul11 (big blind) collected ($1)
Seat 3: v.sting (button) (small blind) folded before Flop



PokerStars Hand #254206367566:  Hold'em No Limit ($0.50/$1.00 USD) - 2025/01/05 12:22:28 WET [2025/01/05 7:22:28 ET]
Table 'Kajaani II' 6-max Seat #3 is the button
Seat 4: gudrozd ($145.91 in chips) is sitting out
Seat 1: poker_soul11 ($100.50 in chips) 
Seat 2: stevieh124 ($100 in chips) 
Seat 3: v.sting ($135.09 in chips) 
poker_soul11: posts small blind $0.50
stevieh124: posts big blind $1
*** HOLE CARDS ***
gudrozd leaves the table
v.sting: folds 
poker_soul11: folds 
Uncalled bet ($0.50) returned to stevieh124
stevieh124 collected $1 from pot
stevieh124: doesn't show hand 
*** SUMMARY ***
Total pot $1 | Rake $0 
Seat 4: gudrozd
Seat 1: poker_soul11 (small blind) folded before Flop
Seat 2: stevieh124 (big blind) collected ($1)
Seat 3: v.sting (button) folded before Flop (didn't bet)



PokerStars Hand #254206368698:  Hold'em No Limit ($0.50/$1.00 USD) - 2025/01/05 12:22:35 WET [2025/01/05 7:22:35 ET]
Table 'Kajaani II' 6-max Seat #2 is the button
Seat 3: v.sting ($135.09 in chips) is sitting out
Seat 1: poker_soul11 ($100 in chips) 
Seat 2: stevieh124 ($100.50 in chips) 
stevieh124: posts small blind $0.50
v.sting: is sitting out 
poker_soul11: posts big blind $1
*** HOLE CARDS ***
stevieh124: folds 
Uncalled bet ($0.50) returned to poker_soul11
v.sting leaves the table
poker_soul11 collected $1 from pot
poker_soul11: doesn't show hand 
*** SUMMARY ***
Total pot $1 | Rake $0 
Seat 3: v.sting
Seat 1: poker_soul11 (big blind) collected ($1)
Seat 2: stevieh124 (button) (small blind) folded before Flop



