PokerStars Hand #254219775296:  Hold'em No Limit ($0.50/$1.00 USD) - 2025/01/05 23:32:41 WET [2025/01/05 18:32:41 ET]
Table 'Onnie II' 6-max Seat #4 is the button
Seat 1: nikalas22 ($100 in chips) 
Seat 2: fullboatQA ($10 in chips) 
Seat 3: Espada Fish ($100 in chips) 
Seat 4: Mr_Dick666 ($100 in chips) 
Seat 5: rao999 ($104.39 in chips) 
Seat 6: Manifestorr ($100 in chips) 
rao999: posts small blind $0.50
Manifestorr: posts big blind $1
*** HOLE CARDS ***
nikalas22: folds 
fullboatQA: folds 
Espada Fish: raises $1.20 to $2.20
Mr_Dick666: folds 
rao999: folds 
Manifestorr: raises $8.80 to $11
Espada Fish: folds 
Uncalled bet ($8.80) returned to Manifestorr
Manifestorr collected $4.90 from pot
*** SUMMARY ***
Total pot $4.90 | Rake $0 
Seat 1: nikalas22 folded before Flop (didn't bet)
Seat 2: fullboatQA folded before Flop (didn't bet)
Seat 3: Espada Fish folded before Flop
Seat 4: Mr_Dick666 (button) folded before Flop (didn't bet)
Seat 5: rao999 (small blind) folded before Flop
Seat 6: Manifestorr (big blind) collected ($4.90)



PokerStars Hand #254219785608:  Hold'em No Limit ($0.50/$1.00 USD) - 2025/01/05 23:33:11 WET [2025/01/05 18:33:11 ET]
Table 'Onnie II' 6-max Seat #5 is the button
Seat 1: nikalas22 ($100 in chips) 
Seat 2: fullboatQA ($10 in chips) 
Seat 3: Espada Fish ($100 in chips) 
Seat 4: Mr_Dick666 ($100 in chips) 
Seat 5: rao999 ($103.89 in chips) 
Seat 6: Manifestorr ($102.70 in chips) 
Manifestorr: posts small blind $0.50
nikalas22: posts big blind $1
*** HOLE CARDS ***
fullboatQA: raises $1.50 to $2.50
Espada Fish: folds 
Mr_Dick666: folds 
rao999: folds 
Manifestorr: folds 
nikalas22: folds 
Uncalled bet ($1.50) returned to fullboatQA
fullboatQA collected $2.50 from pot
fullboatQA: doesn't show hand 
*** SUMMARY ***
Total pot $2.50 | Rake $0 
Seat 1: nikalas22 (big blind) folded before Flop
Seat 2: fullboatQA collected ($2.50)
Seat 3: Espada Fish folded before Flop (didn't bet)
Seat 4: Mr_Dick666 folded before Flop (didn't bet)
Seat 5: rao999 (button) folded before Flop (didn't bet)
Seat 6: Manifestorr (small blind) folded before Flop



PokerStars Hand #254219794550:  Hold'em No Limit ($0.50/$1.00 USD) - 2025/01/05 23:33:37 WET [2025/01/05 18:33:37 ET]
Table 'Onnie II' 6-max Seat #6 is the button
Seat 1: nikalas22 ($100 in chips) 
Seat 2: fullboatQA ($11.50 in chips) 
Seat 3: Espada Fish ($100 in chips) 
Seat 4: Mr_Dick666 ($100 in chips) 
Seat 5: rao999 ($103.89 in chips) 
Seat 6: Manifestorr ($102.20 in chips) 
nikalas22: posts small blind $0.50
fullboatQA: posts big blind $1
*** HOLE CARDS ***
Espada Fish: folds 
Mr_Dick666: folds 
rao999: folds 
Manifestorr: raises $1.20 to $2.20
nikalas22: folds 
fullboatQA: folds 
Uncalled bet ($1.20) returned to Manifestorr
Manifestorr collected $2.50 from pot
*** SUMMARY ***
Total pot $2.50 | Rake $0 
Seat 1: nikalas22 (small blind) folded before Flop
Seat 2: fullboatQA (big blind) folded before Flop
Seat 3: Espada Fish folded before Flop (didn't bet)
Seat 4: Mr_Dick666 folded before Flop (didn't bet)
Seat 5: rao999 folded before Flop (didn't bet)
Seat 6: Manifestorr (button) collected ($2.50)



PokerStars Hand #254219803905:  Hold'em No Limit ($0.50/$1.00 USD) - 2025/01/05 23:34:04 WET [2025/01/05 18:34:04 ET]
Table 'Onnie II' 6-max Seat #1 is the button
Seat 1: nikalas22 ($100 in chips) 
Seat 2: fullboatQA ($10.50 in chips) 
Seat 3: Espada Fish ($100 in chips) 
Seat 4: Mr_Dick666 ($100 in chips) 
Seat 5: rao999 ($103.89 in chips) 
Seat 6: Manifestorr ($103.70 in chips) 
fullboatQA: posts small blind $0.50
Espada Fish: posts big blind $1
*** HOLE CARDS ***
Mr_Dick666: raises $1 to $2
rao999: folds 
Manifestorr: raises $4.50 to $6.50
nikalas22: folds 
fullboatQA: folds 
Espada Fish: folds 
Mr_Dick666: calls $4.50
*** FLOP *** [Td Qh Ks]
Mr_Dick666: checks 
Manifestorr: checks 
*** TURN *** [Td Qh Ks] [Jd]
Mr_Dick666: checks 
Manifestorr: bets $6.89
Mr_Dick666: calls $6.89
*** RIVER *** [Td Qh Ks Jd] [5h]
Mr_Dick666: checks 
Manifestorr: bets $20.15
Mr_Dick666: folds 
Uncalled bet ($20.15) returned to Manifestorr
Manifestorr collected $26.87 from pot
*** SUMMARY ***
Total pot $28.28 | Rake $1.41 
Board [Td Qh Ks Jd 5h]
Seat 1: nikalas22 (button) folded before Flop (didn't bet)
Seat 2: fullboatQA (small blind) folded before Flop
Seat 3: Espada Fish (big blind) folded before Flop
Seat 4: Mr_Dick666 folded on the River
Seat 5: rao999 folded before Flop (didn't bet)
Seat 6: Manifestorr collected ($26.87)



PokerStars Hand #254219822513:  Hold'em No Limit ($0.50/$1.00 USD) - 2025/01/05 23:34:58 WET [2025/01/05 18:34:58 ET]
Table 'Onnie II' 6-max Seat #2 is the button
Seat 1: nikalas22 ($100 in chips) 
Seat 2: fullboatQA ($10 in chips) 
Seat 3: Espada Fish ($100 in chips) 
Seat 4: Mr_Dick666 ($100 in chips) 
Seat 5: rao999 ($103.89 in chips) 
Seat 6: Manifestorr ($117.18 in chips) 
Espada Fish: posts small blind $0.50
Mr_Dick666: posts big blind $1
*** HOLE CARDS ***
rao999: folds 
Manifestorr: folds 
nikalas22: folds 
fullboatQA: calls $1
Espada Fish: raises $3 to $4
Mr_Dick666: raises $6 to $10
fullboatQA: folds 
Espada Fish: raises $14 to $24
Mr_Dick666: calls $14
*** FLOP *** [2c 6d 3d]
Espada Fish: bets $15.83
rao999 leaves the table
Mr_Dick666: raises $18.17 to $34
Espada Fish: raises $42 to $76 and is all-in
Mr_Dick666: calls $42 and is all-in
*** TURN *** [2c 6d 3d] [9d]
*** RIVER *** [2c 6d 3d 9d] [9h]
*** SHOW DOWN ***
Espada Fish: shows [Kh Kd] (two pair, Kings and Nines)
Mr_Dick666: shows [Th Ts] (two pair, Tens and Nines)
Espada Fish cashed out the hand for $178.32 | Cash Out Fee $3.64
*** SUMMARY ***
Total pot $201 | Rake $2.50 
Board [2c 6d 3d 9d 9h]
Seat 1: nikalas22 folded before Flop (didn't bet)
Seat 2: fullboatQA (button) folded before Flop
Seat 3: Espada Fish (small blind) showed [Kh Kd] and won ($198.50) with two pair, Kings and Nines (pot not awarded as player cashed out)
Seat 4: Mr_Dick666 (big blind) showed [Th Ts] and lost with two pair, Tens and Nines
Seat 5: rao999 folded before Flop (didn't bet)
Seat 6: Manifestorr folded before Flop (didn't bet)



PokerStars Hand #254219850105:  Hold'em No Limit ($0.50/$1.00 USD) - 2025/01/05 23:36:18 WET [2025/01/05 18:36:18 ET]
Table 'Onnie II' 6-max Seat #3 is the button
Seat 6: Manifestorr ($117.18 in chips) is sitting out
Seat 1: nikalas22 ($100 in chips) 
Seat 2: fullboatQA ($10 in chips) 
Seat 3: Espada Fish ($178.32 in chips) 
Seat 4: Mr_Dick666 ($100 in chips) 
Mr_Dick666: posts small blind $0.50
Manifestorr: is sitting out 
nikalas22: posts big blind $1
*** HOLE CARDS ***
Manifestorr leaves the table
fullboatQA: folds 
Espada Fish: folds 
Espada Fish leaves the table
Mr_Dick666: folds 
Uncalled bet ($0.50) returned to nikalas22
nikalas22 collected $1 from pot
nikalas22: doesn't show hand 
*** SUMMARY ***
Total pot $1 | Rake $0 
Seat 6: Manifestorr
Seat 1: nikalas22 (big blind) collected ($1)
Seat 2: fullboatQA folded before Flop (didn't bet)
Seat 3: Espada Fish (button) folded before Flop (didn't bet)
Seat 4: Mr_Dick666 (small blind) folded before Flop



PokerStars Hand #254219854834:  Hold'em No Limit ($0.50/$1.00 USD) - 2025/01/05 23:36:33 WET [2025/01/05 18:36:33 ET]
Table 'Onnie II' 6-max Seat #4 is the button
Seat 1: nikalas22 ($100.50 in chips) is sitting out
Seat 2: fullboatQA ($10 in chips) 
Seat 4: Mr_Dick666 ($100 in chips) 
Mr_Dick666: posts small blind $0.50
fullboatQA: posts big blind $1
*** HOLE CARDS ***
nikalas22 leaves the table
Mr_Dick666: raises $2 to $3
fullboatQA: folds 
Uncalled bet ($2) returned to Mr_Dick666
Mr_Dick666 collected $2 from pot
Mr_Dick666: doesn't show hand 
*** SUMMARY ***
Total pot $2 | Rake $0 
Seat 1: nikalas22
Seat 2: fullboatQA (big blind) folded before Flop
Seat 4: Mr_Dick666 (button) (small blind) collected ($2)



