PokerStars Hand #254205136785:  Hold'em No Limit ($0.50/$1.00 USD) - 2025/01/05 9:53:01 WET [2025/01/05 4:53:01 ET]
Table 'Xosa' 6-max Seat #6 is the button
Seat 5: $LuckerMax1$ ($30.50 in chips) 
Seat 6: Pon4uk.ua ($100.50 in chips) 
Pon4uk.ua: posts small blind $0.50
$LuckerMax1$: posts big blind $1
*** HOLE CARDS ***
Pon4uk.ua: folds 
Uncalled bet ($0.50) returned to $LuckerMax1$
$LuckerMax1$ collected $1 from pot
*** SUMMARY ***
Total pot $1 | Rake $0 
Seat 5: $LuckerMax1$ (big blind) collected ($1)
Seat 6: Pon4uk.ua (button) (small blind) folded before Flop



PokerStars Hand #254205137799:  Hold'em No Limit ($0.50/$1.00 USD) - 2025/01/05 9:53:10 WET [2025/01/05 4:53:10 ET]
Table 'Xosa' 6-max Seat #5 is the button
Seat 5: $LuckerMax1$ ($31 in chips) 
Seat 6: Pon4uk.ua ($100 in chips) 
$LuckerMax1$: posts small blind $0.50
Pon4uk.ua: posts big blind $1
*** HOLE CARDS ***
$LuckerMax1$: raises $1 to $2
Pon4uk.ua: folds 
Uncalled bet ($1) returned to $LuckerMax1$
$LuckerMax1$ collected $2 from pot
*** SUMMARY ***
Total pot $2 | Rake $0 
Seat 5: $LuckerMax1$ (button) (small blind) collected ($2)
Seat 6: Pon4uk.ua (big blind) folded before Flop



PokerStars Hand #254205141758:  Hold'em No Limit ($0.50/$1.00 USD) - 2025/01/05 9:53:43 WET [2025/01/05 4:53:43 ET]
Table 'Xosa' 6-max Seat #6 is the button
Seat 5: $LuckerMax1$ ($32 in chips) 
Seat 6: Pon4uk.ua ($100 in chips) 
Pon4uk.ua: posts small blind $0.50
$LuckerMax1$: posts big blind $1
*** HOLE CARDS ***
Pon4uk.ua: calls $0.50
$LuckerMax1$: checks 
*** FLOP *** [Th 3h 4h]
$LuckerMax1$: checks 
Pon4uk.ua: bets $1
$LuckerMax1$: folds 
Uncalled bet ($1) returned to Pon4uk.ua
Pon4uk.ua collected $1.90 from pot
Pon4uk.ua: doesn't show hand 
*** SUMMARY ***
Total pot $2 | Rake $0.10 
Board [Th 3h 4h]
Seat 5: $LuckerMax1$ (big blind) folded on the Flop
Seat 6: Pon4uk.ua (button) (small blind) collected ($1.90)



PokerStars Hand #254205145361:  Hold'em No Limit ($0.50/$1.00 USD) - 2025/01/05 9:54:14 WET [2025/01/05 4:54:14 ET]
Table 'Xosa' 6-max Seat #5 is the button
Seat 5: $LuckerMax1$ ($31 in chips) 
Seat 6: Pon4uk.ua ($100.90 in chips) 
$LuckerMax1$: posts small blind $0.50
Pon4uk.ua: posts big blind $1
*** HOLE CARDS ***
$LuckerMax1$: raises $1 to $2
Pon4uk.ua: folds 
Uncalled bet ($1) returned to $LuckerMax1$
$LuckerMax1$ collected $2 from pot
*** SUMMARY ***
Total pot $2 | Rake $0 
Seat 5: $LuckerMax1$ (button) (small blind) collected ($2)
Seat 6: Pon4uk.ua (big blind) folded before Flop



PokerStars Hand #254205146828:  Hold'em No Limit ($0.50/$1.00 USD) - 2025/01/05 9:54:27 WET [2025/01/05 4:54:27 ET]
Table 'Xosa' 6-max Seat #6 is the button
Seat 5: $LuckerMax1$ ($32 in chips) 
Seat 6: Pon4uk.ua ($100 in chips) 
Pon4uk.ua: posts small blind $0.50
$LuckerMax1$: posts big blind $1
*** HOLE CARDS ***
Pon4uk.ua: raises $1 to $2
$LuckerMax1$: calls $1
*** FLOP *** [9s Ah 7s]
$LuckerMax1$: checks 
Pon4uk.ua: bets $1.90
$LuckerMax1$: calls $1.90
*** TURN *** [9s Ah 7s] [Td]
$LuckerMax1$: checks 
Pon4uk.ua: checks 
*** RIVER *** [9s Ah 7s Td] [5d]
$LuckerMax1$: bets $3.71
Pon4uk.ua: folds 
Uncalled bet ($3.71) returned to $LuckerMax1$
$LuckerMax1$ collected $7.41 from pot
*** SUMMARY ***
Total pot $7.80 | Rake $0.39 
Board [9s Ah 7s Td 5d]
Seat 5: $LuckerMax1$ (big blind) collected ($7.41)
Seat 6: Pon4uk.ua (button) (small blind) folded on the River



PokerStars Hand #254205151801:  Hold'em No Limit ($0.50/$1.00 USD) - 2025/01/05 9:55:09 WET [2025/01/05 4:55:09 ET]
Table 'Xosa' 6-max Seat #5 is the button
Seat 5: $LuckerMax1$ ($35.51 in chips) 
Seat 6: Pon4uk.ua ($100 in chips) 
$LuckerMax1$: posts small blind $0.50
Pon4uk.ua: posts big blind $1
*** HOLE CARDS ***
$LuckerMax1$: folds 
Uncalled bet ($0.50) returned to Pon4uk.ua
Pon4uk.ua collected $1 from pot
Pon4uk.ua: doesn't show hand 
*** SUMMARY ***
Total pot $1 | Rake $0 
Seat 5: $LuckerMax1$ (button) (small blind) folded before Flop
Seat 6: Pon4uk.ua (big blind) collected ($1)



PokerStars Hand #254205152608:  Hold'em No Limit ($0.50/$1.00 USD) - 2025/01/05 9:55:17 WET [2025/01/05 4:55:17 ET]
Table 'Xosa' 6-max Seat #6 is the button
Seat 5: $LuckerMax1$ ($35.01 in chips) 
Seat 6: Pon4uk.ua ($100.50 in chips) 
Pon4uk.ua: posts small blind $0.50
$LuckerMax1$: posts big blind $1
*** HOLE CARDS ***
Pon4uk.ua: raises $1.50 to $2.50
$LuckerMax1$: calls $1.50
*** FLOP *** [9s 7d 7h]
$LuckerMax1$: checks 
Pon4uk.ua: bets $1.57
$LuckerMax1$: calls $1.57
*** TURN *** [9s 7d 7h] [Tc]
$LuckerMax1$: checks 
Sadyhov V.V. joins the table at seat #1 
Pon4uk.ua: checks 
*** RIVER *** [9s 7d 7h Tc] [Ts]
$LuckerMax1$: checks 
Pon4uk.ua: bets $3.87
$LuckerMax1$: calls $3.87
*** SHOW DOWN ***
Pon4uk.ua: shows [9d As] (two pair, Tens and Nines)
$LuckerMax1$: mucks hand 
Pon4uk.ua collected $15.09 from pot
*** SUMMARY ***
Total pot $15.88 | Rake $0.79 
Board [9s 7d 7h Tc Ts]
Seat 5: $LuckerMax1$ (big blind) mucked
Seat 6: Pon4uk.ua (button) (small blind) showed [9d As] and won ($15.09) with two pair, Tens and Nines



PokerStars Hand #254205156842:  Hold'em No Limit ($0.50/$1.00 USD) - 2025/01/05 9:55:58 WET [2025/01/05 4:55:58 ET]
Table 'Xosa' 6-max Seat #5 is the button
Seat 1: Sadyhov V.V. ($100 in chips) 
Seat 5: $LuckerMax1$ ($27.07 in chips) 
Seat 6: Pon4uk.ua ($107.65 in chips) 
Pon4uk.ua: posts small blind $0.50
Sadyhov V.V.: posts big blind $1
*** HOLE CARDS ***
$LuckerMax1$: raises $1 to $2
Pon4uk.ua: folds 
Sadyhov V.V.: folds 
Uncalled bet ($1) returned to $LuckerMax1$
$LuckerMax1$ collected $2.50 from pot
*** SUMMARY ***
Total pot $2.50 | Rake $0 
Seat 1: Sadyhov V.V. (big blind) folded before Flop
Seat 5: $LuckerMax1$ (button) collected ($2.50)
Seat 6: Pon4uk.ua (small blind) folded before Flop



PokerStars Hand #254205158171:  Hold'em No Limit ($0.50/$1.00 USD) - 2025/01/05 9:56:12 WET [2025/01/05 4:56:12 ET]
Table 'Xosa' 6-max Seat #6 is the button
Seat 1: Sadyhov V.V. ($100 in chips) 
Seat 5: $LuckerMax1$ ($28.57 in chips) 
Seat 6: Pon4uk.ua ($107.15 in chips) 
Sadyhov V.V.: posts small blind $0.50
$LuckerMax1$: posts big blind $1
*** HOLE CARDS ***
nastja336 joins the table at seat #3 
Ellsska joins the table at seat #2 
Ellsska is disconnected 
Pon4uk.ua: raises $1.50 to $2.50
equilibrium_tv joins the table at seat #4 
Sadyhov V.V.: folds 
$LuckerMax1$: calls $1.50
*** FLOP *** [6s 2c Qc]
$LuckerMax1$: checks 
Pon4uk.ua: bets $1.72
$LuckerMax1$: calls $1.72
*** TURN *** [6s 2c Qc] [7h]
$LuckerMax1$: checks 
Pon4uk.ua: bets $4.25
$LuckerMax1$: folds 
Uncalled bet ($4.25) returned to Pon4uk.ua
Pon4uk.ua collected $8.49 from pot
Pon4uk.ua: doesn't show hand 
*** SUMMARY ***
Total pot $8.94 | Rake $0.45 
Board [6s 2c Qc 7h]
Seat 1: Sadyhov V.V. (small blind) folded before Flop
Seat 5: $LuckerMax1$ (big blind) folded on the Turn
Seat 6: Pon4uk.ua (button) collected ($8.49)



PokerStars Hand #254205162615:  Hold'em No Limit ($0.50/$1.00 USD) - 2025/01/05 9:56:55 WET [2025/01/05 4:56:55 ET]
Table 'Xosa' 6-max Seat #1 is the button
Seat 2: Ellsska ($19.85 in chips) is sitting out
Seat 3: nastja336 ($100 in chips) is sitting out
Seat 4: equilibrium_tv ($10 in chips) is sitting out
Seat 1: Sadyhov V.V. ($100 in chips) 
Seat 5: $LuckerMax1$ ($24.35 in chips) 
Seat 6: Pon4uk.ua ($111.42 in chips) 
$LuckerMax1$: posts small blind $0.50
Pon4uk.ua: posts big blind $1
*** HOLE CARDS ***
Sadyhov V.V.: folds 
$LuckerMax1$: folds 
Uncalled bet ($0.50) returned to Pon4uk.ua
Pon4uk.ua collected $1 from pot
Pon4uk.ua: doesn't show hand 
*** SUMMARY ***
Total pot $1 | Rake $0 
Seat 2: Ellsska
Seat 3: nastja336
Seat 4: equilibrium_tv
Seat 1: Sadyhov V.V. (button) folded before Flop (didn't bet)
Seat 5: $LuckerMax1$ (small blind) folded before Flop
Seat 6: Pon4uk.ua (big blind) collected ($1)



PokerStars Hand #254205163325:  Hold'em No Limit ($0.50/$1.00 USD) - 2025/01/05 9:57:03 WET [2025/01/05 4:57:03 ET]
Table 'Xosa' 6-max Seat #5 is the button
Seat 2: Ellsska ($19.85 in chips) is sitting out
Seat 3: nastja336 ($100 in chips) is sitting out
Seat 4: equilibrium_tv ($10 in chips) is sitting out
Seat 1: Sadyhov V.V. ($100 in chips) 
Seat 5: $LuckerMax1$ ($23.85 in chips) 
Seat 6: Pon4uk.ua ($111.92 in chips) 
Pon4uk.ua: posts small blind $0.50
Sadyhov V.V.: posts big blind $1
Ellsska: sits out 
nastja336: sits out 
equilibrium_tv: sits out 
*** HOLE CARDS ***
$LuckerMax1$: folds 
Pon4uk.ua: folds 
Uncalled bet ($0.50) returned to Sadyhov V.V.
Sadyhov V.V. collected $1 from pot
Sadyhov V.V.: doesn't show hand 
*** SUMMARY ***
Total pot $1 | Rake $0 
Seat 2: Ellsska
Seat 3: nastja336
Seat 4: equilibrium_tv
Seat 1: Sadyhov V.V. (big blind) collected ($1)
Seat 5: $LuckerMax1$ (button) folded before Flop (didn't bet)
Seat 6: Pon4uk.ua (small blind) folded before Flop



PokerStars Hand #254205164227:  Hold'em No Limit ($0.50/$1.00 USD) - 2025/01/05 9:57:12 WET [2025/01/05 4:57:12 ET]
Table 'Xosa' 6-max Seat #6 is the button
Seat 3: nastja336 ($100 in chips) is sitting out
Seat 4: equilibrium_tv ($10 in chips) is sitting out
Seat 1: Sadyhov V.V. ($100.50 in chips) 
Seat 2: Ellsska ($19.85 in chips) 
Seat 5: $LuckerMax1$ ($23.85 in chips) 
Seat 6: Pon4uk.ua ($111.42 in chips) 
Sadyhov V.V.: posts small blind $0.50
Ellsska: posts big blind $1
nastja336: sits out 
equilibrium_tv: sits out 
*** HOLE CARDS ***
$LuckerMax1$: raises $1 to $2
Pon4uk.ua: folds 
Sadyhov V.V.: folds 
Ellsska: calls $1
*** FLOP *** [9s 9c 9h]
Ellsska: checks 
$LuckerMax1$: bets $3
Ellsska: calls $3
*** TURN *** [9s 9c 9h] [Kh]
Ellsska: checks 
$LuckerMax1$: checks 
*** RIVER *** [9s 9c 9h Kh] [3h]
Ellsska: bets $1
$LuckerMax1$: calls $1
*** SHOW DOWN ***
Ellsska: shows [Td 7c] (three of a kind, Nines)
$LuckerMax1$: shows [Ac Qc] (three of a kind, Nines - Ace kicker)
$LuckerMax1$ collected $11.88 from pot
*** SUMMARY ***
Total pot $12.50 | Rake $0.62 
Board [9s 9c 9h Kh 3h]
Seat 3: nastja336
Seat 4: equilibrium_tv
Seat 1: Sadyhov V.V. (small blind) folded before Flop
Seat 2: Ellsska (big blind) showed [Td 7c] and lost with three of a kind, Nines
Seat 5: $LuckerMax1$ showed [Ac Qc] and won ($11.88) with three of a kind, Nines
Seat 6: Pon4uk.ua (button) folded before Flop (didn't bet)



PokerStars Hand #254205167015:  Hold'em No Limit ($0.50/$1.00 USD) - 2025/01/05 9:57:39 WET [2025/01/05 4:57:39 ET]
Table 'Xosa' 6-max Seat #1 is the button
Seat 4: equilibrium_tv ($10 in chips) is sitting out
Seat 1: Sadyhov V.V. ($100 in chips) 
Seat 2: Ellsska ($13.85 in chips) 
Seat 3: nastja336 ($100 in chips) 
Seat 5: $LuckerMax1$ ($29.73 in chips) 
Seat 6: Pon4uk.ua ($111.42 in chips) 
Ellsska: posts small blind $0.50
nastja336: posts big blind $1
equilibrium_tv: sits out 
*** HOLE CARDS ***
$LuckerMax1$: raises $1 to $2
Pon4uk.ua: folds 
Sadyhov V.V.: folds 
Ellsska: calls $1.50
nastja336: folds 
*** FLOP *** [3c Jh 4h]
Ellsska: checks 
$LuckerMax1$: checks 
*** TURN *** [3c Jh 4h] [2c]
Ellsska: checks 
$LuckerMax1$: checks 
*** RIVER *** [3c Jh 4h 2c] [2s]
Ellsska: checks 
$LuckerMax1$: checks 
*** SHOW DOWN ***
Ellsska: shows [8s Ts] (a pair of Deuces)
$LuckerMax1$: shows [9c Kd] (a pair of Deuces - King kicker)
$LuckerMax1$ collected $4.75 from pot
*** SUMMARY ***
Total pot $5 | Rake $0.25 
Board [3c Jh 4h 2c 2s]
Seat 4: equilibrium_tv
Seat 1: Sadyhov V.V. (button) folded before Flop (didn't bet)
Seat 2: Ellsska (small blind) showed [8s Ts] and lost with a pair of Deuces
Seat 3: nastja336 (big blind) folded before Flop
Seat 5: $LuckerMax1$ showed [9c Kd] and won ($4.75) with a pair of Deuces
Seat 6: Pon4uk.ua folded before Flop (didn't bet)



PokerStars Hand #254205169267:  Hold'em No Limit ($0.50/$1.00 USD) - 2025/01/05 9:58:01 WET [2025/01/05 4:58:01 ET]
Table 'Xosa' 6-max Seat #2 is the button
Seat 1: Sadyhov V.V. ($100 in chips) 
Seat 2: Ellsska ($11.85 in chips) 
Seat 3: nastja336 ($100 in chips) 
Seat 4: equilibrium_tv ($10 in chips) 
Seat 5: $LuckerMax1$ ($32.48 in chips) 
Seat 6: Pon4uk.ua ($111.42 in chips) 
nastja336: posts small blind $0.50
equilibrium_tv: posts big blind $1
*** HOLE CARDS ***
$LuckerMax1$: raises $1 to $2
Pon4uk.ua: folds 
Sadyhov V.V.: folds 
Ellsska: calls $2
nastja336: folds 
equilibrium_tv: raises $8 to $10 and is all-in
$LuckerMax1$: folds 
Ellsska: calls $8
*** FLOP *** [3h 6s Qh]
*** TURN *** [3h 6s Qh] [4h]
*** RIVER *** [3h 6s Qh 4h] [Th]
*** SHOW DOWN ***
equilibrium_tv: shows [Qd Qs] (three of a kind, Queens)
Ellsska: shows [Kh 5s] (a flush, King high)
Ellsska collected $21.38 from pot
*** SUMMARY ***
Total pot $22.50 | Rake $1.12 
Board [3h 6s Qh 4h Th]
Seat 1: Sadyhov V.V. folded before Flop (didn't bet)
Seat 2: Ellsska (button) showed [Kh 5s] and won ($21.38) with a flush, King high
Seat 3: nastja336 (small blind) folded before Flop
Seat 4: equilibrium_tv (big blind) showed [Qd Qs] and lost with three of a kind, Queens
Seat 5: $LuckerMax1$ folded before Flop
Seat 6: Pon4uk.ua folded before Flop (didn't bet)



PokerStars Hand #254205172214:  Hold'em No Limit ($0.50/$1.00 USD) - 2025/01/05 9:58:30 WET [2025/01/05 4:58:30 ET]
Table 'Xosa' 6-max Seat #3 is the button
Seat 1: Sadyhov V.V. ($100 in chips) 
Seat 2: Ellsska ($23.23 in chips) 
Seat 3: nastja336 ($100 in chips) 
Seat 4: equilibrium_tv ($10 in chips) 
Seat 5: $LuckerMax1$ ($30.48 in chips) 
Seat 6: Pon4uk.ua ($111.42 in chips) 
equilibrium_tv: posts small blind $0.50
$LuckerMax1$: posts big blind $1
*** HOLE CARDS ***
Pon4uk.ua: raises $1 to $2
Sadyhov V.V.: folds 
Ellsska: folds 
nastja336: calls $2
equilibrium_tv: folds 
$LuckerMax1$: calls $1
*** FLOP *** [4d Td 3d]
$LuckerMax1$: checks 
Pon4uk.ua: checks 
nastja336: checks 
*** TURN *** [4d Td 3d] [2c]
$LuckerMax1$: checks 
Pon4uk.ua: checks 
nastja336: bets $8.22
$LuckerMax1$: folds 
Pon4uk.ua: folds 
Uncalled bet ($8.22) returned to nastja336
nastja336 collected $6.18 from pot
nastja336: doesn't show hand 
*** SUMMARY ***
Total pot $6.50 | Rake $0.32 
Board [4d Td 3d 2c]
Seat 1: Sadyhov V.V. folded before Flop (didn't bet)
Seat 2: Ellsska folded before Flop (didn't bet)
Seat 3: nastja336 (button) collected ($6.18)
Seat 4: equilibrium_tv (small blind) folded before Flop
Seat 5: $LuckerMax1$ (big blind) folded on the Turn
Seat 6: Pon4uk.ua folded on the Turn



PokerStars Hand #254205177143:  Hold'em No Limit ($0.50/$1.00 USD) - 2025/01/05 9:59:18 WET [2025/01/05 4:59:18 ET]
Table 'Xosa' 6-max Seat #4 is the button
Seat 1: Sadyhov V.V. ($100 in chips) 
Seat 2: Ellsska ($23.23 in chips) 
Seat 3: nastja336 ($104.18 in chips) 
Seat 4: equilibrium_tv ($9.50 in chips) 
Seat 5: $LuckerMax1$ ($28.48 in chips) 
Seat 6: Pon4uk.ua ($109.42 in chips) 
$LuckerMax1$: posts small blind $0.50
Pon4uk.ua: posts big blind $1
*** HOLE CARDS ***
Sadyhov V.V.: raises $1.50 to $2.50
Ellsska: calls $2.50
nastja336: calls $2.50
equilibrium_tv: folds 
$LuckerMax1$: folds 
Pon4uk.ua: calls $1.50
*** FLOP *** [Ac Ks Qs]
Pon4uk.ua: checks 
Sadyhov V.V.: checks 
Ellsska: checks 
nastja336: checks 
*** TURN *** [Ac Ks Qs] [7s]
Pon4uk.ua: checks 
Sadyhov V.V.: checks 
Ellsska: checks 
nastja336: checks 
*** RIVER *** [Ac Ks Qs 7s] [6d]
Pon4uk.ua: bets $3
Sadyhov V.V.: folds 
Ellsska: calls $3
nastja336: folds 
*** SHOW DOWN ***
Pon4uk.ua: shows [Th Kh] (a pair of Kings)
Ellsska: shows [6c Ad] (two pair, Aces and Sixes)
Ellsska collected $15.68 from pot
*** SUMMARY ***
Total pot $16.50 | Rake $0.82 
Board [Ac Ks Qs 7s 6d]
Seat 1: Sadyhov V.V. folded on the River
Seat 2: Ellsska showed [6c Ad] and won ($15.68) with two pair, Aces and Sixes
Seat 3: nastja336 folded on the River
Seat 4: equilibrium_tv (button) folded before Flop (didn't bet)
Seat 5: $LuckerMax1$ (small blind) folded before Flop
Seat 6: Pon4uk.ua (big blind) showed [Th Kh] and lost with a pair of Kings



PokerStars Hand #254205184001:  Hold'em No Limit ($0.50/$1.00 USD) - 2025/01/05 10:00:25 WET [2025/01/05 5:00:25 ET]
Table 'Xosa' 6-max Seat #5 is the button
Seat 1: Sadyhov V.V. ($100 in chips) 
Seat 2: Ellsska ($33.41 in chips) 
Seat 3: nastja336 ($101.68 in chips) 
Seat 4: equilibrium_tv ($9.50 in chips) 
Seat 5: $LuckerMax1$ ($27.98 in chips) 
Seat 6: Pon4uk.ua ($103.92 in chips) 
Pon4uk.ua: posts small blind $0.50
Sadyhov V.V.: posts big blind $1
*** HOLE CARDS ***
Ellsska: calls $1
nastja336: raises $4 to $5
equilibrium_tv: folds 
$LuckerMax1$: folds 
Pon4uk.ua: folds 
Sadyhov V.V.: folds 
Ellsska: calls $4
*** FLOP *** [4h Ad Td]
Ellsska: checks 
nastja336: bets $3.60
Ellsska: calls $3.60
*** TURN *** [4h Ad Td] [Ks]
Ellsska: checks 
nastja336: bets $1.80
Ellsska: calls $1.80
*** RIVER *** [4h Ad Td Ks] [Jd]
Ellsska: bets $1
nastja336: raises $65 to $66
Ellsska: calls $22.01 and is all-in
Uncalled bet ($42.99) returned to nastja336
*** SHOW DOWN ***
nastja336: shows [Qh Kh] (a straight, Ten to Ace)
Ellsska: shows [As 7c] (a pair of Aces)
nastja336 collected $65.82 from pot
*** SUMMARY ***
Total pot $68.32 | Rake $2.50 
Board [4h Ad Td Ks Jd]
Seat 1: Sadyhov V.V. (big blind) folded before Flop
Seat 2: Ellsska showed [As 7c] and lost with a pair of Aces
Seat 3: nastja336 showed [Qh Kh] and won ($65.82) with a straight, Ten to Ace
Seat 4: equilibrium_tv folded before Flop (didn't bet)
Seat 5: $LuckerMax1$ (button) folded before Flop (didn't bet)
Seat 6: Pon4uk.ua (small blind) folded before Flop



PokerStars Hand #254205188708:  Hold'em No Limit ($0.50/$1.00 USD) - 2025/01/05 10:01:06 WET [2025/01/05 5:01:06 ET]
Table 'Xosa' 6-max Seat #6 is the button
Seat 2: Ellsska ($0 in chips) is sitting out
Seat 1: Sadyhov V.V. ($100 in chips) 
Seat 3: nastja336 ($134.09 in chips) 
Seat 4: equilibrium_tv ($9.50 in chips) 
Seat 5: $LuckerMax1$ ($27.98 in chips) 
Seat 6: Pon4uk.ua ($103.42 in chips) 
Sadyhov V.V.: posts small blind $0.50
nastja336: posts big blind $1
*** HOLE CARDS ***
equilibrium_tv: folds 
$LuckerMax1$: raises $1 to $2
equilibrium_tv leaves the table
Pon4uk.ua: folds 
Sadyhov V.V.: folds 
Ellsska leaves the table
nastja336: folds 
Uncalled bet ($1) returned to $LuckerMax1$
$LuckerMax1$ collected $2.50 from pot
*** SUMMARY ***
Total pot $2.50 | Rake $0 
Seat 2: Ellsska
Seat 1: Sadyhov V.V. (small blind) folded before Flop
Seat 3: nastja336 (big blind) folded before Flop
Seat 4: equilibrium_tv folded before Flop (didn't bet)
Seat 5: $LuckerMax1$ collected ($2.50)
Seat 6: Pon4uk.ua (button) folded before Flop (didn't bet)



PokerStars Hand #254205190798:  Hold'em No Limit ($0.50/$1.00 USD) - 2025/01/05 10:01:24 WET [2025/01/05 5:01:24 ET]
Table 'Xosa' 6-max Seat #1 is the button
Seat 3: nastja336 ($133.09 in chips) is sitting out
Seat 1: Sadyhov V.V. ($100 in chips) 
Seat 5: $LuckerMax1$ ($29.48 in chips) 
Seat 6: Pon4uk.ua ($103.42 in chips) 
$LuckerMax1$: posts small blind $0.50
Pon4uk.ua: posts big blind $1
*** HOLE CARDS ***
Sadyhov V.V.: folds 
nastja336 leaves the table
$LuckerMax1$: folds 
Uncalled bet ($0.50) returned to Pon4uk.ua
Pon4uk.ua collected $1 from pot
Pon4uk.ua: doesn't show hand 
*** SUMMARY ***
Total pot $1 | Rake $0 
Seat 3: nastja336
Seat 1: Sadyhov V.V. (button) folded before Flop (didn't bet)
Seat 5: $LuckerMax1$ (small blind) folded before Flop
Seat 6: Pon4uk.ua (big blind) collected ($1)



PokerStars Hand #254205191638:  Hold'em No Limit ($0.50/$1.00 USD) - 2025/01/05 10:01:31 WET [2025/01/05 5:01:31 ET]
Table 'Xosa' 6-max Seat #5 is the button
Seat 1: Sadyhov V.V. ($100 in chips) 
Seat 5: $LuckerMax1$ ($28.98 in chips) 
Seat 6: Pon4uk.ua ($103.92 in chips) 
Pon4uk.ua: posts small blind $0.50
Sadyhov V.V.: posts big blind $1
*** HOLE CARDS ***
$LuckerMax1$: raises $2 to $3
Pon4uk.ua: folds 
Sadyhov V.V.: folds 
Uncalled bet ($2) returned to $LuckerMax1$
$LuckerMax1$ collected $2.50 from pot
*** SUMMARY ***
Total pot $2.50 | Rake $0 
Seat 1: Sadyhov V.V. (big blind) folded before Flop
Seat 5: $LuckerMax1$ (button) collected ($2.50)
Seat 6: Pon4uk.ua (small blind) folded before Flop



PokerStars Hand #254205193165:  Hold'em No Limit ($0.50/$1.00 USD) - 2025/01/05 10:01:44 WET [2025/01/05 5:01:44 ET]
Table 'Xosa' 6-max Seat #6 is the button
Seat 1: Sadyhov V.V. ($100 in chips) 
Seat 5: $LuckerMax1$ ($30.48 in chips) 
Seat 6: Pon4uk.ua ($103.42 in chips) 
Sadyhov V.V.: posts small blind $0.50
$LuckerMax1$: posts big blind $1
*** HOLE CARDS ***
Pon4uk.ua: raises $1 to $2
Sadyhov V.V.: folds 
$LuckerMax1$: calls $1
*** FLOP *** [9s Qs Kd]
$LuckerMax1$: checks 
Pon4uk.ua: bets $1.41
$LuckerMax1$: calls $1.41
*** TURN *** [9s Qs Kd] [3c]
$LuckerMax1$: checks 
Pon4uk.ua: checks 
*** RIVER *** [9s Qs Kd 3c] [2s]
$LuckerMax1$: checks 
Pon4uk.ua: checks 
*** SHOW DOWN ***
$LuckerMax1$: shows [8d Qc] (a pair of Queens)
Pon4uk.ua: mucks hand 
$LuckerMax1$ collected $6.95 from pot
*** SUMMARY ***
Total pot $7.32 | Rake $0.37 
Board [9s Qs Kd 3c 2s]
Seat 1: Sadyhov V.V. (small blind) folded before Flop
Seat 5: $LuckerMax1$ (big blind) showed [8d Qc] and won ($6.95) with a pair of Queens
Seat 6: Pon4uk.ua (button) mucked



PokerStars Hand #254205196912:  Hold'em No Limit ($0.50/$1.00 USD) - 2025/01/05 10:02:16 WET [2025/01/05 5:02:16 ET]
Table 'Xosa' 6-max Seat #1 is the button
Seat 1: Sadyhov V.V. ($100 in chips) 
Seat 5: $LuckerMax1$ ($34.02 in chips) 
Seat 6: Pon4uk.ua ($100.01 in chips) 
$LuckerMax1$: posts small blind $0.50
Pon4uk.ua: posts big blind $1
*** HOLE CARDS ***
Sadyhov V.V.: folds 
$LuckerMax1$: folds 
Uncalled bet ($0.50) returned to Pon4uk.ua
Pon4uk.ua collected $1 from pot
Pon4uk.ua: doesn't show hand 
*** SUMMARY ***
Total pot $1 | Rake $0 
Seat 1: Sadyhov V.V. (button) folded before Flop (didn't bet)
Seat 5: $LuckerMax1$ (small blind) folded before Flop
Seat 6: Pon4uk.ua (big blind) collected ($1)



PokerStars Hand #254205198013:  Hold'em No Limit ($0.50/$1.00 USD) - 2025/01/05 10:02:26 WET [2025/01/05 5:02:26 ET]
Table 'Xosa' 6-max Seat #5 is the button
Seat 1: Sadyhov V.V. ($100 in chips) 
Seat 5: $LuckerMax1$ ($33.52 in chips) 
Seat 6: Pon4uk.ua ($100.51 in chips) 
Pon4uk.ua: posts small blind $0.50
Sadyhov V.V.: posts big blind $1
*** HOLE CARDS ***
$LuckerMax1$: folds 
Pon4uk.ua: raises $1.75 to $2.75
Sadyhov V.V.: calls $1.75
*** FLOP *** [3d 5d Ks]
Pon4uk.ua: checks 
Sadyhov V.V.: bets $2.87
Pon4uk.ua: folds 
Uncalled bet ($2.87) returned to Sadyhov V.V.
Sadyhov V.V. collected $5.22 from pot
Sadyhov V.V.: doesn't show hand 
*** SUMMARY ***
Total pot $5.50 | Rake $0.28 
Board [3d 5d Ks]
Seat 1: Sadyhov V.V. (big blind) collected ($5.22)
Seat 5: $LuckerMax1$ (button) folded before Flop (didn't bet)
Seat 6: Pon4uk.ua (small blind) folded on the Flop



PokerStars Hand #254205201341:  Hold'em No Limit ($0.50/$1.00 USD) - 2025/01/05 10:02:53 WET [2025/01/05 5:02:53 ET]
Table 'Xosa' 6-max Seat #6 is the button
Seat 1: Sadyhov V.V. ($102.47 in chips) 
Seat 5: $LuckerMax1$ ($33.52 in chips) 
Seat 6: Pon4uk.ua ($100 in chips) 
Sadyhov V.V.: posts small blind $0.50
$LuckerMax1$: posts big blind $1
*** HOLE CARDS ***
Pon4uk.ua: raises $1.50 to $2.50
Sadyhov V.V.: folds 
$LuckerMax1$: folds 
Uncalled bet ($1.50) returned to Pon4uk.ua
Pon4uk.ua collected $2.50 from pot
Pon4uk.ua: doesn't show hand 
*** SUMMARY ***
Total pot $2.50 | Rake $0 
Seat 1: Sadyhov V.V. (small blind) folded before Flop
Seat 5: $LuckerMax1$ (big blind) folded before Flop
Seat 6: Pon4uk.ua (button) collected ($2.50)



PokerStars Hand #254205202696:  Hold'em No Limit ($0.50/$1.00 USD) - 2025/01/05 10:03:05 WET [2025/01/05 5:03:05 ET]
Table 'Xosa' 6-max Seat #1 is the button
Seat 1: Sadyhov V.V. ($101.97 in chips) 
Seat 5: $LuckerMax1$ ($32.52 in chips) 
Seat 6: Pon4uk.ua ($101.50 in chips) 
$LuckerMax1$: posts small blind $0.50
Pon4uk.ua: posts big blind $1
*** HOLE CARDS ***
Sadyhov V.V.: folds 
$LuckerMax1$: raises $1 to $2
Pon4uk.ua: folds 
Uncalled bet ($1) returned to $LuckerMax1$
$LuckerMax1$ collected $2 from pot
*** SUMMARY ***
Total pot $2 | Rake $0 
Seat 1: Sadyhov V.V. (button) folded before Flop (didn't bet)
Seat 5: $LuckerMax1$ (small blind) collected ($2)
Seat 6: Pon4uk.ua (big blind) folded before Flop



PokerStars Hand #254205204234:  Hold'em No Limit ($0.50/$1.00 USD) - 2025/01/05 10:03:17 WET [2025/01/05 5:03:17 ET]
Table 'Xosa' 6-max Seat #5 is the button
Seat 1: Sadyhov V.V. ($101.97 in chips) 
Seat 5: $LuckerMax1$ ($33.52 in chips) 
Seat 6: Pon4uk.ua ($100.50 in chips) 
Pon4uk.ua: posts small blind $0.50
Sadyhov V.V.: posts big blind $1
*** HOLE CARDS ***
$LuckerMax1$: raises $2 to $3
Pon4uk.ua: folds 
Sadyhov V.V. is disconnected 
Sadyhov V.V. is connected 
Sadyhov V.V. is connected 
Sadyhov V.V. has timed out
Sadyhov V.V.: folds 
Uncalled bet ($2) returned to $LuckerMax1$
$LuckerMax1$ collected $2.50 from pot
*** SUMMARY ***
Total pot $2.50 | Rake $0 
Seat 1: Sadyhov V.V. (big blind) folded before Flop
Seat 5: $LuckerMax1$ (button) collected ($2.50)
Seat 6: Pon4uk.ua (small blind) folded before Flop



PokerStars Hand #254205209762:  Hold'em No Limit ($0.50/$1.00 USD) - 2025/01/05 10:04:04 WET [2025/01/05 5:04:04 ET]
Table 'Xosa' 6-max Seat #6 is the button
Seat 1: Sadyhov V.V. ($100.97 in chips) is sitting out
Seat 5: $LuckerMax1$ ($35.02 in chips) 
Seat 6: Pon4uk.ua ($100 in chips) 
Pon4uk.ua: posts small blind $0.50
$LuckerMax1$: posts big blind $1
*** HOLE CARDS ***
Sadyhov V.V. leaves the table
Pon4uk.ua: raises $1.50 to $2.50
$LuckerMax1$: calls $1.50
*** FLOP *** [Ah 4s Ac]
$LuckerMax1$: checks 
rifle7474 joins the table at seat #3 
rifle7474 is disconnected 
Pon4uk.ua: bets $1.57
$LuckerMax1$: folds 
Uncalled bet ($1.57) returned to Pon4uk.ua
Pon4uk.ua collected $4.75 from pot
Pon4uk.ua: doesn't show hand 
*** SUMMARY ***
Total pot $5 | Rake $0.25 
Board [Ah 4s Ac]
Seat 1: Sadyhov V.V.
Seat 5: $LuckerMax1$ (big blind) folded on the Flop
Seat 6: Pon4uk.ua (button) (small blind) collected ($4.75)



PokerStars Hand #254205212834:  Hold'em No Limit ($0.50/$1.00 USD) - 2025/01/05 10:04:29 WET [2025/01/05 5:04:29 ET]
Table 'Xosa' 6-max Seat #5 is the button
Seat 3: rifle7474 ($10 in chips) 
Seat 5: $LuckerMax1$ ($32.52 in chips) 
$LuckerMax1$: posts small blind $0.50
rifle7474: posts big blind $1
*** HOLE CARDS ***
$LuckerMax1$: calls $0.50
rifle7474: checks 
*** FLOP *** [Kc 6h Qd]
rifle7474: checks 
$LuckerMax1$: checks 
*** TURN *** [Kc 6h Qd] [7h]
rifle7474: bets $3
$LuckerMax1$: calls $3
*** RIVER *** [Kc 6h Qd 7h] [Kh]
rifle7474: bets $3
$LuckerMax1$: folds 
Uncalled bet ($3) returned to rifle7474
rifle7474 collected $7.60 from pot
*** SUMMARY ***
Total pot $8 | Rake $0.40 
Board [Kc 6h Qd 7h Kh]
Seat 3: rifle7474 (big blind) collected ($7.60)
Seat 5: $LuckerMax1$ (button) (small blind) folded on the River



PokerStars Hand #254205216194:  Hold'em No Limit ($0.50/$1.00 USD) - 2025/01/05 10:04:58 WET [2025/01/05 5:04:58 ET]
Table 'Xosa' 6-max Seat #3 is the button
Seat 3: rifle7474 ($13.60 in chips) 
Seat 5: $LuckerMax1$ ($28.52 in chips) 
rifle7474: posts small blind $0.50
$LuckerMax1$: posts big blind $1
*** HOLE CARDS ***
rifle7474: folds 
Uncalled bet ($0.50) returned to $LuckerMax1$
$LuckerMax1$ collected $1 from pot
*** SUMMARY ***
Total pot $1 | Rake $0 
Seat 3: rifle7474 (button) (small blind) folded before Flop
Seat 5: $LuckerMax1$ (big blind) collected ($1)



PokerStars Hand #254205217151:  Hold'em No Limit ($0.50/$1.00 USD) - 2025/01/05 10:05:05 WET [2025/01/05 5:05:05 ET]
Table 'Xosa' 6-max Seat #5 is the button
Seat 3: rifle7474 ($13.10 in chips) 
Seat 5: $LuckerMax1$ ($29.02 in chips) 
$LuckerMax1$: posts small blind $0.50
rifle7474: posts big blind $1
*** HOLE CARDS ***
$LuckerMax1$: raises $1 to $2
rifle7474: folds 
Uncalled bet ($1) returned to $LuckerMax1$
rifle7474 leaves the table
$LuckerMax1$ collected $2 from pot
*** SUMMARY ***
Total pot $2 | Rake $0 
Seat 3: rifle7474 (big blind) folded before Flop
Seat 5: $LuckerMax1$ (button) (small blind) collected ($2)



