PokerStars Hand #254210911885:  Hold'em No Limit ($0.50/$1.00 USD) - 2025/01/05 17:25:11 WET [2025/01/05 12:25:11 ET]
Table 'Massinga' 6-max Seat #1 is the button
Seat 1: blistein ($100 in chips) 
Seat 2: CerealKiller78 ($100 in chips) 
Seat 6: wdk1979 ($100 in chips) 
CerealKiller78: posts small blind $0.50
wdk1979: posts big blind $1
*** HOLE CARDS ***
blistein: folds 
Dearic99 joins the table at seat #3 
kars0n joins the table at seat #4 
CerealKiller78: folds 
Uncalled bet ($0.50) returned to wdk1979
MaikonAll joins the table at seat #5 
wdk1979 collected $1 from pot
*** SUMMARY ***
Total pot $1 | Rake $0 
Seat 1: blistein (button) folded before Flop (didn't bet)
Seat 2: CerealKiller78 (small blind) folded before Flop
Seat 6: wdk1979 (big blind) collected ($1)



PokerStars Hand #254210918269:  Hold'em No Limit ($0.50/$1.00 USD) - 2025/01/05 17:25:28 WET [2025/01/05 12:25:28 ET]
Table 'Massinga' 6-max Seat #2 is the button
Seat 3: Dearic99 ($100 in chips) is sitting out
Seat 4: kars0n ($100 in chips) is sitting out
Seat 5: MaikonAll ($100 in chips) is sitting out
Seat 1: blistein ($100 in chips) 
Seat 2: CerealKiller78 ($100 in chips) 
Seat 6: wdk1979 ($100.50 in chips) 
wdk1979: posts small blind $0.50
blistein: posts big blind $1
*** HOLE CARDS ***
CerealKiller78: raises $1.45 to $2.45
wdk1979: folds 
blistein: folds 
Uncalled bet ($1.45) returned to CerealKiller78
CerealKiller78 collected $2.50 from pot
CerealKiller78: doesn't show hand 
*** SUMMARY ***
Total pot $2.50 | Rake $0 
Seat 3: Dearic99
Seat 4: kars0n
Seat 5: MaikonAll
Seat 1: blistein (big blind) folded before Flop
Seat 2: CerealKiller78 (button) collected ($2.50)
Seat 6: wdk1979 (small blind) folded before Flop



PokerStars Hand #254210922045:  Hold'em No Limit ($0.50/$1.00 USD) - 2025/01/05 17:25:39 WET [2025/01/05 12:25:39 ET]
Table 'Massinga' 6-max Seat #6 is the button
Seat 3: Dearic99 ($100 in chips) is sitting out
Seat 4: kars0n ($100 in chips) is sitting out
Seat 5: MaikonAll ($100 in chips) is sitting out
Seat 1: blistein ($100 in chips) 
Seat 2: CerealKiller78 ($101.50 in chips) 
Seat 6: wdk1979 ($100 in chips) 
blistein: posts small blind $0.50
CerealKiller78: posts big blind $1
Dearic99: sits out 
kars0n: sits out 
MaikonAll is disconnected 
MaikonAll is connected 
MaikonAll: sits out 
*** HOLE CARDS ***
wdk1979: calls $1
blistein: folds 
CerealKiller78: checks 
*** FLOP *** [Js 6s 2h]
CerealKiller78: checks 
wdk1979: checks 
*** TURN *** [Js 6s 2h] [8h]
CerealKiller78: bets $1.19
wdk1979: calls $1.19
*** RIVER *** [Js 6s 2h 8h] [4d]
CerealKiller78: bets $9
wdk1979: folds 
Uncalled bet ($9) returned to CerealKiller78
CerealKiller78 collected $4.64 from pot
CerealKiller78: doesn't show hand 
*** SUMMARY ***
Total pot $4.88 | Rake $0.24 
Board [Js 6s 2h 8h 4d]
Seat 3: Dearic99
Seat 4: kars0n
Seat 5: MaikonAll
Seat 1: blistein (small blind) folded before Flop
Seat 2: CerealKiller78 (big blind) collected ($4.64)
Seat 6: wdk1979 (button) folded on the River



PokerStars Hand #254210947312:  Hold'em No Limit ($0.50/$1.00 USD) - 2025/01/05 17:26:51 WET [2025/01/05 12:26:51 ET]
Table 'Massinga' 6-max Seat #1 is the button
Seat 4: kars0n ($100 in chips) is sitting out
Seat 5: MaikonAll ($100 in chips) is sitting out
Seat 1: blistein ($100 in chips) 
Seat 2: CerealKiller78 ($103.95 in chips) 
Seat 3: Dearic99 ($100 in chips) 
Seat 6: wdk1979 ($100 in chips) 
CerealKiller78: posts small blind $0.50
Dearic99: posts big blind $1
kars0n: sits out 
MaikonAll: sits out 
*** HOLE CARDS ***
wdk1979: raises $2 to $3
blistein: folds 
CerealKiller78: folds 
Dearic99: calls $2
*** FLOP *** [4d Jc 4h]
Dearic99: checks 
wdk1979: bets $3.09
Dearic99: folds 
Uncalled bet ($3.09) returned to wdk1979
wdk1979 collected $6.18 from pot
*** SUMMARY ***
Total pot $6.50 | Rake $0.32 
Board [4d Jc 4h]
Seat 4: kars0n
Seat 5: MaikonAll
Seat 1: blistein (button) folded before Flop (didn't bet)
Seat 2: CerealKiller78 (small blind) folded before Flop
Seat 3: Dearic99 (big blind) folded on the Flop
Seat 6: wdk1979 collected ($6.18)



PokerStars Hand #254210954587:  Hold'em No Limit ($0.50/$1.00 USD) - 2025/01/05 17:27:11 WET [2025/01/05 12:27:11 ET]
Table 'Massinga' 6-max Seat #2 is the button
Seat 5: MaikonAll ($100 in chips) is sitting out
Seat 1: blistein ($100 in chips) 
Seat 2: CerealKiller78 ($103.45 in chips) 
Seat 3: Dearic99 ($100 in chips) 
Seat 4: kars0n ($100 in chips) 
Seat 6: wdk1979 ($103.18 in chips) 
Dearic99: posts small blind $0.50
kars0n: posts big blind $1
MaikonAll: sits out 
*** HOLE CARDS ***
wdk1979: folds 
blistein: raises $1.30 to $2.30
CerealKiller78: folds 
Dearic99: raises $7.70 to $10
kars0n: folds 
blistein: raises $13 to $23
Dearic99: folds 
Uncalled bet ($13) returned to blistein
blistein collected $21 from pot
blistein: doesn't show hand 
*** SUMMARY ***
Total pot $21 | Rake $0 
Seat 5: MaikonAll
Seat 1: blistein collected ($21)
Seat 2: CerealKiller78 (button) folded before Flop (didn't bet)
Seat 3: Dearic99 (small blind) folded before Flop
Seat 4: kars0n (big blind) folded before Flop
Seat 6: wdk1979 folded before Flop (didn't bet)



PokerStars Hand #254210967996:  Hold'em No Limit ($0.50/$1.00 USD) - 2025/01/05 17:27:49 WET [2025/01/05 12:27:49 ET]
Table 'Massinga' 6-max Seat #3 is the button
Seat 1: blistein ($111 in chips) 
Seat 2: CerealKiller78 ($103.45 in chips) 
Seat 3: Dearic99 ($100 in chips) 
Seat 4: kars0n ($100 in chips) 
Seat 5: MaikonAll ($100 in chips) 
Seat 6: wdk1979 ($103.18 in chips) 
kars0n: posts small blind $0.50
MaikonAll: posts big blind $1
*** HOLE CARDS ***
wdk1979: folds 
blistein: folds 
CerealKiller78: folds 
Dearic99: raises $1.50 to $2.50
blistein leaves the table
kars0n: raises $9.50 to $12
MaikonAll: folds 
Dearic99: raises $14 to $26
kars0n: folds 
Uncalled bet ($14) returned to Dearic99
Dearic99 collected $25 from pot
Dearic99: doesn't show hand 
*** SUMMARY ***
Total pot $25 | Rake $0 
Seat 1: blistein folded before Flop (didn't bet)
Seat 2: CerealKiller78 folded before Flop (didn't bet)
Seat 3: Dearic99 (button) collected ($25)
Seat 4: kars0n (small blind) folded before Flop
Seat 5: MaikonAll (big blind) folded before Flop
Seat 6: wdk1979 folded before Flop (didn't bet)



PokerStars Hand #254210983715:  Hold'em No Limit ($0.50/$1.00 USD) - 2025/01/05 17:28:33 WET [2025/01/05 12:28:33 ET]
Table 'Massinga' 6-max Seat #4 is the button
Seat 2: CerealKiller78 ($103.45 in chips) 
Seat 3: Dearic99 ($113 in chips) 
Seat 4: kars0n ($100 in chips) 
Seat 5: MaikonAll ($100 in chips) 
Seat 6: wdk1979 ($103.18 in chips) 
MaikonAll: posts small blind $0.50
wdk1979: posts big blind $1
*** HOLE CARDS ***
CerealKiller78: folds 
Dearic99: folds 
kars0n: folds 
beshece11harf joins the table at seat #1 
MaikonAll: folds 
Uncalled bet ($0.50) returned to wdk1979
wdk1979 collected $1 from pot
*** SUMMARY ***
Total pot $1 | Rake $0 
Seat 2: CerealKiller78 folded before Flop (didn't bet)
Seat 3: Dearic99 folded before Flop (didn't bet)
Seat 4: kars0n (button) folded before Flop (didn't bet)
Seat 5: MaikonAll (small blind) folded before Flop
Seat 6: wdk1979 (big blind) collected ($1)



PokerStars Hand #254211301012:  Hold'em No Limit ($0.50/$1.00 USD) - 2025/01/05 17:42:51 WET [2025/01/05 12:42:51 ET]
Table 'Massinga' 6-max Seat #4 is the button
Seat 1: beshece11harf ($183.76 in chips) 
Seat 2: Dr. Fvinagre ($24.09 in chips) 
Seat 3: Dearic99 ($100 in chips) 
Seat 4: kars0n ($100 in chips) 
Seat 5: MaikonAll ($100.50 in chips) 
Seat 6: wdk1979 ($126.85 in chips) 
MaikonAll: posts small blind $0.50
wdk1979: posts big blind $1
*** HOLE CARDS ***
beshece11harf: folds 
Dr. Fvinagre: folds 
Dr. Fvinagre leaves the table
Dearic99: folds 
kars0n: folds 
MaikonAll: raises $2 to $3
wdk1979: calls $2
*** FLOP *** [6h 4d 8s]
MaikonAll: checks 
wdk1979: bets $2.85
MaikonAll: folds 
Uncalled bet ($2.85) returned to wdk1979
wdk1979 collected $5.70 from pot
*** SUMMARY ***
Total pot $6 | Rake $0.30 
Board [6h 4d 8s]
Seat 1: beshece11harf folded before Flop (didn't bet)
Seat 2: Dr. Fvinagre folded before Flop (didn't bet)
Seat 3: Dearic99 folded before Flop (didn't bet)
Seat 4: kars0n (button) folded before Flop (didn't bet)
Seat 5: MaikonAll (small blind) folded on the Flop
Seat 6: wdk1979 (big blind) collected ($5.70)



PokerStars Hand #254211313625:  Hold'em No Limit ($0.50/$1.00 USD) - 2025/01/05 17:43:26 WET [2025/01/05 12:43:26 ET]
Table 'Massinga' 6-max Seat #5 is the button
Seat 1: beshece11harf ($183.76 in chips) 
Seat 3: Dearic99 ($100 in chips) 
Seat 4: kars0n ($100 in chips) 
Seat 5: MaikonAll ($100 in chips) 
Seat 6: wdk1979 ($129.55 in chips) 
wdk1979: posts small blind $0.50
beshece11harf: posts big blind $1
*** HOLE CARDS ***
Dearic99: raises $1.50 to $2.50
kars0n: folds 
MaikonAll: folds 
wdk1979: raises $2.50 to $5
beshece11harf: folds 
Dearic99: calls $2.50
*** FLOP *** [Ah 2s 9d]
wdk1979: checks 
Dearic99: checks 
*** TURN *** [Ah 2s 9d] [Kh]
wdk1979: bets $2
MrAdris9 joins the table at seat #2 
Dearic99: calls $2
*** RIVER *** [Ah 2s 9d Kh] [Ts]
wdk1979: checks 
Dearic99: bets $7.13
wdk1979: folds 
Uncalled bet ($7.13) returned to Dearic99
Dearic99 collected $14.25 from pot
Dearic99: doesn't show hand 
*** SUMMARY ***
Total pot $15 | Rake $0.75 
Board [Ah 2s 9d Kh Ts]
Seat 1: beshece11harf (big blind) folded before Flop
Seat 3: Dearic99 collected ($14.25)
Seat 4: kars0n folded before Flop (didn't bet)
Seat 5: MaikonAll (button) folded before Flop (didn't bet)
Seat 6: wdk1979 (small blind) folded on the River



PokerStars Hand #254211337984:  Hold'em No Limit ($0.50/$1.00 USD) - 2025/01/05 17:44:31 WET [2025/01/05 12:44:31 ET]
Table 'Massinga' 6-max Seat #6 is the button
Seat 1: beshece11harf ($182.76 in chips) 
Seat 2: MrAdris9 ($100 in chips) 
Seat 3: Dearic99 ($107.25 in chips) 
Seat 4: kars0n ($100 in chips) 
Seat 5: MaikonAll ($100 in chips) 
Seat 6: wdk1979 ($122.55 in chips) 
beshece11harf: posts small blind $0.50
MrAdris9: posts big blind $1
*** HOLE CARDS ***
Dearic99: folds 
kars0n: folds 
MaikonAll: folds 
wdk1979: folds 
beshece11harf: raises $2 to $3
MrAdris9: folds 
Uncalled bet ($2) returned to beshece11harf
beshece11harf collected $2 from pot
beshece11harf: doesn't show hand 
*** SUMMARY ***
Total pot $2 | Rake $0 
Seat 1: beshece11harf (small blind) collected ($2)
Seat 2: MrAdris9 (big blind) folded before Flop
Seat 3: Dearic99 folded before Flop (didn't bet)
Seat 4: kars0n folded before Flop (didn't bet)
Seat 5: MaikonAll folded before Flop (didn't bet)
Seat 6: wdk1979 (button) folded before Flop (didn't bet)



PokerStars Hand #254211344972:  Hold'em No Limit ($0.50/$1.00 USD) - 2025/01/05 17:44:50 WET [2025/01/05 12:44:50 ET]
Table 'Massinga' 6-max Seat #1 is the button
Seat 1: beshece11harf ($183.76 in chips) 
Seat 2: MrAdris9 ($100 in chips) 
Seat 3: Dearic99 ($107.25 in chips) 
Seat 4: kars0n ($100 in chips) 
Seat 5: MaikonAll ($100 in chips) 
Seat 6: wdk1979 ($122.55 in chips) 
MrAdris9: posts small blind $0.50
Dearic99: posts big blind $1
*** HOLE CARDS ***
kars0n: folds 
MaikonAll: raises $1.30 to $2.30
wdk1979: calls $2.30
beshece11harf: folds 
MrAdris9: folds 
Dearic99: calls $1.30
*** FLOP *** [3s 8s 7d]
Dearic99: checks 
MaikonAll: checks 
wdk1979: bets $2.52
Dearic99: calls $2.52
MaikonAll: folds 
*** TURN *** [3s 8s 7d] [8d]
Dearic99: checks 
wdk1979: bets $5.91
Dearic99: calls $5.91
*** RIVER *** [3s 8s 7d 8d] [7c]
Dearic99: checks 
wdk1979: bets $11.53
Dearic99: folds 
Uncalled bet ($11.53) returned to wdk1979
wdk1979 collected $23.05 from pot
*** SUMMARY ***
Total pot $24.26 | Rake $1.21 
Board [3s 8s 7d 8d 7c]
Seat 1: beshece11harf (button) folded before Flop (didn't bet)
Seat 2: MrAdris9 (small blind) folded before Flop
Seat 3: Dearic99 (big blind) folded on the River
Seat 4: kars0n folded before Flop (didn't bet)
Seat 5: MaikonAll folded on the Flop
Seat 6: wdk1979 collected ($23.05)



PokerStars Hand #254211365155:  Hold'em No Limit ($0.50/$1.00 USD) - 2025/01/05 17:45:46 WET [2025/01/05 12:45:46 ET]
Table 'Massinga' 6-max Seat #2 is the button
Seat 1: beshece11harf ($183.76 in chips) 
Seat 2: MrAdris9 ($100 in chips) 
Seat 3: Dearic99 ($100 in chips) 
Seat 4: kars0n ($100 in chips) 
Seat 5: MaikonAll ($100 in chips) 
Seat 6: wdk1979 ($134.87 in chips) 
Dearic99: posts small blind $0.50
kars0n: posts big blind $1
*** HOLE CARDS ***
MaikonAll: folds 
wdk1979: folds 
beshece11harf: folds 
MrAdris9: folds 
Dearic99: raises $2 to $3
kars0n: calls $2
*** FLOP *** [Tc 5d 2d]
Dearic99: checks 
kars0n: checks 
*** TURN *** [Tc 5d 2d] [Qs]
Dearic99: bets $2.85
kars0n: calls $2.85
*** RIVER *** [Tc 5d 2d Qs] [4h]
Dearic99: bets $5.56
kars0n: folds 
Uncalled bet ($5.56) returned to Dearic99
Dearic99 collected $11.12 from pot
Dearic99: doesn't show hand 
*** SUMMARY ***
Total pot $11.70 | Rake $0.58 
Board [Tc 5d 2d Qs 4h]
Seat 1: beshece11harf folded before Flop (didn't bet)
Seat 2: MrAdris9 (button) folded before Flop (didn't bet)
Seat 3: Dearic99 (small blind) collected ($11.12)
Seat 4: kars0n (big blind) folded on the River
Seat 5: MaikonAll folded before Flop (didn't bet)
Seat 6: wdk1979 folded before Flop (didn't bet)



PokerStars Hand #254211385229:  Hold'em No Limit ($0.50/$1.00 USD) - 2025/01/05 17:46:40 WET [2025/01/05 12:46:40 ET]
Table 'Massinga' 6-max Seat #3 is the button
Seat 1: beshece11harf ($183.76 in chips) 
Seat 2: MrAdris9 ($100 in chips) 
Seat 3: Dearic99 ($105.27 in chips) 
Seat 4: kars0n ($100 in chips) 
Seat 5: MaikonAll ($100 in chips) 
Seat 6: wdk1979 ($134.87 in chips) 
kars0n: posts small blind $0.50
MaikonAll: posts big blind $1
*** HOLE CARDS ***
wdk1979: raises $2 to $3
beshece11harf: folds 
MrAdris9: folds 
Dearic99: folds 
kars0n: raises $9 to $12
MaikonAll: folds 
wdk1979: calls $9
*** FLOP *** [Qh Kh 7d]
kars0n: bets $7.84
wdk1979: calls $7.84
*** TURN *** [Qh Kh 7d] [6h]
kars0n: bets $12.75
wdk1979: raises $32.08 to $44.83
kars0n: folds 
Uncalled bet ($32.08) returned to wdk1979
wdk1979 collected $63.68 from pot
*** SUMMARY ***
Total pot $66.18 | Rake $2.50 
Board [Qh Kh 7d 6h]
Seat 1: beshece11harf folded before Flop (didn't bet)
Seat 2: MrAdris9 folded before Flop (didn't bet)
Seat 3: Dearic99 (button) folded before Flop (didn't bet)
Seat 4: kars0n (small blind) folded on the Turn
Seat 5: MaikonAll (big blind) folded before Flop
Seat 6: wdk1979 collected ($63.68)



PokerStars Hand #254211403910:  Hold'em No Limit ($0.50/$1.00 USD) - 2025/01/05 17:47:31 WET [2025/01/05 12:47:31 ET]
Table 'Massinga' 6-max Seat #4 is the button
Seat 1: beshece11harf ($183.76 in chips) 
Seat 2: MrAdris9 ($100 in chips) 
Seat 3: Dearic99 ($105.27 in chips) 
Seat 4: kars0n ($100 in chips) 
Seat 5: MaikonAll ($100 in chips) 
Seat 6: wdk1979 ($165.96 in chips) 
MaikonAll: posts small blind $0.50
wdk1979: posts big blind $1
*** HOLE CARDS ***
beshece11harf: folds 
MrAdris9: folds 
Dearic99: folds 
kars0n: raises $1.50 to $2.50
MaikonAll: folds 
wdk1979: folds 
Uncalled bet ($1.50) returned to kars0n
kars0n collected $2.50 from pot
kars0n: doesn't show hand 
*** SUMMARY ***
Total pot $2.50 | Rake $0 
Seat 1: beshece11harf folded before Flop (didn't bet)
Seat 2: MrAdris9 folded before Flop (didn't bet)
Seat 3: Dearic99 folded before Flop (didn't bet)
Seat 4: kars0n (button) collected ($2.50)
Seat 5: MaikonAll (small blind) folded before Flop
Seat 6: wdk1979 (big blind) folded before Flop



PokerStars Hand #254211410371:  Hold'em No Limit ($0.50/$1.00 USD) - 2025/01/05 17:47:49 WET [2025/01/05 12:47:49 ET]
Table 'Massinga' 6-max Seat #5 is the button
Seat 1: beshece11harf ($183.76 in chips) 
Seat 2: MrAdris9 ($100 in chips) 
Seat 3: Dearic99 ($105.27 in chips) 
Seat 4: kars0n ($101.50 in chips) 
Seat 5: MaikonAll ($100 in chips) 
Seat 6: wdk1979 ($164.96 in chips) 
wdk1979: posts small blind $0.50
beshece11harf: posts big blind $1
*** HOLE CARDS ***
MrAdris9: folds 
Dearic99: folds 
kars0n: raises $1.50 to $2.50
MaikonAll: folds 
wdk1979: folds 
beshece11harf: folds 
Uncalled bet ($1.50) returned to kars0n
kars0n collected $2.50 from pot
kars0n: doesn't show hand 
*** SUMMARY ***
Total pot $2.50 | Rake $0 
Seat 1: beshece11harf (big blind) folded before Flop
Seat 2: MrAdris9 folded before Flop (didn't bet)
Seat 3: Dearic99 folded before Flop (didn't bet)
Seat 4: kars0n collected ($2.50)
Seat 5: MaikonAll (button) folded before Flop (didn't bet)
Seat 6: wdk1979 (small blind) folded before Flop



PokerStars Hand #254211420831:  Hold'em No Limit ($0.50/$1.00 USD) - 2025/01/05 17:48:18 WET [2025/01/05 12:48:18 ET]
Table 'Massinga' 6-max Seat #6 is the button
Seat 1: beshece11harf ($182.76 in chips) 
Seat 2: MrAdris9 ($100 in chips) 
Seat 3: Dearic99 ($105.27 in chips) 
Seat 4: kars0n ($103 in chips) 
Seat 5: MaikonAll ($100 in chips) 
Seat 6: wdk1979 ($164.46 in chips) 
beshece11harf: posts small blind $0.50
MrAdris9: posts big blind $1
*** HOLE CARDS ***
Dearic99: folds 
kars0n: raises $1 to $2
MaikonAll: raises $5 to $7
wdk1979: calls $7
beshece11harf: folds 
MrAdris9: folds 
kars0n: folds 
*** FLOP *** [7d Kc Ad]
MaikonAll: bets $4.15
wdk1979: calls $4.15
*** TURN *** [7d Kc Ad] [6s]
MaikonAll: bets $18.38
wdk1979: folds 
Uncalled bet ($18.38) returned to MaikonAll
MaikonAll collected $24.51 from pot
MaikonAll: doesn't show hand 
*** SUMMARY ***
Total pot $25.80 | Rake $1.29 
Board [7d Kc Ad 6s]
Seat 1: beshece11harf (small blind) folded before Flop
Seat 2: MrAdris9 (big blind) folded before Flop
Seat 3: Dearic99 folded before Flop (didn't bet)
Seat 4: kars0n folded before Flop
Seat 5: MaikonAll collected ($24.51)
Seat 6: wdk1979 (button) folded on the Turn



PokerStars Hand #254211439469:  Hold'em No Limit ($0.50/$1.00 USD) - 2025/01/05 17:49:10 WET [2025/01/05 12:49:10 ET]
Table 'Massinga' 6-max Seat #1 is the button
Seat 1: beshece11harf ($182.26 in chips) 
Seat 2: MrAdris9 ($100 in chips) 
Seat 3: Dearic99 ($105.27 in chips) 
Seat 4: kars0n ($101 in chips) 
Seat 5: MaikonAll ($113.36 in chips) 
Seat 6: wdk1979 ($153.31 in chips) 
MrAdris9: posts small blind $0.50
Dearic99: posts big blind $1
*** HOLE CARDS ***
kars0n: folds 
MaikonAll: folds 
wdk1979: folds 
beshece11harf: folds 
MrAdris9: raises $2 to $3
Dearic99: calls $2
*** FLOP *** [7s 9h Kd]
MrAdris9: bets $1.88
Dearic99: folds 
Uncalled bet ($1.88) returned to MrAdris9
MrAdris9 collected $5.70 from pot
MrAdris9: doesn't show hand 
*** SUMMARY ***
Total pot $6 | Rake $0.30 
Board [7s 9h Kd]
Seat 1: beshece11harf (button) folded before Flop (didn't bet)
Seat 2: MrAdris9 (small blind) collected ($5.70)
Seat 3: Dearic99 (big blind) folded on the Flop
Seat 4: kars0n folded before Flop (didn't bet)
Seat 5: MaikonAll folded before Flop (didn't bet)
Seat 6: wdk1979 folded before Flop (didn't bet)



PokerStars Hand #254211450433:  Hold'em No Limit ($0.50/$1.00 USD) - 2025/01/05 17:49:41 WET [2025/01/05 12:49:41 ET]
Table 'Massinga' 6-max Seat #2 is the button
Seat 1: beshece11harf ($182.26 in chips) 
Seat 2: MrAdris9 ($102.70 in chips) 
Seat 3: Dearic99 ($102.27 in chips) 
Seat 4: kars0n ($101 in chips) 
Seat 5: MaikonAll ($113.36 in chips) 
Seat 6: wdk1979 ($153.31 in chips) 
Dearic99: posts small blind $0.50
kars0n: posts big blind $1
*** HOLE CARDS ***
MaikonAll: raises $1.30 to $2.30
wdk1979: folds 
beshece11harf: folds 
MrAdris9: folds 
Dearic99: folds 
kars0n: folds 
Uncalled bet ($1.30) returned to MaikonAll
MaikonAll collected $2.50 from pot
MaikonAll: doesn't show hand 
*** SUMMARY ***
Total pot $2.50 | Rake $0 
Seat 1: beshece11harf folded before Flop (didn't bet)
Seat 2: MrAdris9 (button) folded before Flop (didn't bet)
Seat 3: Dearic99 (small blind) folded before Flop
Seat 4: kars0n (big blind) folded before Flop
Seat 5: MaikonAll collected ($2.50)
Seat 6: wdk1979 folded before Flop (didn't bet)



PokerStars Hand #254211457866:  Hold'em No Limit ($0.50/$1.00 USD) - 2025/01/05 17:50:02 WET [2025/01/05 12:50:02 ET]
Table 'Massinga' 6-max Seat #3 is the button
Seat 1: beshece11harf ($182.26 in chips) 
Seat 2: MrAdris9 ($102.70 in chips) 
Seat 3: Dearic99 ($101.77 in chips) 
Seat 4: kars0n ($100 in chips) 
Seat 5: MaikonAll ($114.86 in chips) 
Seat 6: wdk1979 ($153.31 in chips) 
kars0n: posts small blind $0.50
MaikonAll: posts big blind $1
*** HOLE CARDS ***
wdk1979: raises $2 to $3
beshece11harf: folds 
MrAdris9: folds 
Dearic99: folds 
kars0n: folds 
MaikonAll: raises $9 to $12
wdk1979: calls $9
*** FLOP *** [9s 8s 5s]
MaikonAll: bets $5.83
wdk1979: raises $17.47 to $23.30
MaikonAll: calls $17.47
*** TURN *** [9s 8s 5s] [7c]
MaikonAll: checks 
wdk1979: checks 
*** RIVER *** [9s 8s 5s 7c] [Jc]
MaikonAll: bets $79.56 and is all-in
wdk1979: calls $79.56
*** SHOW DOWN ***
MaikonAll: shows [As Ks] (a flush, Ace high)
wdk1979: shows [Qh Th] (a straight, Eight to Queen)
MaikonAll collected $227.72 from pot
wdk1979 is disconnected 
*** SUMMARY ***
Total pot $230.22 | Rake $2.50 
Board [9s 8s 5s 7c Jc]
Seat 1: beshece11harf folded before Flop (didn't bet)
Seat 2: MrAdris9 folded before Flop (didn't bet)
Seat 3: Dearic99 (button) folded before Flop (didn't bet)
Seat 4: kars0n (small blind) folded before Flop
Seat 5: MaikonAll (big blind) showed [As Ks] and won ($227.72) with a flush, Ace high
Seat 6: wdk1979 showed [Qh Th] and lost with a straight, Eight to Queen



PokerStars Hand #254211489687:  Hold'em No Limit ($0.50/$1.00 USD) - 2025/01/05 17:51:32 WET [2025/01/05 12:51:32 ET]
Table 'Massinga' 6-max Seat #4 is the button
Seat 1: beshece11harf ($182.26 in chips) is sitting out
Seat 6: wdk1979 ($100 in chips) is sitting out
Seat 2: MrAdris9 ($102.70 in chips) 
Seat 3: Dearic99 ($101.77 in chips) 
Seat 4: kars0n ($100 in chips) 
Seat 5: MaikonAll ($227.72 in chips) 
MaikonAll: posts small blind $0.50
wdk1979 has timed out while disconnected
wdk1979: is sitting out 
beshece11harf: is sitting out 
MrAdris9: posts big blind $1
*** HOLE CARDS ***
Dearic99: folds 
kars0n: folds 
MaikonAll: folds 
Uncalled bet ($0.50) returned to MrAdris9
MrAdris9 collected $1 from pot
MrAdris9: doesn't show hand 
*** SUMMARY ***
Total pot $1 | Rake $0 
Seat 1: beshece11harf
Seat 6: wdk1979
Seat 2: MrAdris9 (big blind) collected ($1)
Seat 3: Dearic99 folded before Flop (didn't bet)
Seat 4: kars0n (button) folded before Flop (didn't bet)
Seat 5: MaikonAll (small blind) folded before Flop



PokerStars Hand #254211498043:  Hold'em No Limit ($0.50/$1.00 USD) - 2025/01/05 17:51:55 WET [2025/01/05 12:51:55 ET]
Table 'Massinga' 6-max Seat #5 is the button
Seat 1: beshece11harf ($182.26 in chips) is sitting out
Seat 6: wdk1979 ($100 in chips) is sitting out
Seat 2: MrAdris9 ($103.20 in chips) 
Seat 3: Dearic99 ($101.77 in chips) 
Seat 4: kars0n ($100 in chips) 
Seat 5: MaikonAll ($227.22 in chips) 
MrAdris9: posts small blind $0.50
Dearic99: posts big blind $1
*** HOLE CARDS ***
kars0n: raises $1.50 to $2.50
beshece11harf leaves the table
sta$igk joins the table at seat #1 
MaikonAll: folds 
MrAdris9: folds 
Dearic99: calls $1.50
*** FLOP *** [3d As 8d]
Dearic99: checks 
kars0n: bets $1.72
Dearic99: folds 
Uncalled bet ($1.72) returned to kars0n
kars0n collected $5.22 from pot
kars0n: doesn't show hand 
*** SUMMARY ***
Total pot $5.50 | Rake $0.28 
Board [3d As 8d]
Seat 1: beshece11harf
Seat 6: wdk1979
Seat 2: MrAdris9 (small blind) folded before Flop
Seat 3: Dearic99 (big blind) folded on the Flop
Seat 4: kars0n collected ($5.22)
Seat 5: MaikonAll (button) folded before Flop (didn't bet)



PokerStars Hand #254211506151:  Hold'em No Limit ($0.50/$1.00 USD) - 2025/01/05 17:52:17 WET [2025/01/05 12:52:17 ET]
Table 'Massinga' 6-max Seat #2 is the button
Seat 1: sta$igk ($100 in chips) is sitting out
Seat 6: wdk1979 ($100 in chips) is sitting out
Seat 2: MrAdris9 ($102.70 in chips) 
Seat 3: Dearic99 ($100 in chips) 
Seat 4: kars0n ($102.72 in chips) 
Seat 5: MaikonAll ($227.22 in chips) 
Dearic99: posts small blind $0.50
kars0n: posts big blind $1
sta$igk: sits out 
*** HOLE CARDS ***
MaikonAll: folds 
MrAdris9: raises $1.50 to $2.50
Dearic99: raises $8.50 to $11
kars0n: folds 
MrAdris9: raises $14 to $25
Dearic99: calls $14
*** FLOP *** [Th 4d Ah]
Dearic99: checks 
MrAdris9: bets $12.50
Dearic99: calls $12.50
*** TURN *** [Th 4d Ah] [3s]
Dearic99: checks 
MrAdris9: bets $18.75
Dearic99: folds 
Uncalled bet ($18.75) returned to MrAdris9
MrAdris9 collected $75 from pot
MrAdris9: doesn't show hand 
*** SUMMARY ***
Total pot $76 | Rake $1 
Board [Th 4d Ah 3s]
Seat 1: sta$igk
Seat 6: wdk1979
Seat 2: MrAdris9 (button) collected ($75)
Seat 3: Dearic99 (small blind) folded on the Turn
Seat 4: kars0n (big blind) folded before Flop
Seat 5: MaikonAll folded before Flop (didn't bet)



PokerStars Hand #254211539605:  Hold'em No Limit ($0.50/$1.00 USD) - 2025/01/05 17:53:50 WET [2025/01/05 12:53:50 ET]
Table 'Massinga' 6-max Seat #3 is the button
Seat 1: sta$igk ($100 in chips) is sitting out
Seat 6: wdk1979 ($100 in chips) is sitting out
Seat 2: MrAdris9 ($140.20 in chips) 
Seat 3: Dearic99 ($100 in chips) 
Seat 4: kars0n ($101.72 in chips) 
Seat 5: MaikonAll ($227.22 in chips) 
kars0n: posts small blind $0.50
MaikonAll: posts big blind $1
sta$igk: sits out 
*** HOLE CARDS ***
MrAdris9: raises $1.20 to $2.20
Dearic99: folds 
kars0n: folds 
MaikonAll: folds 
Uncalled bet ($1.20) returned to MrAdris9
kars0n leaves the table
MrAdris9 collected $2.50 from pot
MrAdris9: doesn't show hand 
*** SUMMARY ***
Total pot $2.50 | Rake $0 
Seat 1: sta$igk
Seat 6: wdk1979
Seat 2: MrAdris9 collected ($2.50)
Seat 3: Dearic99 (button) folded before Flop (didn't bet)
Seat 4: kars0n (small blind) folded before Flop
Seat 5: MaikonAll (big blind) folded before Flop



PokerStars Hand #254211549152:  Hold'em No Limit ($0.50/$1.00 USD) - 2025/01/05 17:54:17 WET [2025/01/05 12:54:17 ET]
Table 'Massinga' 6-max Seat #2 is the button
Seat 1: sta$igk ($100 in chips) is sitting out
Seat 3: Dearic99 ($100 in chips) is sitting out
Seat 6: wdk1979 ($100 in chips) is sitting out
Seat 2: MrAdris9 ($141.70 in chips) 
Seat 5: MaikonAll ($226.22 in chips) 
MrAdris9: posts small blind $0.50
Dearic99: is sitting out 
MaikonAll: posts big blind $1
*** HOLE CARDS ***
Dearic99 leaves the table
MrAdris9: raises $1.50 to $2.50
MaikonAll: calls $1.50
*** FLOP *** [Ks Tc Jd]
MaikonAll: checks 
MrAdris9: bets $1.57
MaikonAll: calls $1.57
*** TURN *** [Ks Tc Jd] [8d]
MaikonAll: checks 
MrAdris9: checks 
*** RIVER *** [Ks Tc Jd 8d] [Qs]
MaikonAll: bets $5.80
MrAdris9: raises $14.48 to $20.28
MaikonAll: calls $14.48
*** SHOW DOWN ***
MrAdris9: shows [8s Ah] (a straight, Ten to Ace)
MaikonAll: shows [As 3s] (a straight, Ten to Ace)
MaikonAll collected $23.85 from pot
MrAdris9 collected $23.85 from pot
*** SUMMARY ***
Total pot $48.70 | Rake $1 
Board [Ks Tc Jd 8d Qs]
Seat 1: sta$igk
Seat 3: Dearic99
Seat 6: wdk1979
Seat 2: MrAdris9 (button) (small blind) showed [8s Ah] and won ($23.85) with a straight, Ten to Ace
Seat 5: MaikonAll (big blind) showed [As 3s] and won ($23.85) with a straight, Ten to Ace



PokerStars Hand #254211578262:  Hold'em No Limit ($0.50/$1.00 USD) - 2025/01/05 17:55:56 WET [2025/01/05 12:55:56 ET]
Table 'Massinga' 6-max Seat #2 is the button
Seat 6: wdk1979 ($100 in chips) is sitting out
Seat 1: sta$igk ($100 in chips) 
Seat 2: MrAdris9 ($141.20 in chips) 
Seat 5: MaikonAll ($225.72 in chips) 
MaikonAll: posts small blind $0.50
sta$igk: posts big blind $1
*** HOLE CARDS ***
MrAdris9: folds 
MaikonAll: folds 
Uncalled bet ($0.50) returned to sta$igk
sta$igk collected $1 from pot
sta$igk: doesn't show hand 
*** SUMMARY ***
Total pot $1 | Rake $0 
Seat 6: wdk1979
Seat 1: sta$igk (big blind) collected ($1)
Seat 2: MrAdris9 (button) folded before Flop (didn't bet)
Seat 5: MaikonAll (small blind) folded before Flop



PokerStars Hand #254211132706:  Hold'em No Limit ($0.50/$1.00 USD) - 2025/01/05 17:35:17 WET [2025/01/05 12:35:17 ET]
Table 'Massinga' 6-max Seat #3 is the button
Seat 2: Dr. Fvinagre ($0 in chips) is sitting out
Seat 1: beshece11harf ($172.60 in chips) 
Seat 3: Dearic99 ($100 in chips) 
Seat 4: kars0n ($100.20 in chips) 
Seat 5: MaikonAll ($100 in chips) 
Seat 6: wdk1979 ($100.90 in chips) 
kars0n: posts small blind $0.50
MaikonAll: posts big blind $1
*** HOLE CARDS ***
wdk1979: folds 
beshece11harf: raises $1 to $2
Dearic99: folds 
kars0n: folds 
MaikonAll: calls $1
*** FLOP *** [2s 8s 5s]
MaikonAll: checks 
beshece11harf: bets $1.07
MaikonAll: folds 
Uncalled bet ($1.07) returned to beshece11harf
beshece11harf collected $4.28 from pot
beshece11harf: doesn't show hand 
*** SUMMARY ***
Total pot $4.50 | Rake $0.22 
Board [2s 8s 5s]
Seat 2: Dr. Fvinagre
Seat 1: beshece11harf collected ($4.28)
Seat 3: Dearic99 (button) folded before Flop (didn't bet)
Seat 4: kars0n (small blind) folded before Flop
Seat 5: MaikonAll (big blind) folded on the Flop
Seat 6: wdk1979 folded before Flop (didn't bet)



PokerStars Hand #254211156557:  Hold'em No Limit ($0.50/$1.00 USD) - 2025/01/05 17:36:20 WET [2025/01/05 12:36:20 ET]
Table 'Massinga' 6-max Seat #4 is the button
Seat 1: beshece11harf ($174.88 in chips) 
Seat 2: Dr. Fvinagre ($10 in chips) 
Seat 3: Dearic99 ($100 in chips) 
Seat 4: kars0n ($100 in chips) 
Seat 5: MaikonAll ($100 in chips) 
Seat 6: wdk1979 ($100.90 in chips) 
MaikonAll: posts small blind $0.50
wdk1979: posts big blind $1
*** HOLE CARDS ***
beshece11harf: folds 
Dr. Fvinagre: raises $9 to $10 and is all-in
Dearic99: folds 
kars0n: folds 
MaikonAll: folds 
wdk1979: calls $9
*** FLOP *** [5s 8c 6d]
*** TURN *** [5s 8c 6d] [2h]
*** RIVER *** [5s 8c 6d 2h] [Kc]
*** SHOW DOWN ***
wdk1979: shows [Ah Jh] (high card Ace)
Dr. Fvinagre: shows [Ac 8h] (a pair of Eights)
Dr. Fvinagre collected $19.48 from pot
*** SUMMARY ***
Total pot $20.50 | Rake $1.02 
Board [5s 8c 6d 2h Kc]
Seat 1: beshece11harf folded before Flop (didn't bet)
Seat 2: Dr. Fvinagre showed [Ac 8h] and won ($19.48) with a pair of Eights
Seat 3: Dearic99 folded before Flop (didn't bet)
Seat 4: kars0n (button) folded before Flop (didn't bet)
Seat 5: MaikonAll (small blind) folded before Flop
Seat 6: wdk1979 (big blind) showed [Ah Jh] and lost with high card Ace



PokerStars Hand #254211169277:  Hold'em No Limit ($0.50/$1.00 USD) - 2025/01/05 17:36:54 WET [2025/01/05 12:36:54 ET]
Table 'Massinga' 6-max Seat #5 is the button
Seat 1: beshece11harf ($174.88 in chips) 
Seat 2: Dr. Fvinagre ($19.48 in chips) 
Seat 3: Dearic99 ($100 in chips) 
Seat 4: kars0n ($100 in chips) 
Seat 5: MaikonAll ($100 in chips) 
Seat 6: wdk1979 ($100 in chips) 
wdk1979: posts small blind $0.50
beshece11harf: posts big blind $1
*** HOLE CARDS ***
Dr. Fvinagre: folds 
Dearic99: folds 
kars0n: folds 
MaikonAll: folds 
wdk1979: folds 
Uncalled bet ($0.50) returned to beshece11harf
beshece11harf collected $1 from pot
beshece11harf: doesn't show hand 
*** SUMMARY ***
Total pot $1 | Rake $0 
Seat 1: beshece11harf (big blind) collected ($1)
Seat 2: Dr. Fvinagre folded before Flop (didn't bet)
Seat 3: Dearic99 folded before Flop (didn't bet)
Seat 4: kars0n folded before Flop (didn't bet)
Seat 5: MaikonAll (button) folded before Flop (didn't bet)
Seat 6: wdk1979 (small blind) folded before Flop



PokerStars Hand #254211178682:  Hold'em No Limit ($0.50/$1.00 USD) - 2025/01/05 17:37:20 WET [2025/01/05 12:37:20 ET]
Table 'Massinga' 6-max Seat #6 is the button
Seat 1: beshece11harf ($175.38 in chips) 
Seat 2: Dr. Fvinagre ($19.48 in chips) 
Seat 3: Dearic99 ($100 in chips) 
Seat 4: kars0n ($100 in chips) 
Seat 5: MaikonAll ($100 in chips) 
Seat 6: wdk1979 ($100 in chips) 
beshece11harf: posts small blind $0.50
Dr. Fvinagre: posts big blind $1
*** HOLE CARDS ***
Dearic99: raises $1.50 to $2.50
kars0n: folds 
MaikonAll: folds 
wdk1979: calls $2.50
beshece11harf: folds 
Dr. Fvinagre: folds 
*** FLOP *** [4d 3h 2h]
Dearic99: checks 
wdk1979: bets $3.09
Dearic99: folds 
Uncalled bet ($3.09) returned to wdk1979
wdk1979 collected $6.18 from pot
*** SUMMARY ***
Total pot $6.50 | Rake $0.32 
Board [4d 3h 2h]
Seat 1: beshece11harf (small blind) folded before Flop
Seat 2: Dr. Fvinagre (big blind) folded before Flop
Seat 3: Dearic99 folded on the Flop
Seat 4: kars0n folded before Flop (didn't bet)
Seat 5: MaikonAll folded before Flop (didn't bet)
Seat 6: wdk1979 (button) collected ($6.18)



PokerStars Hand #254211189663:  Hold'em No Limit ($0.50/$1.00 USD) - 2025/01/05 17:37:49 WET [2025/01/05 12:37:49 ET]
Table 'Massinga' 6-max Seat #1 is the button
Seat 1: beshece11harf ($174.88 in chips) 
Seat 2: Dr. Fvinagre ($18.48 in chips) 
Seat 3: Dearic99 ($100 in chips) 
Seat 4: kars0n ($100 in chips) 
Seat 5: MaikonAll ($100 in chips) 
Seat 6: wdk1979 ($103.68 in chips) 
Dr. Fvinagre: posts small blind $0.50
Dearic99: posts big blind $1
*** HOLE CARDS ***
kars0n: folds 
MaikonAll: folds 
wdk1979: calls $1
beshece11harf: folds 
Dr. Fvinagre: raises $3 to $4
Dearic99: folds 
wdk1979: raises $9 to $13
Dr. Fvinagre: raises $5.48 to $18.48 and is all-in
wdk1979: calls $5.48
*** FLOP *** [7d 4d Ac]
*** TURN *** [7d 4d Ac] [9h]
*** RIVER *** [7d 4d Ac 9h] [Td]
*** SHOW DOWN ***
Dr. Fvinagre: shows [6s 6c] (a pair of Sixes)
wdk1979: shows [Ad 8d] (a flush, Ace high)
wdk1979 collected $36.06 from pot
Dr. Fvinagre cashed out the hand for $18.79 | Cash Out Fee $0.38
*** SUMMARY ***
Total pot $37.96 | Rake $1.90 
Board [7d 4d Ac 9h Td]
Seat 1: beshece11harf (button) folded before Flop (didn't bet)
Seat 2: Dr. Fvinagre (small blind) showed [6s 6c] and lost with a pair of Sixes (cashed out).
Seat 3: Dearic99 (big blind) folded before Flop
Seat 4: kars0n folded before Flop (didn't bet)
Seat 5: MaikonAll folded before Flop (didn't bet)
Seat 6: wdk1979 showed [Ad 8d] and won ($36.06) with a flush, Ace high



PokerStars Hand #254211205991:  Hold'em No Limit ($0.50/$1.00 USD) - 2025/01/05 17:38:33 WET [2025/01/05 12:38:33 ET]
Table 'Massinga' 6-max Seat #2 is the button
Seat 1: beshece11harf ($174.88 in chips) 
Seat 2: Dr. Fvinagre ($18.79 in chips) 
Seat 3: Dearic99 ($100 in chips) 
Seat 4: kars0n ($100 in chips) 
Seat 5: MaikonAll ($100 in chips) 
Seat 6: wdk1979 ($121.26 in chips) 
Dearic99: posts small blind $0.50
kars0n: posts big blind $1
*** HOLE CARDS ***
MaikonAll: folds 
wdk1979: calls $1
beshece11harf: folds 
Dr. Fvinagre: folds 
Dearic99: raises $3 to $4
kars0n: folds 
wdk1979: calls $3
*** FLOP *** [5c Td 7h]
Dearic99: bets $2.82
wdk1979: raises $7.10 to $9.92
Dearic99: folds 
Uncalled bet ($7.10) returned to wdk1979
wdk1979 collected $13.91 from pot
*** SUMMARY ***
Total pot $14.64 | Rake $0.73 
Board [5c Td 7h]
Seat 1: beshece11harf folded before Flop (didn't bet)
Seat 2: Dr. Fvinagre (button) folded before Flop (didn't bet)
Seat 3: Dearic99 (small blind) folded on the Flop
Seat 4: kars0n (big blind) folded before Flop
Seat 5: MaikonAll folded before Flop (didn't bet)
Seat 6: wdk1979 collected ($13.91)



PokerStars Hand #254211229055:  Hold'em No Limit ($0.50/$1.00 USD) - 2025/01/05 17:39:36 WET [2025/01/05 12:39:36 ET]
Table 'Massinga' 6-max Seat #3 is the button
Seat 1: beshece11harf ($174.88 in chips) 
Seat 2: Dr. Fvinagre ($18.79 in chips) 
Seat 3: Dearic99 ($100 in chips) 
Seat 4: kars0n ($100 in chips) 
Seat 5: MaikonAll ($100 in chips) 
Seat 6: wdk1979 ($128.35 in chips) 
kars0n: posts small blind $0.50
MaikonAll: posts big blind $1
*** HOLE CARDS ***
wdk1979: folds 
beshece11harf: raises $1 to $2
Dr. Fvinagre: folds 
Dearic99: folds 
kars0n: folds 
MaikonAll: raises $9 to $11
beshece11harf: calls $9
*** FLOP *** [9s Qd 6s]
MaikonAll: checks 
beshece11harf: bets $7.50
MaikonAll: folds 
Uncalled bet ($7.50) returned to beshece11harf
beshece11harf collected $21.38 from pot
beshece11harf: doesn't show hand 
*** SUMMARY ***
Total pot $22.50 | Rake $1.12 
Board [9s Qd 6s]
Seat 1: beshece11harf collected ($21.38)
Seat 2: Dr. Fvinagre folded before Flop (didn't bet)
Seat 3: Dearic99 (button) folded before Flop (didn't bet)
Seat 4: kars0n (small blind) folded before Flop
Seat 5: MaikonAll (big blind) folded on the Flop
Seat 6: wdk1979 folded before Flop (didn't bet)



PokerStars Hand #254211258309:  Hold'em No Limit ($0.50/$1.00 USD) - 2025/01/05 17:40:55 WET [2025/01/05 12:40:55 ET]
Table 'Massinga' 6-max Seat #4 is the button
Seat 1: beshece11harf ($185.26 in chips) 
Seat 2: Dr. Fvinagre ($18.79 in chips) 
Seat 3: Dearic99 ($100 in chips) 
Seat 4: kars0n ($100 in chips) 
Seat 5: MaikonAll ($100 in chips) 
Seat 6: wdk1979 ($128.35 in chips) 
MaikonAll: posts small blind $0.50
wdk1979: posts big blind $1
*** HOLE CARDS ***
beshece11harf: folds 
Dr. Fvinagre: folds 
Dearic99: folds 
kars0n: folds 
MaikonAll: raises $2 to $3
wdk1979: folds 
Uncalled bet ($2) returned to MaikonAll
MaikonAll collected $2 from pot
MaikonAll: doesn't show hand 
*** SUMMARY ***
Total pot $2 | Rake $0 
Seat 1: beshece11harf folded before Flop (didn't bet)
Seat 2: Dr. Fvinagre folded before Flop (didn't bet)
Seat 3: Dearic99 folded before Flop (didn't bet)
Seat 4: kars0n (button) folded before Flop (didn't bet)
Seat 5: MaikonAll (small blind) collected ($2)
Seat 6: wdk1979 (big blind) folded before Flop



PokerStars Hand #254211268263:  Hold'em No Limit ($0.50/$1.00 USD) - 2025/01/05 17:41:21 WET [2025/01/05 12:41:21 ET]
Table 'Massinga' 6-max Seat #5 is the button
Seat 1: beshece11harf ($185.26 in chips) 
Seat 2: Dr. Fvinagre ($18.79 in chips) 
Seat 3: Dearic99 ($100 in chips) 
Seat 4: kars0n ($100 in chips) 
Seat 5: MaikonAll ($101 in chips) 
Seat 6: wdk1979 ($127.35 in chips) 
wdk1979: posts small blind $0.50
beshece11harf: posts big blind $1
*** HOLE CARDS ***
Dr. Fvinagre: raises $2 to $3
Dearic99: folds 
kars0n: folds 
MaikonAll: folds 
wdk1979: folds 
beshece11harf: folds 
Uncalled bet ($2) returned to Dr. Fvinagre
Dr. Fvinagre collected $2.50 from pot
*** SUMMARY ***
Total pot $2.50 | Rake $0 
Seat 1: beshece11harf (big blind) folded before Flop
Seat 2: Dr. Fvinagre collected ($2.50)
Seat 3: Dearic99 folded before Flop (didn't bet)
Seat 4: kars0n folded before Flop (didn't bet)
Seat 5: MaikonAll (button) folded before Flop (didn't bet)
Seat 6: wdk1979 (small blind) folded before Flop



PokerStars Hand #254211274924:  Hold'em No Limit ($0.50/$1.00 USD) - 2025/01/05 17:41:39 WET [2025/01/05 12:41:39 ET]
Table 'Massinga' 6-max Seat #6 is the button
Seat 1: beshece11harf ($184.26 in chips) 
Seat 2: Dr. Fvinagre ($20.29 in chips) 
Seat 3: Dearic99 ($100 in chips) 
Seat 4: kars0n ($100 in chips) 
Seat 5: MaikonAll ($101 in chips) 
Seat 6: wdk1979 ($126.85 in chips) 
beshece11harf: posts small blind $0.50
Dr. Fvinagre: posts big blind $1
*** HOLE CARDS ***
Dearic99: folds 
kars0n: folds 
MaikonAll: folds 
wdk1979: folds 
beshece11harf: folds 
Uncalled bet ($0.50) returned to Dr. Fvinagre
Dr. Fvinagre collected $1 from pot
*** SUMMARY ***
Total pot $1 | Rake $0 
Seat 1: beshece11harf (small blind) folded before Flop
Seat 2: Dr. Fvinagre (big blind) collected ($1)
Seat 3: Dearic99 folded before Flop (didn't bet)
Seat 4: kars0n folded before Flop (didn't bet)
Seat 5: MaikonAll folded before Flop (didn't bet)
Seat 6: wdk1979 (button) folded before Flop (didn't bet)



PokerStars Hand #254211279460:  Hold'em No Limit ($0.50/$1.00 USD) - 2025/01/05 17:41:52 WET [2025/01/05 12:41:52 ET]
Table 'Massinga' 6-max Seat #1 is the button
Seat 1: beshece11harf ($183.76 in chips) 
Seat 2: Dr. Fvinagre ($20.79 in chips) 
Seat 3: Dearic99 ($100 in chips) 
Seat 4: kars0n ($100 in chips) 
Seat 5: MaikonAll ($101 in chips) 
Seat 6: wdk1979 ($126.85 in chips) 
Dr. Fvinagre: posts small blind $0.50
Dearic99: posts big blind $1
*** HOLE CARDS ***
kars0n: folds 
MaikonAll: folds 
wdk1979: folds 
beshece11harf: folds 
Dr. Fvinagre: folds 
Uncalled bet ($0.50) returned to Dearic99
Dearic99 collected $1 from pot
Dearic99: doesn't show hand 
*** SUMMARY ***
Total pot $1 | Rake $0 
Seat 1: beshece11harf (button) folded before Flop (didn't bet)
Seat 2: Dr. Fvinagre (small blind) folded before Flop
Seat 3: Dearic99 (big blind) collected ($1)
Seat 4: kars0n folded before Flop (didn't bet)
Seat 5: MaikonAll folded before Flop (didn't bet)
Seat 6: wdk1979 folded before Flop (didn't bet)



PokerStars Hand #254211285474:  Hold'em No Limit ($0.50/$1.00 USD) - 2025/01/05 17:42:08 WET [2025/01/05 12:42:08 ET]
Table 'Massinga' 6-max Seat #2 is the button
Seat 1: beshece11harf ($183.76 in chips) 
Seat 2: Dr. Fvinagre ($20.29 in chips) 
Seat 3: Dearic99 ($100.50 in chips) 
Seat 4: kars0n ($100 in chips) 
Seat 5: MaikonAll ($101 in chips) 
Seat 6: wdk1979 ($126.85 in chips) 
Dearic99: posts small blind $0.50
kars0n: posts big blind $1
*** HOLE CARDS ***
MaikonAll: raises $1.30 to $2.30
wdk1979: folds 
beshece11harf: folds 
Dr. Fvinagre: raises $5.30 to $7.60
Dearic99: folds 
kars0n: folds 
MaikonAll: folds 
Uncalled bet ($5.30) returned to Dr. Fvinagre
Dr. Fvinagre collected $6.10 from pot
*** SUMMARY ***
Total pot $6.10 | Rake $0 
Seat 1: beshece11harf folded before Flop (didn't bet)
Seat 2: Dr. Fvinagre (button) collected ($6.10)
Seat 3: Dearic99 (small blind) folded before Flop
Seat 4: kars0n (big blind) folded before Flop
Seat 5: MaikonAll folded before Flop
Seat 6: wdk1979 folded before Flop (didn't bet)



PokerStars Hand #254211296048:  Hold'em No Limit ($0.50/$1.00 USD) - 2025/01/05 17:42:37 WET [2025/01/05 12:42:37 ET]
Table 'Massinga' 6-max Seat #3 is the button
Seat 1: beshece11harf ($183.76 in chips) 
Seat 2: Dr. Fvinagre ($24.09 in chips) 
Seat 3: Dearic99 ($100 in chips) 
Seat 4: kars0n ($100 in chips) 
Seat 5: MaikonAll ($100 in chips) 
Seat 6: wdk1979 ($126.85 in chips) 
kars0n: posts small blind $0.50
MaikonAll: posts big blind $1
*** HOLE CARDS ***
wdk1979: folds 
beshece11harf: folds 
Dr. Fvinagre: folds 
Dearic99: folds 
kars0n: folds 
Uncalled bet ($0.50) returned to MaikonAll
MaikonAll collected $1 from pot
MaikonAll: doesn't show hand 
*** SUMMARY ***
Total pot $1 | Rake $0 
Seat 1: beshece11harf folded before Flop (didn't bet)
Seat 2: Dr. Fvinagre folded before Flop (didn't bet)
Seat 3: Dearic99 (button) folded before Flop (didn't bet)
Seat 4: kars0n (small blind) folded before Flop
Seat 5: MaikonAll (big blind) collected ($1)
Seat 6: wdk1979 folded before Flop (didn't bet)



PokerStars Hand #254211699114:  Hold'em No Limit ($0.50/$1.00 USD) - 2025/01/05 18:03:44 WET [2025/01/05 13:03:44 ET]
Table 'Massinga' 6-max Seat #5 is the button
Seat 1: Manifestorr ($100 in chips) 
Seat 5: neverforever365 ($100 in chips) 
neverforever365: posts small blind $0.50
Manifestorr: posts big blind $1
*** HOLE CARDS ***
neverforever365: folds 
Uncalled bet ($0.50) returned to Manifestorr
Manifestorr collected $1 from pot
*** SUMMARY ***
Total pot $1 | Rake $0 
Seat 1: Manifestorr (big blind) collected ($1)
Seat 5: neverforever365 (button) (small blind) folded before Flop



PokerStars Hand #254211701400:  Hold'em No Limit ($0.50/$1.00 USD) - 2025/01/05 18:03:51 WET [2025/01/05 13:03:51 ET]
Table 'Massinga' 6-max Seat #1 is the button
Seat 1: Manifestorr ($100.50 in chips) 
Seat 5: neverforever365 ($99.50 in chips) 
Manifestorr: posts small blind $0.50
neverforever365: posts big blind $1
*** HOLE CARDS ***
Manifestorr: folds 
Uncalled bet ($0.50) returned to neverforever365
Dai5dop joins the table at seat #6 
neverforever365 collected $1 from pot
*** SUMMARY ***
Total pot $1 | Rake $0 
Seat 1: Manifestorr (button) (small blind) folded before Flop
Seat 5: neverforever365 (big blind) collected ($1)



PokerStars Hand #254211703953:  Hold'em No Limit ($0.50/$1.00 USD) - 2025/01/05 18:03:59 WET [2025/01/05 13:03:59 ET]
Table 'Massinga' 6-max Seat #5 is the button
Seat 1: Manifestorr ($100 in chips) is sitting out
Seat 5: neverforever365 ($100 in chips) 
Seat 6: Dai5dop ($100 in chips) 
neverforever365: posts small blind $0.50
Dai5dop: posts big blind $1
*** HOLE CARDS ***
neverforever365: folds 
Uncalled bet ($0.50) returned to Dai5dop
Royal012023 joins the table at seat #3 
Royal012023 is disconnected 
Dai5dop collected $1 from pot
Dai5dop: doesn't show hand 
CichiChanMarian joins the table at seat #2 
*** SUMMARY ***
Total pot $1 | Rake $0 
Seat 1: Manifestorr
Seat 5: neverforever365 (button) (small blind) folded before Flop
Seat 6: Dai5dop (big blind) collected ($1)



PokerStars Hand #254211705967:  Hold'em No Limit ($0.50/$1.00 USD) - 2025/01/05 18:04:05 WET [2025/01/05 13:04:05 ET]
Table 'Massinga' 6-max Seat #5 is the button
Seat 2: CichiChanMarian ($100 in chips) is sitting out
Seat 3: Royal012023 ($100 in chips) is sitting out
Seat 1: Manifestorr ($100 in chips) 
Seat 5: neverforever365 ($99.50 in chips) 
Seat 6: Dai5dop ($100.50 in chips) 
Dai5dop: posts small blind $0.50
Manifestorr: posts big blind $1
CichiChanMarian: sits out 
Royal012023: sits out 
*** HOLE CARDS ***
neverforever365: folds 
Dai5dop: raises $2 to $3
Manifestorr: folds 
Uncalled bet ($2) returned to Dai5dop
Dai5dop collected $2 from pot
Dai5dop: doesn't show hand 
*** SUMMARY ***
Total pot $2 | Rake $0 
Seat 2: CichiChanMarian
Seat 3: Royal012023
Seat 1: Manifestorr (big blind) folded before Flop
Seat 5: neverforever365 (button) folded before Flop (didn't bet)
Seat 6: Dai5dop (small blind) collected ($2)



PokerStars Hand #254211711825:  Hold'em No Limit ($0.50/$1.00 USD) - 2025/01/05 18:04:21 WET [2025/01/05 13:04:21 ET]
Table 'Massinga' 6-max Seat #6 is the button
Seat 3: Royal012023 ($100 in chips) is sitting out
Seat 1: Manifestorr ($100 in chips) 
Seat 2: CichiChanMarian ($100 in chips) 
Seat 5: neverforever365 ($99.50 in chips) 
Seat 6: Dai5dop ($101.50 in chips) 
Manifestorr: posts small blind $0.50
CichiChanMarian: posts big blind $1
Royal012023: sits out 
*** HOLE CARDS ***
neverforever365: folds 
Dai5dop: folds 
Manifestorr: raises $2 to $3
CichiChanMarian: calls $2
*** FLOP *** [Ac 4h 5d]
Manifestorr: bets $4.28
CichiChanMarian: folds 
Uncalled bet ($4.28) returned to Manifestorr
Manifestorr collected $5.70 from pot
*** SUMMARY ***
Total pot $6 | Rake $0.30 
Board [Ac 4h 5d]
Seat 3: Royal012023
Seat 1: Manifestorr (small blind) collected ($5.70)
Seat 2: CichiChanMarian (big blind) folded on the Flop
Seat 5: neverforever365 folded before Flop (didn't bet)
Seat 6: Dai5dop (button) folded before Flop (didn't bet)



PokerStars Hand #254211720338:  Hold'em No Limit ($0.50/$1.00 USD) - 2025/01/05 18:04:45 WET [2025/01/05 13:04:45 ET]
Table 'Massinga' 6-max Seat #1 is the button
Seat 1: Manifestorr ($102.70 in chips) 
Seat 2: CichiChanMarian ($100 in chips) 
Seat 3: Royal012023 ($100 in chips) 
Seat 5: neverforever365 ($99.50 in chips) 
Seat 6: Dai5dop ($101.50 in chips) 
CichiChanMarian: posts small blind $0.50
Royal012023: posts big blind $1
*** HOLE CARDS ***
neverforever365: folds 
Dai5dop: raises $1.50 to $2.50
InteRRio joins the table at seat #4 
Manifestorr: raises $5.50 to $8
CichiChanMarian: folds 
Royal012023: folds 
Dai5dop: folds 
Uncalled bet ($5.50) returned to Manifestorr
Manifestorr collected $6.50 from pot
*** SUMMARY ***
Total pot $6.50 | Rake $0 
Seat 1: Manifestorr (button) collected ($6.50)
Seat 2: CichiChanMarian (small blind) folded before Flop
Seat 3: Royal012023 (big blind) folded before Flop
Seat 5: neverforever365 folded before Flop (didn't bet)
Seat 6: Dai5dop folded before Flop



PokerStars Hand #254211734779:  Hold'em No Limit ($0.50/$1.00 USD) - 2025/01/05 18:05:23 WET [2025/01/05 13:05:23 ET]
Table 'Massinga' 6-max Seat #2 is the button
Seat 1: Manifestorr ($106.70 in chips) 
Seat 2: CichiChanMarian ($100 in chips) 
Seat 3: Royal012023 ($99 in chips) 
Seat 4: InteRRio ($100 in chips) 
Seat 5: neverforever365 ($99.50 in chips) 
Seat 6: Dai5dop ($100 in chips) 
Royal012023: posts small blind $0.50
InteRRio: posts big blind $1
*** HOLE CARDS ***
neverforever365: folds 
Dai5dop: folds 
Manifestorr: folds 
CichiChanMarian: raises $1.50 to $2.50
Royal012023: folds 
InteRRio: folds 
Uncalled bet ($1.50) returned to CichiChanMarian
CichiChanMarian collected $2.50 from pot
CichiChanMarian: doesn't show hand 
*** SUMMARY ***
Total pot $2.50 | Rake $0 
Seat 1: Manifestorr folded before Flop (didn't bet)
Seat 2: CichiChanMarian (button) collected ($2.50)
Seat 3: Royal012023 (small blind) folded before Flop
Seat 4: InteRRio (big blind) folded before Flop
Seat 5: neverforever365 folded before Flop (didn't bet)
Seat 6: Dai5dop folded before Flop (didn't bet)



PokerStars Hand #254211739990:  Hold'em No Limit ($0.50/$1.00 USD) - 2025/01/05 18:05:37 WET [2025/01/05 13:05:37 ET]
Table 'Massinga' 6-max Seat #3 is the button
Seat 1: Manifestorr ($106.70 in chips) 
Seat 2: CichiChanMarian ($101.50 in chips) 
Seat 3: Royal012023 ($98.50 in chips) 
Seat 4: InteRRio ($100 in chips) 
Seat 5: neverforever365 ($99.50 in chips) 
Seat 6: Dai5dop ($100 in chips) 
InteRRio: posts small blind $0.50
neverforever365: posts big blind $1
*** HOLE CARDS ***
Dai5dop: folds 
Manifestorr: folds 
CichiChanMarian: raises $1.50 to $2.50
Royal012023: folds 
InteRRio: raises $8.50 to $11
neverforever365: folds 
CichiChanMarian: folds 
Uncalled bet ($8.50) returned to InteRRio
InteRRio collected $6 from pot
InteRRio: doesn't show hand 
*** SUMMARY ***
Total pot $6 | Rake $0 
Seat 1: Manifestorr folded before Flop (didn't bet)
Seat 2: CichiChanMarian folded before Flop
Seat 3: Royal012023 (button) folded before Flop (didn't bet)
Seat 4: InteRRio (small blind) collected ($6)
Seat 5: neverforever365 (big blind) folded before Flop
Seat 6: Dai5dop folded before Flop (didn't bet)



PokerStars Hand #254211750407:  Hold'em No Limit ($0.50/$1.00 USD) - 2025/01/05 18:06:05 WET [2025/01/05 13:06:05 ET]
Table 'Massinga' 6-max Seat #4 is the button
Seat 1: Manifestorr ($106.70 in chips) is sitting out
Seat 5: neverforever365 ($98.50 in chips) is sitting out
Seat 2: CichiChanMarian ($100 in chips) 
Seat 3: Royal012023 ($98.50 in chips) 
Seat 4: InteRRio ($103.50 in chips) 
Seat 6: Dai5dop ($100 in chips) 
neverforever365 has timed out
neverforever365: is sitting out 
Dai5dop: posts small blind $0.50
Manifestorr: is sitting out 
CichiChanMarian: posts big blind $1
*** HOLE CARDS ***
Royal012023: folds 
InteRRio: folds 
Dai5dop: folds 
Uncalled bet ($0.50) returned to CichiChanMarian
CichiChanMarian collected $1 from pot
CichiChanMarian: doesn't show hand 
*** SUMMARY ***
Total pot $1 | Rake $0 
Seat 1: Manifestorr
Seat 5: neverforever365
Seat 2: CichiChanMarian (big blind) collected ($1)
Seat 3: Royal012023 folded before Flop (didn't bet)
Seat 4: InteRRio (button) folded before Flop (didn't bet)
Seat 6: Dai5dop (small blind) folded before Flop



PokerStars Hand #254211758394:  Hold'em No Limit ($0.50/$1.00 USD) - 2025/01/05 18:06:27 WET [2025/01/05 13:06:27 ET]
Table 'Massinga' 6-max Seat #6 is the button
Seat 5: neverforever365 ($98.50 in chips) is sitting out
Seat 2: CichiChanMarian ($100.50 in chips) 
Seat 3: Royal012023 ($98.50 in chips) 
Seat 4: InteRRio ($103.50 in chips) 
Seat 6: Dai5dop ($100 in chips) 
Manifestorr leaves the table
CichiChanMarian: posts small blind $0.50
Royal012023: posts big blind $1
neverforever365 has timed out
neverforever365: is sitting out 
*** HOLE CARDS ***
InteRRio: folds 
sta$igk joins the table at seat #1 
Dai5dop: raises $1.50 to $2.50
CichiChanMarian: folds 
Royal012023: calls $1.50
*** FLOP *** [8h 4d 7c]
Royal012023: bets $2.61
Dai5dop: calls $2.61
*** TURN *** [8h 4d 7c] [5c]
Royal012023: bets $5.09
Dai5dop: calls $5.09
*** RIVER *** [8h 4d 7c 5c] [Jh]
Royal012023: bets $9.95
Dai5dop: folds 
Uncalled bet ($9.95) returned to Royal012023
Royal012023 collected $19.90 from pot
*** SUMMARY ***
Total pot $20.90 | Rake $1 
Board [8h 4d 7c 5c Jh]
Seat 5: neverforever365
Seat 2: CichiChanMarian (small blind) folded before Flop
Seat 3: Royal012023 (big blind) collected ($19.90)
Seat 4: InteRRio folded before Flop (didn't bet)
Seat 6: Dai5dop (button) folded on the River



PokerStars Hand #254211780991:  Hold'em No Limit ($0.50/$1.00 USD) - 2025/01/05 18:07:27 WET [2025/01/05 13:07:27 ET]
Table 'Massinga' 6-max Seat #2 is the button
Seat 1: sta$igk ($100.50 in chips) is sitting out
Seat 5: neverforever365 ($98.50 in chips) is sitting out
Seat 2: CichiChanMarian ($100 in chips) 
Seat 3: Royal012023 ($108.20 in chips) 
Seat 4: InteRRio ($103.50 in chips) 
Seat 6: Dai5dop ($100 in chips) 
Royal012023: posts small blind $0.50
InteRRio: posts big blind $1
neverforever365: sits out 
sta$igk: sits out 
*** HOLE CARDS ***
Dai5dop: folds 
CichiChanMarian: folds 
Royal012023: folds 
Uncalled bet ($0.50) returned to InteRRio
InteRRio collected $1 from pot
InteRRio: doesn't show hand 
*** SUMMARY ***
Total pot $1 | Rake $0 
Seat 1: sta$igk
Seat 5: neverforever365
Seat 2: CichiChanMarian (button) folded before Flop (didn't bet)
Seat 3: Royal012023 (small blind) folded before Flop
Seat 4: InteRRio (big blind) collected ($1)
Seat 6: Dai5dop folded before Flop (didn't bet)



PokerStars Hand #254211784398:  Hold'em No Limit ($0.50/$1.00 USD) - 2025/01/05 18:07:36 WET [2025/01/05 13:07:36 ET]
Table 'Massinga' 6-max Seat #3 is the button
Seat 1: sta$igk ($100.50 in chips) is sitting out
Seat 2: CichiChanMarian ($100 in chips) 
Seat 3: Royal012023 ($107.70 in chips) 
Seat 4: InteRRio ($104 in chips) 
Seat 5: neverforever365 ($98.50 in chips) 
Seat 6: Dai5dop ($100 in chips) 
InteRRio: posts small blind $0.50
neverforever365: posts big blind $1
sta$igk: sits out 
*** HOLE CARDS ***
Dai5dop: folds 
CichiChanMarian: raises $1.50 to $2.50
Royal012023: folds 
InteRRio: folds 
neverforever365: calls $1.50
*** FLOP *** [3d 3h 6d]
neverforever365: checks 
CichiChanMarian: checks 
*** TURN *** [3d 3h 6d] [8c]
neverforever365: bets $2.61
CichiChanMarian: calls $2.61
*** RIVER *** [3d 3h 6d 8c] [Ad]
neverforever365: checks 
CichiChanMarian: bets $7.63
neverforever365: folds 
Uncalled bet ($7.63) returned to CichiChanMarian
CichiChanMarian collected $10.18 from pot
CichiChanMarian: doesn't show hand 
*** SUMMARY ***
Total pot $10.72 | Rake $0.54 
Board [3d 3h 6d 8c Ad]
Seat 1: sta$igk
Seat 2: CichiChanMarian collected ($10.18)
Seat 3: Royal012023 (button) folded before Flop (didn't bet)
Seat 4: InteRRio (small blind) folded before Flop
Seat 5: neverforever365 (big blind) folded on the River
Seat 6: Dai5dop folded before Flop (didn't bet)



PokerStars Hand #254211804769:  Hold'em No Limit ($0.50/$1.00 USD) - 2025/01/05 18:08:32 WET [2025/01/05 13:08:32 ET]
Table 'Massinga' 6-max Seat #4 is the button
Seat 1: sta$igk ($100.50 in chips) is sitting out
Seat 2: CichiChanMarian ($105.07 in chips) 
Seat 3: Royal012023 ($107.70 in chips) 
Seat 4: InteRRio ($103.50 in chips) 
Seat 5: neverforever365 ($93.39 in chips) 
Seat 6: Dai5dop ($100 in chips) 
neverforever365: posts small blind $0.50
Dai5dop: posts big blind $1
sta$igk: sits out 
*** HOLE CARDS ***
CichiChanMarian: raises $1.50 to $2.50
Royal012023: calls $2.50
InteRRio: calls $2.50
neverforever365: calls $2
Dai5dop: folds 
*** FLOP *** [7d Kc 7h]
neverforever365: checks 
CichiChanMarian: bets $3.45
Royal012023: folds 
InteRRio: calls $3.45
neverforever365: folds 
*** TURN *** [7d Kc 7h] [Qs]
CichiChanMarian: checks 
InteRRio: checks 
*** RIVER *** [7d Kc 7h Qs] [7c]
CichiChanMarian: checks 
InteRRio: bets $34
CichiChanMarian: folds 
Uncalled bet ($34) returned to InteRRio
InteRRio collected $17 from pot
InteRRio: doesn't show hand 
*** SUMMARY ***
Total pot $17.90 | Rake $0.90 
Board [7d Kc 7h Qs 7c]
Seat 1: sta$igk
Seat 2: CichiChanMarian folded on the River
Seat 3: Royal012023 folded on the Flop
Seat 4: InteRRio (button) collected ($17)
Seat 5: neverforever365 (small blind) folded on the Flop
Seat 6: Dai5dop (big blind) folded before Flop



PokerStars Hand #254211833012:  Hold'em No Limit ($0.50/$1.00 USD) - 2025/01/05 18:09:48 WET [2025/01/05 13:09:48 ET]
Table 'Massinga' 6-max Seat #5 is the button
Seat 1: sta$igk ($100.50 in chips) 
Seat 2: CichiChanMarian ($100 in chips) 
Seat 3: Royal012023 ($105.20 in chips) 
Seat 4: InteRRio ($114.55 in chips) 
Seat 5: neverforever365 ($90.89 in chips) 
Seat 6: Dai5dop ($100 in chips) 
Dai5dop: posts small blind $0.50
sta$igk: posts big blind $1
*** HOLE CARDS ***
CichiChanMarian: folds 
Royal012023: folds 
InteRRio: raises $1.50 to $2.50
neverforever365: calls $2.50
Dai5dop: folds 
sta$igk: folds 
*** FLOP *** [Th 2c 3c]
InteRRio: bets $3.09
neverforever365: calls $3.09
*** TURN *** [Th 2c 3c] [As]
InteRRio: checks 
neverforever365: checks 
*** RIVER *** [Th 2c 3c As] [7d]
InteRRio: checks 
neverforever365: bets $15.05
InteRRio: folds 
Uncalled bet ($15.05) returned to neverforever365
neverforever365 collected $12.05 from pot
*** SUMMARY ***
Total pot $12.68 | Rake $0.63 
Board [Th 2c 3c As 7d]
Seat 1: sta$igk (big blind) folded before Flop
Seat 2: CichiChanMarian folded before Flop (didn't bet)
Seat 3: Royal012023 folded before Flop (didn't bet)
Seat 4: InteRRio folded on the River
Seat 5: neverforever365 (button) collected ($12.05)
Seat 6: Dai5dop (small blind) folded before Flop



PokerStars Hand #254211860166:  Hold'em No Limit ($0.50/$1.00 USD) - 2025/01/05 18:11:02 WET [2025/01/05 13:11:02 ET]
Table 'Massinga' 6-max Seat #6 is the button
Seat 1: sta$igk ($100 in chips) 
Seat 2: CichiChanMarian ($100 in chips) 
Seat 3: Royal012023 ($105.20 in chips) 
Seat 4: InteRRio ($108.96 in chips) 
Seat 5: neverforever365 ($97.35 in chips) 
Seat 6: Dai5dop ($100 in chips) 
sta$igk: posts small blind $0.50
CichiChanMarian: posts big blind $1
*** HOLE CARDS ***
Royal012023: folds 
InteRRio: folds 
neverforever365: calls $1
Royal012023 leaves the table
Dai5dop: raises $3 to $4
sta$igk: folds 
CichiChanMarian: folds 
neverforever365: folds 
Uncalled bet ($3) returned to Dai5dop
Dai5dop collected $3.50 from pot
Dai5dop: doesn't show hand 
*** SUMMARY ***
Total pot $3.50 | Rake $0 
Seat 1: sta$igk (small blind) folded before Flop
Seat 2: CichiChanMarian (big blind) folded before Flop
Seat 3: Royal012023 folded before Flop (didn't bet)
Seat 4: InteRRio folded before Flop (didn't bet)
Seat 5: neverforever365 folded before Flop
Seat 6: Dai5dop (button) collected ($3.50)



PokerStars Hand #254211865797:  Hold'em No Limit ($0.50/$1.00 USD) - 2025/01/05 18:11:17 WET [2025/01/05 13:11:17 ET]
Table 'Massinga' 6-max Seat #1 is the button
Seat 1: sta$igk ($100 in chips) 
Seat 2: CichiChanMarian ($100 in chips) 
Seat 4: InteRRio ($108.96 in chips) 
Seat 5: neverforever365 ($96.35 in chips) 
Seat 6: Dai5dop ($102.50 in chips) 
CichiChanMarian: posts small blind $0.50
InteRRio: posts big blind $1
*** HOLE CARDS ***
neverforever365: calls $1
Dai5dop: folds 
sta$igk: folds 
CichiChanMarian: folds 
InteRRio: raises $3 to $4
kars0n joins the table at seat #3 
neverforever365: calls $3
*** FLOP *** [7d 2s 5d]
InteRRio: bets $4.04
neverforever365: calls $4.04
*** TURN *** [7d 2s 5d] [Ah]
InteRRio: checks 
neverforever365: checks 
*** RIVER *** [7d 2s 5d Ah] [4h]
InteRRio: checks 
neverforever365: checks 
*** SHOW DOWN ***
InteRRio: shows [Qs Js] (high card Ace)
neverforever365: shows [Ks Qc] (high card Ace - King kicker)
neverforever365 collected $15.75 from pot
*** SUMMARY ***
Total pot $16.58 | Rake $0.83 
Board [7d 2s 5d Ah 4h]
Seat 1: sta$igk (button) folded before Flop (didn't bet)
Seat 2: CichiChanMarian (small blind) folded before Flop
Seat 4: InteRRio (big blind) showed [Qs Js] and lost with high card Ace
Seat 5: neverforever365 showed [Ks Qc] and won ($15.75) with high card Ace
Seat 6: Dai5dop folded before Flop (didn't bet)



PokerStars Hand #254211893354:  Hold'em No Limit ($0.50/$1.00 USD) - 2025/01/05 18:12:31 WET [2025/01/05 13:12:31 ET]
Table 'Massinga' 6-max Seat #2 is the button
Seat 3: kars0n ($101.22 in chips) is sitting out
Seat 1: sta$igk ($100 in chips) 
Seat 2: CichiChanMarian ($100 in chips) 
Seat 4: InteRRio ($100.92 in chips) 
Seat 5: neverforever365 ($104.06 in chips) 
Seat 6: Dai5dop ($102.50 in chips) 
InteRRio: posts small blind $0.50
neverforever365: posts big blind $1
*** HOLE CARDS ***
Dai5dop: folds 
sta$igk: raises $1.50 to $2.50
CichiChanMarian: folds 
InteRRio: folds 
neverforever365: calls $1.50
*** FLOP *** [8h 6d 3d]
neverforever365: checks 
sta$igk: bets $1.72
neverforever365: calls $1.72
*** TURN *** [8h 6d 3d] [Ks]
neverforever365: checks 
sta$igk: bets $6.37
neverforever365: folds 
Uncalled bet ($6.37) returned to sta$igk
sta$igk collected $8.49 from pot
sta$igk: doesn't show hand 
*** SUMMARY ***
Total pot $8.94 | Rake $0.45 
Board [8h 6d 3d Ks]
Seat 3: kars0n
Seat 1: sta$igk collected ($8.49)
Seat 2: CichiChanMarian (button) folded before Flop (didn't bet)
Seat 4: InteRRio (small blind) folded before Flop
Seat 5: neverforever365 (big blind) folded on the Turn
Seat 6: Dai5dop folded before Flop (didn't bet)



PokerStars Hand #254211906602:  Hold'em No Limit ($0.50/$1.00 USD) - 2025/01/05 18:13:07 WET [2025/01/05 13:13:07 ET]
Table 'Massinga' 6-max Seat #4 is the button
Seat 3: kars0n ($101.22 in chips) is sitting out
Seat 1: sta$igk ($104.27 in chips) 
Seat 2: CichiChanMarian ($100 in chips) 
Seat 4: InteRRio ($100.42 in chips) 
Seat 5: neverforever365 ($99.84 in chips) 
Seat 6: Dai5dop ($102.50 in chips) 
neverforever365: posts small blind $0.50
Dai5dop: posts big blind $1
kars0n: sits out 
*** HOLE CARDS ***
sta$igk: raises $1.50 to $2.50
CichiChanMarian: folds 
InteRRio: folds 
neverforever365: raises $5 to $7.50
Dai5dop: folds 
sta$igk: folds 
Uncalled bet ($5) returned to neverforever365
neverforever365 collected $6 from pot
*** SUMMARY ***
Total pot $6 | Rake $0 
Seat 3: kars0n
Seat 1: sta$igk folded before Flop
Seat 2: CichiChanMarian folded before Flop (didn't bet)
Seat 4: InteRRio (button) folded before Flop (didn't bet)
Seat 5: neverforever365 (small blind) collected ($6)
Seat 6: Dai5dop (big blind) folded before Flop



PokerStars Hand #254211913351:  Hold'em No Limit ($0.50/$1.00 USD) - 2025/01/05 18:13:25 WET [2025/01/05 13:13:25 ET]
Table 'Massinga' 6-max Seat #5 is the button
Seat 3: kars0n ($101.22 in chips) is sitting out
Seat 1: sta$igk ($101.77 in chips) 
Seat 2: CichiChanMarian ($100 in chips) 
Seat 4: InteRRio ($100.42 in chips) 
Seat 5: neverforever365 ($103.34 in chips) 
Seat 6: Dai5dop ($101.50 in chips) 
Dai5dop: posts small blind $0.50
sta$igk: posts big blind $1
kars0n: sits out 
*** HOLE CARDS ***
CichiChanMarian: raises $1.50 to $2.50
InteRRio: folds 
neverforever365: folds 
Dai5dop: folds 
sta$igk: folds 
Uncalled bet ($1.50) returned to CichiChanMarian
CichiChanMarian collected $2.50 from pot
CichiChanMarian: doesn't show hand 
*** SUMMARY ***
Total pot $2.50 | Rake $0 
Seat 3: kars0n
Seat 1: sta$igk (big blind) folded before Flop
Seat 2: CichiChanMarian collected ($2.50)
Seat 4: InteRRio folded before Flop (didn't bet)
Seat 5: neverforever365 (button) folded before Flop (didn't bet)
Seat 6: Dai5dop (small blind) folded before Flop



PokerStars Hand #254212094330:  Hold'em No Limit ($0.50/$1.00 USD) - 2025/01/05 18:21:30 WET [2025/01/05 13:21:30 ET]
Table 'Massinga' 6-max Seat #6 is the button
Seat 1: sta$igk ($100 in chips) 
Seat 2: CichiChanMarian ($116.89 in chips) 
Seat 3: kars0n ($105 in chips) 
Seat 4: InteRRio ($100 in chips) 
Seat 5: neverforever365 ($93.06 in chips) 
Seat 6: Dai5dop ($100 in chips) 
sta$igk: posts small blind $0.50
CichiChanMarian: posts big blind $1
*** HOLE CARDS ***
kars0n: folds 
InteRRio: folds 
neverforever365: folds 
Dai5dop: folds 
sta$igk: raises $2 to $3
CichiChanMarian: folds 
Uncalled bet ($2) returned to sta$igk
sta$igk collected $2 from pot
sta$igk: doesn't show hand 
*** SUMMARY ***
Total pot $2 | Rake $0 
Seat 1: sta$igk (small blind) collected ($2)
Seat 2: CichiChanMarian (big blind) folded before Flop
Seat 3: kars0n folded before Flop (didn't bet)
Seat 4: InteRRio folded before Flop (didn't bet)
Seat 5: neverforever365 folded before Flop (didn't bet)
Seat 6: Dai5dop (button) folded before Flop (didn't bet)



PokerStars Hand #254212099111:  Hold'em No Limit ($0.50/$1.00 USD) - 2025/01/05 18:21:43 WET [2025/01/05 13:21:43 ET]
Table 'Massinga' 6-max Seat #1 is the button
Seat 1: sta$igk ($101 in chips) 
Seat 2: CichiChanMarian ($115.89 in chips) 
Seat 3: kars0n ($105 in chips) 
Seat 4: InteRRio ($100 in chips) 
Seat 5: neverforever365 ($93.06 in chips) 
Seat 6: Dai5dop ($100 in chips) 
CichiChanMarian: posts small blind $0.50
kars0n: posts big blind $1
*** HOLE CARDS ***
InteRRio: folds 
neverforever365: folds 
Dai5dop: folds 
sta$igk: folds 
CichiChanMarian: folds 
Uncalled bet ($0.50) returned to kars0n
kars0n collected $1 from pot
kars0n: doesn't show hand 
*** SUMMARY ***
Total pot $1 | Rake $0 
Seat 1: sta$igk (button) folded before Flop (didn't bet)
Seat 2: CichiChanMarian (small blind) folded before Flop
Seat 3: kars0n (big blind) collected ($1)
Seat 4: InteRRio folded before Flop (didn't bet)
Seat 5: neverforever365 folded before Flop (didn't bet)
Seat 6: Dai5dop folded before Flop (didn't bet)



PokerStars Hand #254212107124:  Hold'em No Limit ($0.50/$1.00 USD) - 2025/01/05 18:22:04 WET [2025/01/05 13:22:04 ET]
Table 'Massinga' 6-max Seat #2 is the button
Seat 1: sta$igk ($101 in chips) 
Seat 2: CichiChanMarian ($115.39 in chips) 
Seat 3: kars0n ($105.50 in chips) 
Seat 4: InteRRio ($100 in chips) 
Seat 5: neverforever365 ($93.06 in chips) 
Seat 6: Dai5dop ($100 in chips) 
kars0n: posts small blind $0.50
InteRRio: posts big blind $1
*** HOLE CARDS ***
neverforever365: calls $1
Dai5dop: folds 
sta$igk: folds 
CichiChanMarian: folds 
kars0n: calls $0.50
InteRRio: checks 
*** FLOP *** [Ks Qd 5c]
kars0n: checks 
InteRRio: checks 
neverforever365: checks 
*** TURN *** [Ks Qd 5c] [Th]
kars0n: checks 
InteRRio: checks 
neverforever365: checks 
*** RIVER *** [Ks Qd 5c Th] [3d]
kars0n: checks 
InteRRio: checks 
neverforever365: checks 
*** SHOW DOWN ***
kars0n: shows [Jc 2c] (high card King)
InteRRio: mucks hand 
neverforever365: shows [5h 2h] (a pair of Fives)
neverforever365 collected $2.85 from pot
*** SUMMARY ***
Total pot $3 | Rake $0.15 
Board [Ks Qd 5c Th 3d]
Seat 1: sta$igk folded before Flop (didn't bet)
Seat 2: CichiChanMarian (button) folded before Flop (didn't bet)
Seat 3: kars0n (small blind) showed [Jc 2c] and lost with high card King
Seat 4: InteRRio (big blind) mucked
Seat 5: neverforever365 showed [5h 2h] and won ($2.85) with a pair of Fives
Seat 6: Dai5dop folded before Flop (didn't bet)



PokerStars Hand #254212121298:  Hold'em No Limit ($0.50/$1.00 USD) - 2025/01/05 18:22:42 WET [2025/01/05 13:22:42 ET]
Table 'Massinga' 6-max Seat #3 is the button
Seat 1: sta$igk ($101 in chips) 
Seat 2: CichiChanMarian ($115.39 in chips) 
Seat 3: kars0n ($104.50 in chips) 
Seat 4: InteRRio ($100 in chips) 
Seat 5: neverforever365 ($94.91 in chips) 
Seat 6: Dai5dop ($100 in chips) 
InteRRio: posts small blind $0.50
neverforever365: posts big blind $1
*** HOLE CARDS ***
Dai5dop: folds 
sta$igk: folds 
CichiChanMarian: raises $1.50 to $2.50
kars0n: calls $2.50
InteRRio: calls $2
neverforever365: folds 
*** FLOP *** [2h Qd 5c]
InteRRio: checks 
CichiChanMarian: bets $2.67
kars0n: folds 
InteRRio: folds 
Uncalled bet ($2.67) returned to CichiChanMarian
CichiChanMarian collected $8.08 from pot
CichiChanMarian: doesn't show hand 
*** SUMMARY ***
Total pot $8.50 | Rake $0.42 
Board [2h Qd 5c]
Seat 1: sta$igk folded before Flop (didn't bet)
Seat 2: CichiChanMarian collected ($8.08)
Seat 3: kars0n (button) folded on the Flop
Seat 4: InteRRio (small blind) folded on the Flop
Seat 5: neverforever365 (big blind) folded before Flop
Seat 6: Dai5dop folded before Flop (didn't bet)



PokerStars Hand #254212133440:  Hold'em No Limit ($0.50/$1.00 USD) - 2025/01/05 18:23:14 WET [2025/01/05 13:23:14 ET]
Table 'Massinga' 6-max Seat #4 is the button
Seat 1: sta$igk ($101 in chips) 
Seat 2: CichiChanMarian ($120.97 in chips) 
Seat 3: kars0n ($102 in chips) 
Seat 4: InteRRio ($100 in chips) 
Seat 5: neverforever365 ($93.91 in chips) 
Seat 6: Dai5dop ($100 in chips) 
neverforever365: posts small blind $0.50
Dai5dop: posts big blind $1
*** HOLE CARDS ***
sta$igk: raises $1.50 to $2.50
CichiChanMarian: folds 
kars0n: folds 
InteRRio: folds 
neverforever365 is disconnected 
neverforever365 has timed out while disconnected
neverforever365: folds 
Dai5dop: folds 
Uncalled bet ($1.50) returned to sta$igk
sta$igk collected $2.50 from pot
sta$igk: doesn't show hand 
*** SUMMARY ***
Total pot $2.50 | Rake $0 
Seat 1: sta$igk collected ($2.50)
Seat 2: CichiChanMarian folded before Flop (didn't bet)
Seat 3: kars0n folded before Flop (didn't bet)
Seat 4: InteRRio (button) folded before Flop (didn't bet)
Seat 5: neverforever365 (small blind) folded before Flop
Seat 6: Dai5dop (big blind) folded before Flop



PokerStars Hand #254212152844:  Hold'em No Limit ($0.50/$1.00 USD) - 2025/01/05 18:24:06 WET [2025/01/05 13:24:06 ET]
Table 'Massinga' 6-max Seat #6 is the button
Seat 5: neverforever365 ($93.41 in chips) is sitting out
Seat 1: sta$igk ($102.50 in chips) 
Seat 2: CichiChanMarian ($120.97 in chips) 
Seat 3: kars0n ($102 in chips) 
Seat 4: InteRRio ($100 in chips) 
Seat 6: Dai5dop ($100 in chips) 
sta$igk: posts small blind $0.50
CichiChanMarian: posts big blind $1
*** HOLE CARDS ***
kars0n: raises $1 to $2
InteRRio: folds 
Dai5dop: folds 
sta$igk: folds 
CichiChanMarian: calls $1
*** FLOP *** [Jd Jc 6c]
CichiChanMarian: checks 
kars0n: bets $1.07
CichiChanMarian: folds 
Uncalled bet ($1.07) returned to kars0n
kars0n collected $4.28 from pot
kars0n: doesn't show hand 
*** SUMMARY ***
Total pot $4.50 | Rake $0.22 
Board [Jd Jc 6c]
Seat 5: neverforever365
Seat 1: sta$igk (small blind) folded before Flop
Seat 2: CichiChanMarian (big blind) folded on the Flop
Seat 3: kars0n collected ($4.28)
Seat 4: InteRRio folded before Flop (didn't bet)
Seat 6: Dai5dop (button) folded before Flop (didn't bet)



PokerStars Hand #254212162545:  Hold'em No Limit ($0.50/$1.00 USD) - 2025/01/05 18:24:31 WET [2025/01/05 13:24:31 ET]
Table 'Massinga' 6-max Seat #1 is the button
Seat 1: sta$igk ($102 in chips) 
Seat 2: CichiChanMarian ($118.97 in chips) 
Seat 3: kars0n ($104.28 in chips) 
Seat 4: InteRRio ($100 in chips) 
Seat 5: neverforever365 ($93.41 in chips) 
Seat 6: Dai5dop ($100 in chips) 
CichiChanMarian: posts small blind $0.50
kars0n: posts big blind $1
*** HOLE CARDS ***
InteRRio: folds 
neverforever365: raises $2 to $3
Dai5dop: folds 
sta$igk: folds 
CichiChanMarian: folds 
kars0n: folds 
Uncalled bet ($2) returned to neverforever365
neverforever365 collected $2.50 from pot
*** SUMMARY ***
Total pot $2.50 | Rake $0 
Seat 1: sta$igk (button) folded before Flop (didn't bet)
Seat 2: CichiChanMarian (small blind) folded before Flop
Seat 3: kars0n (big blind) folded before Flop
Seat 4: InteRRio folded before Flop (didn't bet)
Seat 5: neverforever365 collected ($2.50)
Seat 6: Dai5dop folded before Flop (didn't bet)



PokerStars Hand #254212172260:  Hold'em No Limit ($0.50/$1.00 USD) - 2025/01/05 18:24:57 WET [2025/01/05 13:24:57 ET]
Table 'Massinga' 6-max Seat #2 is the button
Seat 1: sta$igk ($102 in chips) 
Seat 2: CichiChanMarian ($118.47 in chips) 
Seat 3: kars0n ($103.28 in chips) 
Seat 4: InteRRio ($100 in chips) 
Seat 5: neverforever365 ($94.91 in chips) 
Seat 6: Dai5dop ($100 in chips) 
kars0n: posts small blind $0.50
InteRRio: posts big blind $1
*** HOLE CARDS ***
neverforever365: calls $1
Dai5dop: folds 
sta$igk: folds 
CichiChanMarian: raises $3 to $4
kars0n: folds 
InteRRio: folds 
neverforever365: calls $3
*** FLOP *** [4c Qh Jc]
neverforever365: checks 
CichiChanMarian: bets $2.98
neverforever365: calls $2.98
*** TURN *** [4c Qh Jc] [3c]
neverforever365: bets $7.35
CichiChanMarian: folds 
Uncalled bet ($7.35) returned to neverforever365
neverforever365 collected $14.69 from pot
*** SUMMARY ***
Total pot $15.46 | Rake $0.77 
Board [4c Qh Jc 3c]
Seat 1: sta$igk folded before Flop (didn't bet)
Seat 2: CichiChanMarian (button) folded on the Turn
Seat 3: kars0n (small blind) folded before Flop
Seat 4: InteRRio (big blind) folded before Flop
Seat 5: neverforever365 collected ($14.69)
Seat 6: Dai5dop folded before Flop (didn't bet)



PokerStars Hand #254212186604:  Hold'em No Limit ($0.50/$1.00 USD) - 2025/01/05 18:25:35 WET [2025/01/05 13:25:35 ET]
Table 'Massinga' 6-max Seat #3 is the button
Seat 1: sta$igk ($102 in chips) 
Seat 2: CichiChanMarian ($111.49 in chips) 
Seat 3: kars0n ($102.78 in chips) 
Seat 4: InteRRio ($100 in chips) 
Seat 5: neverforever365 ($102.62 in chips) 
Seat 6: Dai5dop ($100 in chips) 
InteRRio: posts small blind $0.50
neverforever365: posts big blind $1
*** HOLE CARDS ***
Dai5dop: folds 
sta$igk: folds 
CichiChanMarian: raises $1.50 to $2.50
kars0n: folds 
InteRRio: folds 
neverforever365: folds 
Uncalled bet ($1.50) returned to CichiChanMarian
CichiChanMarian collected $2.50 from pot
CichiChanMarian: doesn't show hand 
*** SUMMARY ***
Total pot $2.50 | Rake $0 
Seat 1: sta$igk folded before Flop (didn't bet)
Seat 2: CichiChanMarian collected ($2.50)
Seat 3: kars0n (button) folded before Flop (didn't bet)
Seat 4: InteRRio (small blind) folded before Flop
Seat 5: neverforever365 (big blind) folded before Flop
Seat 6: Dai5dop folded before Flop (didn't bet)



PokerStars Hand #254212190524:  Hold'em No Limit ($0.50/$1.00 USD) - 2025/01/05 18:25:46 WET [2025/01/05 13:25:46 ET]
Table 'Massinga' 6-max Seat #4 is the button
Seat 1: sta$igk ($102 in chips) 
Seat 2: CichiChanMarian ($112.99 in chips) 
Seat 3: kars0n ($102.78 in chips) 
Seat 4: InteRRio ($100 in chips) 
Seat 5: neverforever365 ($101.62 in chips) 
Seat 6: Dai5dop ($100 in chips) 
neverforever365: posts small blind $0.50
Dai5dop: posts big blind $1
*** HOLE CARDS ***
sta$igk: folds 
CichiChanMarian: folds 
kars0n: folds 
InteRRio: raises $1.50 to $2.50
neverforever365: folds 
Dai5dop: folds 
Uncalled bet ($1.50) returned to InteRRio
InteRRio collected $2.50 from pot
InteRRio: doesn't show hand 
*** SUMMARY ***
Total pot $2.50 | Rake $0 
Seat 1: sta$igk folded before Flop (didn't bet)
Seat 2: CichiChanMarian folded before Flop (didn't bet)
Seat 3: kars0n folded before Flop (didn't bet)
Seat 4: InteRRio (button) collected ($2.50)
Seat 5: neverforever365 (small blind) folded before Flop
Seat 6: Dai5dop (big blind) folded before Flop



PokerStars Hand #254212197391:  Hold'em No Limit ($0.50/$1.00 USD) - 2025/01/05 18:26:05 WET [2025/01/05 13:26:05 ET]
Table 'Massinga' 6-max Seat #5 is the button
Seat 1: sta$igk ($102 in chips) 
Seat 2: CichiChanMarian ($112.99 in chips) 
Seat 3: kars0n ($102.78 in chips) 
Seat 4: InteRRio ($101.50 in chips) 
Seat 5: neverforever365 ($101.12 in chips) 
Seat 6: Dai5dop ($100 in chips) 
Dai5dop: posts small blind $0.50
sta$igk: posts big blind $1
*** HOLE CARDS ***
CichiChanMarian: raises $1.50 to $2.50
kars0n: folds 
InteRRio: folds 
neverforever365: calls $2.50
Dai5dop: folds 
sta$igk: folds 
*** FLOP *** [4c 2h Qc]
CichiChanMarian: checks 
neverforever365: bets $3.09
CichiChanMarian: folds 
Uncalled bet ($3.09) returned to neverforever365
neverforever365 collected $6.18 from pot
*** SUMMARY ***
Total pot $6.50 | Rake $0.32 
Board [4c 2h Qc]
Seat 1: sta$igk (big blind) folded before Flop
Seat 2: CichiChanMarian folded on the Flop
Seat 3: kars0n folded before Flop (didn't bet)
Seat 4: InteRRio folded before Flop (didn't bet)
Seat 5: neverforever365 (button) collected ($6.18)
Seat 6: Dai5dop (small blind) folded before Flop



PokerStars Hand #254212211146:  Hold'em No Limit ($0.50/$1.00 USD) - 2025/01/05 18:26:42 WET [2025/01/05 13:26:42 ET]
Table 'Massinga' 6-max Seat #6 is the button
Seat 1: sta$igk ($101 in chips) 
Seat 2: CichiChanMarian ($110.49 in chips) 
Seat 3: kars0n ($102.78 in chips) 
Seat 4: InteRRio ($101.50 in chips) 
Seat 5: neverforever365 ($104.80 in chips) 
Seat 6: Dai5dop ($100 in chips) 
sta$igk: posts small blind $0.50
CichiChanMarian: posts big blind $1
*** HOLE CARDS ***
kars0n: raises $1 to $2
InteRRio: raises $5 to $7
neverforever365: calls $7
Dai5dop: folds 
sta$igk: folds 
CichiChanMarian: folds 
kars0n: raises $18 to $25
InteRRio: folds 
neverforever365: folds 
Uncalled bet ($18) returned to kars0n
kars0n collected $22.50 from pot
kars0n: doesn't show hand 
*** SUMMARY ***
Total pot $22.50 | Rake $0 
Seat 1: sta$igk (small blind) folded before Flop
Seat 2: CichiChanMarian (big blind) folded before Flop
Seat 3: kars0n collected ($22.50)
Seat 4: InteRRio folded before Flop
Seat 5: neverforever365 folded before Flop
Seat 6: Dai5dop (button) folded before Flop (didn't bet)



PokerStars Hand #254212219971:  Hold'em No Limit ($0.50/$1.00 USD) - 2025/01/05 18:27:06 WET [2025/01/05 13:27:06 ET]
Table 'Massinga' 6-max Seat #1 is the button
Seat 1: sta$igk ($100.50 in chips) 
Seat 2: CichiChanMarian ($109.49 in chips) 
Seat 3: kars0n ($118.28 in chips) 
Seat 4: InteRRio ($100 in chips) 
Seat 5: neverforever365 ($97.80 in chips) 
Seat 6: Dai5dop ($100 in chips) 
CichiChanMarian: posts small blind $0.50
kars0n: posts big blind $1
*** HOLE CARDS ***
InteRRio: folds 
neverforever365 has timed out
neverforever365: folds 
Dai5dop: folds 
sta$igk: folds 
CichiChanMarian: folds 
Uncalled bet ($0.50) returned to kars0n
kars0n collected $1 from pot
kars0n: doesn't show hand 
*** SUMMARY ***
Total pot $1 | Rake $0 
Seat 1: sta$igk (button) folded before Flop (didn't bet)
Seat 2: CichiChanMarian (small blind) folded before Flop
Seat 3: kars0n (big blind) collected ($1)
Seat 4: InteRRio folded before Flop (didn't bet)
Seat 5: neverforever365 folded before Flop (didn't bet)
Seat 6: Dai5dop folded before Flop (didn't bet)



PokerStars Hand #254212229712:  Hold'em No Limit ($0.50/$1.00 USD) - 2025/01/05 18:27:32 WET [2025/01/05 13:27:32 ET]
Table 'Massinga' 6-max Seat #2 is the button
Seat 1: sta$igk ($100.50 in chips) 
Seat 2: CichiChanMarian ($108.99 in chips) 
Seat 3: kars0n ($118.78 in chips) 
Seat 4: InteRRio ($100 in chips) 
Seat 5: neverforever365 ($97.80 in chips) 
Seat 6: Dai5dop ($100 in chips) 
kars0n: posts small blind $0.50
InteRRio: posts big blind $1
*** HOLE CARDS ***
neverforever365: folds 
Dai5dop: folds 
sta$igk: folds 
CichiChanMarian: folds 
kars0n: folds 
Uncalled bet ($0.50) returned to InteRRio
InteRRio collected $1 from pot
InteRRio: doesn't show hand 
*** SUMMARY ***
Total pot $1 | Rake $0 
Seat 1: sta$igk folded before Flop (didn't bet)
Seat 2: CichiChanMarian (button) folded before Flop (didn't bet)
Seat 3: kars0n (small blind) folded before Flop
Seat 4: InteRRio (big blind) collected ($1)
Seat 5: neverforever365 folded before Flop (didn't bet)
Seat 6: Dai5dop folded before Flop (didn't bet)



PokerStars Hand #254212235153:  Hold'em No Limit ($0.50/$1.00 USD) - 2025/01/05 18:27:46 WET [2025/01/05 13:27:46 ET]
Table 'Massinga' 6-max Seat #3 is the button
Seat 1: sta$igk ($100.50 in chips) 
Seat 2: CichiChanMarian ($108.99 in chips) 
Seat 3: kars0n ($118.28 in chips) 
Seat 4: InteRRio ($100.50 in chips) 
Seat 5: neverforever365 ($97.80 in chips) 
Seat 6: Dai5dop ($100 in chips) 
InteRRio: posts small blind $0.50
neverforever365: posts big blind $1
*** HOLE CARDS ***
Dai5dop: folds 
sta$igk: folds 
CichiChanMarian: raises $1.50 to $2.50
kars0n: folds 
InteRRio: folds 
neverforever365: calls $1.50
*** FLOP *** [5c Qc Jh]
neverforever365: checks 
CichiChanMarian: bets $1.72
neverforever365: calls $1.72
*** TURN *** [5c Qc Jh] [Qh]
neverforever365: checks 
CichiChanMarian: bets $6.37
neverforever365: calls $6.37
*** RIVER *** [5c Qc Jh Qh] [Td]
neverforever365: checks 
CichiChanMarian: bets $20.60
neverforever365: calls $20.60
*** SHOW DOWN ***
CichiChanMarian: shows [7h 6h] (a pair of Queens)
neverforever365: shows [Ad Kc] (a straight, Ten to Ace)
neverforever365 collected $60.38 from pot
*** SUMMARY ***
Total pot $62.88 | Rake $2.50 
Board [5c Qc Jh Qh Td]
Seat 1: sta$igk folded before Flop (didn't bet)
Seat 2: CichiChanMarian showed [7h 6h] and lost with a pair of Queens
Seat 3: kars0n (button) folded before Flop (didn't bet)
Seat 4: InteRRio (small blind) folded before Flop
Seat 5: neverforever365 (big blind) showed [Ad Kc] and won ($60.38) with a straight, Ten to Ace
Seat 6: Dai5dop folded before Flop (didn't bet)



PokerStars Hand #254212255281:  Hold'em No Limit ($0.50/$1.00 USD) - 2025/01/05 18:28:40 WET [2025/01/05 13:28:40 ET]
Table 'Massinga' 6-max Seat #4 is the button
Seat 1: sta$igk ($100.50 in chips) 
Seat 2: CichiChanMarian ($100 in chips) 
Seat 3: kars0n ($118.28 in chips) 
Seat 4: InteRRio ($100 in chips) 
Seat 5: neverforever365 ($126.99 in chips) 
Seat 6: Dai5dop ($100 in chips) 
neverforever365: posts small blind $0.50
Dai5dop: posts big blind $1
*** HOLE CARDS ***
sta$igk: folds 
CichiChanMarian: folds 
kars0n: folds 
InteRRio: raises $1.50 to $2.50
neverforever365: folds 
Dai5dop: calls $1.50
*** FLOP *** [3s Qh Ah]
Dai5dop: checks 
InteRRio: checks 
*** TURN *** [3s Qh Ah] [Td]
Dai5dop: bets $6.79
InteRRio: folds 
Uncalled bet ($6.79) returned to Dai5dop
Dai5dop collected $5.22 from pot
Dai5dop: doesn't show hand 
*** SUMMARY ***
Total pot $5.50 | Rake $0.28 
Board [3s Qh Ah Td]
Seat 1: sta$igk folded before Flop (didn't bet)
Seat 2: CichiChanMarian folded before Flop (didn't bet)
Seat 3: kars0n folded before Flop (didn't bet)
Seat 4: InteRRio (button) folded on the Turn
Seat 5: neverforever365 (small blind) folded before Flop
Seat 6: Dai5dop (big blind) collected ($5.22)



PokerStars Hand #254212271457:  Hold'em No Limit ($0.50/$1.00 USD) - 2025/01/05 18:29:24 WET [2025/01/05 13:29:24 ET]
Table 'Massinga' 6-max Seat #5 is the button
Seat 1: sta$igk ($100.50 in chips) 
Seat 2: CichiChanMarian ($100 in chips) 
Seat 3: kars0n ($118.28 in chips) 
Seat 4: InteRRio ($100 in chips) 
Seat 5: neverforever365 ($126.49 in chips) 
Seat 6: Dai5dop ($102.72 in chips) 
Dai5dop: posts small blind $0.50
sta$igk: posts big blind $1
*** HOLE CARDS ***
CichiChanMarian: folds 
kars0n: folds 
InteRRio: folds 
neverforever365: folds 
Dai5dop: folds 
Uncalled bet ($0.50) returned to sta$igk
sta$igk collected $1 from pot
sta$igk: doesn't show hand 
*** SUMMARY ***
Total pot $1 | Rake $0 
Seat 1: sta$igk (big blind) collected ($1)
Seat 2: CichiChanMarian folded before Flop (didn't bet)
Seat 3: kars0n folded before Flop (didn't bet)
Seat 4: InteRRio folded before Flop (didn't bet)
Seat 5: neverforever365 (button) folded before Flop (didn't bet)
Seat 6: Dai5dop (small blind) folded before Flop



PokerStars Hand #254212294720:  Hold'em No Limit ($0.50/$1.00 USD) - 2025/01/05 18:30:24 WET [2025/01/05 13:30:24 ET]
Table 'Massinga' 6-max Seat #6 is the button
Seat 1: sta$igk ($101 in chips) 
Seat 2: CichiChanMarian ($100 in chips) 
Seat 3: kars0n ($118.28 in chips) 
Seat 4: InteRRio ($100 in chips) 
Seat 5: neverforever365 ($126.49 in chips) 
Seat 6: Dai5dop ($102.22 in chips) 
sta$igk: posts small blind $0.50
CichiChanMarian: posts big blind $1
*** HOLE CARDS ***
kars0n: folds 
InteRRio: folds 
neverforever365: raises $2 to $3
Dai5dop: folds 
sta$igk: folds 
CichiChanMarian: folds 
Uncalled bet ($2) returned to neverforever365
neverforever365 collected $2.50 from pot
*** SUMMARY ***
Total pot $2.50 | Rake $0 
Seat 1: sta$igk (small blind) folded before Flop
Seat 2: CichiChanMarian (big blind) folded before Flop
Seat 3: kars0n folded before Flop (didn't bet)
Seat 4: InteRRio folded before Flop (didn't bet)
Seat 5: neverforever365 collected ($2.50)
Seat 6: Dai5dop (button) folded before Flop (didn't bet)



PokerStars Hand #254212301660:  Hold'em No Limit ($0.50/$1.00 USD) - 2025/01/05 18:30:42 WET [2025/01/05 13:30:42 ET]
Table 'Massinga' 6-max Seat #1 is the button
Seat 1: sta$igk ($100.50 in chips) 
Seat 2: CichiChanMarian ($100 in chips) 
Seat 3: kars0n ($118.28 in chips) 
Seat 4: InteRRio ($100 in chips) 
Seat 5: neverforever365 ($127.99 in chips) 
Seat 6: Dai5dop ($102.22 in chips) 
CichiChanMarian: posts small blind $0.50
kars0n: posts big blind $1
*** HOLE CARDS ***
InteRRio: folds 
neverforever365: calls $1
Dai5dop: folds 
sta$igk: folds 
CichiChanMarian: raises $4 to $5
kars0n: folds 
neverforever365: folds 
Uncalled bet ($4) returned to CichiChanMarian
CichiChanMarian collected $3 from pot
CichiChanMarian: doesn't show hand 
*** SUMMARY ***
Total pot $3 | Rake $0 
Seat 1: sta$igk (button) folded before Flop (didn't bet)
Seat 2: CichiChanMarian (small blind) collected ($3)
Seat 3: kars0n (big blind) folded before Flop
Seat 4: InteRRio folded before Flop (didn't bet)
Seat 5: neverforever365 folded before Flop
Seat 6: Dai5dop folded before Flop (didn't bet)



PokerStars Hand #254212309447:  Hold'em No Limit ($0.50/$1.00 USD) - 2025/01/05 18:31:02 WET [2025/01/05 13:31:02 ET]
Table 'Massinga' 6-max Seat #2 is the button
Seat 1: sta$igk ($100.50 in chips) 
Seat 2: CichiChanMarian ($102 in chips) 
Seat 3: kars0n ($117.28 in chips) 
Seat 4: InteRRio ($100 in chips) 
Seat 5: neverforever365 ($126.99 in chips) 
Seat 6: Dai5dop ($102.22 in chips) 
kars0n: posts small blind $0.50
InteRRio: posts big blind $1
*** HOLE CARDS ***
neverforever365: folds 
Dai5dop: raises $1.20 to $2.20
sta$igk: folds 
CichiChanMarian: raises $4.84 to $7.04
kars0n: folds 
InteRRio: folds 
Dai5dop: calls $4.84
*** FLOP *** [3s 6c 5c]
Dai5dop: checks 
CichiChanMarian: checks 
*** TURN *** [3s 6c 5c] [4c]
Dai5dop: bets $7.40
CichiChanMarian: folds 
Uncalled bet ($7.40) returned to Dai5dop
Dai5dop collected $14.80 from pot
Dai5dop: doesn't show hand 
*** SUMMARY ***
Total pot $15.58 | Rake $0.78 
Board [3s 6c 5c 4c]
Seat 1: sta$igk folded before Flop (didn't bet)
Seat 2: CichiChanMarian (button) folded on the Turn
Seat 3: kars0n (small blind) folded before Flop
Seat 4: InteRRio (big blind) folded before Flop
Seat 5: neverforever365 folded before Flop (didn't bet)
Seat 6: Dai5dop collected ($14.80)



PokerStars Hand #254212333803:  Hold'em No Limit ($0.50/$1.00 USD) - 2025/01/05 18:32:04 WET [2025/01/05 13:32:04 ET]
Table 'Massinga' 6-max Seat #3 is the button
Seat 1: sta$igk ($100.50 in chips) 
Seat 2: CichiChanMarian ($100 in chips) 
Seat 3: kars0n ($116.78 in chips) 
Seat 4: InteRRio ($100 in chips) 
Seat 5: neverforever365 ($126.99 in chips) 
Seat 6: Dai5dop ($109.98 in chips) 
InteRRio: posts small blind $0.50
neverforever365: posts big blind $1
*** HOLE CARDS ***
Dai5dop: folds 
sta$igk: folds 
CichiChanMarian: raises $1.50 to $2.50
kars0n: folds 
InteRRio: folds 
neverforever365: calls $1.50
*** FLOP *** [Ac 5s 7c]
neverforever365: checks 
CichiChanMarian: bets $1.72
neverforever365: calls $1.72
*** TURN *** [Ac 5s 7c] [5d]
neverforever365: bets $6.25
CichiChanMarian: calls $6.25
*** RIVER *** [Ac 5s 7c 5d] [4h]
neverforever365: bets $16.19
CichiChanMarian: folds 
Uncalled bet ($16.19) returned to neverforever365
neverforever365 collected $20.37 from pot
*** SUMMARY ***
Total pot $21.44 | Rake $1.07 
Board [Ac 5s 7c 5d 4h]
Seat 1: sta$igk folded before Flop (didn't bet)
Seat 2: CichiChanMarian folded on the River
Seat 3: kars0n (button) folded before Flop (didn't bet)
Seat 4: InteRRio (small blind) folded before Flop
Seat 5: neverforever365 (big blind) collected ($20.37)
Seat 6: Dai5dop folded before Flop (didn't bet)



PokerStars Hand #254212361851:  Hold'em No Limit ($0.50/$1.00 USD) - 2025/01/05 18:33:16 WET [2025/01/05 13:33:16 ET]
Table 'Massinga' 6-max Seat #4 is the button
Seat 1: sta$igk ($100.50 in chips) 
Seat 2: CichiChanMarian ($100 in chips) 
Seat 3: kars0n ($116.78 in chips) 
Seat 4: InteRRio ($100 in chips) 
Seat 5: neverforever365 ($136.89 in chips) 
Seat 6: Dai5dop ($109.98 in chips) 
neverforever365: posts small blind $0.50
Dai5dop: posts big blind $1
*** HOLE CARDS ***
sta$igk: folds 
CichiChanMarian: folds 
kars0n: raises $1.50 to $2.50
InteRRio: raises $5 to $7.50
neverforever365: folds 
Dai5dop: folds 
kars0n: folds 
Uncalled bet ($5) returned to InteRRio
InteRRio collected $6.50 from pot
InteRRio: doesn't show hand 
*** SUMMARY ***
Total pot $6.50 | Rake $0 
Seat 1: sta$igk folded before Flop (didn't bet)
Seat 2: CichiChanMarian folded before Flop (didn't bet)
Seat 3: kars0n folded before Flop
Seat 4: InteRRio (button) collected ($6.50)
Seat 5: neverforever365 (small blind) folded before Flop
Seat 6: Dai5dop (big blind) folded before Flop



PokerStars Hand #254212371065:  Hold'em No Limit ($0.50/$1.00 USD) - 2025/01/05 18:33:39 WET [2025/01/05 13:33:39 ET]
Table 'Massinga' 6-max Seat #5 is the button
Seat 1: sta$igk ($100.50 in chips) 
Seat 2: CichiChanMarian ($100 in chips) 
Seat 3: kars0n ($114.28 in chips) 
Seat 4: InteRRio ($104 in chips) 
Seat 5: neverforever365 ($136.39 in chips) 
Seat 6: Dai5dop ($108.98 in chips) 
Dai5dop: posts small blind $0.50
sta$igk: posts big blind $1
*** HOLE CARDS ***
CichiChanMarian: folds 
kars0n: folds 
InteRRio: folds 
neverforever365: raises $2 to $3
Dai5dop: folds 
sta$igk: folds 
Uncalled bet ($2) returned to neverforever365
neverforever365 collected $2.50 from pot
*** SUMMARY ***
Total pot $2.50 | Rake $0 
Seat 1: sta$igk (big blind) folded before Flop
Seat 2: CichiChanMarian folded before Flop (didn't bet)
Seat 3: kars0n folded before Flop (didn't bet)
Seat 4: InteRRio folded before Flop (didn't bet)
Seat 5: neverforever365 (button) collected ($2.50)
Seat 6: Dai5dop (small blind) folded before Flop



PokerStars Hand #254212377725:  Hold'em No Limit ($0.50/$1.00 USD) - 2025/01/05 18:33:57 WET [2025/01/05 13:33:57 ET]
Table 'Massinga' 6-max Seat #6 is the button
Seat 1: sta$igk ($100 in chips) 
Seat 2: CichiChanMarian ($100 in chips) 
Seat 3: kars0n ($114.28 in chips) 
Seat 4: InteRRio ($104 in chips) 
Seat 5: neverforever365 ($137.89 in chips) 
Seat 6: Dai5dop ($108.48 in chips) 
sta$igk: posts small blind $0.50
CichiChanMarian: posts big blind $1
*** HOLE CARDS ***
kars0n: folds 
InteRRio: folds 
neverforever365: folds 
Dai5dop: raises $1.50 to $2.50
sta$igk: folds 
CichiChanMarian: folds 
Uncalled bet ($1.50) returned to Dai5dop
Dai5dop collected $2.50 from pot
Dai5dop: doesn't show hand 
*** SUMMARY ***
Total pot $2.50 | Rake $0 
Seat 1: sta$igk (small blind) folded before Flop
Seat 2: CichiChanMarian (big blind) folded before Flop
Seat 3: kars0n folded before Flop (didn't bet)
Seat 4: InteRRio folded before Flop (didn't bet)
Seat 5: neverforever365 folded before Flop (didn't bet)
Seat 6: Dai5dop (button) collected ($2.50)



PokerStars Hand #254212382563:  Hold'em No Limit ($0.50/$1.00 USD) - 2025/01/05 18:34:09 WET [2025/01/05 13:34:09 ET]
Table 'Massinga' 6-max Seat #1 is the button
Seat 1: sta$igk ($100 in chips) 
Seat 2: CichiChanMarian ($100 in chips) 
Seat 3: kars0n ($114.28 in chips) 
Seat 4: InteRRio ($104 in chips) 
Seat 5: neverforever365 ($137.89 in chips) 
Seat 6: Dai5dop ($109.98 in chips) 
CichiChanMarian: posts small blind $0.50
kars0n: posts big blind $1
*** HOLE CARDS ***
InteRRio: raises $1.50 to $2.50
neverforever365: folds 
Dai5dop: folds 
sta$igk: folds 
CichiChanMarian: folds 
kars0n: folds 
Uncalled bet ($1.50) returned to InteRRio
InteRRio collected $2.50 from pot
InteRRio: doesn't show hand 
*** SUMMARY ***
Total pot $2.50 | Rake $0 
Seat 1: sta$igk (button) folded before Flop (didn't bet)
Seat 2: CichiChanMarian (small blind) folded before Flop
Seat 3: kars0n (big blind) folded before Flop
Seat 4: InteRRio collected ($2.50)
Seat 5: neverforever365 folded before Flop (didn't bet)
Seat 6: Dai5dop folded before Flop (didn't bet)



PokerStars Hand #254212388219:  Hold'em No Limit ($0.50/$1.00 USD) - 2025/01/05 18:34:24 WET [2025/01/05 13:34:24 ET]
Table 'Massinga' 6-max Seat #2 is the button
Seat 4: InteRRio ($105.50 in chips) is sitting out
Seat 1: sta$igk ($100 in chips) 
Seat 2: CichiChanMarian ($100 in chips) 
Seat 3: kars0n ($113.28 in chips) 
Seat 5: neverforever365 ($137.89 in chips) 
Seat 6: Dai5dop ($109.98 in chips) 
kars0n: posts small blind $0.50
InteRRio: is sitting out 
neverforever365: posts big blind $1
*** HOLE CARDS ***
InteRRio leaves the table
Dai5dop: folds 
sta$igk: folds 
CichiChanMarian: folds 
kars0n: raises $2 to $3
neverforever365: folds 
Uncalled bet ($2) returned to kars0n
kars0n collected $2 from pot
kars0n: doesn't show hand 
*** SUMMARY ***
Total pot $2 | Rake $0 
Seat 4: InteRRio
Seat 1: sta$igk folded before Flop (didn't bet)
Seat 2: CichiChanMarian (button) folded before Flop (didn't bet)
Seat 3: kars0n (small blind) collected ($2)
Seat 5: neverforever365 (big blind) folded before Flop
Seat 6: Dai5dop folded before Flop (didn't bet)



PokerStars Hand #254212398203:  Hold'em No Limit ($0.50/$1.00 USD) - 2025/01/05 18:34:49 WET [2025/01/05 13:34:49 ET]
Table 'Massinga' 6-max Seat #3 is the button
Seat 1: sta$igk ($100 in chips) 
Seat 2: CichiChanMarian ($100 in chips) 
Seat 3: kars0n ($114.28 in chips) 
Seat 5: neverforever365 ($136.89 in chips) 
Seat 6: Dai5dop ($109.98 in chips) 
neverforever365: posts small blind $0.50
Dai5dop: posts big blind $1
*** HOLE CARDS ***
sta$igk: folds 
CichiChanMarian: folds 
kars0n: folds 
neverforever365: folds 
Uncalled bet ($0.50) returned to Dai5dop
Dai5dop collected $1 from pot
Dai5dop: doesn't show hand 
*** SUMMARY ***
Total pot $1 | Rake $0 
Seat 1: sta$igk folded before Flop (didn't bet)
Seat 2: CichiChanMarian folded before Flop (didn't bet)
Seat 3: kars0n (button) folded before Flop (didn't bet)
Seat 5: neverforever365 (small blind) folded before Flop
Seat 6: Dai5dop (big blind) collected ($1)



PokerStars Hand #254212403497:  Hold'em No Limit ($0.50/$1.00 USD) - 2025/01/05 18:35:03 WET [2025/01/05 13:35:03 ET]
Table 'Massinga' 6-max Seat #5 is the button
Seat 1: sta$igk ($100 in chips) 
Seat 2: CichiChanMarian ($100 in chips) 
Seat 3: kars0n ($114.28 in chips) 
Seat 5: neverforever365 ($136.39 in chips) 
Seat 6: Dai5dop ($110.48 in chips) 
Dai5dop: posts small blind $0.50
sta$igk: posts big blind $1
*** HOLE CARDS ***
CichiChanMarian: folds 
kars0n: raises $1.50 to $2.50
neverforever365: calls $2.50
Dai5dop: folds 
sta$igk: folds 
*** FLOP *** [Ah 8s 3s]
kars0n: bets $3.09
neverforever365: folds 
Uncalled bet ($3.09) returned to kars0n
kars0n collected $6.18 from pot
kars0n: doesn't show hand 
*** SUMMARY ***
Total pot $6.50 | Rake $0.32 
Board [Ah 8s 3s]
Seat 1: sta$igk (big blind) folded before Flop
Seat 2: CichiChanMarian folded before Flop (didn't bet)
Seat 3: kars0n collected ($6.18)
Seat 5: neverforever365 (button) folded on the Flop
Seat 6: Dai5dop (small blind) folded before Flop



PokerStars Hand #254212411721:  Hold'em No Limit ($0.50/$1.00 USD) - 2025/01/05 18:35:24 WET [2025/01/05 13:35:24 ET]
Table 'Massinga' 6-max Seat #6 is the button
Seat 1: sta$igk ($100 in chips) 
Seat 2: CichiChanMarian ($100 in chips) 
Seat 3: kars0n ($117.96 in chips) 
Seat 5: neverforever365 ($133.89 in chips) 
Seat 6: Dai5dop ($109.98 in chips) 
sta$igk: posts small blind $0.50
CichiChanMarian: posts big blind $1
*** HOLE CARDS ***
kars0n: folds 
neverforever365: folds 
Dai5dop: folds 
sta$igk: raises $2 to $3
CichiChanMarian: calls $2
*** FLOP *** [2h As Jd]
sta$igk: bets $1.88
CichiChanMarian: calls $1.88
*** TURN *** [2h As Jd] [6s]
sta$igk: checks 
CichiChanMarian: checks 
*** RIVER *** [2h As Jd 6s] [4h]
sta$igk: bets $4.64
CichiChanMarian: raises $12.36 to $17
sta$igk: folds 
Uncalled bet ($12.36) returned to CichiChanMarian
CichiChanMarian collected $18.09 from pot
CichiChanMarian: doesn't show hand 
*** SUMMARY ***
Total pot $19.04 | Rake $0.95 
Board [2h As Jd 6s 4h]
Seat 1: sta$igk (small blind) folded on the River
Seat 2: CichiChanMarian (big blind) collected ($18.09)
Seat 3: kars0n folded before Flop (didn't bet)
Seat 5: neverforever365 folded before Flop (didn't bet)
Seat 6: Dai5dop (button) folded before Flop (didn't bet)



PokerStars Hand #254212451430:  Hold'em No Limit ($0.50/$1.00 USD) - 2025/01/05 18:37:05 WET [2025/01/05 13:37:05 ET]
Table 'Massinga' 6-max Seat #1 is the button
Seat 1: sta$igk ($100 in chips) 
Seat 2: CichiChanMarian ($108.57 in chips) 
Seat 3: kars0n ($117.96 in chips) 
Seat 5: neverforever365 ($133.89 in chips) 
Seat 6: Dai5dop ($109.98 in chips) 
CichiChanMarian: posts small blind $0.50
kars0n: posts big blind $1
*** HOLE CARDS ***
neverforever365: calls $1
Dai5dop: raises $3 to $4
sta$igk: folds 
CichiChanMarian: folds 
kars0n: calls $3
neverforever365: calls $3
*** FLOP *** [9h Tc 5s]
kars0n: checks 
neverforever365: bets $5.94
Dai5dop: folds 
kars0n: folds 
Uncalled bet ($5.94) returned to neverforever365
neverforever365 collected $11.88 from pot
*** SUMMARY ***
Total pot $12.50 | Rake $0.62 
Board [9h Tc 5s]
Seat 1: sta$igk (button) folded before Flop (didn't bet)
Seat 2: CichiChanMarian (small blind) folded before Flop
Seat 3: kars0n (big blind) folded on the Flop
Seat 5: neverforever365 collected ($11.88)
Seat 6: Dai5dop folded on the Flop



PokerStars Hand #254212463671:  Hold'em No Limit ($0.50/$1.00 USD) - 2025/01/05 18:37:36 WET [2025/01/05 13:37:36 ET]
Table 'Massinga' 6-max Seat #2 is the button
Seat 1: sta$igk ($100 in chips) 
Seat 2: CichiChanMarian ($108.07 in chips) 
Seat 3: kars0n ($113.96 in chips) 
Seat 5: neverforever365 ($141.77 in chips) 
Seat 6: Dai5dop ($105.98 in chips) 
kars0n: posts small blind $0.50
neverforever365: posts big blind $1
*** HOLE CARDS ***
Dai5dop: raises $1.20 to $2.20
dreimis190 joins the table at seat #4 
sta$igk: folds 
CichiChanMarian: raises $4.84 to $7.04
kars0n: folds 
neverforever365: folds 
Dai5dop: folds 
Uncalled bet ($4.84) returned to CichiChanMarian
CichiChanMarian collected $5.90 from pot
CichiChanMarian: doesn't show hand 
*** SUMMARY ***
Total pot $5.90 | Rake $0 
Seat 1: sta$igk folded before Flop (didn't bet)
Seat 2: CichiChanMarian (button) collected ($5.90)
Seat 3: kars0n (small blind) folded before Flop
Seat 5: neverforever365 (big blind) folded before Flop
Seat 6: Dai5dop folded before Flop



PokerStars Hand #254212475027:  Hold'em No Limit ($0.50/$1.00 USD) - 2025/01/05 18:38:05 WET [2025/01/05 13:38:05 ET]
Table 'Massinga' 6-max Seat #3 is the button
Seat 4: dreimis190 ($100 in chips) is sitting out
Seat 1: sta$igk ($100 in chips) 
Seat 2: CichiChanMarian ($111.77 in chips) 
Seat 3: kars0n ($113.46 in chips) 
Seat 5: neverforever365 ($140.77 in chips) 
Seat 6: Dai5dop ($103.78 in chips) 
neverforever365: posts small blind $0.50
Dai5dop: posts big blind $1
*** HOLE CARDS ***
sta$igk: folds 
CichiChanMarian: folds 
kars0n: folds 
neverforever365: folds 
Uncalled bet ($0.50) returned to Dai5dop
Dai5dop collected $1 from pot
Dai5dop: doesn't show hand 
*** SUMMARY ***
Total pot $1 | Rake $0 
Seat 4: dreimis190
Seat 1: sta$igk folded before Flop (didn't bet)
Seat 2: CichiChanMarian folded before Flop (didn't bet)
Seat 3: kars0n (button) folded before Flop (didn't bet)
Seat 5: neverforever365 (small blind) folded before Flop
Seat 6: Dai5dop (big blind) collected ($1)



PokerStars Hand #254212482379:  Hold'em No Limit ($0.50/$1.00 USD) - 2025/01/05 18:38:23 WET [2025/01/05 13:38:23 ET]
Table 'Massinga' 6-max Seat #5 is the button
Seat 4: dreimis190 ($100 in chips) is sitting out
Seat 1: sta$igk ($100 in chips) 
Seat 2: CichiChanMarian ($111.77 in chips) 
Seat 3: kars0n ($113.46 in chips) 
Seat 5: neverforever365 ($140.27 in chips) 
Seat 6: Dai5dop ($104.28 in chips) 
Dai5dop: posts small blind $0.50
sta$igk: posts big blind $1
dreimis190: sits out 
*** HOLE CARDS ***
CichiChanMarian: folds 
kars0n: folds 
neverforever365: folds 
Dai5dop: folds 
Uncalled bet ($0.50) returned to sta$igk
sta$igk collected $1 from pot
sta$igk: doesn't show hand 
*** SUMMARY ***
Total pot $1 | Rake $0 
Seat 4: dreimis190
Seat 1: sta$igk (big blind) collected ($1)
Seat 2: CichiChanMarian folded before Flop (didn't bet)
Seat 3: kars0n folded before Flop (didn't bet)
Seat 5: neverforever365 (button) folded before Flop (didn't bet)
Seat 6: Dai5dop (small blind) folded before Flop



PokerStars Hand #254212488935:  Hold'em No Limit ($0.50/$1.00 USD) - 2025/01/05 18:38:40 WET [2025/01/05 13:38:40 ET]
Table 'Massinga' 6-max Seat #6 is the button
Seat 4: dreimis190 ($100 in chips) is sitting out
Seat 1: sta$igk ($100.50 in chips) 
Seat 2: CichiChanMarian ($111.77 in chips) 
Seat 3: kars0n ($113.46 in chips) 
Seat 5: neverforever365 ($140.27 in chips) 
Seat 6: Dai5dop ($103.78 in chips) 
sta$igk: posts small blind $0.50
CichiChanMarian: posts big blind $1
dreimis190: sits out 
*** HOLE CARDS ***
kars0n: raises $1 to $2
neverforever365: folds 
Dai5dop: folds 
sta$igk: folds 
CichiChanMarian: folds 
Uncalled bet ($1) returned to kars0n
kars0n collected $2.50 from pot
kars0n: doesn't show hand 
*** SUMMARY ***
Total pot $2.50 | Rake $0 
Seat 4: dreimis190
Seat 1: sta$igk (small blind) folded before Flop
Seat 2: CichiChanMarian (big blind) folded before Flop
Seat 3: kars0n collected ($2.50)
Seat 5: neverforever365 folded before Flop (didn't bet)
Seat 6: Dai5dop (button) folded before Flop (didn't bet)



PokerStars Hand #254212495545:  Hold'em No Limit ($0.50/$1.00 USD) - 2025/01/05 18:38:56 WET [2025/01/05 13:38:56 ET]
Table 'Massinga' 6-max Seat #1 is the button
Seat 4: dreimis190 ($100 in chips) is sitting out
Seat 1: sta$igk ($100 in chips) 
Seat 2: CichiChanMarian ($110.77 in chips) 
Seat 3: kars0n ($114.96 in chips) 
Seat 5: neverforever365 ($140.27 in chips) 
Seat 6: Dai5dop ($103.78 in chips) 
CichiChanMarian: posts small blind $0.50
kars0n: posts big blind $1
dreimis190: sits out 
*** HOLE CARDS ***
neverforever365: folds 
Dai5dop: raises $1.50 to $2.50
sta$igk: folds 
CichiChanMarian: raises $10 to $12.50
kars0n: folds 
Dai5dop: folds 
Uncalled bet ($10) returned to CichiChanMarian
CichiChanMarian collected $6 from pot
CichiChanMarian: doesn't show hand 
*** SUMMARY ***
Total pot $6 | Rake $0 
Seat 4: dreimis190
Seat 1: sta$igk (button) folded before Flop (didn't bet)
Seat 2: CichiChanMarian (small blind) collected ($6)
Seat 3: kars0n (big blind) folded before Flop
Seat 5: neverforever365 folded before Flop (didn't bet)
Seat 6: Dai5dop folded before Flop



PokerStars Hand #254212504556:  Hold'em No Limit ($0.50/$1.00 USD) - 2025/01/05 18:39:19 WET [2025/01/05 13:39:19 ET]
Table 'Massinga' 6-max Seat #2 is the button
Seat 1: sta$igk ($100 in chips) 
Seat 2: CichiChanMarian ($114.27 in chips) 
Seat 3: kars0n ($113.96 in chips) 
Seat 4: dreimis190 ($100 in chips) 
Seat 5: neverforever365 ($140.27 in chips) 
Seat 6: Dai5dop ($101.28 in chips) 
kars0n: posts small blind $0.50
dreimis190: posts big blind $1
*** HOLE CARDS ***
neverforever365: calls $1
Dai5dop: folds 
sta$igk: folds 
CichiChanMarian: folds 
kars0n: calls $0.50
dreimis190: checks 
*** FLOP *** [4s 7c 3c]
kars0n: checks 
dreimis190: checks 
neverforever365: bets $1.43
kars0n: folds 
dreimis190: folds 
Uncalled bet ($1.43) returned to neverforever365
neverforever365 collected $2.85 from pot
*** SUMMARY ***
Total pot $3 | Rake $0.15 
Board [4s 7c 3c]
Seat 1: sta$igk folded before Flop (didn't bet)
Seat 2: CichiChanMarian (button) folded before Flop (didn't bet)
Seat 3: kars0n (small blind) folded on the Flop
Seat 4: dreimis190 (big blind) folded on the Flop
Seat 5: neverforever365 collected ($2.85)
Seat 6: Dai5dop folded before Flop (didn't bet)



PokerStars Hand #254212522897:  Hold'em No Limit ($0.50/$1.00 USD) - 2025/01/05 18:40:05 WET [2025/01/05 13:40:05 ET]
Table 'Massinga' 6-max Seat #3 is the button
Seat 1: sta$igk ($100 in chips) 
Seat 2: CichiChanMarian ($114.27 in chips) 
Seat 3: kars0n ($112.96 in chips) 
Seat 4: dreimis190 ($100 in chips) 
Seat 5: neverforever365 ($142.12 in chips) 
Seat 6: Dai5dop ($101.28 in chips) 
dreimis190: posts small blind $0.50
neverforever365: posts big blind $1
*** HOLE CARDS ***
Dai5dop: folds 
sta$igk: raises $1.50 to $2.50
CichiChanMarian: folds 
kars0n: raises $5 to $7.50
dreimis190: folds 
neverforever365: folds 
sta$igk: folds 
Uncalled bet ($5) returned to kars0n
kars0n collected $6.50 from pot
kars0n: doesn't show hand 
*** SUMMARY ***
Total pot $6.50 | Rake $0 
Seat 1: sta$igk folded before Flop
Seat 2: CichiChanMarian folded before Flop (didn't bet)
Seat 3: kars0n (button) collected ($6.50)
Seat 4: dreimis190 (small blind) folded before Flop
Seat 5: neverforever365 (big blind) folded before Flop
Seat 6: Dai5dop folded before Flop (didn't bet)



PokerStars Hand #254212535812:  Hold'em No Limit ($0.50/$1.00 USD) - 2025/01/05 18:40:37 WET [2025/01/05 13:40:37 ET]
Table 'Massinga' 6-max Seat #4 is the button
Seat 1: sta$igk ($100 in chips) 
Seat 2: CichiChanMarian ($114.27 in chips) 
Seat 3: kars0n ($116.96 in chips) 
Seat 4: dreimis190 ($100 in chips) 
Seat 5: neverforever365 ($141.12 in chips) 
Seat 6: Dai5dop ($101.28 in chips) 
neverforever365: posts small blind $0.50
Dai5dop: posts big blind $1
*** HOLE CARDS ***
sta$igk: raises $1.50 to $2.50
CichiChanMarian: folds 
kars0n: folds 
dreimis190: folds 
neverforever365: folds 
Dai5dop: folds 
Uncalled bet ($1.50) returned to sta$igk
sta$igk collected $2.50 from pot
sta$igk: doesn't show hand 
*** SUMMARY ***
Total pot $2.50 | Rake $0 
Seat 1: sta$igk collected ($2.50)
Seat 2: CichiChanMarian folded before Flop (didn't bet)
Seat 3: kars0n folded before Flop (didn't bet)
Seat 4: dreimis190 (button) folded before Flop (didn't bet)
Seat 5: neverforever365 (small blind) folded before Flop
Seat 6: Dai5dop (big blind) folded before Flop



PokerStars Hand #254212545393:  Hold'em No Limit ($0.50/$1.00 USD) - 2025/01/05 18:41:01 WET [2025/01/05 13:41:01 ET]
Table 'Massinga' 6-max Seat #5 is the button
Seat 1: sta$igk ($101.50 in chips) 
Seat 2: CichiChanMarian ($114.27 in chips) 
Seat 3: kars0n ($116.96 in chips) 
Seat 4: dreimis190 ($100 in chips) 
Seat 5: neverforever365 ($140.62 in chips) 
Seat 6: Dai5dop ($100.28 in chips) 
Dai5dop: posts small blind $0.50
sta$igk: posts big blind $1
*** HOLE CARDS ***
CichiChanMarian: folds 
kars0n: raises $1 to $2
dreimis190: folds 
neverforever365: folds 
Dai5dop: raises $8 to $10
sta$igk: folds 
kars0n: folds 
Uncalled bet ($8) returned to Dai5dop
Dai5dop collected $5 from pot
Dai5dop: doesn't show hand 
*** SUMMARY ***
Total pot $5 | Rake $0 
Seat 1: sta$igk (big blind) folded before Flop
Seat 2: CichiChanMarian folded before Flop (didn't bet)
Seat 3: kars0n folded before Flop
Seat 4: dreimis190 folded before Flop (didn't bet)
Seat 5: neverforever365 (button) folded before Flop (didn't bet)
Seat 6: Dai5dop (small blind) collected ($5)



PokerStars Hand #254212555137:  Hold'em No Limit ($0.50/$1.00 USD) - 2025/01/05 18:41:26 WET [2025/01/05 13:41:26 ET]
Table 'Massinga' 6-max Seat #6 is the button
Seat 1: sta$igk ($100.50 in chips) 
Seat 2: CichiChanMarian ($114.27 in chips) 
Seat 3: kars0n ($114.96 in chips) 
Seat 4: dreimis190 ($100 in chips) 
Seat 5: neverforever365 ($140.62 in chips) 
Seat 6: Dai5dop ($103.28 in chips) 
sta$igk: posts small blind $0.50
CichiChanMarian: posts big blind $1
*** HOLE CARDS ***
kars0n: folds 
dreimis190: folds 
neverforever365: calls $1
Dai5dop: folds 
sta$igk: folds 
CichiChanMarian: checks 
*** FLOP *** [7h Jh 7c]
CichiChanMarian: checks 
neverforever365: checks 
*** TURN *** [7h Jh 7c] [Ts]
CichiChanMarian: bets $1.78
neverforever365: calls $1.78
*** RIVER *** [7h Jh 7c Ts] [Kh]
CichiChanMarian: bets $5.76
neverforever365: calls $5.76
*** SHOW DOWN ***
CichiChanMarian: shows [2h 6h] (a flush, King high)
neverforever365: mucks hand 
CichiChanMarian collected $16.70 from pot
*** SUMMARY ***
Total pot $17.58 | Rake $0.88 
Board [7h Jh 7c Ts Kh]
Seat 1: sta$igk (small blind) folded before Flop
Seat 2: CichiChanMarian (big blind) showed [2h 6h] and won ($16.70) with a flush, King high
Seat 3: kars0n folded before Flop (didn't bet)
Seat 4: dreimis190 folded before Flop (didn't bet)
Seat 5: neverforever365 mucked
Seat 6: Dai5dop (button) folded before Flop (didn't bet)



PokerStars Hand #254212575213:  Hold'em No Limit ($0.50/$1.00 USD) - 2025/01/05 18:42:17 WET [2025/01/05 13:42:17 ET]
Table 'Massinga' 6-max Seat #1 is the button
Seat 1: sta$igk ($100 in chips) 
Seat 2: CichiChanMarian ($122.43 in chips) 
Seat 3: kars0n ($114.96 in chips) 
Seat 4: dreimis190 ($100 in chips) 
Seat 5: neverforever365 ($132.08 in chips) 
Seat 6: Dai5dop ($103.28 in chips) 
CichiChanMarian: posts small blind $0.50
kars0n: posts big blind $1
*** HOLE CARDS ***
dreimis190: folds 
neverforever365: folds 
Dai5dop: raises $1.50 to $2.50
sta$igk: folds 
CichiChanMarian: folds 
kars0n: folds 
Uncalled bet ($1.50) returned to Dai5dop
Dai5dop collected $2.50 from pot
Dai5dop: doesn't show hand 
*** SUMMARY ***
Total pot $2.50 | Rake $0 
Seat 1: sta$igk (button) folded before Flop (didn't bet)
Seat 2: CichiChanMarian (small blind) folded before Flop
Seat 3: kars0n (big blind) folded before Flop
Seat 4: dreimis190 folded before Flop (didn't bet)
Seat 5: neverforever365 folded before Flop (didn't bet)
Seat 6: Dai5dop collected ($2.50)



PokerStars Hand #254212583346:  Hold'em No Limit ($0.50/$1.00 USD) - 2025/01/05 18:42:37 WET [2025/01/05 13:42:37 ET]
Table 'Massinga' 6-max Seat #2 is the button
Seat 1: sta$igk ($100 in chips) 
Seat 2: CichiChanMarian ($121.93 in chips) 
Seat 3: kars0n ($113.96 in chips) 
Seat 4: dreimis190 ($100 in chips) 
Seat 5: neverforever365 ($132.08 in chips) 
Seat 6: Dai5dop ($104.78 in chips) 
kars0n: posts small blind $0.50
dreimis190: posts big blind $1
*** HOLE CARDS ***
neverforever365: folds 
Dai5dop: folds 
sta$igk: folds 
CichiChanMarian: folds 
kars0n: folds 
Uncalled bet ($0.50) returned to dreimis190
dreimis190 collected $1 from pot
dreimis190: doesn't show hand 
*** SUMMARY ***
Total pot $1 | Rake $0 
Seat 1: sta$igk folded before Flop (didn't bet)
Seat 2: CichiChanMarian (button) folded before Flop (didn't bet)
Seat 3: kars0n (small blind) folded before Flop
Seat 4: dreimis190 (big blind) collected ($1)
Seat 5: neverforever365 folded before Flop (didn't bet)
Seat 6: Dai5dop folded before Flop (didn't bet)



PokerStars Hand #254212590007:  Hold'em No Limit ($0.50/$1.00 USD) - 2025/01/05 18:42:53 WET [2025/01/05 13:42:53 ET]
Table 'Massinga' 6-max Seat #3 is the button
Seat 1: sta$igk ($100 in chips) 
Seat 2: CichiChanMarian ($121.93 in chips) 
Seat 3: kars0n ($113.46 in chips) 
Seat 4: dreimis190 ($100.50 in chips) 
Seat 5: neverforever365 ($132.08 in chips) 
Seat 6: Dai5dop ($104.78 in chips) 
dreimis190: posts small blind $0.50
neverforever365: posts big blind $1
*** HOLE CARDS ***
Dai5dop: folds 
sta$igk: folds 
CichiChanMarian: raises $1.50 to $2.50
kars0n: folds 
dreimis190: folds 
neverforever365: calls $1.50
*** FLOP *** [Ts 5d 2s]
neverforever365: bets $2.61
CichiChanMarian: folds 
Uncalled bet ($2.61) returned to neverforever365
neverforever365 collected $5.22 from pot
*** SUMMARY ***
Total pot $5.50 | Rake $0.28 
Board [Ts 5d 2s]
Seat 1: sta$igk folded before Flop (didn't bet)
Seat 2: CichiChanMarian folded on the Flop
Seat 3: kars0n (button) folded before Flop (didn't bet)
Seat 4: dreimis190 (small blind) folded before Flop
Seat 5: neverforever365 (big blind) collected ($5.22)
Seat 6: Dai5dop folded before Flop (didn't bet)



PokerStars Hand #254212600672:  Hold'em No Limit ($0.50/$1.00 USD) - 2025/01/05 18:43:20 WET [2025/01/05 13:43:20 ET]
Table 'Massinga' 6-max Seat #4 is the button
Seat 1: sta$igk ($100 in chips) 
Seat 2: CichiChanMarian ($119.43 in chips) 
Seat 3: kars0n ($113.46 in chips) 
Seat 4: dreimis190 ($100 in chips) 
Seat 5: neverforever365 ($134.80 in chips) 
Seat 6: Dai5dop ($104.78 in chips) 
neverforever365: posts small blind $0.50
Dai5dop: posts big blind $1
*** HOLE CARDS ***
sta$igk: folds 
CichiChanMarian: folds 
kars0n: folds 
dreimis190: folds 
neverforever365: folds 
Uncalled bet ($0.50) returned to Dai5dop
Dai5dop collected $1 from pot
Dai5dop: doesn't show hand 
*** SUMMARY ***
Total pot $1 | Rake $0 
Seat 1: sta$igk folded before Flop (didn't bet)
Seat 2: CichiChanMarian folded before Flop (didn't bet)
Seat 3: kars0n folded before Flop (didn't bet)
Seat 4: dreimis190 (button) folded before Flop (didn't bet)
Seat 5: neverforever365 (small blind) folded before Flop
Seat 6: Dai5dop (big blind) collected ($1)



PokerStars Hand #254212606964:  Hold'em No Limit ($0.50/$1.00 USD) - 2025/01/05 18:43:36 WET [2025/01/05 13:43:36 ET]
Table 'Massinga' 6-max Seat #5 is the button
Seat 1: sta$igk ($100 in chips) 
Seat 2: CichiChanMarian ($119.43 in chips) 
Seat 3: kars0n ($113.46 in chips) 
Seat 4: dreimis190 ($100 in chips) 
Seat 5: neverforever365 ($134.30 in chips) 
Seat 6: Dai5dop ($105.28 in chips) 
Dai5dop: posts small blind $0.50
sta$igk: posts big blind $1
*** HOLE CARDS ***
CichiChanMarian: raises $1.50 to $2.50
kars0n: folds 
dreimis190: folds 
neverforever365: folds 
Dai5dop: folds 
sta$igk: folds 
Uncalled bet ($1.50) returned to CichiChanMarian
CichiChanMarian collected $2.50 from pot
CichiChanMarian: doesn't show hand 
*** SUMMARY ***
Total pot $2.50 | Rake $0 
Seat 1: sta$igk (big blind) folded before Flop
Seat 2: CichiChanMarian collected ($2.50)
Seat 3: kars0n folded before Flop (didn't bet)
Seat 4: dreimis190 folded before Flop (didn't bet)
Seat 5: neverforever365 (button) folded before Flop (didn't bet)
Seat 6: Dai5dop (small blind) folded before Flop



PokerStars Hand #254212611205:  Hold'em No Limit ($0.50/$1.00 USD) - 2025/01/05 18:43:47 WET [2025/01/05 13:43:47 ET]
Table 'Massinga' 6-max Seat #6 is the button
Seat 1: sta$igk ($100 in chips) 
Seat 2: CichiChanMarian ($120.93 in chips) 
Seat 3: kars0n ($113.46 in chips) 
Seat 4: dreimis190 ($100 in chips) 
Seat 5: neverforever365 ($134.30 in chips) 
Seat 6: Dai5dop ($104.78 in chips) 
sta$igk: posts small blind $0.50
CichiChanMarian: posts big blind $1
*** HOLE CARDS ***
kars0n: folds 
dreimis190: folds 
neverforever365: calls $1
Dai5dop: folds 
sta$igk: raises $4 to $5
CichiChanMarian: calls $4
neverforever365: calls $4
*** FLOP *** [Qc Qd Qh]
sta$igk: bets $4.70
CichiChanMarian: calls $4.70
neverforever365: folds 
*** TURN *** [Qc Qd Qh] [8h]
sta$igk: bets $11.59
CichiChanMarian: folds 
Uncalled bet ($11.59) returned to sta$igk
sta$igk collected $23.18 from pot
sta$igk: doesn't show hand 
*** SUMMARY ***
Total pot $24.40 | Rake $1.22 
Board [Qc Qd Qh 8h]
Seat 1: sta$igk (small blind) collected ($23.18)
Seat 2: CichiChanMarian (big blind) folded on the Turn
Seat 3: kars0n folded before Flop (didn't bet)
Seat 4: dreimis190 folded before Flop (didn't bet)
Seat 5: neverforever365 folded on the Flop
Seat 6: Dai5dop (button) folded before Flop (didn't bet)



PokerStars Hand #254212636112:  Hold'em No Limit ($0.50/$1.00 USD) - 2025/01/05 18:44:49 WET [2025/01/05 13:44:49 ET]
Table 'Massinga' 6-max Seat #1 is the button
Seat 1: sta$igk ($113.48 in chips) 
Seat 2: CichiChanMarian ($111.23 in chips) 
Seat 3: kars0n ($113.46 in chips) 
Seat 4: dreimis190 ($100 in chips) 
Seat 5: neverforever365 ($129.30 in chips) 
Seat 6: Dai5dop ($104.78 in chips) 
CichiChanMarian: posts small blind $0.50
kars0n: posts big blind $1
*** HOLE CARDS ***
dreimis190: folds 
neverforever365: folds 
Dai5dop: folds 
sta$igk: folds 
CichiChanMarian: raises $2 to $3
kars0n: calls $2
*** FLOP *** [Kd Ks 2d]
CichiChanMarian: bets $1.88
kars0n: folds 
Uncalled bet ($1.88) returned to CichiChanMarian
CichiChanMarian collected $5.70 from pot
CichiChanMarian: doesn't show hand 
*** SUMMARY ***
Total pot $6 | Rake $0.30 
Board [Kd Ks 2d]
Seat 1: sta$igk (button) folded before Flop (didn't bet)
Seat 2: CichiChanMarian (small blind) collected ($5.70)
Seat 3: kars0n (big blind) folded on the Flop
Seat 4: dreimis190 folded before Flop (didn't bet)
Seat 5: neverforever365 folded before Flop (didn't bet)
Seat 6: Dai5dop folded before Flop (didn't bet)



PokerStars Hand #254212647038:  Hold'em No Limit ($0.50/$1.00 USD) - 2025/01/05 18:45:17 WET [2025/01/05 13:45:17 ET]
Table 'Massinga' 6-max Seat #2 is the button
Seat 1: sta$igk ($113.48 in chips) 
Seat 2: CichiChanMarian ($113.93 in chips) 
Seat 3: kars0n ($110.46 in chips) 
Seat 4: dreimis190 ($100 in chips) 
Seat 5: neverforever365 ($129.30 in chips) 
Seat 6: Dai5dop ($104.78 in chips) 
kars0n: posts small blind $0.50
dreimis190: posts big blind $1
*** HOLE CARDS ***
neverforever365: calls $1
Dai5dop: folds 
sta$igk: folds 
CichiChanMarian: folds 
kars0n: folds 
dreimis190: checks 
*** FLOP *** [Kc 8s Ac]
dreimis190: checks 
neverforever365: checks 
*** TURN *** [Kc 8s Ac] [3s]
dreimis190: bets $1.79
neverforever365: calls $1.79
*** RIVER *** [Kc 8s Ac 3s] [Kd]
dreimis190: bets $1.91
neverforever365: folds 
Uncalled bet ($1.91) returned to dreimis190
dreimis190 collected $5.78 from pot
dreimis190: doesn't show hand 
*** SUMMARY ***
Total pot $6.08 | Rake $0.30 
Board [Kc 8s Ac 3s Kd]
Seat 1: sta$igk folded before Flop (didn't bet)
Seat 2: CichiChanMarian (button) folded before Flop (didn't bet)
Seat 3: kars0n (small blind) folded before Flop
Seat 4: dreimis190 (big blind) collected ($5.78)
Seat 5: neverforever365 folded on the River
Seat 6: Dai5dop folded before Flop (didn't bet)



PokerStars Hand #254212669088:  Hold'em No Limit ($0.50/$1.00 USD) - 2025/01/05 18:46:12 WET [2025/01/05 13:46:12 ET]
Table 'Massinga' 6-max Seat #3 is the button
Seat 1: sta$igk ($113.48 in chips) 
Seat 2: CichiChanMarian ($113.93 in chips) 
Seat 3: kars0n ($109.96 in chips) 
Seat 4: dreimis190 ($102.99 in chips) 
Seat 5: neverforever365 ($126.51 in chips) 
Seat 6: Dai5dop ($104.78 in chips) 
dreimis190: posts small blind $0.50
neverforever365: posts big blind $1
*** HOLE CARDS ***
Dai5dop: folds 
sta$igk: folds 
CichiChanMarian: folds 
kars0n: folds 
dreimis190: folds 
Uncalled bet ($0.50) returned to neverforever365
neverforever365 collected $1 from pot
neverforever365: doesn't show hand 
*** SUMMARY ***
Total pot $1 | Rake $0 
Seat 1: sta$igk folded before Flop (didn't bet)
Seat 2: CichiChanMarian folded before Flop (didn't bet)
Seat 3: kars0n (button) folded before Flop (didn't bet)
Seat 4: dreimis190 (small blind) folded before Flop
Seat 5: neverforever365 (big blind) collected ($1)
Seat 6: Dai5dop folded before Flop (didn't bet)



PokerStars Hand #254212676873:  Hold'em No Limit ($0.50/$1.00 USD) - 2025/01/05 18:46:32 WET [2025/01/05 13:46:32 ET]
Table 'Massinga' 6-max Seat #4 is the button
Seat 1: sta$igk ($113.48 in chips) 
Seat 2: CichiChanMarian ($113.93 in chips) 
Seat 3: kars0n ($109.96 in chips) 
Seat 4: dreimis190 ($102.49 in chips) 
Seat 6: Dai5dop ($104.78 in chips) 
Dai5dop: posts small blind $0.50
sta$igk: posts big blind $1
*** HOLE CARDS ***
CichiChanMarian: raises $1.50 to $2.50
kars0n: folds 
dreimis190: folds 
Dai5dop: folds 
sta$igk: folds 
Uncalled bet ($1.50) returned to CichiChanMarian
CichiChanMarian collected $2.50 from pot
CichiChanMarian: doesn't show hand 
*** SUMMARY ***
Total pot $2.50 | Rake $0 
Seat 1: sta$igk (big blind) folded before Flop
Seat 2: CichiChanMarian collected ($2.50)
Seat 3: kars0n folded before Flop (didn't bet)
Seat 4: dreimis190 (button) folded before Flop (didn't bet)
Seat 6: Dai5dop (small blind) folded before Flop



PokerStars Hand #254212681844:  Hold'em No Limit ($0.50/$1.00 USD) - 2025/01/05 18:46:44 WET [2025/01/05 13:46:44 ET]
Table 'Massinga' 6-max Seat #6 is the button
Seat 2: CichiChanMarian ($115.43 in chips) is sitting out
Seat 1: sta$igk ($112.48 in chips) 
Seat 3: kars0n ($109.96 in chips) 
Seat 4: dreimis190 ($102.49 in chips) 
Seat 6: Dai5dop ($104.28 in chips) 
sta$igk: posts small blind $0.50
CichiChanMarian: is sitting out 
kars0n: posts big blind $1
*** HOLE CARDS ***
dreimis190: folds 
Dai5dop: raises $1.50 to $2.50
dreimis190 leaves the table
sta$igk: raises $8.50 to $11
kars0n: folds 
Dai5dop: folds 
Uncalled bet ($8.50) returned to sta$igk
sta$igk collected $6 from pot
sta$igk: doesn't show hand 
*** SUMMARY ***
Total pot $6 | Rake $0 
Seat 2: CichiChanMarian
Seat 1: sta$igk (small blind) collected ($6)
Seat 3: kars0n (big blind) folded before Flop
Seat 4: dreimis190 folded before Flop (didn't bet)
Seat 6: Dai5dop (button) folded before Flop



PokerStars Hand #254212687876:  Hold'em No Limit ($0.50/$1.00 USD) - 2025/01/05 18:46:59 WET [2025/01/05 13:46:59 ET]
Table 'Massinga' 6-max Seat #1 is the button
Seat 2: CichiChanMarian ($115.43 in chips) is sitting out
Seat 1: sta$igk ($115.98 in chips) 
Seat 3: kars0n ($108.96 in chips) 
Seat 6: Dai5dop ($101.78 in chips) 
kars0n: posts small blind $0.50
Dai5dop: posts big blind $1
*** HOLE CARDS ***
sta$igk: raises $1.50 to $2.50
kars0n: folds 
Dai5dop: folds 
Uncalled bet ($1.50) returned to sta$igk
CichiChanMarian leaves the table
sta$igk collected $2.50 from pot
sta$igk: doesn't show hand 
*** SUMMARY ***
Total pot $2.50 | Rake $0 
Seat 2: CichiChanMarian
Seat 1: sta$igk (button) collected ($2.50)
Seat 3: kars0n (small blind) folded before Flop
Seat 6: Dai5dop (big blind) folded before Flop



PokerStars Hand #254212692685:  Hold'em No Limit ($0.50/$1.00 USD) - 2025/01/05 18:47:11 WET [2025/01/05 13:47:11 ET]
Table 'Massinga' 6-max Seat #6 is the button
Seat 1: sta$igk ($117.48 in chips) is sitting out
Seat 3: kars0n ($108.46 in chips) 
Seat 6: Dai5dop ($100.78 in chips) 
Dai5dop: posts small blind $0.50
sta$igk: is sitting out 
kars0n: posts big blind $1
*** HOLE CARDS ***
sta$igk leaves the table
Dai5dop: raises $1.50 to $2.50
kars0n: calls $1.50
*** FLOP *** [2d Kd 2h]
kars0n: checks 
Dai5dop: bets $1.43
kars0n: folds 
Uncalled bet ($1.43) returned to Dai5dop
Dai5dop collected $4.75 from pot
Dai5dop: doesn't show hand 
*** SUMMARY ***
Total pot $5 | Rake $0.25 
Board [2d Kd 2h]
Seat 1: sta$igk
Seat 3: kars0n (big blind) folded on the Flop
Seat 6: Dai5dop (button) (small blind) collected ($4.75)



