PokerStars Hand #254204997607:  Hold'em No Limit ($0.50/$1.00 USD) - 2025/01/05 9:32:25 WET [2025/01/05 4:32:25 ET]
Table 'Jupiter II' 6-max Seat #1 is the button
Seat 1: value_ftw ($100 in chips) 
Seat 3: Pon4uk.ua ($100 in chips) 
value_ftw: posts small blind $0.50
Pon4uk.ua: posts big blind $1
*** HOLE CARDS ***
value_ftw: raises $2 to $3
Pon4uk.ua: calls $2
*** FLOP *** [9d Qs Ad]
Pon4uk.ua: checks 
value_ftw: bets $4.28
Pon4uk.ua: folds 
Uncalled bet ($4.28) returned to value_ftw
value_ftw collected $5.70 from pot
value_ftw: doesn't show hand 
*** SUMMARY ***
Total pot $6 | Rake $0.30 
Board [9d Qs Ad]
Seat 1: value_ftw (button) (small blind) collected ($5.70)
Seat 3: Pon4uk.ua (big blind) folded on the Flop



PokerStars Hand #254205015398:  Hold'em No Limit ($0.50/$1.00 USD) - 2025/01/05 9:35:12 WET [2025/01/05 4:35:12 ET]
Table 'Jupiter II' 6-max Seat #2 is the button
Seat 1: value_ftw ($102.70 in chips) 
Seat 2: nastja336 ($100 in chips) 
Seat 3: Alinyr ($100 in chips) 
Seat 4: equilibrium_tv ($31 in chips) 
Seat 5: luciferstands ($30.93 in chips) 
Seat 6: NOTfishON ($100 in chips) 
Alinyr: posts small blind $0.50
equilibrium_tv is connected 
equilibrium_tv: posts big blind $1
*** HOLE CARDS ***
luciferstands: raises $1 to $2
NOTfishON: folds 
value_ftw: folds 
nastja336: folds 
Alinyr: folds 
equilibrium_tv: raises $29 to $31 and is all-in
luciferstands: folds 
Uncalled bet ($29) returned to equilibrium_tv
equilibrium_tv collected $4.50 from pot
*** SUMMARY ***
Total pot $4.50 | Rake $0 
Seat 1: value_ftw folded before Flop (didn't bet)
Seat 2: nastja336 (button) folded before Flop (didn't bet)
Seat 3: Alinyr (small blind) folded before Flop
Seat 4: equilibrium_tv (big blind) collected ($4.50)
Seat 5: luciferstands folded before Flop
Seat 6: NOTfishON folded before Flop (didn't bet)



PokerStars Hand #254205020236:  Hold'em No Limit ($0.50/$1.00 USD) - 2025/01/05 9:35:56 WET [2025/01/05 4:35:56 ET]
Table 'Jupiter II' 6-max Seat #3 is the button
Seat 1: value_ftw ($102.70 in chips) 
Seat 2: nastja336 ($100 in chips) 
Seat 3: Alinyr ($100 in chips) 
Seat 4: equilibrium_tv ($33.50 in chips) 
Seat 5: luciferstands ($28.93 in chips) 
Seat 6: NOTfishON ($100 in chips) 
equilibrium_tv: posts small blind $0.50
luciferstands: posts big blind $1
*** HOLE CARDS ***
NOTfishON: folds 
value_ftw: folds 
nastja336: folds 
Alinyr: raises $1.50 to $2.50
equilibrium_tv: folds 
luciferstands: calls $1.50
*** FLOP *** [3c 4d 4s]
luciferstands: checks 
Alinyr: checks 
*** TURN *** [3c 4d 4s] [7d]
luciferstands: bets $3
Alinyr: folds 
Uncalled bet ($3) returned to luciferstands
luciferstands collected $5.15 from pot
*** SUMMARY ***
Total pot $5.50 | Rake $0.35 
Board [3c 4d 4s 7d]
Seat 1: value_ftw folded before Flop (didn't bet)
Seat 2: nastja336 folded before Flop (didn't bet)
Seat 3: Alinyr (button) folded on the Turn
Seat 4: equilibrium_tv (small blind) folded before Flop
Seat 5: luciferstands (big blind) collected ($5.15)
Seat 6: NOTfishON folded before Flop (didn't bet)



PokerStars Hand #254205025517:  Hold'em No Limit ($0.50/$1.00 USD) - 2025/01/05 9:36:45 WET [2025/01/05 4:36:45 ET]
Table 'Jupiter II' 6-max Seat #4 is the button
Seat 1: value_ftw ($102.70 in chips) 
Seat 2: nastja336 ($100 in chips) 
Seat 3: Alinyr ($100 in chips) 
Seat 4: equilibrium_tv ($33 in chips) 
Seat 5: luciferstands ($31.58 in chips) 
Seat 6: NOTfishON ($100 in chips) 
luciferstands: posts small blind $0.50
NOTfishON: posts big blind $1
*** HOLE CARDS ***
value_ftw: folds 
nastja336: folds 
Alinyr: folds 
equilibrium_tv: folds 
luciferstands: calls $0.50
NOTfishON: checks 
*** FLOP *** [Kd 2h Td]
luciferstands: checks 
NOTfishON: bets $1
luciferstands: calls $1
*** TURN *** [Kd 2h Td] [Qh]
luciferstands: bets $2
NOTfishON: folds 
Uncalled bet ($2) returned to luciferstands
luciferstands collected $3.75 from pot
*** SUMMARY ***
Total pot $4 | Rake $0.25 
Board [Kd 2h Td Qh]
Seat 1: value_ftw folded before Flop (didn't bet)
Seat 2: nastja336 folded before Flop (didn't bet)
Seat 3: Alinyr folded before Flop (didn't bet)
Seat 4: equilibrium_tv (button) folded before Flop (didn't bet)
Seat 5: luciferstands (small blind) collected ($3.75)
Seat 6: NOTfishON (big blind) folded on the Turn



PokerStars Hand #254205032569:  Hold'em No Limit ($0.50/$1.00 USD) - 2025/01/05 9:37:51 WET [2025/01/05 4:37:51 ET]
Table 'Jupiter II' 6-max Seat #5 is the button
Seat 1: value_ftw ($102.70 in chips) 
Seat 2: nastja336 ($100 in chips) 
Seat 3: Alinyr ($100 in chips) 
Seat 4: equilibrium_tv ($33 in chips) 
Seat 5: luciferstands ($33.33 in chips) 
Seat 6: NOTfishON ($100 in chips) 
NOTfishON: posts small blind $0.50
value_ftw: posts big blind $1
*** HOLE CARDS ***
nastja336: folds 
Alinyr: folds 
equilibrium_tv: folds 
luciferstands: calls $1
NOTfishON: folds 
value_ftw: raises $3.50 to $4.50
luciferstands: folds 
Uncalled bet ($3.50) returned to value_ftw
value_ftw collected $2.50 from pot
value_ftw: doesn't show hand 
*** SUMMARY ***
Total pot $2.50 | Rake $0 
Seat 1: value_ftw (big blind) collected ($2.50)
Seat 2: nastja336 folded before Flop (didn't bet)
Seat 3: Alinyr folded before Flop (didn't bet)
Seat 4: equilibrium_tv folded before Flop (didn't bet)
Seat 5: luciferstands (button) folded before Flop
Seat 6: NOTfishON (small blind) folded before Flop



PokerStars Hand #254205035869:  Hold'em No Limit ($0.50/$1.00 USD) - 2025/01/05 9:38:21 WET [2025/01/05 4:38:21 ET]
Table 'Jupiter II' 6-max Seat #6 is the button
Seat 1: value_ftw ($104.20 in chips) 
Seat 2: nastja336 ($100 in chips) 
Seat 3: Alinyr ($100 in chips) 
Seat 4: equilibrium_tv ($33 in chips) 
Seat 5: luciferstands ($32.33 in chips) 
Seat 6: NOTfishON ($100 in chips) 
value_ftw: posts small blind $0.50
nastja336: posts big blind $1
*** HOLE CARDS ***
Alinyr: folds 
equilibrium_tv: folds 
luciferstands: calls $1
NOTfishON: raises $2.90 to $3.90
value_ftw: raises $8.60 to $12.50
nastja336: folds 
luciferstands: folds 
NOTfishON: calls $8.60
*** FLOP *** [6s 5h 8h]
value_ftw: bets $11
NOTfishON: raises $14.77 to $25.77
value_ftw: folds 
Uncalled bet ($14.77) returned to NOTfishON
NOTfishON collected $46.55 from pot
*** SUMMARY ***
Total pot $49 | Rake $2.45 
Board [6s 5h 8h]
Seat 1: value_ftw (small blind) folded on the Flop
Seat 2: nastja336 (big blind) folded before Flop
Seat 3: Alinyr folded before Flop (didn't bet)
Seat 4: equilibrium_tv folded before Flop (didn't bet)
Seat 5: luciferstands folded before Flop
Seat 6: NOTfishON (button) collected ($46.55)



PokerStars Hand #254205043714:  Hold'em No Limit ($0.50/$1.00 USD) - 2025/01/05 9:39:33 WET [2025/01/05 4:39:33 ET]
Table 'Jupiter II' 6-max Seat #1 is the button
Seat 1: value_ftw ($100 in chips) 
Seat 2: nastja336 ($100 in chips) 
Seat 3: Alinyr ($100 in chips) 
Seat 4: equilibrium_tv ($33 in chips) 
Seat 5: luciferstands ($31.33 in chips) 
Seat 6: NOTfishON ($123.05 in chips) 
nastja336: posts small blind $0.50
Alinyr: posts big blind $1
*** HOLE CARDS ***
equilibrium_tv: folds 
luciferstands: folds 
NOTfishON: folds 
value_ftw: folds 
nastja336: folds 
Uncalled bet ($0.50) returned to Alinyr
Alinyr collected $1 from pot
Alinyr: doesn't show hand 
*** SUMMARY ***
Total pot $1 | Rake $0 
Seat 1: value_ftw (button) folded before Flop (didn't bet)
Seat 2: nastja336 (small blind) folded before Flop
Seat 3: Alinyr (big blind) collected ($1)
Seat 4: equilibrium_tv folded before Flop (didn't bet)
Seat 5: luciferstands folded before Flop (didn't bet)
Seat 6: NOTfishON folded before Flop (didn't bet)



PokerStars Hand #254205045928:  Hold'em No Limit ($0.50/$1.00 USD) - 2025/01/05 9:39:53 WET [2025/01/05 4:39:53 ET]
Table 'Jupiter II' 6-max Seat #2 is the button
Seat 1: value_ftw ($100 in chips) 
Seat 2: nastja336 ($100 in chips) 
Seat 3: Alinyr ($100.50 in chips) 
Seat 4: equilibrium_tv ($33 in chips) 
Seat 5: luciferstands ($31.33 in chips) 
Seat 6: NOTfishON ($123.05 in chips) 
Alinyr: posts small blind $0.50
equilibrium_tv: posts big blind $1
*** HOLE CARDS ***
luciferstands: calls $1
NOTfishON: folds 
value_ftw: folds 
nastja336: folds 
Alinyr: raises $3 to $4
equilibrium_tv: folds 
luciferstands: folds 
Uncalled bet ($3) returned to Alinyr
Alinyr collected $3 from pot
Alinyr: doesn't show hand 
*** SUMMARY ***
Total pot $3 | Rake $0 
Seat 1: value_ftw folded before Flop (didn't bet)
Seat 2: nastja336 (button) folded before Flop (didn't bet)
Seat 3: Alinyr (small blind) collected ($3)
Seat 4: equilibrium_tv (big blind) folded before Flop
Seat 5: luciferstands folded before Flop
Seat 6: NOTfishON folded before Flop (didn't bet)



PokerStars Hand #254205048133:  Hold'em No Limit ($0.50/$1.00 USD) - 2025/01/05 9:40:13 WET [2025/01/05 4:40:13 ET]
Table 'Jupiter II' 6-max Seat #3 is the button
Seat 1: value_ftw ($100 in chips) 
Seat 2: nastja336 ($100 in chips) 
Seat 3: Alinyr ($102.50 in chips) 
Seat 4: equilibrium_tv ($32 in chips) 
Seat 5: luciferstands ($30.33 in chips) 
Seat 6: NOTfishON ($123.05 in chips) 
equilibrium_tv: posts small blind $0.50
luciferstands: posts big blind $1
*** HOLE CARDS ***
NOTfishON: folds 
value_ftw: raises $1.20 to $2.20
nastja336: folds 
Alinyr: folds 
equilibrium_tv: calls $1.70
luciferstands: calls $1.20
*** FLOP *** [7h Tc 2d]
equilibrium_tv: checks 
luciferstands: checks 
value_ftw: checks 
*** TURN *** [7h Tc 2d] [As]
equilibrium_tv: checks 
luciferstands: bets $2
value_ftw: calls $2
equilibrium_tv: calls $2
*** RIVER *** [7h Tc 2d As] [Ac]
equilibrium_tv: checks 
luciferstands: checks 
value_ftw: bets $5.99
equilibrium_tv: folds 
luciferstands: folds 
Uncalled bet ($5.99) returned to value_ftw
value_ftw collected $11.97 from pot
value_ftw: doesn't show hand 
*** SUMMARY ***
Total pot $12.60 | Rake $0.63 
Board [7h Tc 2d As Ac]
Seat 1: value_ftw collected ($11.97)
Seat 2: nastja336 folded before Flop (didn't bet)
Seat 3: Alinyr (button) folded before Flop (didn't bet)
Seat 4: equilibrium_tv (small blind) folded on the River
Seat 5: luciferstands (big blind) folded on the River
Seat 6: NOTfishON folded before Flop (didn't bet)



PokerStars Hand #254205059439:  Hold'em No Limit ($0.50/$1.00 USD) - 2025/01/05 9:41:53 WET [2025/01/05 4:41:53 ET]
Table 'Jupiter II' 6-max Seat #4 is the button
Seat 1: value_ftw ($107.77 in chips) 
Seat 2: nastja336 ($100 in chips) 
Seat 3: Alinyr ($102.50 in chips) 
Seat 4: equilibrium_tv ($27.80 in chips) 
Seat 5: luciferstands ($26.13 in chips) 
Seat 6: NOTfishON ($123.05 in chips) 
luciferstands: posts small blind $0.50
NOTfishON: posts big blind $1
*** HOLE CARDS ***
value_ftw: folds 
nastja336: folds 
Alinyr: raises $1.28 to $2.28
equilibrium_tv: folds 
luciferstands: calls $1.78
NOTfishON: raises $11.72 to $14
Alinyr: folds 
luciferstands: folds 
Uncalled bet ($11.72) returned to NOTfishON
NOTfishON collected $6.84 from pot
*** SUMMARY ***
Total pot $6.84 | Rake $0 
Seat 1: value_ftw folded before Flop (didn't bet)
Seat 2: nastja336 folded before Flop (didn't bet)
Seat 3: Alinyr folded before Flop
Seat 4: equilibrium_tv (button) folded before Flop (didn't bet)
Seat 5: luciferstands (small blind) folded before Flop
Seat 6: NOTfishON (big blind) collected ($6.84)



PokerStars Hand #254205062353:  Hold'em No Limit ($0.50/$1.00 USD) - 2025/01/05 9:42:19 WET [2025/01/05 4:42:19 ET]
Table 'Jupiter II' 6-max Seat #5 is the button
Seat 1: value_ftw ($107.77 in chips) 
Seat 2: nastja336 ($100 in chips) 
Seat 3: Alinyr ($100.22 in chips) 
Seat 4: equilibrium_tv ($27.80 in chips) 
Seat 5: luciferstands ($23.85 in chips) 
Seat 6: NOTfishON ($127.61 in chips) 
NOTfishON: posts small blind $0.50
value_ftw: posts big blind $1
*** HOLE CARDS ***
nastja336: folds 
Alinyr: folds 
equilibrium_tv: folds 
luciferstands: folds 
NOTfishON: raises $2 to $3
value_ftw: folds 
Uncalled bet ($2) returned to NOTfishON
NOTfishON collected $2 from pot
*** SUMMARY ***
Total pot $2 | Rake $0 
Seat 1: value_ftw (big blind) folded before Flop
Seat 2: nastja336 folded before Flop (didn't bet)
Seat 3: Alinyr folded before Flop (didn't bet)
Seat 4: equilibrium_tv folded before Flop (didn't bet)
Seat 5: luciferstands (button) folded before Flop (didn't bet)
Seat 6: NOTfishON (small blind) collected ($2)



PokerStars Hand #254205064199:  Hold'em No Limit ($0.50/$1.00 USD) - 2025/01/05 9:42:36 WET [2025/01/05 4:42:36 ET]
Table 'Jupiter II' 6-max Seat #6 is the button
Seat 1: value_ftw ($106.77 in chips) 
Seat 2: nastja336 ($100 in chips) 
Seat 3: Alinyr ($100.22 in chips) 
Seat 4: equilibrium_tv ($27.80 in chips) 
Seat 5: luciferstands ($23.85 in chips) 
Seat 6: NOTfishON ($128.61 in chips) 
value_ftw: posts small blind $0.50
nastja336: posts big blind $1
*** HOLE CARDS ***
Alinyr: raises $1.05 to $2.05
equilibrium_tv: folds 
luciferstands: folds 
NOTfishON: folds 
value_ftw: folds 
nastja336: folds 
Uncalled bet ($1.05) returned to Alinyr
Alinyr collected $2.50 from pot
Alinyr: doesn't show hand 
*** SUMMARY ***
Total pot $2.50 | Rake $0 
Seat 1: value_ftw (small blind) folded before Flop
Seat 2: nastja336 (big blind) folded before Flop
Seat 3: Alinyr collected ($2.50)
Seat 4: equilibrium_tv folded before Flop (didn't bet)
Seat 5: luciferstands folded before Flop (didn't bet)
Seat 6: NOTfishON (button) folded before Flop (didn't bet)



PokerStars Hand #254205068926:  Hold'em No Limit ($0.50/$1.00 USD) - 2025/01/05 9:43:17 WET [2025/01/05 4:43:17 ET]
Table 'Jupiter II' 6-max Seat #1 is the button
Seat 1: value_ftw ($106.27 in chips) 
Seat 2: nastja336 ($100 in chips) 
Seat 3: Alinyr ($101.72 in chips) 
Seat 4: equilibrium_tv ($27.80 in chips) 
Seat 5: luciferstands ($23.85 in chips) 
Seat 6: NOTfishON ($128.61 in chips) 
nastja336: posts small blind $0.50
Alinyr: posts big blind $1
*** HOLE CARDS ***
equilibrium_tv: folds 
luciferstands: folds 
NOTfishON: folds 
value_ftw: folds 
nastja336: raises $2 to $3
Alinyr: folds 
Uncalled bet ($2) returned to nastja336
nastja336 collected $2 from pot
nastja336: doesn't show hand 
*** SUMMARY ***
Total pot $2 | Rake $0 
Seat 1: value_ftw (button) folded before Flop (didn't bet)
Seat 2: nastja336 (small blind) collected ($2)
Seat 3: Alinyr (big blind) folded before Flop
Seat 4: equilibrium_tv folded before Flop (didn't bet)
Seat 5: luciferstands folded before Flop (didn't bet)
Seat 6: NOTfishON folded before Flop (didn't bet)



PokerStars Hand #254205071616:  Hold'em No Limit ($0.50/$1.00 USD) - 2025/01/05 9:43:40 WET [2025/01/05 4:43:40 ET]
Table 'Jupiter II' 6-max Seat #2 is the button
Seat 1: value_ftw ($106.27 in chips) 
Seat 2: nastja336 ($101 in chips) 
Seat 3: Alinyr ($100.72 in chips) 
Seat 4: equilibrium_tv ($27.80 in chips) 
Seat 5: luciferstands ($23.85 in chips) 
Seat 6: NOTfishON ($128.61 in chips) 
Alinyr: posts small blind $0.50
equilibrium_tv: posts big blind $1
*** HOLE CARDS ***
luciferstands: calls $1
NOTfishON: folds 
value_ftw: raises $3 to $4
nastja336: folds 
Alinyr: folds 
equilibrium_tv: folds 
luciferstands: calls $3
*** FLOP *** [6c 9d 3d]
luciferstands: checks 
value_ftw: checks 
*** TURN *** [6c 9d 3d] [8h]
luciferstands: bets $3
value_ftw: folds 
Uncalled bet ($3) returned to luciferstands
luciferstands collected $8.90 from pot
*** SUMMARY ***
Total pot $9.50 | Rake $0.60 
Board [6c 9d 3d 8h]
Seat 1: value_ftw folded on the Turn
Seat 2: nastja336 (button) folded before Flop (didn't bet)
Seat 3: Alinyr (small blind) folded before Flop
Seat 4: equilibrium_tv (big blind) folded before Flop
Seat 5: luciferstands collected ($8.90)
Seat 6: NOTfishON folded before Flop (didn't bet)



PokerStars Hand #254205078896:  Hold'em No Limit ($0.50/$1.00 USD) - 2025/01/05 9:44:44 WET [2025/01/05 4:44:44 ET]
Table 'Jupiter II' 6-max Seat #3 is the button
Seat 1: value_ftw ($102.27 in chips) 
Seat 2: nastja336 ($101 in chips) 
Seat 3: Alinyr ($100.22 in chips) 
Seat 4: equilibrium_tv ($26.80 in chips) 
Seat 5: luciferstands ($28.75 in chips) 
Seat 6: NOTfishON ($128.61 in chips) 
equilibrium_tv: posts small blind $0.50
luciferstands: posts big blind $1
*** HOLE CARDS ***
NOTfishON: raises $2 to $3
value_ftw: folds 
nastja336: folds 
Alinyr: raises $6 to $9
equilibrium_tv: folds 
luciferstands: folds 
NOTfishON: folds 
Uncalled bet ($6) returned to Alinyr
Alinyr collected $7.50 from pot
Alinyr: doesn't show hand 
*** SUMMARY ***
Total pot $7.50 | Rake $0 
Seat 1: value_ftw folded before Flop (didn't bet)
Seat 2: nastja336 folded before Flop (didn't bet)
Seat 3: Alinyr (button) collected ($7.50)
Seat 4: equilibrium_tv (small blind) folded before Flop
Seat 5: luciferstands (big blind) folded before Flop
Seat 6: NOTfishON folded before Flop



PokerStars Hand #254205083749:  Hold'em No Limit ($0.50/$1.00 USD) - 2025/01/05 9:45:25 WET [2025/01/05 4:45:25 ET]
Table 'Jupiter II' 6-max Seat #4 is the button
Seat 1: value_ftw ($102.27 in chips) 
Seat 2: nastja336 ($101 in chips) 
Seat 3: Alinyr ($104.72 in chips) 
Seat 4: equilibrium_tv ($26.30 in chips) 
Seat 5: luciferstands ($27.75 in chips) 
Seat 6: NOTfishON ($125.61 in chips) 
luciferstands: posts small blind $0.50
NOTfishON: posts big blind $1
*** HOLE CARDS ***
value_ftw: folds 
nastja336: folds 
Alinyr: raises $1.28 to $2.28
equilibrium_tv: folds 
luciferstands: calls $1.78
NOTfishON: folds 
*** FLOP *** [6h 8s 3s]
luciferstands: bets $2
Alinyr: calls $2
*** TURN *** [6h 8s 3s] [Jd]
luciferstands: bets $2
Alinyr: calls $2
*** RIVER *** [6h 8s 3s Jd] [4s]
luciferstands: bets $3
Alinyr: folds 
Uncalled bet ($3) returned to luciferstands
luciferstands collected $12.71 from pot
*** SUMMARY ***
Total pot $13.56 | Rake $0.85 
Board [6h 8s 3s Jd 4s]
Seat 1: value_ftw folded before Flop (didn't bet)
Seat 2: nastja336 folded before Flop (didn't bet)
Seat 3: Alinyr folded on the River
Seat 4: equilibrium_tv (button) folded before Flop (didn't bet)
Seat 5: luciferstands (small blind) collected ($12.71)
Seat 6: NOTfishON (big blind) folded before Flop



PokerStars Hand #254205093613:  Hold'em No Limit ($0.50/$1.00 USD) - 2025/01/05 9:46:49 WET [2025/01/05 4:46:49 ET]
Table 'Jupiter II' 6-max Seat #5 is the button
Seat 1: value_ftw ($102.27 in chips) 
Seat 2: nastja336 ($101 in chips) 
Seat 3: Alinyr ($100 in chips) 
Seat 4: equilibrium_tv ($29.30 in chips) 
Seat 5: luciferstands ($34.18 in chips) 
Seat 6: NOTfishON ($124.61 in chips) 
NOTfishON: posts small blind $0.50
value_ftw: posts big blind $1
*** HOLE CARDS ***
nastja336: raises $1.50 to $2.50
Alinyr: folds 
equilibrium_tv: folds 
luciferstands: calls $2.50
NOTfishON: folds 
value_ftw: folds 
*** FLOP *** [5d 5s 5c]
nastja336: bets $6
luciferstands: folds 
Uncalled bet ($6) returned to nastja336
nastja336 collected $6.18 from pot
nastja336: doesn't show hand 
*** SUMMARY ***
Total pot $6.50 | Rake $0.32 
Board [5d 5s 5c]
Seat 1: value_ftw (big blind) folded before Flop
Seat 2: nastja336 collected ($6.18)
Seat 3: Alinyr folded before Flop (didn't bet)
Seat 4: equilibrium_tv folded before Flop (didn't bet)
Seat 5: luciferstands (button) folded on the Flop
Seat 6: NOTfishON (small blind) folded before Flop



PokerStars Hand #254205101477:  Hold'em No Limit ($0.50/$1.00 USD) - 2025/01/05 9:47:56 WET [2025/01/05 4:47:56 ET]
Table 'Jupiter II' 6-max Seat #6 is the button
Seat 1: value_ftw ($101.27 in chips) 
Seat 2: nastja336 ($104.68 in chips) 
Seat 3: Alinyr ($100 in chips) 
Seat 4: equilibrium_tv ($41.30 in chips) 
Seat 5: luciferstands ($31.68 in chips) 
Seat 6: NOTfishON ($124.11 in chips) 
value_ftw: posts small blind $0.50
nastja336: posts big blind $1
*** HOLE CARDS ***
Alinyr: folds 
equilibrium_tv: folds 
luciferstands: folds 
NOTfishON: raises $1.50 to $2.50
value_ftw: folds 
nastja336: folds 
Uncalled bet ($1.50) returned to NOTfishON
NOTfishON collected $2.50 from pot
*** SUMMARY ***
Total pot $2.50 | Rake $0 
Seat 1: value_ftw (small blind) folded before Flop
Seat 2: nastja336 (big blind) folded before Flop
Seat 3: Alinyr folded before Flop (didn't bet)
Seat 4: equilibrium_tv folded before Flop (didn't bet)
Seat 5: luciferstands folded before Flop (didn't bet)
Seat 6: NOTfishON (button) collected ($2.50)



PokerStars Hand #254205104227:  Hold'em No Limit ($0.50/$1.00 USD) - 2025/01/05 9:48:20 WET [2025/01/05 4:48:20 ET]
Table 'Jupiter II' 6-max Seat #1 is the button
Seat 1: value_ftw ($100.77 in chips) 
Seat 2: nastja336 ($103.68 in chips) 
Seat 3: Alinyr ($100 in chips) 
Seat 4: equilibrium_tv ($41.30 in chips) 
Seat 5: luciferstands ($31.68 in chips) 
Seat 6: NOTfishON ($125.61 in chips) 
nastja336: posts small blind $0.50
Alinyr: posts big blind $1
*** HOLE CARDS ***
equilibrium_tv: folds 
luciferstands: calls $1
NOTfishON: folds 
value_ftw: folds 
nastja336: calls $0.50
Alinyr: checks 
*** FLOP *** [Ah 8c 3h]
nastja336: checks 
Alinyr: checks 
luciferstands: checks 
*** TURN *** [Ah 8c 3h] [9s]
nastja336: bets $1.43
Alinyr: folds 
luciferstands: calls $1.43
*** RIVER *** [Ah 8c 3h 9s] [5s]
nastja336: bets $2.79
luciferstands: calls $2.79
*** SHOW DOWN ***
nastja336: shows [Ac 4d] (a pair of Aces)
luciferstands: shows [Jd 9d] (a pair of Nines)
nastja336 collected $10.87 from pot
*** SUMMARY ***
Total pot $11.44 | Rake $0.57 
Board [Ah 8c 3h 9s 5s]
Seat 1: value_ftw (button) folded before Flop (didn't bet)
Seat 2: nastja336 (small blind) showed [Ac 4d] and won ($10.87) with a pair of Aces
Seat 3: Alinyr (big blind) folded on the Turn
Seat 4: equilibrium_tv folded before Flop (didn't bet)
Seat 5: luciferstands showed [Jd 9d] and lost with a pair of Nines
Seat 6: NOTfishON folded before Flop (didn't bet)



PokerStars Hand #254205111279:  Hold'em No Limit ($0.50/$1.00 USD) - 2025/01/05 9:49:21 WET [2025/01/05 4:49:21 ET]
Table 'Jupiter II' 6-max Seat #2 is the button
Seat 1: value_ftw ($100.77 in chips) 
Seat 2: nastja336 ($109.33 in chips) 
Seat 3: Alinyr ($100 in chips) 
Seat 4: equilibrium_tv ($41.30 in chips) 
Seat 5: luciferstands ($26.46 in chips) 
Seat 6: NOTfishON ($125.61 in chips) 
Alinyr: posts small blind $0.50
equilibrium_tv: posts big blind $1
*** HOLE CARDS ***
luciferstands: calls $1
NOTfishON: folds 
NOTfishON leaves the table
value_ftw: folds 
nastja336: folds 
Alinyr: folds 
equilibrium_tv: checks 
*** FLOP *** [Kh 7c 6d]
equilibrium_tv: checks 
luciferstands: bets $1
equilibrium_tv: folds 
Uncalled bet ($1) returned to luciferstands
luciferstands collected $2.35 from pot
*** SUMMARY ***
Total pot $2.50 | Rake $0.15 
Board [Kh 7c 6d]
Seat 1: value_ftw folded before Flop (didn't bet)
Seat 2: nastja336 (button) folded before Flop (didn't bet)
Seat 3: Alinyr (small blind) folded before Flop
Seat 4: equilibrium_tv (big blind) folded on the Flop
Seat 5: luciferstands collected ($2.35)
Seat 6: NOTfishON folded before Flop (didn't bet)



PokerStars Hand #254205114977:  Hold'em No Limit ($0.50/$1.00 USD) - 2025/01/05 9:49:53 WET [2025/01/05 4:49:53 ET]
Table 'Jupiter II' 6-max Seat #3 is the button
Seat 1: value_ftw ($100.77 in chips) 
Seat 2: nastja336 ($109.33 in chips) 
Seat 3: Alinyr ($100 in chips) 
Seat 4: equilibrium_tv ($40.30 in chips) 
Seat 5: luciferstands ($27.81 in chips) 
equilibrium_tv: posts small blind $0.50
luciferstands: posts big blind $1
*** HOLE CARDS ***
value_ftw: folds 
nastja336: folds 
Alinyr: raises $1.50 to $2.50
equilibrium_tv: folds 
luciferstands: calls $1.50
*** FLOP *** [Td 6s 9d]
luciferstands: bets $2
Alinyr: calls $2
*** TURN *** [Td 6s 9d] [Js]
luciferstands: checks 
Burlica2013 joins the table at seat #6 
Alinyr: bets $41
luciferstands has timed out
luciferstands: folds 
Uncalled bet ($41) returned to Alinyr
Alinyr collected $9.02 from pot
Alinyr: doesn't show hand 
*** SUMMARY ***
Total pot $9.50 | Rake $0.48 
Board [Td 6s 9d Js]
Seat 1: value_ftw folded before Flop (didn't bet)
Seat 2: nastja336 folded before Flop (didn't bet)
Seat 3: Alinyr (button) collected ($9.02)
Seat 4: equilibrium_tv (small blind) folded before Flop
Seat 5: luciferstands (big blind) folded on the Turn



PokerStars Hand #254205124839:  Hold'em No Limit ($0.50/$1.00 USD) - 2025/01/05 9:51:18 WET [2025/01/05 4:51:18 ET]
Table 'Jupiter II' 6-max Seat #4 is the button
Seat 1: value_ftw ($100.77 in chips) 
Seat 2: nastja336 ($109.33 in chips) 
Seat 3: Alinyr ($104.52 in chips) 
Seat 4: equilibrium_tv ($39.80 in chips) 
Seat 5: luciferstands ($23.31 in chips) 
Seat 6: Burlica2013 ($100 in chips) 
luciferstands: posts small blind $0.50
Burlica2013: posts big blind $1
*** HOLE CARDS ***
value_ftw: folds 
nastja336: folds 
Alinyr: raises $1.28 to $2.28
equilibrium_tv: folds 
luciferstands: calls $1.78
Burlica2013: folds 
*** FLOP *** [4d 7s 6d]
luciferstands: bets $2.64
Alinyr: calls $2.64
*** TURN *** [4d 7s 6d] [2s]
luciferstands: bets $3.15
Alinyr: calls $3.15
*** RIVER *** [4d 7s 6d 2s] [Qh]
luciferstands: bets $5.14
Alinyr: folds 
Uncalled bet ($5.14) returned to luciferstands
luciferstands collected $16.06 from pot
*** SUMMARY ***
Total pot $17.14 | Rake $1.08 
Board [4d 7s 6d 2s Qh]
Seat 1: value_ftw folded before Flop (didn't bet)
Seat 2: nastja336 folded before Flop (didn't bet)
Seat 3: Alinyr folded on the River
Seat 4: equilibrium_tv (button) folded before Flop (didn't bet)
Seat 5: luciferstands (small blind) collected ($16.06)
Seat 6: Burlica2013 (big blind) folded before Flop



PokerStars Hand #254205131477:  Hold'em No Limit ($0.50/$1.00 USD) - 2025/01/05 9:52:15 WET [2025/01/05 4:52:15 ET]
Table 'Jupiter II' 6-max Seat #5 is the button
Seat 1: value_ftw ($100.77 in chips) 
Seat 2: nastja336 ($109.33 in chips) 
Seat 3: Alinyr ($100 in chips) 
Seat 4: equilibrium_tv ($39.80 in chips) 
Seat 5: luciferstands ($31.30 in chips) 
Seat 6: Burlica2013 ($100 in chips) 
Burlica2013: posts small blind $0.50
value_ftw: posts big blind $1
*** HOLE CARDS ***
nastja336: folds 
Alinyr: folds 
equilibrium_tv: folds 
luciferstands: calls $1
Burlica2013: folds 
value_ftw: checks 
*** FLOP *** [7h 2c 7c]
value_ftw: checks 
luciferstands: checks 
*** TURN *** [7h 2c 7c] [Kh]
value_ftw: bets $1
luciferstands: raises $1 to $2
value_ftw: calls $1
*** RIVER *** [7h 2c 7c Kh] [Qh]
value_ftw: checks 
luciferstands: bets $3.09
value_ftw: calls $3.09
*** SHOW DOWN ***
luciferstands: shows [7d 9d] (three of a kind, Sevens)
value_ftw: mucks hand 
luciferstands collected $11.89 from pot
*** SUMMARY ***
Total pot $12.68 | Rake $0.79 
Board [7h 2c 7c Kh Qh]
Seat 1: value_ftw (big blind) mucked
Seat 2: nastja336 folded before Flop (didn't bet)
Seat 3: Alinyr folded before Flop (didn't bet)
Seat 4: equilibrium_tv folded before Flop (didn't bet)
Seat 5: luciferstands (button) showed [7d 9d] and won ($11.89) with three of a kind, Sevens
Seat 6: Burlica2013 (small blind) folded before Flop



PokerStars Hand #254205136393:  Hold'em No Limit ($0.50/$1.00 USD) - 2025/01/05 9:52:58 WET [2025/01/05 4:52:58 ET]
Table 'Jupiter II' 6-max Seat #6 is the button
Seat 1: value_ftw ($100 in chips) 
Seat 2: nastja336 ($109.33 in chips) 
Seat 3: Alinyr ($100 in chips) 
Seat 4: equilibrium_tv ($39.80 in chips) 
Seat 5: luciferstands ($37.10 in chips) 
Seat 6: Burlica2013 ($100 in chips) 
value_ftw: posts small blind $0.50
nastja336: posts big blind $1
*** HOLE CARDS ***
Alinyr: folds 
equilibrium_tv: folds 
luciferstands: calls $1
Burlica2013: folds 
value_ftw: calls $0.50
nastja336: raises $4 to $5
luciferstands: folds 
value_ftw: folds 
Uncalled bet ($4) returned to nastja336
nastja336 collected $3 from pot
nastja336: doesn't show hand 
*** SUMMARY ***
Total pot $3 | Rake $0 
Seat 1: value_ftw (small blind) folded before Flop
Seat 2: nastja336 (big blind) collected ($3)
Seat 3: Alinyr folded before Flop (didn't bet)
Seat 4: equilibrium_tv folded before Flop (didn't bet)
Seat 5: luciferstands folded before Flop
Seat 6: Burlica2013 (button) folded before Flop (didn't bet)



PokerStars Hand #254205139316:  Hold'em No Limit ($0.50/$1.00 USD) - 2025/01/05 9:53:23 WET [2025/01/05 4:53:23 ET]
Table 'Jupiter II' 6-max Seat #1 is the button
Seat 1: value_ftw ($100 in chips) 
Seat 2: nastja336 ($111.33 in chips) 
Seat 3: Alinyr ($100 in chips) 
Seat 4: equilibrium_tv ($39.80 in chips) 
Seat 5: luciferstands ($36.10 in chips) 
Seat 6: Burlica2013 ($100 in chips) 
nastja336: posts small blind $0.50
Alinyr: posts big blind $1
*** HOLE CARDS ***
equilibrium_tv: folds 
luciferstands: folds 
Burlica2013: folds 
value_ftw: folds 
nastja336: raises $2 to $3
Alinyr: calls $2
*** FLOP *** [7c 6d 6c]
nastja336: checks 
Alinyr: checks 
*** TURN *** [7c 6d 6c] [Ah]
nastja336: checks 
Alinyr: checks 
*** RIVER *** [7c 6d 6c Ah] [Qs]
nastja336: checks 
Alinyr: checks 
*** SHOW DOWN ***
nastja336: shows [Kh Ts] (a pair of Sixes)
Alinyr: shows [3d 3h] (two pair, Sixes and Threes)
Alinyr collected $5.70 from pot
*** SUMMARY ***
Total pot $6 | Rake $0.30 
Board [7c 6d 6c Ah Qs]
Seat 1: value_ftw (button) folded before Flop (didn't bet)
Seat 2: nastja336 (small blind) showed [Kh Ts] and lost with a pair of Sixes
Seat 3: Alinyr (big blind) showed [3d 3h] and won ($5.70) with two pair, Sixes and Threes
Seat 4: equilibrium_tv folded before Flop (didn't bet)
Seat 5: luciferstands folded before Flop (didn't bet)
Seat 6: Burlica2013 folded before Flop (didn't bet)



PokerStars Hand #254205143989:  Hold'em No Limit ($0.50/$1.00 USD) - 2025/01/05 9:54:03 WET [2025/01/05 4:54:03 ET]
Table 'Jupiter II' 6-max Seat #2 is the button
Seat 1: value_ftw ($100 in chips) 
Seat 2: nastja336 ($108.33 in chips) 
Seat 3: Alinyr ($102.70 in chips) 
Seat 4: equilibrium_tv ($39.80 in chips) 
Seat 5: luciferstands ($36.10 in chips) 
Seat 6: Burlica2013 ($100 in chips) 
Alinyr: posts small blind $0.50
equilibrium_tv: posts big blind $1
*** HOLE CARDS ***
luciferstands: raises $1 to $2
Burlica2013: folds 
value_ftw: folds 
nastja336: folds 
Alinyr: folds 
equilibrium_tv: folds 
Uncalled bet ($1) returned to luciferstands
luciferstands collected $2.50 from pot
*** SUMMARY ***
Total pot $2.50 | Rake $0 
Seat 1: value_ftw folded before Flop (didn't bet)
Seat 2: nastja336 (button) folded before Flop (didn't bet)
Seat 3: Alinyr (small blind) folded before Flop
Seat 4: equilibrium_tv (big blind) folded before Flop
Seat 5: luciferstands collected ($2.50)
Seat 6: Burlica2013 folded before Flop (didn't bet)



PokerStars Hand #254205147832:  Hold'em No Limit ($0.50/$1.00 USD) - 2025/01/05 9:54:35 WET [2025/01/05 4:54:35 ET]
Table 'Jupiter II' 6-max Seat #3 is the button
Seat 1: value_ftw ($100 in chips) 
Seat 2: nastja336 ($108.33 in chips) 
Seat 3: Alinyr ($102.20 in chips) 
Seat 4: equilibrium_tv ($38.80 in chips) 
Seat 5: luciferstands ($37.60 in chips) 
Seat 6: Burlica2013 ($100 in chips) 
equilibrium_tv: posts small blind $0.50
luciferstands: posts big blind $1
*** HOLE CARDS ***
Burlica2013: raises $1.20 to $2.20
value_ftw: folds 
nastja336: calls $2.20
Alinyr: folds 
equilibrium_tv: folds 
luciferstands: calls $1.20
*** FLOP *** [2h Jh Jc]
luciferstands: checks 
Burlica2013: checks 
nastja336: bets $2.22
luciferstands: folds 
Burlica2013: folds 
Uncalled bet ($2.22) returned to nastja336
nastja336 collected $6.74 from pot
nastja336: doesn't show hand 
*** SUMMARY ***
Total pot $7.10 | Rake $0.36 
Board [2h Jh Jc]
Seat 1: value_ftw folded before Flop (didn't bet)
Seat 2: nastja336 collected ($6.74)
Seat 3: Alinyr (button) folded before Flop (didn't bet)
Seat 4: equilibrium_tv (small blind) folded before Flop
Seat 5: luciferstands (big blind) folded on the Flop
Seat 6: Burlica2013 folded on the Flop



PokerStars Hand #254205152926:  Hold'em No Limit ($0.50/$1.00 USD) - 2025/01/05 9:55:20 WET [2025/01/05 4:55:20 ET]
Table 'Jupiter II' 6-max Seat #4 is the button
Seat 1: value_ftw ($100 in chips) 
Seat 2: nastja336 ($112.87 in chips) 
Seat 3: Alinyr ($102.20 in chips) 
Seat 4: equilibrium_tv ($38.30 in chips) 
Seat 5: luciferstands ($35.40 in chips) 
Seat 6: Burlica2013 ($100 in chips) 
luciferstands: posts small blind $0.50
Burlica2013: posts big blind $1
*** HOLE CARDS ***
value_ftw: raises $1.20 to $2.20
nastja336: folds 
Alinyr: folds 
equilibrium_tv: folds 
luciferstands: calls $1.70
Burlica2013: calls $1.20
*** FLOP *** [Qs Ah Js]
luciferstands: bets $2
Burlica2013: folds 
value_ftw: calls $2
*** TURN *** [Qs Ah Js] [Jd]
luciferstands: bets $2
value_ftw: calls $2
*** RIVER *** [Qs Ah Js Jd] [4s]
luciferstands: bets $4.94
value_ftw: calls $4.94
*** SHOW DOWN ***
luciferstands: shows [4h 6h] (two pair, Jacks and Fours)
value_ftw: shows [Kh Ac] (two pair, Aces and Jacks)
value_ftw collected $23.26 from pot
*** SUMMARY ***
Total pot $24.48 | Rake $1.22 
Board [Qs Ah Js Jd 4s]
Seat 1: value_ftw showed [Kh Ac] and won ($23.26) with two pair, Aces and Jacks
Seat 2: nastja336 folded before Flop (didn't bet)
Seat 3: Alinyr folded before Flop (didn't bet)
Seat 4: equilibrium_tv (button) folded before Flop (didn't bet)
Seat 5: luciferstands (small blind) showed [4h 6h] and lost with two pair, Jacks and Fours
Seat 6: Burlica2013 (big blind) folded on the Flop



PokerStars Hand #254205158184:  Hold'em No Limit ($0.50/$1.00 USD) - 2025/01/05 9:56:12 WET [2025/01/05 4:56:12 ET]
Table 'Jupiter II' 6-max Seat #5 is the button
Seat 1: value_ftw ($112.12 in chips) 
Seat 2: nastja336 ($112.87 in chips) 
Seat 3: Alinyr ($102.20 in chips) 
Seat 4: equilibrium_tv ($38.30 in chips) 
Seat 5: luciferstands ($24.26 in chips) 
Seat 6: Burlica2013 ($100 in chips) 
Burlica2013: posts small blind $0.50
value_ftw: posts big blind $1
*** HOLE CARDS ***
nastja336: raises $1.50 to $2.50
Alinyr: folds 
equilibrium_tv: folds 
luciferstands: calls $2.50
Burlica2013: folds 
value_ftw: folds 
*** FLOP *** [Ts 9h Ac]
nastja336: checks 
luciferstands: checks 
*** TURN *** [Ts 9h Ac] [Qc]
nastja336: checks 
luciferstands: bets $2
nastja336: folds 
Uncalled bet ($2) returned to luciferstands
luciferstands collected $6.10 from pot
*** SUMMARY ***
Total pot $6.50 | Rake $0.40 
Board [Ts 9h Ac Qc]
Seat 1: value_ftw (big blind) folded before Flop
Seat 2: nastja336 folded on the Turn
Seat 3: Alinyr folded before Flop (didn't bet)
Seat 4: equilibrium_tv folded before Flop (didn't bet)
Seat 5: luciferstands (button) collected ($6.10)
Seat 6: Burlica2013 (small blind) folded before Flop



PokerStars Hand #254205163172:  Hold'em No Limit ($0.50/$1.00 USD) - 2025/01/05 9:57:01 WET [2025/01/05 4:57:01 ET]
Table 'Jupiter II' 6-max Seat #6 is the button
Seat 1: value_ftw ($111.12 in chips) 
Seat 2: nastja336 ($110.37 in chips) 
Seat 3: Alinyr ($102.20 in chips) 
Seat 4: equilibrium_tv ($38.30 in chips) 
Seat 5: luciferstands ($27.86 in chips) 
Seat 6: Burlica2013 ($100 in chips) 
value_ftw: posts small blind $0.50
nastja336: posts big blind $1
*** HOLE CARDS ***
Alinyr: folds 
equilibrium_tv: folds 
luciferstands: calls $1
Burlica2013: folds 
value_ftw: folds 
nastja336: checks 
*** FLOP *** [6h 5h 5c]
nastja336: checks 
luciferstands: checks 
*** TURN *** [6h 5h 5c] [Td]
nastja336: bets $6
luciferstands: folds 
Uncalled bet ($6) returned to nastja336
nastja336 collected $2.38 from pot
nastja336: doesn't show hand 
*** SUMMARY ***
Total pot $2.50 | Rake $0.12 
Board [6h 5h 5c Td]
Seat 1: value_ftw (small blind) folded before Flop
Seat 2: nastja336 (big blind) collected ($2.38)
Seat 3: Alinyr folded before Flop (didn't bet)
Seat 4: equilibrium_tv folded before Flop (didn't bet)
Seat 5: luciferstands folded on the Turn
Seat 6: Burlica2013 (button) folded before Flop (didn't bet)



PokerStars Hand #254205167061:  Hold'em No Limit ($0.50/$1.00 USD) - 2025/01/05 9:57:39 WET [2025/01/05 4:57:39 ET]
Table 'Jupiter II' 6-max Seat #1 is the button
Seat 1: value_ftw ($110.62 in chips) 
Seat 2: nastja336 ($111.75 in chips) 
Seat 3: Alinyr ($102.20 in chips) 
Seat 4: equilibrium_tv ($38.30 in chips) 
Seat 5: luciferstands ($26.86 in chips) 
Seat 6: Burlica2013 ($100 in chips) 
nastja336: posts small blind $0.50
Alinyr: posts big blind $1
*** HOLE CARDS ***
equilibrium_tv: folds 
luciferstands: calls $1
Burlica2013: folds 
value_ftw: folds 
nastja336: raises $3 to $4
Alinyr: folds 
luciferstands: calls $3
*** FLOP *** [4c Jd Ks]
nastja336: checks 
luciferstands is disconnected 
luciferstands is connected 
luciferstands: bets $3
nastja336: folds 
Uncalled bet ($3) returned to luciferstands
luciferstands collected $8.44 from pot
*** SUMMARY ***
Total pot $9 | Rake $0.56 
Board [4c Jd Ks]
Seat 1: value_ftw (button) folded before Flop (didn't bet)
Seat 2: nastja336 (small blind) folded on the Flop
Seat 3: Alinyr (big blind) folded before Flop
Seat 4: equilibrium_tv folded before Flop (didn't bet)
Seat 5: luciferstands collected ($8.44)
Seat 6: Burlica2013 folded before Flop (didn't bet)



PokerStars Hand #254205174252:  Hold'em No Limit ($0.50/$1.00 USD) - 2025/01/05 9:58:50 WET [2025/01/05 4:58:50 ET]
Table 'Jupiter II' 6-max Seat #2 is the button
Seat 1: value_ftw ($110.62 in chips) 
Seat 2: nastja336 ($107.75 in chips) 
Seat 3: Alinyr ($101.20 in chips) 
Seat 4: equilibrium_tv ($38.30 in chips) 
Seat 5: luciferstands ($31.30 in chips) 
Seat 6: Burlica2013 ($100 in chips) 
Alinyr: posts small blind $0.50
equilibrium_tv: posts big blind $1
*** HOLE CARDS ***
luciferstands: folds 
Burlica2013: folds 
value_ftw: folds 
luciferstands leaves the table
nastja336: raises $1.50 to $2.50
Alinyr: raises $9.50 to $12
equilibrium_tv: folds 
nastja336: folds 
Uncalled bet ($9.50) returned to Alinyr
equilibrium_tv leaves the table
Alinyr collected $6 from pot
Alinyr: doesn't show hand 
*** SUMMARY ***
Total pot $6 | Rake $0 
Seat 1: value_ftw folded before Flop (didn't bet)
Seat 2: nastja336 (button) folded before Flop
Seat 3: Alinyr (small blind) collected ($6)
Seat 4: equilibrium_tv (big blind) folded before Flop
Seat 5: luciferstands folded before Flop (didn't bet)
Seat 6: Burlica2013 folded before Flop (didn't bet)



