PokerStars Hand #254215963188:  Hold'em No Limit ($0.50/$1.00 USD) - 2025/01/05 20:43:26 WET [2025/01/05 15:43:26 ET]
Table 'Mimosa III' 6-max Seat #2 is the button
Seat 3: InteRRio ($100 in chips) is sitting out
Seat 4: nastja336 ($100 in chips) is sitting out
Seat 1: AlexPinsk1 ($100 in chips) 
Seat 2: MauriFierro27 ($100 in chips) 
Seat 5: Mick92109 ($66 in chips) 
Seat 6: bombatiq ($101.50 in chips) 
Mick92109: posts small blind $0.50
bombatiq: posts big blind $1
*** HOLE CARDS ***
AlexPinsk1: folds 
MauriFierro27: raises $1.20 to $2.20
Mick92109: calls $1.70
bombatiq: calls $1.20
*** FLOP *** [9h Tc 8h]
Mick92109: checks 
bombatiq: checks 
MauriFierro27: checks 
*** TURN *** [9h Tc 8h] [7c]
Mick92109: checks 
bombatiq: bets $4.39
MauriFierro27: calls $4.39
Mick92109: folds 
*** RIVER *** [9h Tc 8h 7c] [2c]
bombatiq: bets $14.61
MauriFierro27: calls $14.61
*** SHOW DOWN ***
bombatiq: shows [Jh Qd] (a straight, Eight to Queen)
MauriFierro27: mucks hand 
bombatiq collected $43.60 from pot
*** SUMMARY ***
Total pot $44.60 | Rake $1 
Board [9h Tc 8h 7c 2c]
Seat 3: InteRRio
Seat 4: nastja336
Seat 1: AlexPinsk1 folded before Flop (didn't bet)
Seat 2: MauriFierro27 (button) mucked
Seat 5: Mick92109 (small blind) folded on the Turn
Seat 6: bombatiq (big blind) showed [Jh Qd] and won ($43.60) with a straight, Eight to Queen



PokerStars Hand #254215993958:  Hold'em No Limit ($0.50/$1.00 USD) - 2025/01/05 20:44:37 WET [2025/01/05 15:44:37 ET]
Table 'Mimosa III' 6-max Seat #5 is the button
Seat 3: InteRRio ($100 in chips) is sitting out
Seat 4: nastja336 ($100 in chips) is sitting out
Seat 1: AlexPinsk1 ($100 in chips) 
Seat 2: MauriFierro27 ($100 in chips) 
Seat 5: Mick92109 ($63.80 in chips) 
Seat 6: bombatiq ($123.90 in chips) 
bombatiq: posts small blind $0.50
AlexPinsk1: posts big blind $1
InteRRio: sits out 
nastja336: sits out 
*** HOLE CARDS ***
MauriFierro27: folds 
Mick92109: folds 
bombatiq: folds 
Uncalled bet ($0.50) returned to AlexPinsk1
AlexPinsk1 collected $1 from pot
AlexPinsk1: doesn't show hand 
*** SUMMARY ***
Total pot $1 | Rake $0 
Seat 3: InteRRio
Seat 4: nastja336
Seat 1: AlexPinsk1 (big blind) collected ($1)
Seat 2: MauriFierro27 folded before Flop (didn't bet)
Seat 5: Mick92109 (button) folded before Flop (didn't bet)
Seat 6: bombatiq (small blind) folded before Flop



PokerStars Hand #254216000659:  Hold'em No Limit ($0.50/$1.00 USD) - 2025/01/05 20:44:53 WET [2025/01/05 15:44:53 ET]
Table 'Mimosa III' 6-max Seat #6 is the button
Seat 3: InteRRio ($100 in chips) is sitting out
Seat 4: nastja336 ($100 in chips) is sitting out
Seat 1: AlexPinsk1 ($100.50 in chips) 
Seat 2: MauriFierro27 ($100 in chips) 
Seat 5: Mick92109 ($63.80 in chips) 
Seat 6: bombatiq ($123.40 in chips) 
AlexPinsk1: posts small blind $0.50
MauriFierro27: posts big blind $1
InteRRio: sits out 
nastja336: sits out 
*** HOLE CARDS ***
Mick92109: calls $1
bombatiq: raises $3 to $4
AlexPinsk1: folds 
MauriFierro27: folds 
Mick92109: calls $3
*** FLOP *** [3h Jc Qd]
Mick92109: checks 
bombatiq: bets $2.26
Mick92109: calls $2.26
*** TURN *** [3h Jc Qd] [6c]
Mick92109: checks 
bombatiq: checks 
*** RIVER *** [3h Jc Qd 6c] [Tc]
Mick92109: bets $10
bombatiq: calls $10
*** SHOW DOWN ***
Mick92109: shows [Qs Th] (two pair, Queens and Tens)
bombatiq: shows [9d 8h] (a straight, Eight to Queen)
bombatiq collected $33.02 from pot
*** SUMMARY ***
Total pot $34.02 | Rake $1 
Board [3h Jc Qd 6c Tc]
Seat 3: InteRRio
Seat 4: nastja336
Seat 1: AlexPinsk1 (small blind) folded before Flop
Seat 2: MauriFierro27 (big blind) folded before Flop
Seat 5: Mick92109 showed [Qs Th] and lost with two pair, Queens and Tens
Seat 6: bombatiq (button) showed [9d 8h] and won ($33.02) with a straight, Eight to Queen



PokerStars Hand #254216019109:  Hold'em No Limit ($0.50/$1.00 USD) - 2025/01/05 20:45:37 WET [2025/01/05 15:45:37 ET]
Table 'Mimosa III' 6-max Seat #1 is the button
Seat 4: nastja336 ($100 in chips) is sitting out
Seat 1: AlexPinsk1 ($100 in chips) 
Seat 2: MauriFierro27 ($100 in chips) 
Seat 3: InteRRio ($100 in chips) 
Seat 5: Mick92109 ($47.54 in chips) 
Seat 6: bombatiq ($140.16 in chips) 
MauriFierro27: posts small blind $0.50
InteRRio: posts big blind $1
nastja336: sits out 
*** HOLE CARDS ***
Mick92109: folds 
bombatiq: folds 
AlexPinsk1: raises $1.50 to $2.50
MauriFierro27: folds 
InteRRio: folds 
Uncalled bet ($1.50) returned to AlexPinsk1
AlexPinsk1 collected $2.50 from pot
AlexPinsk1: doesn't show hand 
*** SUMMARY ***
Total pot $2.50 | Rake $0 
Seat 4: nastja336
Seat 1: AlexPinsk1 (button) collected ($2.50)
Seat 2: MauriFierro27 (small blind) folded before Flop
Seat 3: InteRRio (big blind) folded before Flop
Seat 5: Mick92109 folded before Flop (didn't bet)
Seat 6: bombatiq folded before Flop (didn't bet)



PokerStars Hand #254216023495:  Hold'em No Limit ($0.50/$1.00 USD) - 2025/01/05 20:45:47 WET [2025/01/05 15:45:47 ET]
Table 'Mimosa III' 6-max Seat #2 is the button
Seat 1: AlexPinsk1 ($101.50 in chips) 
Seat 2: MauriFierro27 ($100 in chips) 
Seat 3: InteRRio ($100 in chips) 
Seat 4: nastja336 ($100 in chips) 
Seat 5: Mick92109 ($47.54 in chips) 
Seat 6: bombatiq ($140.16 in chips) 
InteRRio: posts small blind $0.50
nastja336: posts big blind $1
*** HOLE CARDS ***
Mick92109: folds 
bombatiq: raises $1 to $2
AlexPinsk1: folds 
MauriFierro27: folds 
InteRRio: folds 
nastja336: folds 
Uncalled bet ($1) returned to bombatiq
bombatiq collected $2.50 from pot
bombatiq: doesn't show hand 
*** SUMMARY ***
Total pot $2.50 | Rake $0 
Seat 1: AlexPinsk1 folded before Flop (didn't bet)
Seat 2: MauriFierro27 (button) folded before Flop (didn't bet)
Seat 3: InteRRio (small blind) folded before Flop
Seat 4: nastja336 (big blind) folded before Flop
Seat 5: Mick92109 folded before Flop (didn't bet)
Seat 6: bombatiq collected ($2.50)



PokerStars Hand #254216031316:  Hold'em No Limit ($0.50/$1.00 USD) - 2025/01/05 20:46:05 WET [2025/01/05 15:46:05 ET]
Table 'Mimosa III' 6-max Seat #3 is the button
Seat 1: AlexPinsk1 ($101.50 in chips) 
Seat 2: MauriFierro27 ($100 in chips) 
Seat 3: InteRRio ($100 in chips) 
Seat 4: nastja336 ($100 in chips) 
Seat 5: Mick92109 ($47.54 in chips) 
Seat 6: bombatiq ($141.66 in chips) 
nastja336: posts small blind $0.50
Mick92109: posts big blind $1
*** HOLE CARDS ***
bombatiq: folds 
AlexPinsk1: folds 
MauriFierro27: folds 
InteRRio: folds 
nastja336: folds 
Uncalled bet ($0.50) returned to Mick92109
Mick92109 collected $1 from pot
*** SUMMARY ***
Total pot $1 | Rake $0 
Seat 1: AlexPinsk1 folded before Flop (didn't bet)
Seat 2: MauriFierro27 folded before Flop (didn't bet)
Seat 3: InteRRio (button) folded before Flop (didn't bet)
Seat 4: nastja336 (small blind) folded before Flop
Seat 5: Mick92109 (big blind) collected ($1)
Seat 6: bombatiq folded before Flop (didn't bet)



PokerStars Hand #254216036530:  Hold'em No Limit ($0.50/$1.00 USD) - 2025/01/05 20:46:17 WET [2025/01/05 15:46:17 ET]
Table 'Mimosa III' 6-max Seat #4 is the button
Seat 1: AlexPinsk1 ($101.50 in chips) 
Seat 2: MauriFierro27 ($100 in chips) 
Seat 3: InteRRio ($100 in chips) 
Seat 4: nastja336 ($100 in chips) 
Seat 5: Mick92109 ($48.04 in chips) 
Seat 6: bombatiq ($141.66 in chips) 
Mick92109: posts small blind $0.50
bombatiq: posts big blind $1
*** HOLE CARDS ***
AlexPinsk1: folds 
MauriFierro27: folds 
InteRRio: folds 
nastja336: raises $1.50 to $2.50
Mick92109: folds 
bombatiq: calls $1.50
*** FLOP *** [Qc 5s 7h]
bombatiq: checks 
nastja336: bets $1.72
bombatiq: calls $1.72
*** TURN *** [Qc 5s 7h] [4d]
bombatiq: checks 
nastja336: bets $6.60
bombatiq: folds 
Uncalled bet ($6.60) returned to nastja336
nastja336 collected $8.49 from pot
nastja336: doesn't show hand 
*** SUMMARY ***
Total pot $8.94 | Rake $0.45 
Board [Qc 5s 7h 4d]
Seat 1: AlexPinsk1 folded before Flop (didn't bet)
Seat 2: MauriFierro27 folded before Flop (didn't bet)
Seat 3: InteRRio folded before Flop (didn't bet)
Seat 4: nastja336 (button) collected ($8.49)
Seat 5: Mick92109 (small blind) folded before Flop
Seat 6: bombatiq (big blind) folded on the Turn



PokerStars Hand #254216054725:  Hold'em No Limit ($0.50/$1.00 USD) - 2025/01/05 20:47:01 WET [2025/01/05 15:47:01 ET]
Table 'Mimosa III' 6-max Seat #5 is the button
Seat 1: AlexPinsk1 ($101.50 in chips) 
Seat 2: MauriFierro27 ($100 in chips) 
Seat 3: InteRRio ($100 in chips) 
Seat 4: nastja336 ($104.27 in chips) 
Seat 5: Mick92109 ($47.54 in chips) 
Seat 6: bombatiq ($137.44 in chips) 
bombatiq: posts small blind $0.50
AlexPinsk1: posts big blind $1
*** HOLE CARDS ***
MauriFierro27: folds 
InteRRio: folds 
nastja336: folds 
Mick92109: folds 
bombatiq: folds 
Uncalled bet ($0.50) returned to AlexPinsk1
AlexPinsk1 collected $1 from pot
AlexPinsk1: doesn't show hand 
*** SUMMARY ***
Total pot $1 | Rake $0 
Seat 1: AlexPinsk1 (big blind) collected ($1)
Seat 2: MauriFierro27 folded before Flop (didn't bet)
Seat 3: InteRRio folded before Flop (didn't bet)
Seat 4: nastja336 folded before Flop (didn't bet)
Seat 5: Mick92109 (button) folded before Flop (didn't bet)
Seat 6: bombatiq (small blind) folded before Flop



PokerStars Hand #254216059736:  Hold'em No Limit ($0.50/$1.00 USD) - 2025/01/05 20:47:12 WET [2025/01/05 15:47:12 ET]
Table 'Mimosa III' 6-max Seat #6 is the button
Seat 1: AlexPinsk1 ($102 in chips) 
Seat 2: MauriFierro27 ($100 in chips) 
Seat 3: InteRRio ($100 in chips) 
Seat 4: nastja336 ($104.27 in chips) 
Seat 5: Mick92109 ($47.54 in chips) 
Seat 6: bombatiq ($136.94 in chips) 
AlexPinsk1: posts small blind $0.50
MauriFierro27: posts big blind $1
*** HOLE CARDS ***
InteRRio: folds 
nastja336: folds 
Mick92109: folds 
bombatiq: raises $1.50 to $2.50
AlexPinsk1: raises $7.50 to $10
MauriFierro27: raises $12 to $22
bombatiq: folds 
AlexPinsk1: folds 
Uncalled bet ($12) returned to MauriFierro27
MauriFierro27 collected $22.50 from pot
MauriFierro27: doesn't show hand 
*** SUMMARY ***
Total pot $22.50 | Rake $0 
Seat 1: AlexPinsk1 (small blind) folded before Flop
Seat 2: MauriFierro27 (big blind) collected ($22.50)
Seat 3: InteRRio folded before Flop (didn't bet)
Seat 4: nastja336 folded before Flop (didn't bet)
Seat 5: Mick92109 folded before Flop (didn't bet)
Seat 6: bombatiq (button) folded before Flop



PokerStars Hand #254216075057:  Hold'em No Limit ($0.50/$1.00 USD) - 2025/01/05 20:47:50 WET [2025/01/05 15:47:50 ET]
Table 'Mimosa III' 6-max Seat #1 is the button
Seat 1: AlexPinsk1 ($100 in chips) 
Seat 2: MauriFierro27 ($112.50 in chips) 
Seat 3: InteRRio ($100 in chips) 
Seat 4: nastja336 ($104.27 in chips) 
Seat 5: Mick92109 ($47.54 in chips) 
Seat 6: bombatiq ($134.44 in chips) 
MauriFierro27: posts small blind $0.50
InteRRio: posts big blind $1
*** HOLE CARDS ***
nastja336: raises $1.50 to $2.50
Mick92109: folds 
bombatiq: raises $5.50 to $8
AlexPinsk1: folds 
MauriFierro27: folds 
InteRRio: folds 
nastja336: folds 
Uncalled bet ($5.50) returned to bombatiq
bombatiq collected $6.50 from pot
bombatiq: doesn't show hand 
*** SUMMARY ***
Total pot $6.50 | Rake $0 
Seat 1: AlexPinsk1 (button) folded before Flop (didn't bet)
Seat 2: MauriFierro27 (small blind) folded before Flop
Seat 3: InteRRio (big blind) folded before Flop
Seat 4: nastja336 folded before Flop
Seat 5: Mick92109 folded before Flop (didn't bet)
Seat 6: bombatiq collected ($6.50)



PokerStars Hand #254216087207:  Hold'em No Limit ($0.50/$1.00 USD) - 2025/01/05 20:48:19 WET [2025/01/05 15:48:19 ET]
Table 'Mimosa III' 6-max Seat #2 is the button
Seat 1: AlexPinsk1 ($100 in chips) 
Seat 2: MauriFierro27 ($112 in chips) 
Seat 3: InteRRio ($100 in chips) 
Seat 4: nastja336 ($101.77 in chips) 
Seat 5: Mick92109 ($47.54 in chips) 
Seat 6: bombatiq ($138.44 in chips) 
InteRRio: posts small blind $0.50
nastja336: posts big blind $1
*** HOLE CARDS ***
Mick92109: folds 
bombatiq: folds 
AlexPinsk1: raises $1.50 to $2.50
MauriFierro27: folds 
InteRRio: folds 
nastja336: calls $1.50
*** FLOP *** [Ks Qd 5c]
nastja336: checks 
AlexPinsk1: checks 
*** TURN *** [Ks Qd 5c] [6h]
nastja336: checks 
AlexPinsk1: checks 
*** RIVER *** [Ks Qd 5c 6h] [4h]
nastja336: checks 
AlexPinsk1: bets $3.92
nastja336: calls $3.92
*** SHOW DOWN ***
AlexPinsk1: shows [4d 4s] (three of a kind, Fours)
nastja336: mucks hand 
AlexPinsk1 collected $12.67 from pot
*** SUMMARY ***
Total pot $13.34 | Rake $0.67 
Board [Ks Qd 5c 6h 4h]
Seat 1: AlexPinsk1 showed [4d 4s] and won ($12.67) with three of a kind, Fours
Seat 2: MauriFierro27 (button) folded before Flop (didn't bet)
Seat 3: InteRRio (small blind) folded before Flop
Seat 4: nastja336 (big blind) mucked
Seat 5: Mick92109 folded before Flop (didn't bet)
Seat 6: bombatiq folded before Flop (didn't bet)



PokerStars Hand #254216107185:  Hold'em No Limit ($0.50/$1.00 USD) - 2025/01/05 20:49:06 WET [2025/01/05 15:49:06 ET]
Table 'Mimosa III' 6-max Seat #3 is the button
Seat 1: AlexPinsk1 ($106.25 in chips) 
Seat 2: MauriFierro27 ($112 in chips) 
Seat 3: InteRRio ($100 in chips) 
Seat 4: nastja336 ($100 in chips) 
Seat 5: Mick92109 ($47.54 in chips) 
Seat 6: bombatiq ($138.44 in chips) 
nastja336: posts small blind $0.50
Mick92109: posts big blind $1
*** HOLE CARDS ***
bombatiq: raises $1.50 to $2.50
AlexPinsk1: folds 
MauriFierro27: folds 
InteRRio: folds 
nastja336: folds 
Mick92109: folds 
Uncalled bet ($1.50) returned to bombatiq
bombatiq collected $2.50 from pot
bombatiq: doesn't show hand 
*** SUMMARY ***
Total pot $2.50 | Rake $0 
Seat 1: AlexPinsk1 folded before Flop (didn't bet)
Seat 2: MauriFierro27 folded before Flop (didn't bet)
Seat 3: InteRRio (button) folded before Flop (didn't bet)
Seat 4: nastja336 (small blind) folded before Flop
Seat 5: Mick92109 (big blind) folded before Flop
Seat 6: bombatiq collected ($2.50)



PokerStars Hand #254216111938:  Hold'em No Limit ($0.50/$1.00 USD) - 2025/01/05 20:49:18 WET [2025/01/05 15:49:18 ET]
Table 'Mimosa III' 6-max Seat #4 is the button
Seat 1: AlexPinsk1 ($106.25 in chips) 
Seat 2: MauriFierro27 ($112 in chips) 
Seat 3: InteRRio ($100 in chips) 
Seat 4: nastja336 ($100 in chips) 
Seat 5: Mick92109 ($46.54 in chips) 
Seat 6: bombatiq ($139.94 in chips) 
Mick92109: posts small blind $0.50
bombatiq: posts big blind $1
*** HOLE CARDS ***
AlexPinsk1: folds 
MauriFierro27: folds 
InteRRio: folds 
nastja336: folds 
Mick92109: folds 
Uncalled bet ($0.50) returned to bombatiq
bombatiq collected $1 from pot
bombatiq: doesn't show hand 
*** SUMMARY ***
Total pot $1 | Rake $0 
Seat 1: AlexPinsk1 folded before Flop (didn't bet)
Seat 2: MauriFierro27 folded before Flop (didn't bet)
Seat 3: InteRRio folded before Flop (didn't bet)
Seat 4: nastja336 (button) folded before Flop (didn't bet)
Seat 5: Mick92109 (small blind) folded before Flop
Seat 6: bombatiq (big blind) collected ($1)



PokerStars Hand #254216117983:  Hold'em No Limit ($0.50/$1.00 USD) - 2025/01/05 20:49:32 WET [2025/01/05 15:49:32 ET]
Table 'Mimosa III' 6-max Seat #5 is the button
Seat 1: AlexPinsk1 ($106.25 in chips) 
Seat 2: MauriFierro27 ($112 in chips) 
Seat 3: InteRRio ($100 in chips) 
Seat 4: nastja336 ($100 in chips) 
Seat 5: Mick92109 ($46.04 in chips) 
Seat 6: bombatiq ($140.44 in chips) 
bombatiq: posts small blind $0.50
AlexPinsk1: posts big blind $1
*** HOLE CARDS ***
MauriFierro27: raises $1.20 to $2.20
InteRRio: folds 
nastja336: folds 
Mick92109: folds 
bombatiq: folds 
AlexPinsk1: calls $1.20
*** FLOP *** [Ts 6h Th]
AlexPinsk1: checks 
MauriFierro27: bets $1.54
AlexPinsk1: folds 
Uncalled bet ($1.54) returned to MauriFierro27
MauriFierro27 collected $4.66 from pot
MauriFierro27: doesn't show hand 
*** SUMMARY ***
Total pot $4.90 | Rake $0.24 
Board [Ts 6h Th]
Seat 1: AlexPinsk1 (big blind) folded on the Flop
Seat 2: MauriFierro27 collected ($4.66)
Seat 3: InteRRio folded before Flop (didn't bet)
Seat 4: nastja336 folded before Flop (didn't bet)
Seat 5: Mick92109 (button) folded before Flop (didn't bet)
Seat 6: bombatiq (small blind) folded before Flop



PokerStars Hand #254216133435:  Hold'em No Limit ($0.50/$1.00 USD) - 2025/01/05 20:50:09 WET [2025/01/05 15:50:09 ET]
Table 'Mimosa III' 6-max Seat #6 is the button
Seat 2: MauriFierro27 ($114.46 in chips) is sitting out
Seat 1: AlexPinsk1 ($104.05 in chips) 
Seat 3: InteRRio ($100 in chips) 
Seat 4: nastja336 ($100 in chips) 
Seat 5: Mick92109 ($46.04 in chips) 
Seat 6: bombatiq ($139.94 in chips) 
AlexPinsk1: posts small blind $0.50
MauriFierro27: is sitting out 
InteRRio: posts big blind $1
*** HOLE CARDS ***
MauriFierro27 leaves the table
nastja336: raises $1.50 to $2.50
NOTfishON joins the table at seat #2 
Mick92109: calls $2.50
bombatiq: folds 
AlexPinsk1: folds 
InteRRio: raises $10.50 to $13
nastja336: folds 
Mick92109: folds 
Uncalled bet ($10.50) returned to InteRRio
InteRRio collected $8 from pot
InteRRio: doesn't show hand 
*** SUMMARY ***
Total pot $8 | Rake $0 
Seat 2: MauriFierro27
Seat 1: AlexPinsk1 (small blind) folded before Flop
Seat 3: InteRRio (big blind) collected ($8)
Seat 4: nastja336 folded before Flop
Seat 5: Mick92109 folded before Flop
Seat 6: bombatiq (button) folded before Flop (didn't bet)



PokerStars Hand #254216148412:  Hold'em No Limit ($0.50/$1.00 USD) - 2025/01/05 20:50:45 WET [2025/01/05 15:50:45 ET]
Table 'Mimosa III' 6-max Seat #1 is the button
Seat 2: NOTfishON ($100 in chips) is sitting out
Seat 4: nastja336 ($100 in chips) is sitting out
Seat 1: AlexPinsk1 ($103.55 in chips) 
Seat 3: InteRRio ($105.50 in chips) 
Seat 5: Mick92109 ($43.54 in chips) 
Seat 6: bombatiq ($139.94 in chips) 
InteRRio: posts small blind $0.50
nastja336: is sitting out 
Mick92109: posts big blind $1
*** HOLE CARDS ***
nastja336 leaves the table
bombatiq: folds 
AlexPinsk1: raises $1.50 to $2.50
InteRRio: folds 
Mick92109: folds 
Uncalled bet ($1.50) returned to AlexPinsk1
AlexPinsk1 collected $2.50 from pot
AlexPinsk1: doesn't show hand 
*** SUMMARY ***
Total pot $2.50 | Rake $0 
Seat 2: NOTfishON
Seat 4: nastja336
Seat 1: AlexPinsk1 (button) collected ($2.50)
Seat 3: InteRRio (small blind) folded before Flop
Seat 5: Mick92109 (big blind) folded before Flop
Seat 6: bombatiq folded before Flop (didn't bet)



PokerStars Hand #254216152763:  Hold'em No Limit ($0.50/$1.00 USD) - 2025/01/05 20:50:55 WET [2025/01/05 15:50:55 ET]
Table 'Mimosa III' 6-max Seat #3 is the button
Seat 2: NOTfishON ($100 in chips) is sitting out
Seat 1: AlexPinsk1 ($105.05 in chips) 
Seat 3: InteRRio ($105 in chips) 
Seat 5: Mick92109 ($42.54 in chips) 
Seat 6: bombatiq ($139.94 in chips) 
Mick92109: posts small blind $0.50
bombatiq: posts big blind $1
NOTfishON: sits out 
*** HOLE CARDS ***
AlexPinsk1: folds 
InteRRio: folds 
Mick92109: folds 
Uncalled bet ($0.50) returned to bombatiq
bombatiq collected $1 from pot
bombatiq: doesn't show hand 
*** SUMMARY ***
Total pot $1 | Rake $0 
Seat 2: NOTfishON
Seat 1: AlexPinsk1 folded before Flop (didn't bet)
Seat 3: InteRRio (button) folded before Flop (didn't bet)
Seat 5: Mick92109 (small blind) folded before Flop
Seat 6: bombatiq (big blind) collected ($1)



PokerStars Hand #254216157004:  Hold'em No Limit ($0.50/$1.00 USD) - 2025/01/05 20:51:05 WET [2025/01/05 15:51:05 ET]
Table 'Mimosa III' 6-max Seat #5 is the button
Seat 2: NOTfishON ($100 in chips) is sitting out
Seat 1: AlexPinsk1 ($105.05 in chips) 
Seat 3: InteRRio ($105 in chips) 
Seat 5: Mick92109 ($42.04 in chips) 
Seat 6: bombatiq ($140.44 in chips) 
bombatiq: posts small blind $0.50
AlexPinsk1: posts big blind $1
NOTfishON: sits out 
*** HOLE CARDS ***
InteRRio: folds 
Mick92109: folds 
bombatiq: folds 
Uncalled bet ($0.50) returned to AlexPinsk1
AlexPinsk1 collected $1 from pot
AlexPinsk1: doesn't show hand 
*** SUMMARY ***
Total pot $1 | Rake $0 
Seat 2: NOTfishON
Seat 1: AlexPinsk1 (big blind) collected ($1)
Seat 3: InteRRio folded before Flop (didn't bet)
Seat 5: Mick92109 (button) folded before Flop (didn't bet)
Seat 6: bombatiq (small blind) folded before Flop



PokerStars Hand #254216161152:  Hold'em No Limit ($0.50/$1.00 USD) - 2025/01/05 20:51:15 WET [2025/01/05 15:51:15 ET]
Table 'Mimosa III' 6-max Seat #6 is the button
Seat 1: AlexPinsk1 ($105.55 in chips) 
Seat 2: NOTfishON ($100 in chips) 
Seat 3: InteRRio ($105 in chips) 
Seat 5: Mick92109 ($42.04 in chips) 
Seat 6: bombatiq ($139.94 in chips) 
AlexPinsk1: posts small blind $0.50
NOTfishON: posts big blind $1
*** HOLE CARDS ***
InteRRio: folds 
v1lo4ka joins the table at seat #4 
Mick92109: folds 
bombatiq: raises $1.50 to $2.50
AlexPinsk1: folds 
NOTfishON: calls $1.50
*** FLOP *** [4d 7s 2d]
NOTfishON: checks 
bombatiq: checks 
*** TURN *** [4d 7s 2d] [8h]
NOTfishON: bets $3.71
bombatiq: calls $3.71
*** RIVER *** [4d 7s 2d 8h] [Kd]
NOTfishON: checks 
bombatiq: bets $18.41
NOTfishON: raises $34.85 to $53.26
bombatiq: raises $80.47 to $133.73 and is all-in
NOTfishON: folds 
Uncalled bet ($80.47) returned to bombatiq
bombatiq collected $116.94 from pot
bombatiq: doesn't show hand 
*** SUMMARY ***
Total pot $119.44 | Rake $2.50 
Board [4d 7s 2d 8h Kd]
Seat 1: AlexPinsk1 (small blind) folded before Flop
Seat 2: NOTfishON (big blind) folded on the River
Seat 3: InteRRio folded before Flop (didn't bet)
Seat 5: Mick92109 folded before Flop (didn't bet)
Seat 6: bombatiq (button) collected ($116.94)



PokerStars Hand #254216204547:  Hold'em No Limit ($0.50/$1.00 USD) - 2025/01/05 20:52:59 WET [2025/01/05 15:52:59 ET]
Table 'Mimosa III' 6-max Seat #1 is the button
Seat 4: v1lo4ka ($100 in chips) is sitting out
Seat 1: AlexPinsk1 ($105.05 in chips) 
Seat 2: NOTfishON ($100 in chips) 
Seat 3: InteRRio ($105 in chips) 
Seat 5: Mick92109 ($42.04 in chips) 
Seat 6: bombatiq ($197.41 in chips) 
NOTfishON: posts small blind $0.50
InteRRio: posts big blind $1
v1lo4ka: sits out 
*** HOLE CARDS ***
Mick92109: calls $1
bombatiq: folds 
AlexPinsk1: folds 
NOTfishON: folds 
InteRRio: checks 
*** FLOP *** [2s 5h Ah]
InteRRio: checks 
Mick92109: checks 
*** TURN *** [2s 5h Ah] [7h]
InteRRio: checks 
Mick92109: bets $1
InteRRio: folds 
Uncalled bet ($1) returned to Mick92109
Mick92109 collected $2.38 from pot
*** SUMMARY ***
Total pot $2.50 | Rake $0.12 
Board [2s 5h Ah 7h]
Seat 4: v1lo4ka
Seat 1: AlexPinsk1 (button) folded before Flop (didn't bet)
Seat 2: NOTfishON (small blind) folded before Flop
Seat 3: InteRRio (big blind) folded on the Turn
Seat 5: Mick92109 collected ($2.38)
Seat 6: bombatiq folded before Flop (didn't bet)



PokerStars Hand #254216217710:  Hold'em No Limit ($0.50/$1.00 USD) - 2025/01/05 20:53:31 WET [2025/01/05 15:53:31 ET]
Table 'Mimosa III' 6-max Seat #2 is the button
Seat 1: AlexPinsk1 ($105.05 in chips) 
Seat 2: NOTfishON ($100 in chips) 
Seat 3: InteRRio ($104 in chips) 
Seat 4: v1lo4ka ($100 in chips) 
Seat 5: Mick92109 ($43.42 in chips) 
Seat 6: bombatiq ($197.41 in chips) 
InteRRio: posts small blind $0.50
v1lo4ka: posts big blind $1
*** HOLE CARDS ***
Mick92109: folds 
bombatiq: folds 
AlexPinsk1: folds 
NOTfishON: raises $1.50 to $2.50
InteRRio: raises $7.50 to $10
v1lo4ka: folds 
NOTfishON: folds 
Uncalled bet ($7.50) returned to InteRRio
InteRRio collected $6 from pot
InteRRio: doesn't show hand 
*** SUMMARY ***
Total pot $6 | Rake $0 
Seat 1: AlexPinsk1 folded before Flop (didn't bet)
Seat 2: NOTfishON (button) folded before Flop
Seat 3: InteRRio (small blind) collected ($6)
Seat 4: v1lo4ka (big blind) folded before Flop
Seat 5: Mick92109 folded before Flop (didn't bet)
Seat 6: bombatiq folded before Flop (didn't bet)



PokerStars Hand #254216226117:  Hold'em No Limit ($0.50/$1.00 USD) - 2025/01/05 20:53:51 WET [2025/01/05 15:53:51 ET]
Table 'Mimosa III' 6-max Seat #3 is the button
Seat 1: AlexPinsk1 ($105.05 in chips) 
Seat 2: NOTfishON ($100 in chips) 
Seat 3: InteRRio ($107.50 in chips) 
Seat 4: v1lo4ka ($100 in chips) 
Seat 5: Mick92109 ($43.42 in chips) 
Seat 6: bombatiq ($197.41 in chips) 
v1lo4ka: posts small blind $0.50
Mick92109: posts big blind $1
*** HOLE CARDS ***
bombatiq: folds 
AlexPinsk1: raises $1.50 to $2.50
NOTfishON: folds 
InteRRio: folds 
v1lo4ka: folds 
Mick92109: folds 
Uncalled bet ($1.50) returned to AlexPinsk1
AlexPinsk1 collected $2.50 from pot
AlexPinsk1: doesn't show hand 
*** SUMMARY ***
Total pot $2.50 | Rake $0 
Seat 1: AlexPinsk1 collected ($2.50)
Seat 2: NOTfishON folded before Flop (didn't bet)
Seat 3: InteRRio (button) folded before Flop (didn't bet)
Seat 4: v1lo4ka (small blind) folded before Flop
Seat 5: Mick92109 (big blind) folded before Flop
Seat 6: bombatiq folded before Flop (didn't bet)



PokerStars Hand #254216233516:  Hold'em No Limit ($0.50/$1.00 USD) - 2025/01/05 20:54:09 WET [2025/01/05 15:54:09 ET]
Table 'Mimosa III' 6-max Seat #4 is the button
Seat 1: AlexPinsk1 ($106.55 in chips) 
Seat 2: NOTfishON ($100 in chips) 
Seat 3: InteRRio ($107.50 in chips) 
Seat 4: v1lo4ka ($100 in chips) 
Seat 5: Mick92109 ($42.42 in chips) 
Seat 6: bombatiq ($197.41 in chips) 
Mick92109: posts small blind $0.50
bombatiq: posts big blind $1
*** HOLE CARDS ***
AlexPinsk1: folds 
NOTfishON: folds 
InteRRio: folds 
v1lo4ka: raises $1.20 to $2.20
Mick92109: folds 
bombatiq: calls $1.20
*** FLOP *** [Jh 5s Ah]
bombatiq: checks 
v1lo4ka: bets $1.54
bombatiq: calls $1.54
*** TURN *** [Jh 5s Ah] [Kc]
bombatiq: checks 
v1lo4ka: checks 
*** RIVER *** [Jh 5s Ah Kc] [4d]
bombatiq: checks 
v1lo4ka: checks 
*** SHOW DOWN ***
bombatiq: shows [7c Jc] (a pair of Jacks)
v1lo4ka: shows [Jd 9d] (a pair of Jacks - Ace+King+Nine kicker)
v1lo4ka collected $7.58 from pot
*** SUMMARY ***
Total pot $7.98 | Rake $0.40 
Board [Jh 5s Ah Kc 4d]
Seat 1: AlexPinsk1 folded before Flop (didn't bet)
Seat 2: NOTfishON folded before Flop (didn't bet)
Seat 3: InteRRio folded before Flop (didn't bet)
Seat 4: v1lo4ka (button) showed [Jd 9d] and won ($7.58) with a pair of Jacks
Seat 5: Mick92109 (small blind) folded before Flop
Seat 6: bombatiq (big blind) showed [7c Jc] and lost with a pair of Jacks



PokerStars Hand #254216257889:  Hold'em No Limit ($0.50/$1.00 USD) - 2025/01/05 20:55:08 WET [2025/01/05 15:55:08 ET]
Table 'Mimosa III' 6-max Seat #5 is the button
Seat 1: AlexPinsk1 ($106.55 in chips) 
Seat 2: NOTfishON ($100 in chips) 
Seat 3: InteRRio ($107.50 in chips) 
Seat 4: v1lo4ka ($103.84 in chips) 
Seat 5: Mick92109 ($41.92 in chips) 
Seat 6: bombatiq ($193.67 in chips) 
bombatiq: posts small blind $0.50
AlexPinsk1: posts big blind $1
*** HOLE CARDS ***
NOTfishON: folds 
InteRRio: folds 
v1lo4ka: folds 
Mick92109: folds 
bombatiq: raises $2 to $3
AlexPinsk1: calls $2
*** FLOP *** [Ad 4h Th]
bombatiq: bets $1.43
AlexPinsk1: folds 
Uncalled bet ($1.43) returned to bombatiq
bombatiq collected $5.70 from pot
bombatiq: doesn't show hand 
*** SUMMARY ***
Total pot $6 | Rake $0.30 
Board [Ad 4h Th]
Seat 1: AlexPinsk1 (big blind) folded on the Flop
Seat 2: NOTfishON folded before Flop (didn't bet)
Seat 3: InteRRio folded before Flop (didn't bet)
Seat 4: v1lo4ka folded before Flop (didn't bet)
Seat 5: Mick92109 (button) folded before Flop (didn't bet)
Seat 6: bombatiq (small blind) collected ($5.70)



PokerStars Hand #254216265267:  Hold'em No Limit ($0.50/$1.00 USD) - 2025/01/05 20:55:37 WET [2025/01/05 15:55:37 ET]
Table 'Mimosa III' 6-max Seat #6 is the button
Seat 1: AlexPinsk1 ($103.55 in chips) 
Seat 2: NOTfishON ($100 in chips) 
Seat 3: InteRRio ($107.50 in chips) 
Seat 4: v1lo4ka ($103.84 in chips) 
Seat 5: Mick92109 ($41.92 in chips) 
Seat 6: bombatiq ($196.37 in chips) 
AlexPinsk1: posts small blind $0.50
NOTfishON: posts big blind $1
*** HOLE CARDS ***
InteRRio: folds 
v1lo4ka: raises $1.50 to $2.50
Mick92109: calls $2.50
bombatiq: folds 
AlexPinsk1: folds 
NOTfishON: calls $1.50
*** FLOP *** [Js Ks 6s]
NOTfishON: bets $2.36
v1lo4ka: calls $2.36
Mick92109: folds 
*** TURN *** [Js Ks 6s] [3c]
NOTfishON: bets $3.74
v1lo4ka: calls $3.74
*** RIVER *** [Js Ks 6s 3c] [5s]
NOTfishON: checks 
v1lo4ka: checks 
*** SHOW DOWN ***
NOTfishON: shows [4d Kd] (a pair of Kings)
v1lo4ka: shows [Kh Tc] (a pair of Kings - Jack+Ten kicker)
v1lo4ka collected $19.19 from pot
*** SUMMARY ***
Total pot $20.20 | Rake $1.01 
Board [Js Ks 6s 3c 5s]
Seat 1: AlexPinsk1 (small blind) folded before Flop
Seat 2: NOTfishON (big blind) showed [4d Kd] and lost with a pair of Kings
Seat 3: InteRRio folded before Flop (didn't bet)
Seat 4: v1lo4ka showed [Kh Tc] and won ($19.19) with a pair of Kings
Seat 5: Mick92109 folded on the Flop
Seat 6: bombatiq (button) folded before Flop (didn't bet)



PokerStars Hand #254216276311:  Hold'em No Limit ($0.50/$1.00 USD) - 2025/01/05 20:56:25 WET [2025/01/05 15:56:25 ET]
Table 'Mimosa III' 6-max Seat #1 is the button
Seat 1: AlexPinsk1 ($103.05 in chips) 
Seat 2: NOTfishON ($100 in chips) 
Seat 3: InteRRio ($107.50 in chips) 
Seat 4: v1lo4ka ($114.43 in chips) 
Seat 5: Mick92109 ($39.42 in chips) 
Seat 6: bombatiq ($196.37 in chips) 
NOTfishON: posts small blind $0.50
InteRRio: posts big blind $1
*** HOLE CARDS ***
v1lo4ka: folds 
Mick92109: folds 
bombatiq: folds 
AlexPinsk1: raises $1.50 to $2.50
NOTfishON: folds 
InteRRio: folds 
Uncalled bet ($1.50) returned to AlexPinsk1
AlexPinsk1 collected $2.50 from pot
AlexPinsk1: doesn't show hand 
*** SUMMARY ***
Total pot $2.50 | Rake $0 
Seat 1: AlexPinsk1 (button) collected ($2.50)
Seat 2: NOTfishON (small blind) folded before Flop
Seat 3: InteRRio (big blind) folded before Flop
Seat 4: v1lo4ka folded before Flop (didn't bet)
Seat 5: Mick92109 folded before Flop (didn't bet)
Seat 6: bombatiq folded before Flop (didn't bet)



PokerStars Hand #254216282135:  Hold'em No Limit ($0.50/$1.00 USD) - 2025/01/05 20:56:51 WET [2025/01/05 15:56:51 ET]
Table 'Mimosa III' 6-max Seat #2 is the button
Seat 1: AlexPinsk1 ($104.55 in chips) 
Seat 2: NOTfishON ($100 in chips) 
Seat 3: InteRRio ($106.50 in chips) 
Seat 4: v1lo4ka ($114.43 in chips) 
Seat 5: Mick92109 ($39.42 in chips) 
Seat 6: bombatiq ($196.37 in chips) 
InteRRio: posts small blind $0.50
v1lo4ka: posts big blind $1
*** HOLE CARDS ***
Mick92109: calls $1
bombatiq: folds 
AlexPinsk1: raises $2.50 to $3.50
NOTfishON: folds 
InteRRio: folds 
v1lo4ka: folds 
Mick92109: folds 
Uncalled bet ($2.50) returned to AlexPinsk1
AlexPinsk1 collected $3.50 from pot
AlexPinsk1: doesn't show hand 
*** SUMMARY ***
Total pot $3.50 | Rake $0 
Seat 1: AlexPinsk1 collected ($3.50)
Seat 2: NOTfishON (button) folded before Flop (didn't bet)
Seat 3: InteRRio (small blind) folded before Flop
Seat 4: v1lo4ka (big blind) folded before Flop
Seat 5: Mick92109 folded before Flop
Seat 6: bombatiq folded before Flop (didn't bet)



PokerStars Hand #254216288665:  Hold'em No Limit ($0.50/$1.00 USD) - 2025/01/05 20:57:18 WET [2025/01/05 15:57:18 ET]
Table 'Mimosa III' 6-max Seat #3 is the button
Seat 1: AlexPinsk1 ($107.05 in chips) 
Seat 2: NOTfishON ($100 in chips) 
Seat 3: InteRRio ($106 in chips) 
Seat 4: v1lo4ka ($113.43 in chips) 
Seat 5: Mick92109 ($38.42 in chips) 
Seat 6: bombatiq ($196.37 in chips) 
v1lo4ka: posts small blind $0.50
Mick92109: posts big blind $1
*** HOLE CARDS ***
bombatiq: folds 
AlexPinsk1: folds 
NOTfishON: raises $1.30 to $2.30
InteRRio: folds 
v1lo4ka: folds 
Mick92109: calls $1.30
*** FLOP *** [Jc Qh As]
Mick92109: checks 
NOTfishON: bets $1.50
Mick92109: calls $1.50
*** TURN *** [Jc Qh As] [5c]
Mick92109: checks 
NOTfishON: checks 
*** RIVER *** [Jc Qh As 5c] [9h]
Mick92109: bets $3.85
NOTfishON: folds 
Uncalled bet ($3.85) returned to Mick92109
Mick92109 collected $7.70 from pot
*** SUMMARY ***
Total pot $8.10 | Rake $0.40 
Board [Jc Qh As 5c 9h]
Seat 1: AlexPinsk1 folded before Flop (didn't bet)
Seat 2: NOTfishON folded on the River
Seat 3: InteRRio (button) folded before Flop (didn't bet)
Seat 4: v1lo4ka (small blind) folded before Flop
Seat 5: Mick92109 (big blind) collected ($7.70)
Seat 6: bombatiq folded before Flop (didn't bet)



PokerStars Hand #254216302854:  Hold'em No Limit ($0.50/$1.00 USD) - 2025/01/05 20:58:19 WET [2025/01/05 15:58:19 ET]
Table 'Mimosa III' 6-max Seat #4 is the button
Seat 6: bombatiq ($196.37 in chips) is sitting out
Seat 1: AlexPinsk1 ($107.05 in chips) 
Seat 2: NOTfishON ($100 in chips) 
Seat 3: InteRRio ($106 in chips) 
Seat 4: v1lo4ka ($112.93 in chips) 
Seat 5: Mick92109 ($42.32 in chips) 
Mick92109: posts small blind $0.50
bombatiq: is sitting out 
AlexPinsk1: posts big blind $1
*** HOLE CARDS ***
NOTfishON: folds 
InteRRio: folds 
v1lo4ka: raises $1.20 to $2.20
NOTfishON leaves the table
Mick92109: folds 
AlexPinsk1: calls $1.20
*** FLOP *** [Qs Jh 7s]
bombatiq leaves the table
LuckyShikari joins the table at seat #2 
AlexPinsk1: checks 
v1lo4ka: bets $2.38
vadjkeee joins the table at seat #6 
AlexPinsk1: folds 
Uncalled bet ($2.38) returned to v1lo4ka
v1lo4ka collected $4.66 from pot
v1lo4ka: doesn't show hand 
*** SUMMARY ***
Total pot $4.90 | Rake $0.24 
Board [Qs Jh 7s]
Seat 6: bombatiq
Seat 1: AlexPinsk1 (big blind) folded on the Flop
Seat 2: NOTfishON folded before Flop (didn't bet)
Seat 3: InteRRio folded before Flop (didn't bet)
Seat 4: v1lo4ka (button) collected ($4.66)
Seat 5: Mick92109 (small blind) folded before Flop



PokerStars Hand #254216313735:  Hold'em No Limit ($0.50/$1.00 USD) - 2025/01/05 20:59:04 WET [2025/01/05 15:59:04 ET]
Table 'Mimosa III' 6-max Seat #5 is the button
Seat 6: vadjkeee ($100 in chips) is sitting out
Seat 1: AlexPinsk1 ($104.85 in chips) 
Seat 2: LuckyShikari ($100 in chips) 
Seat 3: InteRRio ($106 in chips) 
Seat 4: v1lo4ka ($115.39 in chips) 
Seat 5: Mick92109 ($41.82 in chips) 
AlexPinsk1: posts small blind $0.50
LuckyShikari: posts big blind $1
*** HOLE CARDS ***
InteRRio: folds 
v1lo4ka: folds 
Mick92109: folds 
AlexPinsk1: folds 
Uncalled bet ($0.50) returned to LuckyShikari
LuckyShikari collected $1 from pot
LuckyShikari: doesn't show hand 
*** SUMMARY ***
Total pot $1 | Rake $0 
Seat 6: vadjkeee
Seat 1: AlexPinsk1 (small blind) folded before Flop
Seat 2: LuckyShikari (big blind) collected ($1)
Seat 3: InteRRio folded before Flop (didn't bet)
Seat 4: v1lo4ka folded before Flop (didn't bet)
Seat 5: Mick92109 (button) folded before Flop (didn't bet)



PokerStars Hand #254216317612:  Hold'em No Limit ($0.50/$1.00 USD) - 2025/01/05 20:59:21 WET [2025/01/05 15:59:21 ET]
Table 'Mimosa III' 6-max Seat #1 is the button
Seat 6: vadjkeee ($100 in chips) is sitting out
Seat 1: AlexPinsk1 ($104.35 in chips) 
Seat 2: LuckyShikari ($100.50 in chips) 
Seat 3: InteRRio ($106 in chips) 
Seat 4: v1lo4ka ($115.39 in chips) 
Seat 5: Mick92109 ($41.82 in chips) 
LuckyShikari: posts small blind $0.50
InteRRio: posts big blind $1
vadjkeee: sits out 
*** HOLE CARDS ***
v1lo4ka: folds 
Mick92109: folds 
AlexPinsk1: raises $1.50 to $2.50
LuckyShikari: folds 
InteRRio: folds 
Uncalled bet ($1.50) returned to AlexPinsk1
AlexPinsk1 collected $2.50 from pot
AlexPinsk1: doesn't show hand 
*** SUMMARY ***
Total pot $2.50 | Rake $0 
Seat 6: vadjkeee
Seat 1: AlexPinsk1 (button) collected ($2.50)
Seat 2: LuckyShikari (small blind) folded before Flop
Seat 3: InteRRio (big blind) folded before Flop
Seat 4: v1lo4ka folded before Flop (didn't bet)
Seat 5: Mick92109 folded before Flop (didn't bet)



PokerStars Hand #254216321967:  Hold'em No Limit ($0.50/$1.00 USD) - 2025/01/05 20:59:39 WET [2025/01/05 15:59:39 ET]
Table 'Mimosa III' 6-max Seat #2 is the button
Seat 6: vadjkeee ($100 in chips) is sitting out
Seat 1: AlexPinsk1 ($105.85 in chips) 
Seat 2: LuckyShikari ($100 in chips) 
Seat 3: InteRRio ($105 in chips) 
Seat 4: v1lo4ka ($115.39 in chips) 
Seat 5: Mick92109 ($41.82 in chips) 
InteRRio: posts small blind $0.50
v1lo4ka: posts big blind $1
vadjkeee: sits out 
*** HOLE CARDS ***
Mick92109: folds 
AlexPinsk1: raises $1.50 to $2.50
LuckyShikari: raises $6 to $8.50
InteRRio: folds 
v1lo4ka: folds 
AlexPinsk1: folds 
Uncalled bet ($6) returned to LuckyShikari
LuckyShikari collected $6.50 from pot
LuckyShikari: doesn't show hand 
*** SUMMARY ***
Total pot $6.50 | Rake $0 
Seat 6: vadjkeee
Seat 1: AlexPinsk1 folded before Flop
Seat 2: LuckyShikari (button) collected ($6.50)
Seat 3: InteRRio (small blind) folded before Flop
Seat 4: v1lo4ka (big blind) folded before Flop
Seat 5: Mick92109 folded before Flop (didn't bet)



PokerStars Hand #254216327584:  Hold'em No Limit ($0.50/$1.00 USD) - 2025/01/05 21:00:02 WET [2025/01/05 16:00:02 ET]
Table 'Mimosa III' 6-max Seat #3 is the button
Seat 6: vadjkeee ($100 in chips) is sitting out
Seat 1: AlexPinsk1 ($103.35 in chips) 
Seat 2: LuckyShikari ($104 in chips) 
Seat 3: InteRRio ($104.50 in chips) 
Seat 4: v1lo4ka ($114.39 in chips) 
Seat 5: Mick92109 ($41.82 in chips) 
v1lo4ka: posts small blind $0.50
Mick92109: posts big blind $1
vadjkeee: sits out 
*** HOLE CARDS ***
AlexPinsk1: folds 
LuckyShikari: raises $1.50 to $2.50
InteRRio: raises $5 to $7.50
v1lo4ka: folds 
Mick92109: folds 
LuckyShikari: folds 
Uncalled bet ($5) returned to InteRRio
InteRRio collected $6.50 from pot
InteRRio: doesn't show hand 
*** SUMMARY ***
Total pot $6.50 | Rake $0 
Seat 6: vadjkeee
Seat 1: AlexPinsk1 folded before Flop (didn't bet)
Seat 2: LuckyShikari folded before Flop
Seat 3: InteRRio (button) collected ($6.50)
Seat 4: v1lo4ka (small blind) folded before Flop
Seat 5: Mick92109 (big blind) folded before Flop



PokerStars Hand #254216333460:  Hold'em No Limit ($0.50/$1.00 USD) - 2025/01/05 21:00:26 WET [2025/01/05 16:00:26 ET]
Table 'Mimosa III' 6-max Seat #4 is the button
Seat 1: AlexPinsk1 ($103.35 in chips) 
Seat 2: LuckyShikari ($101.50 in chips) 
Seat 3: InteRRio ($108.50 in chips) 
Seat 4: v1lo4ka ($113.89 in chips) 
Seat 5: Mick92109 ($40.82 in chips) 
Seat 6: vadjkeee ($100 in chips) 
Mick92109: posts small blind $0.50
vadjkeee: posts big blind $1
*** HOLE CARDS ***
AlexPinsk1: raises $1.50 to $2.50
LuckyShikari: folds 
InteRRio: folds 
v1lo4ka: folds 
Mick92109: folds 
vadjkeee: calls $1.50
*** FLOP *** [4s 3s 7c]
vadjkeee: checks 
AlexPinsk1: checks 
*** TURN *** [4s 3s 7c] [Qh]
vadjkeee: checks 
AlexPinsk1: checks 
*** RIVER *** [4s 3s 7c Qh] [4c]
vadjkeee: checks 
AlexPinsk1: checks 
*** SHOW DOWN ***
vadjkeee: shows [Ad 8d] (a pair of Fours)
AlexPinsk1: mucks hand 
vadjkeee collected $5.22 from pot
*** SUMMARY ***
Total pot $5.50 | Rake $0.28 
Board [4s 3s 7c Qh 4c]
Seat 1: AlexPinsk1 mucked
Seat 2: LuckyShikari folded before Flop (didn't bet)
Seat 3: InteRRio folded before Flop (didn't bet)
Seat 4: v1lo4ka (button) folded before Flop (didn't bet)
Seat 5: Mick92109 (small blind) folded before Flop
Seat 6: vadjkeee (big blind) showed [Ad 8d] and won ($5.22) with a pair of Fours



PokerStars Hand #254216355616:  Hold'em No Limit ($0.50/$1.00 USD) - 2025/01/05 21:01:41 WET [2025/01/05 16:01:41 ET]
Table 'Mimosa III' 6-max Seat #5 is the button
Seat 2: LuckyShikari ($101.50 in chips) 
Seat 3: InteRRio ($108.50 in chips) 
Seat 4: v1lo4ka ($113.89 in chips) 
Seat 5: Mick92109 ($40.32 in chips) 
Seat 6: vadjkeee ($102.72 in chips) 
vadjkeee: posts small blind $0.50
LuckyShikari: posts big blind $1
*** HOLE CARDS ***
InteRRio: folds 
v1lo4ka: folds 
Mick92109: calls $1
vadjkeee: folds 
LuckyShikari: checks 
*** FLOP *** [Qc 8s Jc]
tintin641 joins the table at seat #1 
LuckyShikari: checks 
Mick92109: checks 
*** TURN *** [Qc 8s Jc] [Td]
LuckyShikari: checks 
Mick92109: checks 
*** RIVER *** [Qc 8s Jc Td] [5h]
LuckyShikari: checks 
Mick92109: checks 
*** SHOW DOWN ***
LuckyShikari: shows [Tc 7s] (a pair of Tens)
Mick92109: shows [Qs 4s] (a pair of Queens)
Mick92109 collected $2.38 from pot
*** SUMMARY ***
Total pot $2.50 | Rake $0.12 
Board [Qc 8s Jc Td 5h]
Seat 2: LuckyShikari (big blind) showed [Tc 7s] and lost with a pair of Tens
Seat 3: InteRRio folded before Flop (didn't bet)
Seat 4: v1lo4ka folded before Flop (didn't bet)
Seat 5: Mick92109 (button) showed [Qs 4s] and won ($2.38) with a pair of Queens
Seat 6: vadjkeee (small blind) folded before Flop



PokerStars Hand #254216364065:  Hold'em No Limit ($0.50/$1.00 USD) - 2025/01/05 21:02:06 WET [2025/01/05 16:02:06 ET]
Table 'Mimosa III' 6-max Seat #6 is the button
Seat 1: tintin641 ($100 in chips) is sitting out
Seat 3: InteRRio ($108.50 in chips) is sitting out
Seat 2: LuckyShikari ($100.50 in chips) 
Seat 4: v1lo4ka ($113.89 in chips) 
Seat 5: Mick92109 ($41.70 in chips) 
Seat 6: vadjkeee ($102.22 in chips) 
LuckyShikari: posts small blind $0.50
InteRRio: is sitting out 
v1lo4ka: posts big blind $1
*** HOLE CARDS ***
Mick92109: folds 
vadjkeee: folds 
LuckyShikari: raises $1.20 to $2.20
v1lo4ka: raises $6.80 to $9
LuckyShikari: folds 
Uncalled bet ($6.80) returned to v1lo4ka
v1lo4ka collected $4.40 from pot
v1lo4ka: doesn't show hand 
*** SUMMARY ***
Total pot $4.40 | Rake $0 
Seat 1: tintin641
Seat 3: InteRRio
Seat 2: LuckyShikari (small blind) folded before Flop
Seat 4: v1lo4ka (big blind) collected ($4.40)
Seat 5: Mick92109 folded before Flop (didn't bet)
Seat 6: vadjkeee (button) folded before Flop (didn't bet)



PokerStars Hand #254216369983:  Hold'em No Limit ($0.50/$1.00 USD) - 2025/01/05 21:02:23 WET [2025/01/05 16:02:23 ET]
Table 'Mimosa III' 6-max Seat #2 is the button
Seat 1: tintin641 ($100 in chips) is sitting out
Seat 3: InteRRio ($108.50 in chips) is sitting out
Seat 2: LuckyShikari ($100 in chips) 
Seat 4: v1lo4ka ($116.09 in chips) 
Seat 5: Mick92109 ($41.70 in chips) 
Seat 6: vadjkeee ($102.22 in chips) 
v1lo4ka: posts small blind $0.50
Mick92109: posts big blind $1
tintin641: sits out 
*** HOLE CARDS ***
vadjkeee: folds 
LuckyShikari: raises $2 to $3
v1lo4ka: folds 
InteRRio leaves the table
Mick92109: folds 
Uncalled bet ($2) returned to LuckyShikari
LuckyShikari collected $2.50 from pot
LuckyShikari: doesn't show hand 
*** SUMMARY ***
Total pot $2.50 | Rake $0 
Seat 1: tintin641
Seat 3: InteRRio
Seat 2: LuckyShikari (button) collected ($2.50)
Seat 4: v1lo4ka (small blind) folded before Flop
Seat 5: Mick92109 (big blind) folded before Flop
Seat 6: vadjkeee folded before Flop (didn't bet)



PokerStars Hand #254216374223:  Hold'em No Limit ($0.50/$1.00 USD) - 2025/01/05 21:02:33 WET [2025/01/05 16:02:33 ET]
Table 'Mimosa III' 6-max Seat #4 is the button
Seat 6: vadjkeee ($102.22 in chips) is sitting out
Seat 1: tintin641 ($100 in chips) 
Seat 2: LuckyShikari ($101.50 in chips) 
Seat 4: v1lo4ka ($115.59 in chips) 
Seat 5: Mick92109 ($40.70 in chips) 
Mick92109: posts small blind $0.50
vadjkeee: is sitting out 
tintin641: posts big blind $1
*** HOLE CARDS ***
LuckyShikari: raises $2.50 to $3.50
v1lo4ka: folds 
Mick92109: calls $3
tintin641: folds 
*** FLOP *** [Jc 4c 4d]
Mick92109: checks 
vadjkeee leaves the table
LuckyShikari: checks 
*** TURN *** [Jc 4c 4d] [5d]
Mick92109: checks 
LuckyShikari: checks 
*** RIVER *** [Jc 4c 4d 5d] [8c]
Mick92109: bets $3.80
LuckyShikari: folds 
Uncalled bet ($3.80) returned to Mick92109
Mick92109 collected $7.60 from pot
*** SUMMARY ***
Total pot $8 | Rake $0.40 
Board [Jc 4c 4d 5d 8c]
Seat 6: vadjkeee
Seat 1: tintin641 (big blind) folded before Flop
Seat 2: LuckyShikari folded on the River
Seat 4: v1lo4ka (button) folded before Flop (didn't bet)
Seat 5: Mick92109 (small blind) collected ($7.60)



PokerStars Hand #254216389355:  Hold'em No Limit ($0.50/$1.00 USD) - 2025/01/05 21:03:08 WET [2025/01/05 16:03:08 ET]
Table 'Mimosa III' 6-max Seat #5 is the button
Seat 1: tintin641 ($100 in chips) 
Seat 2: LuckyShikari ($100 in chips) 
Seat 4: v1lo4ka ($115.59 in chips) 
Seat 5: Mick92109 ($44.80 in chips) 
tintin641: posts small blind $0.50
LuckyShikari: posts big blind $1
*** HOLE CARDS ***
v1lo4ka: raises $1.50 to $2.50
Mick92109: folds 
tintin641: folds 
LuckyShikari: raises $6.50 to $9
JociBalboaa joins the table at seat #6 
v1lo4ka: calls $6.50
*** FLOP *** [5d 8s Td]
LuckyShikari: checks 
v1lo4ka: checks 
*** TURN *** [5d 8s Td] [3d]
LuckyShikari: checks 
v1lo4ka: checks 
*** RIVER *** [5d 8s Td 3d] [8d]
LuckyShikari: checks 
v1lo4ka: bets $5.27
LuckyShikari: calls $5.27
*** SHOW DOWN ***
v1lo4ka: shows [As 6s] (a pair of Eights)
LuckyShikari: shows [9h 9c] (two pair, Nines and Eights)
LuckyShikari collected $28.04 from pot
JollyMac124 joins the table at seat #3 
*** SUMMARY ***
Total pot $29.04 | Rake $1 
Board [5d 8s Td 3d 8d]
Seat 1: tintin641 (small blind) folded before Flop
Seat 2: LuckyShikari (big blind) showed [9h 9c] and won ($28.04) with two pair, Nines and Eights
Seat 4: v1lo4ka showed [As 6s] and lost with a pair of Eights
Seat 5: Mick92109 (button) folded before Flop (didn't bet)



PokerStars Hand #254216415467:  Hold'em No Limit ($0.50/$1.00 USD) - 2025/01/05 21:04:12 WET [2025/01/05 16:04:12 ET]
Table 'Mimosa III' 6-max Seat #1 is the button
Seat 6: JociBalboaa ($100 in chips) is sitting out
Seat 1: tintin641 ($100 in chips) 
Seat 2: LuckyShikari ($113.77 in chips) 
Seat 3: JollyMac124 ($80 in chips) 
Seat 4: v1lo4ka ($101.32 in chips) 
Seat 5: Mick92109 ($44.80 in chips) 
LuckyShikari: posts small blind $0.50
JollyMac124: posts big blind $1
JociBalboaa: sits out 
*** HOLE CARDS ***
v1lo4ka: raises $1.50 to $2.50
Mick92109: folds 
tintin641: folds 
LuckyShikari: folds 
JollyMac124: calls $1.50
*** FLOP *** [5c 8s 6c]
JollyMac124: checks 
v1lo4ka: bets $3.50
JollyMac124: folds 
Uncalled bet ($3.50) returned to v1lo4ka
v1lo4ka collected $5.22 from pot
v1lo4ka: doesn't show hand 
*** SUMMARY ***
Total pot $5.50 | Rake $0.28 
Board [5c 8s 6c]
Seat 6: JociBalboaa
Seat 1: tintin641 (button) folded before Flop (didn't bet)
Seat 2: LuckyShikari (small blind) folded before Flop
Seat 3: JollyMac124 (big blind) folded on the Flop
Seat 4: v1lo4ka collected ($5.22)
Seat 5: Mick92109 folded before Flop (didn't bet)



PokerStars Hand #254216428454:  Hold'em No Limit ($0.50/$1.00 USD) - 2025/01/05 21:04:43 WET [2025/01/05 16:04:43 ET]
Table 'Mimosa III' 6-max Seat #2 is the button
Seat 6: JociBalboaa ($100 in chips) is sitting out
Seat 1: tintin641 ($100 in chips) 
Seat 2: LuckyShikari ($113.27 in chips) 
Seat 3: JollyMac124 ($77.50 in chips) 
Seat 4: v1lo4ka ($104.04 in chips) 
Seat 5: Mick92109 ($44.80 in chips) 
JollyMac124: posts small blind $0.50
v1lo4ka: posts big blind $1
JociBalboaa: sits out 
*** HOLE CARDS ***
Mick92109: calls $1
tintin641: folds 
LuckyShikari: folds 
JollyMac124: calls $0.50
v1lo4ka: checks 
*** FLOP *** [Ac As Kc]
JollyMac124: checks 
v1lo4ka: checks 
Mick92109: checks 
*** TURN *** [Ac As Kc] [Qs]
JollyMac124: bets $2.85
v1lo4ka: folds 
Mick92109: folds 
Uncalled bet ($2.85) returned to JollyMac124
JollyMac124 collected $2.85 from pot
*** SUMMARY ***
Total pot $3 | Rake $0.15 
Board [Ac As Kc Qs]
Seat 6: JociBalboaa
Seat 1: tintin641 folded before Flop (didn't bet)
Seat 2: LuckyShikari (button) folded before Flop (didn't bet)
Seat 3: JollyMac124 (small blind) collected ($2.85)
Seat 4: v1lo4ka (big blind) folded on the Turn
Seat 5: Mick92109 folded on the Turn



PokerStars Hand #254216443072:  Hold'em No Limit ($0.50/$1.00 USD) - 2025/01/05 21:05:17 WET [2025/01/05 16:05:17 ET]
Table 'Mimosa III' 6-max Seat #3 is the button
Seat 6: JociBalboaa ($100 in chips) is sitting out
Seat 1: tintin641 ($100 in chips) 
Seat 2: LuckyShikari ($113.27 in chips) 
Seat 3: JollyMac124 ($79.35 in chips) 
Seat 4: v1lo4ka ($103.04 in chips) 
Seat 5: Mick92109 ($43.80 in chips) 
v1lo4ka: posts small blind $0.50
Mick92109: posts big blind $1
JociBalboaa: sits out 
*** HOLE CARDS ***
tintin641: raises $1.50 to $2.50
LuckyShikari: folds 
JollyMac124: folds 
v1lo4ka: folds 
Mick92109: calls $1.50
*** FLOP *** [8c Ks 7s]
Mick92109: checks 
tintin641: checks 
*** TURN *** [8c Ks 7s] [5s]
Mick92109: checks 
tintin641: checks 
*** RIVER *** [8c Ks 7s 5s] [Td]
Mick92109: checks 
tintin641: checks 
*** SHOW DOWN ***
Mick92109: shows [4s 4h] (a pair of Fours)
tintin641: shows [Ah 7h] (a pair of Sevens)
tintin641 collected $5.22 from pot
*** SUMMARY ***
Total pot $5.50 | Rake $0.28 
Board [8c Ks 7s 5s Td]
Seat 6: JociBalboaa
Seat 1: tintin641 showed [Ah 7h] and won ($5.22) with a pair of Sevens
Seat 2: LuckyShikari folded before Flop (didn't bet)
Seat 3: JollyMac124 (button) folded before Flop (didn't bet)
Seat 4: v1lo4ka (small blind) folded before Flop
Seat 5: Mick92109 (big blind) showed [4s 4h] and lost with a pair of Fours



PokerStars Hand #254216465111:  Hold'em No Limit ($0.50/$1.00 USD) - 2025/01/05 21:06:10 WET [2025/01/05 16:06:10 ET]
Table 'Mimosa III' 6-max Seat #4 is the button
Seat 1: tintin641 ($102.72 in chips) 
Seat 2: LuckyShikari ($113.27 in chips) 
Seat 3: JollyMac124 ($79.35 in chips) 
Seat 4: v1lo4ka ($102.54 in chips) 
Seat 5: Mick92109 ($41.30 in chips) 
Seat 6: JociBalboaa ($100 in chips) 
Mick92109: posts small blind $0.50
JociBalboaa: posts big blind $1
*** HOLE CARDS ***
tintin641: folds 
LuckyShikari: folds 
JollyMac124: folds 
v1lo4ka: raises $1.20 to $2.20
Mick92109: folds 
JociBalboaa: folds 
Uncalled bet ($1.20) returned to v1lo4ka
v1lo4ka collected $2.50 from pot
v1lo4ka: doesn't show hand 
*** SUMMARY ***
Total pot $2.50 | Rake $0 
Seat 1: tintin641 folded before Flop (didn't bet)
Seat 2: LuckyShikari folded before Flop (didn't bet)
Seat 3: JollyMac124 folded before Flop (didn't bet)
Seat 4: v1lo4ka (button) collected ($2.50)
Seat 5: Mick92109 (small blind) folded before Flop
Seat 6: JociBalboaa (big blind) folded before Flop



PokerStars Hand #254216475141:  Hold'em No Limit ($0.50/$1.00 USD) - 2025/01/05 21:06:34 WET [2025/01/05 16:06:34 ET]
Table 'Mimosa III' 6-max Seat #5 is the button
Seat 1: tintin641 ($102.72 in chips) 
Seat 2: LuckyShikari ($113.27 in chips) 
Seat 3: JollyMac124 ($79.35 in chips) 
Seat 4: v1lo4ka ($104.04 in chips) 
Seat 5: Mick92109 ($40.80 in chips) 
Seat 6: JociBalboaa ($100 in chips) 
JociBalboaa: posts small blind $0.50
tintin641: posts big blind $1
*** HOLE CARDS ***
LuckyShikari: folds 
JollyMac124: folds 
v1lo4ka: raises $1.50 to $2.50
Mick92109: folds 
JociBalboaa: folds 
tintin641: folds 
Uncalled bet ($1.50) returned to v1lo4ka
v1lo4ka collected $2.50 from pot
v1lo4ka: doesn't show hand 
*** SUMMARY ***
Total pot $2.50 | Rake $0 
Seat 1: tintin641 (big blind) folded before Flop
Seat 2: LuckyShikari folded before Flop (didn't bet)
Seat 3: JollyMac124 folded before Flop (didn't bet)
Seat 4: v1lo4ka collected ($2.50)
Seat 5: Mick92109 (button) folded before Flop (didn't bet)
Seat 6: JociBalboaa (small blind) folded before Flop



PokerStars Hand #254216484267:  Hold'em No Limit ($0.50/$1.00 USD) - 2025/01/05 21:06:56 WET [2025/01/05 16:06:56 ET]
Table 'Mimosa III' 6-max Seat #6 is the button
Seat 1: tintin641 ($101.72 in chips) 
Seat 2: LuckyShikari ($113.27 in chips) 
Seat 3: JollyMac124 ($79.35 in chips) 
Seat 4: v1lo4ka ($105.54 in chips) 
Seat 5: Mick92109 ($40.80 in chips) 
Seat 6: JociBalboaa ($100 in chips) 
tintin641: posts small blind $0.50
LuckyShikari: posts big blind $1
*** HOLE CARDS ***
JollyMac124: folds 
v1lo4ka: folds 
Mick92109: calls $1
JociBalboaa: folds 
tintin641: folds 
LuckyShikari: checks 
*** FLOP *** [2d Ad 4h]
LuckyShikari: checks 
Mick92109: checks 
*** TURN *** [2d Ad 4h] [9s]
LuckyShikari: checks 
Mick92109: checks 
*** RIVER *** [2d Ad 4h 9s] [8d]
LuckyShikari: checks 
Mick92109: checks 
*** SHOW DOWN ***
LuckyShikari: shows [3h 9h] (a pair of Nines)
Mick92109: mucks hand 
LuckyShikari collected $2.38 from pot
*** SUMMARY ***
Total pot $2.50 | Rake $0.12 
Board [2d Ad 4h 9s 8d]
Seat 1: tintin641 (small blind) folded before Flop
Seat 2: LuckyShikari (big blind) showed [3h 9h] and won ($2.38) with a pair of Nines
Seat 3: JollyMac124 folded before Flop (didn't bet)
Seat 4: v1lo4ka folded before Flop (didn't bet)
Seat 5: Mick92109 mucked
Seat 6: JociBalboaa (button) folded before Flop (didn't bet)



PokerStars Hand #254216505472:  Hold'em No Limit ($0.50/$1.00 USD) - 2025/01/05 21:07:46 WET [2025/01/05 16:07:46 ET]
Table 'Mimosa III' 6-max Seat #1 is the button
Seat 1: tintin641 ($101.22 in chips) 
Seat 2: LuckyShikari ($114.65 in chips) 
Seat 3: JollyMac124 ($79.35 in chips) 
Seat 4: v1lo4ka ($105.54 in chips) 
Seat 5: Mick92109 ($39.80 in chips) 
Seat 6: JociBalboaa ($100 in chips) 
LuckyShikari: posts small blind $0.50
JollyMac124: posts big blind $1
*** HOLE CARDS ***
v1lo4ka: folds 
Mick92109: folds 
JociBalboaa: folds 
tintin641: folds 
LuckyShikari: raises $1.50 to $2.50
JollyMac124: calls $1.50
*** FLOP *** [Tc 3c Jd]
LuckyShikari: checks 
JollyMac124: checks 
*** TURN *** [Tc 3c Jd] [Qd]
tintin641 leaves the table
LuckyShikari: bets $6
JollyMac124: calls $6
*** RIVER *** [Tc 3c Jd Qd] [3s]
LuckyShikari: bets $23
JollyMac124: calls $23
*** SHOW DOWN ***
LuckyShikari: shows [8c 4d] (a pair of Threes)
JollyMac124: shows [9s 8s] (a straight, Eight to Queen)
JollyMac124 collected $60.50 from pot
*** SUMMARY ***
Total pot $63 | Rake $2.50 
Board [Tc 3c Jd Qd 3s]
Seat 1: tintin641 (button) folded before Flop (didn't bet)
Seat 2: LuckyShikari (small blind) showed [8c 4d] and lost with a pair of Threes
Seat 3: JollyMac124 (big blind) showed [9s 8s] and won ($60.50) with a straight, Eight to Queen
Seat 4: v1lo4ka folded before Flop (didn't bet)
Seat 5: Mick92109 folded before Flop (didn't bet)
Seat 6: JociBalboaa folded before Flop (didn't bet)



PokerStars Hand #254216528114:  Hold'em No Limit ($0.50/$1.00 USD) - 2025/01/05 21:08:40 WET [2025/01/05 16:08:40 ET]
Table 'Mimosa III' 6-max Seat #2 is the button
Seat 2: LuckyShikari ($100 in chips) 
Seat 3: JollyMac124 ($108.35 in chips) 
Seat 4: v1lo4ka ($105.54 in chips) 
Seat 5: Mick92109 ($39.80 in chips) 
Seat 6: JociBalboaa ($100 in chips) 
JollyMac124: posts small blind $0.50
v1lo4ka: posts big blind $1
*** HOLE CARDS ***
Mick92109: folds 
JociBalboaa: folds 
LuckyShikari: folds 
aoish30 joins the table at seat #1 
JollyMac124: raises $1 to $2
v1lo4ka: folds 
Uncalled bet ($1) returned to JollyMac124
JollyMac124 collected $2 from pot
*** SUMMARY ***
Total pot $2 | Rake $0 
Seat 2: LuckyShikari (button) folded before Flop (didn't bet)
Seat 3: JollyMac124 (small blind) collected ($2)
Seat 4: v1lo4ka (big blind) folded before Flop
Seat 5: Mick92109 folded before Flop (didn't bet)
Seat 6: JociBalboaa folded before Flop (didn't bet)



PokerStars Hand #254216537960:  Hold'em No Limit ($0.50/$1.00 USD) - 2025/01/05 21:09:04 WET [2025/01/05 16:09:04 ET]
Table 'Mimosa III' 6-max Seat #3 is the button
Seat 1: aoish30 ($100 in chips) is sitting out
Seat 2: LuckyShikari ($100 in chips) 
Seat 3: JollyMac124 ($109.35 in chips) 
Seat 4: v1lo4ka ($104.54 in chips) 
Seat 5: Mick92109 ($39.80 in chips) 
Seat 6: JociBalboaa ($100 in chips) 
v1lo4ka: posts small blind $0.50
Mick92109: posts big blind $1
aoish30: sits out 
*** HOLE CARDS ***
JociBalboaa: folds 
LuckyShikari: folds 
JollyMac124: folds 
v1lo4ka: folds 
Uncalled bet ($0.50) returned to Mick92109
Mick92109 collected $1 from pot
*** SUMMARY ***
Total pot $1 | Rake $0 
Seat 1: aoish30
Seat 2: LuckyShikari folded before Flop (didn't bet)
Seat 3: JollyMac124 (button) folded before Flop (didn't bet)
Seat 4: v1lo4ka (small blind) folded before Flop
Seat 5: Mick92109 (big blind) collected ($1)
Seat 6: JociBalboaa folded before Flop (didn't bet)



PokerStars Hand #254216547739:  Hold'em No Limit ($0.50/$1.00 USD) - 2025/01/05 21:09:28 WET [2025/01/05 16:09:28 ET]
Table 'Mimosa III' 6-max Seat #4 is the button
Seat 1: aoish30 ($100 in chips) is sitting out
Seat 2: LuckyShikari ($100 in chips) 
Seat 3: JollyMac124 ($109.35 in chips) 
Seat 4: v1lo4ka ($104.04 in chips) 
Seat 5: Mick92109 ($40.30 in chips) 
Seat 6: JociBalboaa ($100 in chips) 
Mick92109: posts small blind $0.50
JociBalboaa: posts big blind $1
aoish30: sits out 
*** HOLE CARDS ***
LuckyShikari: raises $2 to $3
JollyMac124: calls $3
v1lo4ka: folds 
Mick92109: folds 
JociBalboaa: folds 
*** FLOP *** [6c Qd 9h]
LuckyShikari: checks 
JollyMac124: bets $3.56
LuckyShikari: calls $3.56
*** TURN *** [6c Qd 9h] [Kd]
LuckyShikari: checks 
JollyMac124: checks 
*** RIVER *** [6c Qd 9h Kd] [Ks]
LuckyShikari: checks 
JollyMac124: bets $5
LuckyShikari: calls $5
*** SHOW DOWN ***
JollyMac124: shows [7s 9s] (two pair, Kings and Nines)
LuckyShikari: shows [Ts Td] (two pair, Kings and Tens)
LuckyShikari collected $23.39 from pot
*** SUMMARY ***
Total pot $24.62 | Rake $1.23 
Board [6c Qd 9h Kd Ks]
Seat 1: aoish30
Seat 2: LuckyShikari showed [Ts Td] and won ($23.39) with two pair, Kings and Tens
Seat 3: JollyMac124 showed [7s 9s] and lost with two pair, Kings and Nines
Seat 4: v1lo4ka (button) folded before Flop (didn't bet)
Seat 5: Mick92109 (small blind) folded before Flop
Seat 6: JociBalboaa (big blind) folded before Flop



PokerStars Hand #254216570205:  Hold'em No Limit ($0.50/$1.00 USD) - 2025/01/05 21:10:21 WET [2025/01/05 16:10:21 ET]
Table 'Mimosa III' 6-max Seat #5 is the button
Seat 1: aoish30 ($100 in chips) 
Seat 2: LuckyShikari ($111.83 in chips) 
Seat 3: JollyMac124 ($97.79 in chips) 
Seat 4: v1lo4ka ($104.04 in chips) 
Seat 5: Mick92109 ($39.80 in chips) 
Seat 6: JociBalboaa ($100 in chips) 
JociBalboaa: posts small blind $0.50
aoish30: posts big blind $1
*** HOLE CARDS ***
LuckyShikari: raises $2 to $3
JollyMac124: folds 
v1lo4ka: folds 
Mick92109: folds 
JociBalboaa: folds 
aoish30: folds 
Uncalled bet ($2) returned to LuckyShikari
LuckyShikari collected $2.50 from pot
LuckyShikari: doesn't show hand 
*** SUMMARY ***
Total pot $2.50 | Rake $0 
Seat 1: aoish30 (big blind) folded before Flop
Seat 2: LuckyShikari collected ($2.50)
Seat 3: JollyMac124 folded before Flop (didn't bet)
Seat 4: v1lo4ka folded before Flop (didn't bet)
Seat 5: Mick92109 (button) folded before Flop (didn't bet)
Seat 6: JociBalboaa (small blind) folded before Flop



PokerStars Hand #254216579653:  Hold'em No Limit ($0.50/$1.00 USD) - 2025/01/05 21:10:44 WET [2025/01/05 16:10:44 ET]
Table 'Mimosa III' 6-max Seat #6 is the button
Seat 1: aoish30 ($100 in chips) 
Seat 2: LuckyShikari ($113.33 in chips) 
Seat 3: JollyMac124 ($97.79 in chips) 
Seat 4: v1lo4ka ($104.04 in chips) 
Seat 5: Mick92109 ($39.80 in chips) 
Seat 6: JociBalboaa ($100 in chips) 
aoish30: posts small blind $0.50
LuckyShikari: posts big blind $1
*** HOLE CARDS ***
JollyMac124: folds 
v1lo4ka: folds 
Mick92109: folds 
JociBalboaa: folds 
aoish30: folds 
Uncalled bet ($0.50) returned to LuckyShikari
LuckyShikari collected $1 from pot
LuckyShikari: doesn't show hand 
*** SUMMARY ***
Total pot $1 | Rake $0 
Seat 1: aoish30 (small blind) folded before Flop
Seat 2: LuckyShikari (big blind) collected ($1)
Seat 3: JollyMac124 folded before Flop (didn't bet)
Seat 4: v1lo4ka folded before Flop (didn't bet)
Seat 5: Mick92109 folded before Flop (didn't bet)
Seat 6: JociBalboaa (button) folded before Flop (didn't bet)



PokerStars Hand #254216587274:  Hold'em No Limit ($0.50/$1.00 USD) - 2025/01/05 21:11:02 WET [2025/01/05 16:11:02 ET]
Table 'Mimosa III' 6-max Seat #1 is the button
Seat 1: aoish30 ($100 in chips) 
Seat 2: LuckyShikari ($113.83 in chips) 
Seat 3: JollyMac124 ($97.79 in chips) 
Seat 4: v1lo4ka ($104.04 in chips) 
Seat 5: Mick92109 ($39.80 in chips) 
Seat 6: JociBalboaa ($100 in chips) 
LuckyShikari: posts small blind $0.50
JollyMac124: posts big blind $1
*** HOLE CARDS ***
v1lo4ka: folds 
Mick92109: calls $1
JociBalboaa: folds 
aoish30: folds 
LuckyShikari: folds 
JollyMac124: checks 
*** FLOP *** [As 7d Jh]
JollyMac124: checks 
Mick92109: checks 
*** TURN *** [As 7d Jh] [Qd]
JollyMac124: checks 
Mick92109: checks 
*** RIVER *** [As 7d Jh Qd] [8d]
JollyMac124: checks 
Mick92109: checks 
*** SHOW DOWN ***
JollyMac124: shows [7h 3h] (a pair of Sevens)
Mick92109: shows [9h Jc] (a pair of Jacks)
Mick92109 collected $2.38 from pot
*** SUMMARY ***
Total pot $2.50 | Rake $0.12 
Board [As 7d Jh Qd 8d]
Seat 1: aoish30 (button) folded before Flop (didn't bet)
Seat 2: LuckyShikari (small blind) folded before Flop
Seat 3: JollyMac124 (big blind) showed [7h 3h] and lost with a pair of Sevens
Seat 4: v1lo4ka folded before Flop (didn't bet)
Seat 5: Mick92109 showed [9h Jc] and won ($2.38) with a pair of Jacks
Seat 6: JociBalboaa folded before Flop (didn't bet)



PokerStars Hand #254216604994:  Hold'em No Limit ($0.50/$1.00 USD) - 2025/01/05 21:11:44 WET [2025/01/05 16:11:44 ET]
Table 'Mimosa III' 6-max Seat #2 is the button
Seat 1: aoish30 ($100 in chips) 
Seat 2: LuckyShikari ($113.33 in chips) 
Seat 3: JollyMac124 ($96.79 in chips) 
Seat 4: v1lo4ka ($104.04 in chips) 
Seat 5: Mick92109 ($41.18 in chips) 
Seat 6: JociBalboaa ($100 in chips) 
JollyMac124: posts small blind $0.50
v1lo4ka: posts big blind $1
*** HOLE CARDS ***
Mick92109: folds 
JociBalboaa: raises $1.50 to $2.50
aoish30: folds 
LuckyShikari: raises $6.50 to $9
JollyMac124: folds 
v1lo4ka: folds 
JociBalboaa: raises $15 to $24
LuckyShikari: folds 
Uncalled bet ($15) returned to JociBalboaa
JociBalboaa collected $19.50 from pot
JociBalboaa: doesn't show hand 
*** SUMMARY ***
Total pot $19.50 | Rake $0 
Seat 1: aoish30 folded before Flop (didn't bet)
Seat 2: LuckyShikari (button) folded before Flop
Seat 3: JollyMac124 (small blind) folded before Flop
Seat 4: v1lo4ka (big blind) folded before Flop
Seat 5: Mick92109 folded before Flop (didn't bet)
Seat 6: JociBalboaa collected ($19.50)



PokerStars Hand #254216623790:  Hold'em No Limit ($0.50/$1.00 USD) - 2025/01/05 21:12:29 WET [2025/01/05 16:12:29 ET]
Table 'Mimosa III' 6-max Seat #3 is the button
Seat 1: aoish30 ($100 in chips) 
Seat 2: LuckyShikari ($104.33 in chips) 
Seat 3: JollyMac124 ($96.29 in chips) 
Seat 4: v1lo4ka ($103.04 in chips) 
Seat 5: Mick92109 ($41.18 in chips) 
Seat 6: JociBalboaa ($110.50 in chips) 
v1lo4ka: posts small blind $0.50
Mick92109: posts big blind $1
*** HOLE CARDS ***
JociBalboaa: raises $1.20 to $2.20
aoish30: folds 
LuckyShikari: folds 
JollyMac124: calls $2.20
v1lo4ka: calls $1.70
Mick92109: folds 
*** FLOP *** [4h 4s 7s]
v1lo4ka: bets $2.38
JociBalboaa: folds 
JollyMac124: folds 
Uncalled bet ($2.38) returned to v1lo4ka
v1lo4ka collected $7.22 from pot
v1lo4ka: doesn't show hand 
*** SUMMARY ***
Total pot $7.60 | Rake $0.38 
Board [4h 4s 7s]
Seat 1: aoish30 folded before Flop (didn't bet)
Seat 2: LuckyShikari folded before Flop (didn't bet)
Seat 3: JollyMac124 (button) folded on the Flop
Seat 4: v1lo4ka (small blind) collected ($7.22)
Seat 5: Mick92109 (big blind) folded before Flop
Seat 6: JociBalboaa folded on the Flop



PokerStars Hand #254216643424:  Hold'em No Limit ($0.50/$1.00 USD) - 2025/01/05 21:13:15 WET [2025/01/05 16:13:15 ET]
Table 'Mimosa III' 6-max Seat #4 is the button
Seat 1: aoish30 ($100 in chips) 
Seat 2: LuckyShikari ($104.33 in chips) 
Seat 3: JollyMac124 ($94.09 in chips) 
Seat 4: v1lo4ka ($108.06 in chips) 
Seat 5: Mick92109 ($40.18 in chips) 
Seat 6: JociBalboaa ($108.30 in chips) 
Mick92109: posts small blind $0.50
JociBalboaa: posts big blind $1
*** HOLE CARDS ***
aoish30: folds 
LuckyShikari: raises $1.50 to $2.50
JollyMac124: raises $1.50 to $4
v1lo4ka: folds 
Mick92109: calls $3.50
JociBalboaa: folds 
LuckyShikari: calls $1.50
*** FLOP *** [8d 5c 6c]
Mick92109: checks 
LuckyShikari: checks 
JollyMac124: bets $4
Mick92109: folds 
LuckyShikari: folds 
Uncalled bet ($4) returned to JollyMac124
JollyMac124 collected $12.35 from pot
*** SUMMARY ***
Total pot $13 | Rake $0.65 
Board [8d 5c 6c]
Seat 1: aoish30 folded before Flop (didn't bet)
Seat 2: LuckyShikari folded on the Flop
Seat 3: JollyMac124 collected ($12.35)
Seat 4: v1lo4ka (button) folded before Flop (didn't bet)
Seat 5: Mick92109 (small blind) folded on the Flop
Seat 6: JociBalboaa (big blind) folded before Flop



PokerStars Hand #254216664450:  Hold'em No Limit ($0.50/$1.00 USD) - 2025/01/05 21:14:05 WET [2025/01/05 16:14:05 ET]
Table 'Mimosa III' 6-max Seat #5 is the button
Seat 1: aoish30 ($100 in chips) is sitting out
Seat 2: LuckyShikari ($100.33 in chips) 
Seat 3: JollyMac124 ($102.44 in chips) 
Seat 4: v1lo4ka ($108.06 in chips) 
Seat 5: Mick92109 ($36.18 in chips) 
Seat 6: JociBalboaa ($107.30 in chips) 
JociBalboaa: posts small blind $0.50
aoish30: is sitting out 
LuckyShikari: posts big blind $1
*** HOLE CARDS ***
aoish30 leaves the table
JollyMac124: calls $1
v1lo4ka: raises $3 to $4
nikalas22 joins the table at seat #1 
Mick92109: folds 
JociBalboaa: folds 
LuckyShikari: folds 
JollyMac124: calls $3
*** FLOP *** [Ts 7h 4h]
JollyMac124: checks 
v1lo4ka: bets $2.98
JollyMac124: calls $2.98
*** TURN *** [Ts 7h 4h] [2h]
JollyMac124: checks 
v1lo4ka: checks 
*** RIVER *** [Ts 7h 4h 2h] [7c]
JollyMac124: bets $5
v1lo4ka: calls $5
*** SHOW DOWN ***
JollyMac124: shows [9d 7d] (three of a kind, Sevens)
v1lo4ka: mucks hand 
JollyMac124 collected $24.19 from pot
*** SUMMARY ***
Total pot $25.46 | Rake $1.27 
Board [Ts 7h 4h 2h 7c]
Seat 1: aoish30
Seat 2: LuckyShikari (big blind) folded before Flop
Seat 3: JollyMac124 showed [9d 7d] and won ($24.19) with three of a kind, Sevens
Seat 4: v1lo4ka mucked
Seat 5: Mick92109 (button) folded before Flop (didn't bet)
Seat 6: JociBalboaa (small blind) folded before Flop



PokerStars Hand #254216692315:  Hold'em No Limit ($0.50/$1.00 USD) - 2025/01/05 21:15:11 WET [2025/01/05 16:15:11 ET]
Table 'Mimosa III' 6-max Seat #6 is the button
Seat 1: nikalas22 ($100 in chips) is sitting out
Seat 2: LuckyShikari ($100 in chips) 
Seat 3: JollyMac124 ($114.65 in chips) 
Seat 4: v1lo4ka ($100 in chips) 
Seat 5: Mick92109 ($36.18 in chips) 
Seat 6: JociBalboaa ($106.80 in chips) 
LuckyShikari: posts small blind $0.50
JollyMac124: posts big blind $1
*** HOLE CARDS ***
v1lo4ka: folds 
Mick92109: folds 
JociBalboaa: raises $1.50 to $2.50
LuckyShikari: folds 
JollyMac124: calls $1.50
*** FLOP *** [9d 8h 6s]
JollyMac124: checks 
JociBalboaa: bets $1.72
JollyMac124: calls $1.72
*** TURN *** [9d 8h 6s] [6d]
JollyMac124: checks 
JociBalboaa: checks 
*** RIVER *** [9d 8h 6s 6d] [Kc]
JollyMac124: checks 
JociBalboaa: checks 
*** SHOW DOWN ***
JollyMac124: shows [Qc 9h] (two pair, Nines and Sixes)
JociBalboaa: mucks hand 
JollyMac124 collected $8.49 from pot
*** SUMMARY ***
Total pot $8.94 | Rake $0.45 
Board [9d 8h 6s 6d Kc]
Seat 1: nikalas22
Seat 2: LuckyShikari (small blind) folded before Flop
Seat 3: JollyMac124 (big blind) showed [Qc 9h] and won ($8.49) with two pair, Nines and Sixes
Seat 4: v1lo4ka folded before Flop (didn't bet)
Seat 5: Mick92109 folded before Flop (didn't bet)
Seat 6: JociBalboaa (button) mucked



PokerStars Hand #254216722326:  Hold'em No Limit ($0.50/$1.00 USD) - 2025/01/05 21:16:22 WET [2025/01/05 16:16:22 ET]
Table 'Mimosa III' 6-max Seat #2 is the button
Seat 1: nikalas22 ($100 in chips) is sitting out
Seat 2: LuckyShikari ($100 in chips) 
Seat 3: JollyMac124 ($118.92 in chips) 
Seat 4: v1lo4ka ($100 in chips) 
Seat 5: Mick92109 ($36.18 in chips) 
Seat 6: JociBalboaa ($102.58 in chips) 
JollyMac124: posts small blind $0.50
v1lo4ka: posts big blind $1
nikalas22: sits out 
*** HOLE CARDS ***
Mick92109: folds 
JociBalboaa: folds 
LuckyShikari: raises $1.50 to $2.50
JollyMac124: calls $2
v1lo4ka: folds 
*** FLOP *** [2d Ad 8c]
JollyMac124: checks 
LuckyShikari: checks 
*** TURN *** [2d Ad 8c] [As]
JollyMac124: checks 
LuckyShikari: bets $3
JollyMac124: folds 
Uncalled bet ($3) returned to LuckyShikari
LuckyShikari collected $5.70 from pot
LuckyShikari: doesn't show hand 
*** SUMMARY ***
Total pot $6 | Rake $0.30 
Board [2d Ad 8c As]
Seat 1: nikalas22
Seat 2: LuckyShikari (button) collected ($5.70)
Seat 3: JollyMac124 (small blind) folded on the Turn
Seat 4: v1lo4ka (big blind) folded before Flop
Seat 5: Mick92109 folded before Flop (didn't bet)
Seat 6: JociBalboaa folded before Flop (didn't bet)



PokerStars Hand #254216741266:  Hold'em No Limit ($0.50/$1.00 USD) - 2025/01/05 21:17:07 WET [2025/01/05 16:17:07 ET]
Table 'Mimosa III' 6-max Seat #3 is the button
Seat 1: nikalas22 ($100 in chips) is sitting out
Seat 2: LuckyShikari ($103.20 in chips) 
Seat 3: JollyMac124 ($116.42 in chips) 
Seat 4: v1lo4ka ($100 in chips) 
Seat 5: Mick92109 ($36.18 in chips) 
Seat 6: JociBalboaa ($102.58 in chips) 
v1lo4ka: posts small blind $0.50
Mick92109: posts big blind $1
nikalas22: sits out 
*** HOLE CARDS ***
JociBalboaa: folds 
LuckyShikari: raises $1.50 to $2.50
JollyMac124: calls $2.50
v1lo4ka: folds 
Mick92109: folds 
*** FLOP *** [Ks Ts Jh]
LuckyShikari: checks 
JollyMac124: bets $3.09
LuckyShikari: folds 
Uncalled bet ($3.09) returned to JollyMac124
JollyMac124 collected $6.18 from pot
*** SUMMARY ***
Total pot $6.50 | Rake $0.32 
Board [Ks Ts Jh]
Seat 1: nikalas22
Seat 2: LuckyShikari folded on the Flop
Seat 3: JollyMac124 (button) collected ($6.18)
Seat 4: v1lo4ka (small blind) folded before Flop
Seat 5: Mick92109 (big blind) folded before Flop
Seat 6: JociBalboaa folded before Flop (didn't bet)



PokerStars Hand #254216754575:  Hold'em No Limit ($0.50/$1.00 USD) - 2025/01/05 21:17:39 WET [2025/01/05 16:17:39 ET]
Table 'Mimosa III' 6-max Seat #4 is the button
Seat 1: nikalas22 ($100 in chips) is sitting out
Seat 2: LuckyShikari ($100.70 in chips) 
Seat 3: JollyMac124 ($120.10 in chips) 
Seat 4: v1lo4ka ($100 in chips) 
Seat 5: Mick92109 ($35.18 in chips) 
Seat 6: JociBalboaa ($102.58 in chips) 
Mick92109: posts small blind $0.50
JociBalboaa: posts big blind $1
nikalas22: sits out 
*** HOLE CARDS ***
LuckyShikari: raises $1.20 to $2.20
JollyMac124: calls $2.20
v1lo4ka: folds 
Mick92109: folds 
JociBalboaa: folds 
*** FLOP *** [Qh Td 7s]
LuckyShikari: checks 
JollyMac124: bets $2.80
LuckyShikari: folds 
Uncalled bet ($2.80) returned to JollyMac124
JollyMac124 collected $5.60 from pot
*** SUMMARY ***
Total pot $5.90 | Rake $0.30 
Board [Qh Td 7s]
Seat 1: nikalas22
Seat 2: LuckyShikari folded on the Flop
Seat 3: JollyMac124 collected ($5.60)
Seat 4: v1lo4ka (button) folded before Flop (didn't bet)
Seat 5: Mick92109 (small blind) folded before Flop
Seat 6: JociBalboaa (big blind) folded before Flop



PokerStars Hand #254216772208:  Hold'em No Limit ($0.50/$1.00 USD) - 2025/01/05 21:18:20 WET [2025/01/05 16:18:20 ET]
Table 'Mimosa III' 6-max Seat #5 is the button
Seat 1: nikalas22 ($100 in chips) 
Seat 2: LuckyShikari ($100 in chips) 
Seat 3: JollyMac124 ($123.50 in chips) 
Seat 4: v1lo4ka ($100 in chips) 
Seat 5: Mick92109 ($34.68 in chips) 
Seat 6: JociBalboaa ($101.58 in chips) 
JociBalboaa: posts small blind $0.50
nikalas22: posts big blind $1
*** HOLE CARDS ***
LuckyShikari: raises $1.20 to $2.20
JollyMac124: folds 
v1lo4ka: raises $5.80 to $8
Mick92109: folds 
JociBalboaa: folds 
nikalas22: folds 
LuckyShikari: calls $5.80
*** FLOP *** [Qd 7c 3d]
LuckyShikari: checks 
v1lo4ka: bets $5.48
LuckyShikari: folds 
Uncalled bet ($5.48) returned to v1lo4ka
v1lo4ka collected $16.62 from pot
v1lo4ka: doesn't show hand 
*** SUMMARY ***
Total pot $17.50 | Rake $0.88 
Board [Qd 7c 3d]
Seat 1: nikalas22 (big blind) folded before Flop
Seat 2: LuckyShikari folded on the Flop
Seat 3: JollyMac124 folded before Flop (didn't bet)
Seat 4: v1lo4ka collected ($16.62)
Seat 5: Mick92109 (button) folded before Flop (didn't bet)
Seat 6: JociBalboaa (small blind) folded before Flop



PokerStars Hand #254216795593:  Hold'em No Limit ($0.50/$1.00 USD) - 2025/01/05 21:19:15 WET [2025/01/05 16:19:15 ET]
Table 'Mimosa III' 6-max Seat #6 is the button
Seat 1: nikalas22 ($100 in chips) 
Seat 2: LuckyShikari ($100 in chips) 
Seat 3: JollyMac124 ($123.50 in chips) 
Seat 4: v1lo4ka ($108.62 in chips) 
Seat 5: Mick92109 ($34.68 in chips) 
Seat 6: JociBalboaa ($101.08 in chips) 
nikalas22: posts small blind $0.50
LuckyShikari: posts big blind $1
*** HOLE CARDS ***
JollyMac124: folds 
v1lo4ka: folds 
Mick92109: calls $1
JociBalboaa: folds 
nikalas22: folds 
LuckyShikari: checks 
*** FLOP *** [7c Kh 5d]
LuckyShikari: checks 
Mick92109: checks 
*** TURN *** [7c Kh 5d] [8c]
LuckyShikari: checks 
Mick92109: bets $1.19
LuckyShikari: calls $1.19
*** RIVER *** [7c Kh 5d 8c] [2h]
LuckyShikari: checks 
Mick92109: bets $2.32
LuckyShikari: calls $2.32
*** SHOW DOWN ***
Mick92109: shows [8d 7d] (two pair, Eights and Sevens)
LuckyShikari: mucks hand 
Mick92109 collected $9.04 from pot
*** SUMMARY ***
Total pot $9.52 | Rake $0.48 
Board [7c Kh 5d 8c 2h]
Seat 1: nikalas22 (small blind) folded before Flop
Seat 2: LuckyShikari (big blind) mucked
Seat 3: JollyMac124 folded before Flop (didn't bet)
Seat 4: v1lo4ka folded before Flop (didn't bet)
Seat 5: Mick92109 showed [8d 7d] and won ($9.04) with two pair, Eights and Sevens
Seat 6: JociBalboaa (button) folded before Flop (didn't bet)



PokerStars Hand #254216818822:  Hold'em No Limit ($0.50/$1.00 USD) - 2025/01/05 21:20:10 WET [2025/01/05 16:20:10 ET]
Table 'Mimosa III' 6-max Seat #1 is the button
Seat 1: nikalas22 ($100 in chips) 
Seat 2: LuckyShikari ($100 in chips) 
Seat 3: JollyMac124 ($123.50 in chips) 
Seat 4: v1lo4ka ($108.62 in chips) 
Seat 5: Mick92109 ($39.21 in chips) 
Seat 6: JociBalboaa ($101.08 in chips) 
LuckyShikari: posts small blind $0.50
JollyMac124: posts big blind $1
*** HOLE CARDS ***
v1lo4ka: folds 
Mick92109: folds 
JociBalboaa: folds 
nikalas22: raises $1.50 to $2.50
LuckyShikari: raises $11 to $13.50
JollyMac124: folds 
nikalas22: folds 
Uncalled bet ($11) returned to LuckyShikari
LuckyShikari collected $6 from pot
LuckyShikari: doesn't show hand 
*** SUMMARY ***
Total pot $6 | Rake $0 
Seat 1: nikalas22 (button) folded before Flop
Seat 2: LuckyShikari (small blind) collected ($6)
Seat 3: JollyMac124 (big blind) folded before Flop
Seat 4: v1lo4ka folded before Flop (didn't bet)
Seat 5: Mick92109 folded before Flop (didn't bet)
Seat 6: JociBalboaa folded before Flop (didn't bet)



PokerStars Hand #254216827251:  Hold'em No Limit ($0.50/$1.00 USD) - 2025/01/05 21:20:30 WET [2025/01/05 16:20:30 ET]
Table 'Mimosa III' 6-max Seat #2 is the button
Seat 1: nikalas22 ($100 in chips) 
Seat 2: LuckyShikari ($103.50 in chips) 
Seat 3: JollyMac124 ($122.50 in chips) 
Seat 4: v1lo4ka ($108.62 in chips) 
Seat 5: Mick92109 ($39.21 in chips) 
Seat 6: JociBalboaa ($101.08 in chips) 
JollyMac124: posts small blind $0.50
v1lo4ka: posts big blind $1
*** HOLE CARDS ***
Mick92109: folds 
JociBalboaa: folds 
nikalas22: raises $1.50 to $2.50
LuckyShikari: folds 
JollyMac124: folds 
v1lo4ka: folds 
Uncalled bet ($1.50) returned to nikalas22
nikalas22 collected $2.50 from pot
nikalas22: doesn't show hand 
*** SUMMARY ***
Total pot $2.50 | Rake $0 
Seat 1: nikalas22 collected ($2.50)
Seat 2: LuckyShikari (button) folded before Flop (didn't bet)
Seat 3: JollyMac124 (small blind) folded before Flop
Seat 4: v1lo4ka (big blind) folded before Flop
Seat 5: Mick92109 folded before Flop (didn't bet)
Seat 6: JociBalboaa folded before Flop (didn't bet)



PokerStars Hand #254216836827:  Hold'em No Limit ($0.50/$1.00 USD) - 2025/01/05 21:20:53 WET [2025/01/05 16:20:53 ET]
Table 'Mimosa III' 6-max Seat #3 is the button
Seat 1: nikalas22 ($101.50 in chips) 
Seat 2: LuckyShikari ($103.50 in chips) 
Seat 3: JollyMac124 ($122 in chips) 
Seat 4: v1lo4ka ($107.62 in chips) 
Seat 5: Mick92109 ($39.21 in chips) 
Seat 6: JociBalboaa ($101.08 in chips) 
v1lo4ka: posts small blind $0.50
Mick92109: posts big blind $1
*** HOLE CARDS ***
JociBalboaa: folds 
nikalas22: folds 
LuckyShikari: raises $1.50 to $2.50
JollyMac124: raises $1.50 to $4
v1lo4ka: folds 
Mick92109: calls $3
LuckyShikari: calls $1.50
*** FLOP *** [5d 8d 5s]
Mick92109: checks 
LuckyShikari: bets $12.50
JollyMac124: folds 
Mick92109: folds 
Uncalled bet ($12.50) returned to LuckyShikari
LuckyShikari collected $11.88 from pot
LuckyShikari: doesn't show hand 
*** SUMMARY ***
Total pot $12.50 | Rake $0.62 
Board [5d 8d 5s]
Seat 1: nikalas22 folded before Flop (didn't bet)
Seat 2: LuckyShikari collected ($11.88)
Seat 3: JollyMac124 (button) folded on the Flop
Seat 4: v1lo4ka (small blind) folded before Flop
Seat 5: Mick92109 (big blind) folded on the Flop
Seat 6: JociBalboaa folded before Flop (didn't bet)



PokerStars Hand #254216856632:  Hold'em No Limit ($0.50/$1.00 USD) - 2025/01/05 21:21:40 WET [2025/01/05 16:21:40 ET]
Table 'Mimosa III' 6-max Seat #4 is the button
Seat 1: nikalas22 ($101.50 in chips) 
Seat 2: LuckyShikari ($111.38 in chips) 
Seat 3: JollyMac124 ($118 in chips) 
Seat 4: v1lo4ka ($107.12 in chips) 
Seat 5: Mick92109 ($35.21 in chips) 
Seat 6: JociBalboaa ($101.08 in chips) 
Mick92109: posts small blind $0.50
JociBalboaa: posts big blind $1
*** HOLE CARDS ***
nikalas22: folds 
LuckyShikari: raises $2.50 to $3.50
JollyMac124: folds 
v1lo4ka: folds 
Mick92109: folds 
JociBalboaa: folds 
Uncalled bet ($2.50) returned to LuckyShikari
LuckyShikari collected $2.50 from pot
LuckyShikari: doesn't show hand 
*** SUMMARY ***
Total pot $2.50 | Rake $0 
Seat 1: nikalas22 folded before Flop (didn't bet)
Seat 2: LuckyShikari collected ($2.50)
Seat 3: JollyMac124 folded before Flop (didn't bet)
Seat 4: v1lo4ka (button) folded before Flop (didn't bet)
Seat 5: Mick92109 (small blind) folded before Flop
Seat 6: JociBalboaa (big blind) folded before Flop



PokerStars Hand #254216863586:  Hold'em No Limit ($0.50/$1.00 USD) - 2025/01/05 21:21:56 WET [2025/01/05 16:21:56 ET]
Table 'Mimosa III' 6-max Seat #5 is the button
Seat 1: nikalas22 ($101.50 in chips) 
Seat 2: LuckyShikari ($112.88 in chips) 
Seat 3: JollyMac124 ($118 in chips) 
Seat 4: v1lo4ka ($107.12 in chips) 
Seat 5: Mick92109 ($34.71 in chips) 
Seat 6: JociBalboaa ($100.08 in chips) 
JociBalboaa: posts small blind $0.50
nikalas22: posts big blind $1
*** HOLE CARDS ***
LuckyShikari: folds 
JollyMac124: folds 
v1lo4ka: folds 
Mick92109: folds 
JociBalboaa: folds 
Uncalled bet ($0.50) returned to nikalas22
nikalas22 collected $1 from pot
nikalas22: doesn't show hand 
*** SUMMARY ***
Total pot $1 | Rake $0 
Seat 1: nikalas22 (big blind) collected ($1)
Seat 2: LuckyShikari folded before Flop (didn't bet)
Seat 3: JollyMac124 folded before Flop (didn't bet)
Seat 4: v1lo4ka folded before Flop (didn't bet)
Seat 5: Mick92109 (button) folded before Flop (didn't bet)
Seat 6: JociBalboaa (small blind) folded before Flop



PokerStars Hand #254216873899:  Hold'em No Limit ($0.50/$1.00 USD) - 2025/01/05 21:22:20 WET [2025/01/05 16:22:20 ET]
Table 'Mimosa III' 6-max Seat #6 is the button
Seat 1: nikalas22 ($102 in chips) 
Seat 2: LuckyShikari ($112.88 in chips) 
Seat 3: JollyMac124 ($118 in chips) 
Seat 4: v1lo4ka ($107.12 in chips) 
Seat 5: Mick92109 ($34.71 in chips) 
Seat 6: JociBalboaa ($100 in chips) 
nikalas22: posts small blind $0.50
LuckyShikari: posts big blind $1
*** HOLE CARDS ***
JollyMac124 has timed out
JollyMac124: folds 
v1lo4ka: folds 
Mick92109: calls $1
JociBalboaa: raises $3.50 to $4.50
nikalas22: folds 
LuckyShikari: folds 
Mick92109: folds 
Uncalled bet ($3.50) returned to JociBalboaa
JociBalboaa collected $3.50 from pot
JociBalboaa: doesn't show hand 
*** SUMMARY ***
Total pot $3.50 | Rake $0 
Seat 1: nikalas22 (small blind) folded before Flop
Seat 2: LuckyShikari (big blind) folded before Flop
Seat 3: JollyMac124 folded before Flop (didn't bet)
Seat 4: v1lo4ka folded before Flop (didn't bet)
Seat 5: Mick92109 folded before Flop
Seat 6: JociBalboaa (button) collected ($3.50)



PokerStars Hand #254216891347:  Hold'em No Limit ($0.50/$1.00 USD) - 2025/01/05 21:23:03 WET [2025/01/05 16:23:03 ET]
Table 'Mimosa III' 6-max Seat #1 is the button
Seat 1: nikalas22 ($101.50 in chips) 
Seat 2: LuckyShikari ($111.88 in chips) 
Seat 3: JollyMac124 ($118 in chips) 
Seat 4: v1lo4ka ($107.12 in chips) 
Seat 5: Mick92109 ($33.71 in chips) 
Seat 6: JociBalboaa ($102.50 in chips) 
LuckyShikari: posts small blind $0.50
JollyMac124: posts big blind $1
*** HOLE CARDS ***
v1lo4ka: folds 
Mick92109: folds 
JociBalboaa: folds 
nikalas22: folds 
LuckyShikari: raises $2.50 to $3.50
JollyMac124: folds 
Uncalled bet ($2.50) returned to LuckyShikari
LuckyShikari collected $2 from pot
LuckyShikari: doesn't show hand 
*** SUMMARY ***
Total pot $2 | Rake $0 
Seat 1: nikalas22 (button) folded before Flop (didn't bet)
Seat 2: LuckyShikari (small blind) collected ($2)
Seat 3: JollyMac124 (big blind) folded before Flop
Seat 4: v1lo4ka folded before Flop (didn't bet)
Seat 5: Mick92109 folded before Flop (didn't bet)
Seat 6: JociBalboaa folded before Flop (didn't bet)



PokerStars Hand #254216899145:  Hold'em No Limit ($0.50/$1.00 USD) - 2025/01/05 21:23:22 WET [2025/01/05 16:23:22 ET]
Table 'Mimosa III' 6-max Seat #2 is the button
Seat 4: v1lo4ka ($107.12 in chips) is sitting out
Seat 1: nikalas22 ($101.50 in chips) 
Seat 2: LuckyShikari ($112.88 in chips) 
Seat 3: JollyMac124 ($117 in chips) 
Seat 5: Mick92109 ($33.71 in chips) 
Seat 6: JociBalboaa ($102.50 in chips) 
JollyMac124: posts small blind $0.50
v1lo4ka: is sitting out 
Mick92109: posts big blind $1
*** HOLE CARDS ***
JociBalboaa: folds 
nikalas22: raises $1.50 to $2.50
v1lo4ka leaves the table
LuckyShikari: raises $6.50 to $9
JollyMac124: folds 
Mick92109: calls $8
nikalas22: raises $92.50 to $101.50 and is all-in
LuckyShikari: folds 
Mick92109: calls $24.71 and is all-in
Uncalled bet ($67.79) returned to nikalas22
*** FLOP *** [Ts As 7s]
*** TURN *** [Ts As 7s] [Jc]
*** RIVER *** [Ts As 7s Jc] [Kd]
*** SHOW DOWN ***
Mick92109: shows [Kh Ah] (two pair, Aces and Kings)
nikalas22: shows [Jh Jd] (three of a kind, Jacks)
nikalas22 collected $74.42 from pot
*** SUMMARY ***
Total pot $76.92 | Rake $2.50 
Board [Ts As 7s Jc Kd]
Seat 4: v1lo4ka
Seat 1: nikalas22 showed [Jh Jd] and won ($74.42) with three of a kind, Jacks
Seat 2: LuckyShikari (button) folded before Flop
Seat 3: JollyMac124 (small blind) folded before Flop
Seat 5: Mick92109 (big blind) showed [Kh Ah] and lost with two pair, Aces and Kings
Seat 6: JociBalboaa folded before Flop (didn't bet)



PokerStars Hand #254216917452:  Hold'em No Limit ($0.50/$1.00 USD) - 2025/01/05 21:24:05 WET [2025/01/05 16:24:05 ET]
Table 'Mimosa III' 6-max Seat #3 is the button
Seat 5: Mick92109 ($0 in chips) is sitting out
Seat 1: nikalas22 ($142.21 in chips) 
Seat 2: LuckyShikari ($103.88 in chips) 
Seat 3: JollyMac124 ($116.50 in chips) 
Seat 6: JociBalboaa ($102.50 in chips) 
JociBalboaa: posts small blind $0.50
nikalas22: posts big blind $1
*** HOLE CARDS ***
LuckyShikari: raises $2.50 to $3.50
JollyMac124: folds 
JociBalboaa: folds 
Mick92109 leaves the table
nikalas22: folds 
Uncalled bet ($2.50) returned to LuckyShikari
LuckyShikari collected $2.50 from pot
LuckyShikari: doesn't show hand 
*** SUMMARY ***
Total pot $2.50 | Rake $0 
Seat 5: Mick92109
Seat 1: nikalas22 (big blind) folded before Flop
Seat 2: LuckyShikari collected ($2.50)
Seat 3: JollyMac124 (button) folded before Flop (didn't bet)
Seat 6: JociBalboaa (small blind) folded before Flop



PokerStars Hand #254216927928:  Hold'em No Limit ($0.50/$1.00 USD) - 2025/01/05 21:24:30 WET [2025/01/05 16:24:30 ET]
Table 'Mimosa III' 6-max Seat #6 is the button
Seat 1: nikalas22 ($141.21 in chips) 
Seat 2: LuckyShikari ($105.38 in chips) 
Seat 3: JollyMac124 ($116.50 in chips) 
Seat 6: JociBalboaa ($102 in chips) 
nikalas22: posts small blind $0.50
LuckyShikari: posts big blind $1
*** HOLE CARDS ***
JollyMac124: folds 
JociBalboaa: folds 
Rdalonso joins the table at seat #4 
nikalas22: folds 
Uncalled bet ($0.50) returned to LuckyShikari
LuckyShikari collected $1 from pot
LuckyShikari: doesn't show hand 
*** SUMMARY ***
Total pot $1 | Rake $0 
Seat 1: nikalas22 (small blind) folded before Flop
Seat 2: LuckyShikari (big blind) collected ($1)
Seat 3: JollyMac124 folded before Flop (didn't bet)
Seat 6: JociBalboaa (button) folded before Flop (didn't bet)



PokerStars Hand #254216932687:  Hold'em No Limit ($0.50/$1.00 USD) - 2025/01/05 21:24:41 WET [2025/01/05 16:24:41 ET]
Table 'Mimosa III' 6-max Seat #1 is the button
Seat 4: Rdalonso ($100 in chips) is sitting out
Seat 1: nikalas22 ($140.71 in chips) 
Seat 2: LuckyShikari ($105.88 in chips) 
Seat 3: JollyMac124 ($116.50 in chips) 
Seat 6: JociBalboaa ($102 in chips) 
LuckyShikari: posts small blind $0.50
JollyMac124: posts big blind $1
Rdalonso: sits out 
*** HOLE CARDS ***
JociBalboaa: folds 
nikalas22: raises $1.50 to $2.50
LuckyShikari: folds 
JollyMac124: calls $1.50
*** FLOP *** [3h Td Ks]
JollyMac124: checks 
nikalas22: checks 
*** TURN *** [3h Td Ks] [Kh]
JollyMac124: bets $2
nikalas22: calls $2
*** RIVER *** [3h Td Ks Kh] [3s]
JollyMac124: checks 
nikalas22: checks 
*** SHOW DOWN ***
JollyMac124: shows [8c 6c] (two pair, Kings and Threes)
nikalas22: shows [5h Th] (two pair, Kings and Tens)
nikalas22 collected $9.02 from pot
*** SUMMARY ***
Total pot $9.50 | Rake $0.48 
Board [3h Td Ks Kh 3s]
Seat 4: Rdalonso
Seat 1: nikalas22 (button) showed [5h Th] and won ($9.02) with two pair, Kings and Tens
Seat 2: LuckyShikari (small blind) folded before Flop
Seat 3: JollyMac124 (big blind) showed [8c 6c] and lost with two pair, Kings and Threes
Seat 6: JociBalboaa folded before Flop (didn't bet)



PokerStars Hand #254216956865:  Hold'em No Limit ($0.50/$1.00 USD) - 2025/01/05 21:25:38 WET [2025/01/05 16:25:38 ET]
Table 'Mimosa III' 6-max Seat #2 is the button
Seat 1: nikalas22 ($145.23 in chips) 
Seat 2: LuckyShikari ($105.38 in chips) 
Seat 3: JollyMac124 ($112 in chips) 
Seat 4: Rdalonso ($100 in chips) 
Seat 6: JociBalboaa ($102 in chips) 
JollyMac124: posts small blind $0.50
Rdalonso: posts big blind $1
*** HOLE CARDS ***
JociBalboaa: folds 
nikalas22: raises $1.50 to $2.50
LuckyShikari: raises $6.50 to $9
JollyMac124: folds 
Rdalonso: folds 
nikalas22: raises $18 to $27
LuckyShikari: folds 
Uncalled bet ($18) returned to nikalas22
nikalas22 collected $19.50 from pot
nikalas22: doesn't show hand 
*** SUMMARY ***
Total pot $19.50 | Rake $0 
Seat 1: nikalas22 collected ($19.50)
Seat 2: LuckyShikari (button) folded before Flop
Seat 3: JollyMac124 (small blind) folded before Flop
Seat 4: Rdalonso (big blind) folded before Flop
Seat 6: JociBalboaa folded before Flop (didn't bet)



PokerStars Hand #254216973993:  Hold'em No Limit ($0.50/$1.00 USD) - 2025/01/05 21:26:19 WET [2025/01/05 16:26:19 ET]
Table 'Mimosa III' 6-max Seat #3 is the button
Seat 6: JociBalboaa ($102 in chips) is sitting out
Seat 1: nikalas22 ($155.73 in chips) 
Seat 2: LuckyShikari ($100 in chips) 
Seat 3: JollyMac124 ($111.50 in chips) 
Seat 4: Rdalonso ($100 in chips) 
Rdalonso: posts small blind $0.50
JociBalboaa: is sitting out 
nikalas22: posts big blind $1
*** HOLE CARDS ***
JociBalboaa leaves the table
LuckyShikari: folds 
JollyMac124: folds 
Rdalonso: raises $2 to $3
RoyalGreco joins the table at seat #5 
nikalas22: folds 
Uncalled bet ($2) returned to Rdalonso
RoyalGreco is disconnected 
Rdalonso collected $2 from pot
Rdalonso: doesn't show hand 
*** SUMMARY ***
Total pot $2 | Rake $0 
Seat 6: JociBalboaa
Seat 1: nikalas22 (big blind) folded before Flop
Seat 2: LuckyShikari folded before Flop (didn't bet)
Seat 3: JollyMac124 (button) folded before Flop (didn't bet)
Seat 4: Rdalonso (small blind) collected ($2)



PokerStars Hand #254216979035:  Hold'em No Limit ($0.50/$1.00 USD) - 2025/01/05 21:26:31 WET [2025/01/05 16:26:31 ET]
Table 'Mimosa III' 6-max Seat #4 is the button
Seat 5: RoyalGreco ($100 in chips) is sitting out
Seat 1: nikalas22 ($154.73 in chips) 
Seat 2: LuckyShikari ($100 in chips) 
Seat 3: JollyMac124 ($111.50 in chips) 
Seat 4: Rdalonso ($101 in chips) 
nikalas22: posts small blind $0.50
LuckyShikari: posts big blind $1
*** HOLE CARDS ***
AlexPinsk1 joins the table at seat #6 
JollyMac124 has timed out
JollyMac124: folds 
Rdalonso: folds 
nikalas22: folds 
Uncalled bet ($0.50) returned to LuckyShikari
LuckyShikari collected $1 from pot
LuckyShikari: doesn't show hand 
*** SUMMARY ***
Total pot $1 | Rake $0 
Seat 5: RoyalGreco
Seat 1: nikalas22 (small blind) folded before Flop
Seat 2: LuckyShikari (big blind) collected ($1)
Seat 3: JollyMac124 folded before Flop (didn't bet)
Seat 4: Rdalonso (button) folded before Flop (didn't bet)



PokerStars Hand #254216986507:  Hold'em No Limit ($0.50/$1.00 USD) - 2025/01/05 21:26:49 WET [2025/01/05 16:26:49 ET]
Table 'Mimosa III' 6-max Seat #1 is the button
Seat 6: AlexPinsk1 ($100.85 in chips) is sitting out
Seat 1: nikalas22 ($154.23 in chips) 
Seat 2: LuckyShikari ($100.50 in chips) 
Seat 3: JollyMac124 ($111.50 in chips) 
Seat 4: Rdalonso ($101 in chips) 
Seat 5: RoyalGreco ($100 in chips) 
LuckyShikari: posts small blind $0.50
JollyMac124: posts big blind $1
RoyalGreco: posts big blind $1
AlexPinsk1: sits out 
*** HOLE CARDS ***
Rdalonso: folds 
RoyalGreco: checks 
nikalas22: folds 
LuckyShikari: folds 
JollyMac124: checks 
*** FLOP *** [As Ts 5s]
JollyMac124: checks 
RoyalGreco: checks 
*** TURN *** [As Ts 5s] [5c]
JollyMac124: bets $1
RoyalGreco: raises $2.19 to $3.19
JollyMac124: calls $2.19
*** RIVER *** [As Ts 5s 5c] [Tc]
JollyMac124: checks 
RoyalGreco: bets $4.22
JollyMac124: calls $4.22
*** SHOW DOWN ***
RoyalGreco: shows [Th 9d] (a full house, Tens full of Fives)
JollyMac124: mucks hand 
RoyalGreco collected $16.45 from pot
*** SUMMARY ***
Total pot $17.32 | Rake $0.87 
Board [As Ts 5s 5c Tc]
Seat 6: AlexPinsk1
Seat 1: nikalas22 (button) folded before Flop (didn't bet)
Seat 2: LuckyShikari (small blind) folded before Flop
Seat 3: JollyMac124 (big blind) mucked
Seat 4: Rdalonso folded before Flop (didn't bet)
Seat 5: RoyalGreco showed [Th 9d] and won ($16.45) with a full house, Tens full of Fives



PokerStars Hand #254217006362:  Hold'em No Limit ($0.50/$1.00 USD) - 2025/01/05 21:27:36 WET [2025/01/05 16:27:36 ET]
Table 'Mimosa III' 6-max Seat #2 is the button
Seat 6: AlexPinsk1 ($100.85 in chips) is sitting out
Seat 1: nikalas22 ($154.23 in chips) 
Seat 2: LuckyShikari ($100 in chips) 
Seat 3: JollyMac124 ($103.09 in chips) 
Seat 4: Rdalonso ($101 in chips) 
Seat 5: RoyalGreco ($108.04 in chips) 
JollyMac124: posts small blind $0.50
Rdalonso: posts big blind $1
AlexPinsk1: sits out 
*** HOLE CARDS ***
RoyalGreco: folds 
nikalas22: folds 
LuckyShikari: folds 
JollyMac124: raises $1 to $2
Rdalonso: calls $1
*** FLOP *** [6c Kh 6h]
JollyMac124: bets $1
Rdalonso: calls $1
*** TURN *** [6c Kh 6h] [8d]
JollyMac124: bets $2.85
Rdalonso: folds 
Uncalled bet ($2.85) returned to JollyMac124
JollyMac124 collected $5.70 from pot
*** SUMMARY ***
Total pot $6 | Rake $0.30 
Board [6c Kh 6h 8d]
Seat 6: AlexPinsk1
Seat 1: nikalas22 folded before Flop (didn't bet)
Seat 2: LuckyShikari (button) folded before Flop (didn't bet)
Seat 3: JollyMac124 (small blind) collected ($5.70)
Seat 4: Rdalonso (big blind) folded on the Turn
Seat 5: RoyalGreco folded before Flop (didn't bet)



PokerStars Hand #254217022129:  Hold'em No Limit ($0.50/$1.00 USD) - 2025/01/05 21:28:13 WET [2025/01/05 16:28:13 ET]
Table 'Mimosa III' 6-max Seat #3 is the button
Seat 6: AlexPinsk1 ($100.85 in chips) is sitting out
Seat 1: nikalas22 ($154.23 in chips) 
Seat 2: LuckyShikari ($100 in chips) 
Seat 3: JollyMac124 ($105.79 in chips) 
Seat 4: Rdalonso ($100 in chips) 
Seat 5: RoyalGreco ($108.04 in chips) 
Rdalonso: posts small blind $0.50
RoyalGreco: posts big blind $1
AlexPinsk1: sits out 
*** HOLE CARDS ***
nikalas22: raises $1.50 to $2.50
LuckyShikari: raises $6.50 to $9
JollyMac124: folds 
Rdalonso: folds 
RoyalGreco: folds 
nikalas22: calls $6.50
*** FLOP *** [Qh As 7h]
nikalas22: checks 
LuckyShikari: checks 
*** TURN *** [Qh As 7h] [4h]
nikalas22: checks 
LuckyShikari: checks 
*** RIVER *** [Qh As 7h 4h] [Jc]
nikalas22: checks 
LuckyShikari: checks 
*** SHOW DOWN ***
nikalas22: shows [Td Jd] (a pair of Jacks)
LuckyShikari: mucks hand 
nikalas22 collected $18.52 from pot
*** SUMMARY ***
Total pot $19.50 | Rake $0.98 
Board [Qh As 7h 4h Jc]
Seat 6: AlexPinsk1
Seat 1: nikalas22 showed [Td Jd] and won ($18.52) with a pair of Jacks
Seat 2: LuckyShikari mucked
Seat 3: JollyMac124 (button) folded before Flop (didn't bet)
Seat 4: Rdalonso (small blind) folded before Flop
Seat 5: RoyalGreco (big blind) folded before Flop



PokerStars Hand #254217043521:  Hold'em No Limit ($0.50/$1.00 USD) - 2025/01/05 21:29:05 WET [2025/01/05 16:29:05 ET]
Table 'Mimosa III' 6-max Seat #4 is the button
Seat 1: nikalas22 ($163.75 in chips) 
Seat 2: LuckyShikari ($100 in chips) 
Seat 3: JollyMac124 ($105.79 in chips) 
Seat 4: Rdalonso ($100 in chips) 
Seat 5: RoyalGreco ($107.04 in chips) 
Seat 6: AlexPinsk1 ($100.85 in chips) 
RoyalGreco: posts small blind $0.50
AlexPinsk1: posts big blind $1
*** HOLE CARDS ***
nikalas22: folds 
LuckyShikari: raises $1.50 to $2.50
JollyMac124: folds 
Rdalonso: folds 
RoyalGreco: folds 
AlexPinsk1: calls $1.50
*** FLOP *** [8d 2c 5h]
AlexPinsk1: checks 
LuckyShikari: bets $6
AlexPinsk1: folds 
Uncalled bet ($6) returned to LuckyShikari
LuckyShikari collected $5.22 from pot
LuckyShikari: doesn't show hand 
*** SUMMARY ***
Total pot $5.50 | Rake $0.28 
Board [8d 2c 5h]
Seat 1: nikalas22 folded before Flop (didn't bet)
Seat 2: LuckyShikari collected ($5.22)
Seat 3: JollyMac124 folded before Flop (didn't bet)
Seat 4: Rdalonso (button) folded before Flop (didn't bet)
Seat 5: RoyalGreco (small blind) folded before Flop
Seat 6: AlexPinsk1 (big blind) folded on the Flop



PokerStars Hand #254217059115:  Hold'em No Limit ($0.50/$1.00 USD) - 2025/01/05 21:29:43 WET [2025/01/05 16:29:43 ET]
Table 'Mimosa III' 6-max Seat #5 is the button
Seat 1: nikalas22 ($163.75 in chips) 
Seat 2: LuckyShikari ($102.72 in chips) 
Seat 3: JollyMac124 ($105.79 in chips) 
Seat 4: Rdalonso ($100 in chips) 
Seat 5: RoyalGreco ($106.54 in chips) 
Seat 6: AlexPinsk1 ($100 in chips) 
AlexPinsk1: posts small blind $0.50
nikalas22: posts big blind $1
*** HOLE CARDS ***
LuckyShikari: folds 
JollyMac124: folds 
Rdalonso: folds 
RoyalGreco: calls $1
AlexPinsk1: folds 
nikalas22: raises $3 to $4
RoyalGreco: folds 
Uncalled bet ($3) returned to nikalas22
nikalas22 collected $2.50 from pot
nikalas22: doesn't show hand 
*** SUMMARY ***
Total pot $2.50 | Rake $0 
Seat 1: nikalas22 (big blind) collected ($2.50)
Seat 2: LuckyShikari folded before Flop (didn't bet)
Seat 3: JollyMac124 folded before Flop (didn't bet)
Seat 4: Rdalonso folded before Flop (didn't bet)
Seat 5: RoyalGreco (button) folded before Flop
Seat 6: AlexPinsk1 (small blind) folded before Flop



PokerStars Hand #254217072848:  Hold'em No Limit ($0.50/$1.00 USD) - 2025/01/05 21:30:15 WET [2025/01/05 16:30:15 ET]
Table 'Mimosa III' 6-max Seat #6 is the button
Seat 1: nikalas22 ($165.25 in chips) 
Seat 2: LuckyShikari ($102.72 in chips) 
Seat 3: JollyMac124 ($105.79 in chips) 
Seat 4: Rdalonso ($100 in chips) 
Seat 5: RoyalGreco ($105.54 in chips) 
Seat 6: AlexPinsk1 ($100 in chips) 
nikalas22: posts small blind $0.50
LuckyShikari: posts big blind $1
*** HOLE CARDS ***
JollyMac124: folds 
Rdalonso: folds 
RoyalGreco: raises $1 to $2
AlexPinsk1: calls $2
nikalas22: folds 
LuckyShikari: folds 
*** FLOP *** [Qd 8h 9c]
RoyalGreco: bets $2.61
AlexPinsk1: calls $2.61
*** TURN *** [Qd 8h 9c] [3h]
RoyalGreco: checks 
AlexPinsk1: bets $5.09
RoyalGreco: folds 
Uncalled bet ($5.09) returned to AlexPinsk1
AlexPinsk1 collected $10.18 from pot
AlexPinsk1: doesn't show hand 
*** SUMMARY ***
Total pot $10.72 | Rake $0.54 
Board [Qd 8h 9c 3h]
Seat 1: nikalas22 (small blind) folded before Flop
Seat 2: LuckyShikari (big blind) folded before Flop
Seat 3: JollyMac124 folded before Flop (didn't bet)
Seat 4: Rdalonso folded before Flop (didn't bet)
Seat 5: RoyalGreco folded on the Turn
Seat 6: AlexPinsk1 (button) collected ($10.18)



PokerStars Hand #254217100612:  Hold'em No Limit ($0.50/$1.00 USD) - 2025/01/05 21:31:22 WET [2025/01/05 16:31:22 ET]
Table 'Mimosa III' 6-max Seat #1 is the button
Seat 1: nikalas22 ($164.75 in chips) 
Seat 2: LuckyShikari ($101.72 in chips) 
Seat 3: JollyMac124 ($105.79 in chips) 
Seat 4: Rdalonso ($100 in chips) 
Seat 5: RoyalGreco ($100.93 in chips) 
Seat 6: AlexPinsk1 ($105.57 in chips) 
LuckyShikari: posts small blind $0.50
JollyMac124: posts big blind $1
*** HOLE CARDS ***
Rdalonso: folds 
RoyalGreco: calls $1
AlexPinsk1: folds 
nikalas22: raises $3.50 to $4.50
LuckyShikari: folds 
JollyMac124: folds 
RoyalGreco: calls $3.50
*** FLOP *** [Qh Ks 8d]
RoyalGreco: checks 
nikalas22: checks 
*** TURN *** [Qh Ks 8d] [3s]
RoyalGreco: checks 
nikalas22: checks 
*** RIVER *** [Qh Ks 8d 3s] [5c]
RoyalGreco: checks 
nikalas22: bets $2.99
RoyalGreco: folds 
Uncalled bet ($2.99) returned to nikalas22
nikalas22 collected $9.98 from pot
nikalas22: doesn't show hand 
*** SUMMARY ***
Total pot $10.50 | Rake $0.52 
Board [Qh Ks 8d 3s 5c]
Seat 1: nikalas22 (button) collected ($9.98)
Seat 2: LuckyShikari (small blind) folded before Flop
Seat 3: JollyMac124 (big blind) folded before Flop
Seat 4: Rdalonso folded before Flop (didn't bet)
Seat 5: RoyalGreco folded on the River
Seat 6: AlexPinsk1 folded before Flop (didn't bet)



PokerStars Hand #254217135844:  Hold'em No Limit ($0.50/$1.00 USD) - 2025/01/05 21:32:46 WET [2025/01/05 16:32:46 ET]
Table 'Mimosa III' 6-max Seat #2 is the button
Seat 1: nikalas22 ($170.23 in chips) 
Seat 2: LuckyShikari ($101.22 in chips) 
Seat 3: JollyMac124 ($104.79 in chips) 
Seat 4: Rdalonso ($100 in chips) 
Seat 5: RoyalGreco ($96.43 in chips) 
Seat 6: AlexPinsk1 ($105.57 in chips) 
JollyMac124: posts small blind $0.50
Rdalonso: posts big blind $1
*** HOLE CARDS ***
RoyalGreco: folds 
AlexPinsk1: folds 
nikalas22: raises $1.50 to $2.50
LuckyShikari: raises $6.50 to $9
JollyMac124: folds 
Rdalonso: folds 
nikalas22: folds 
Uncalled bet ($6.50) returned to LuckyShikari
LuckyShikari collected $6.50 from pot
LuckyShikari: doesn't show hand 
*** SUMMARY ***
Total pot $6.50 | Rake $0 
Seat 1: nikalas22 folded before Flop
Seat 2: LuckyShikari (button) collected ($6.50)
Seat 3: JollyMac124 (small blind) folded before Flop
Seat 4: Rdalonso (big blind) folded before Flop
Seat 5: RoyalGreco folded before Flop (didn't bet)
Seat 6: AlexPinsk1 folded before Flop (didn't bet)



PokerStars Hand #254217146277:  Hold'em No Limit ($0.50/$1.00 USD) - 2025/01/05 21:33:11 WET [2025/01/05 16:33:11 ET]
Table 'Mimosa III' 6-max Seat #3 is the button
Seat 1: nikalas22 ($167.73 in chips) 
Seat 2: LuckyShikari ($105.22 in chips) 
Seat 3: JollyMac124 ($104.29 in chips) 
Seat 4: Rdalonso ($100 in chips) 
Seat 5: RoyalGreco ($96.43 in chips) 
Seat 6: AlexPinsk1 ($105.57 in chips) 
Rdalonso: posts small blind $0.50
RoyalGreco: posts big blind $1
*** HOLE CARDS ***
AlexPinsk1: folds 
nikalas22: folds 
LuckyShikari: folds 
JollyMac124: raises $2 to $3
Rdalonso: folds 
RoyalGreco: folds 
Uncalled bet ($2) returned to JollyMac124
JollyMac124 collected $2.50 from pot
*** SUMMARY ***
Total pot $2.50 | Rake $0 
Seat 1: nikalas22 folded before Flop (didn't bet)
Seat 2: LuckyShikari folded before Flop (didn't bet)
Seat 3: JollyMac124 (button) collected ($2.50)
Seat 4: Rdalonso (small blind) folded before Flop
Seat 5: RoyalGreco (big blind) folded before Flop
Seat 6: AlexPinsk1 folded before Flop (didn't bet)



PokerStars Hand #254217154601:  Hold'em No Limit ($0.50/$1.00 USD) - 2025/01/05 21:33:31 WET [2025/01/05 16:33:31 ET]
Table 'Mimosa III' 6-max Seat #4 is the button
Seat 1: nikalas22 ($167.73 in chips) 
Seat 2: LuckyShikari ($105.22 in chips) 
Seat 3: JollyMac124 ($105.79 in chips) 
Seat 4: Rdalonso ($100 in chips) 
Seat 5: RoyalGreco ($95.43 in chips) 
Seat 6: AlexPinsk1 ($105.57 in chips) 
RoyalGreco: posts small blind $0.50
AlexPinsk1: posts big blind $1
*** HOLE CARDS ***
nikalas22: folds 
LuckyShikari: folds 
JollyMac124: raises $1 to $2
Rdalonso: raises $5.50 to $7.50
RoyalGreco: folds 
AlexPinsk1: folds 
JollyMac124: calls $5.50
*** FLOP *** [2h 5h Jc]
JollyMac124: checks 
Rdalonso: bets $5.17
JollyMac124: calls $5.17
*** TURN *** [2h 5h Jc] [Th]
JollyMac124: checks 
Rdalonso: bets $8.42
JollyMac124: calls $8.42
*** RIVER *** [2h 5h Jc Th] [3c]
JollyMac124: bets $18
Rdalonso: calls $18
*** SHOW DOWN ***
JollyMac124: shows [9h 7h] (a flush, Ten high)
Rdalonso: mucks hand 
JollyMac124 collected $77.18 from pot
*** SUMMARY ***
Total pot $79.68 | Rake $2.50 
Board [2h 5h Jc Th 3c]
Seat 1: nikalas22 folded before Flop (didn't bet)
Seat 2: LuckyShikari folded before Flop (didn't bet)
Seat 3: JollyMac124 showed [9h 7h] and won ($77.18) with a flush, Ten high
Seat 4: Rdalonso (button) mucked
Seat 5: RoyalGreco (small blind) folded before Flop
Seat 6: AlexPinsk1 (big blind) folded before Flop



PokerStars Hand #254217185953:  Hold'em No Limit ($0.50/$1.00 USD) - 2025/01/05 21:34:47 WET [2025/01/05 16:34:47 ET]
Table 'Mimosa III' 6-max Seat #5 is the button
Seat 1: nikalas22 ($167.73 in chips) 
Seat 2: LuckyShikari ($105.22 in chips) 
Seat 3: JollyMac124 ($143.88 in chips) 
Seat 4: Rdalonso ($100 in chips) 
Seat 5: RoyalGreco ($94.93 in chips) 
Seat 6: AlexPinsk1 ($104.57 in chips) 
AlexPinsk1: posts small blind $0.50
nikalas22: posts big blind $1
*** HOLE CARDS ***
LuckyShikari: folds 
JollyMac124: folds 
Rdalonso: raises $1.50 to $2.50
RoyalGreco: folds 
AlexPinsk1: folds 
nikalas22: folds 
Uncalled bet ($1.50) returned to Rdalonso
Rdalonso collected $2.50 from pot
Rdalonso: doesn't show hand 
*** SUMMARY ***
Total pot $2.50 | Rake $0 
Seat 1: nikalas22 (big blind) folded before Flop
Seat 2: LuckyShikari folded before Flop (didn't bet)
Seat 3: JollyMac124 folded before Flop (didn't bet)
Seat 4: Rdalonso collected ($2.50)
Seat 5: RoyalGreco (button) folded before Flop (didn't bet)
Seat 6: AlexPinsk1 (small blind) folded before Flop



PokerStars Hand #254217191959:  Hold'em No Limit ($0.50/$1.00 USD) - 2025/01/05 21:35:01 WET [2025/01/05 16:35:01 ET]
Table 'Mimosa III' 6-max Seat #6 is the button
Seat 1: nikalas22 ($166.73 in chips) 
Seat 2: LuckyShikari ($105.22 in chips) 
Seat 3: JollyMac124 ($143.88 in chips) 
Seat 4: Rdalonso ($101.50 in chips) 
Seat 5: RoyalGreco ($94.93 in chips) 
Seat 6: AlexPinsk1 ($104.07 in chips) 
nikalas22: posts small blind $0.50
LuckyShikari: posts big blind $1
*** HOLE CARDS ***
JollyMac124: folds 
Rdalonso: folds 
RoyalGreco: folds 
AlexPinsk1: raises $1.50 to $2.50
nikalas22: folds 
LuckyShikari: folds 
Uncalled bet ($1.50) returned to AlexPinsk1
AlexPinsk1 collected $2.50 from pot
AlexPinsk1: doesn't show hand 
*** SUMMARY ***
Total pot $2.50 | Rake $0 
Seat 1: nikalas22 (small blind) folded before Flop
Seat 2: LuckyShikari (big blind) folded before Flop
Seat 3: JollyMac124 folded before Flop (didn't bet)
Seat 4: Rdalonso folded before Flop (didn't bet)
Seat 5: RoyalGreco folded before Flop (didn't bet)
Seat 6: AlexPinsk1 (button) collected ($2.50)



PokerStars Hand #254217198574:  Hold'em No Limit ($0.50/$1.00 USD) - 2025/01/05 21:35:17 WET [2025/01/05 16:35:17 ET]
Table 'Mimosa III' 6-max Seat #1 is the button
Seat 1: nikalas22 ($166.23 in chips) 
Seat 2: LuckyShikari ($104.22 in chips) 
Seat 3: JollyMac124 ($143.88 in chips) 
Seat 4: Rdalonso ($101.50 in chips) 
Seat 5: RoyalGreco ($94.93 in chips) 
Seat 6: AlexPinsk1 ($105.57 in chips) 
LuckyShikari: posts small blind $0.50
JollyMac124: posts big blind $1
*** HOLE CARDS ***
Rdalonso: folds 
RoyalGreco: folds 
AlexPinsk1: raises $1.50 to $2.50
nikalas22: folds 
LuckyShikari: folds 
JollyMac124: folds 
Uncalled bet ($1.50) returned to AlexPinsk1
AlexPinsk1 collected $2.50 from pot
AlexPinsk1: doesn't show hand 
*** SUMMARY ***
Total pot $2.50 | Rake $0 
Seat 1: nikalas22 (button) folded before Flop (didn't bet)
Seat 2: LuckyShikari (small blind) folded before Flop
Seat 3: JollyMac124 (big blind) folded before Flop
Seat 4: Rdalonso folded before Flop (didn't bet)
Seat 5: RoyalGreco folded before Flop (didn't bet)
Seat 6: AlexPinsk1 collected ($2.50)



PokerStars Hand #254217211253:  Hold'em No Limit ($0.50/$1.00 USD) - 2025/01/05 21:35:48 WET [2025/01/05 16:35:48 ET]
Table 'Mimosa III' 6-max Seat #2 is the button
Seat 1: nikalas22 ($166.23 in chips) 
Seat 2: LuckyShikari ($103.72 in chips) 
Seat 3: JollyMac124 ($142.88 in chips) 
Seat 4: Rdalonso ($101.50 in chips) 
Seat 5: RoyalGreco ($94.93 in chips) 
Seat 6: AlexPinsk1 ($107.07 in chips) 
JollyMac124: posts small blind $0.50
Rdalonso: posts big blind $1
*** HOLE CARDS ***
RoyalGreco: folds 
AlexPinsk1: raises $1.50 to $2.50
nikalas22: folds 
LuckyShikari: folds 
JollyMac124: folds 
Rdalonso: calls $1.50
*** FLOP *** [Kh 5d 9h]
Rdalonso: checks 
AlexPinsk1: bets $3.92
Rdalonso: calls $3.92
*** TURN *** [Kh 5d 9h] [5c]
Rdalonso: checks 
AlexPinsk1: checks 
*** RIVER *** [Kh 5d 9h 5c] [Qs]
Rdalonso: checks 
AlexPinsk1: checks 
*** SHOW DOWN ***
Rdalonso: shows [Th Tc] (two pair, Tens and Fives)
AlexPinsk1: shows [Td Qd] (two pair, Queens and Fives)
AlexPinsk1 collected $12.67 from pot
*** SUMMARY ***
Total pot $13.34 | Rake $0.67 
Board [Kh 5d 9h 5c Qs]
Seat 1: nikalas22 folded before Flop (didn't bet)
Seat 2: LuckyShikari (button) folded before Flop (didn't bet)
Seat 3: JollyMac124 (small blind) folded before Flop
Seat 4: Rdalonso (big blind) showed [Th Tc] and lost with two pair, Tens and Fives
Seat 5: RoyalGreco folded before Flop (didn't bet)
Seat 6: AlexPinsk1 showed [Td Qd] and won ($12.67) with two pair, Queens and Fives



PokerStars Hand #254217241889:  Hold'em No Limit ($0.50/$1.00 USD) - 2025/01/05 21:37:03 WET [2025/01/05 16:37:03 ET]
Table 'Mimosa III' 6-max Seat #3 is the button
Seat 1: nikalas22 ($166.23 in chips) 
Seat 2: LuckyShikari ($103.72 in chips) 
Seat 3: JollyMac124 ($142.38 in chips) 
Seat 4: Rdalonso ($100 in chips) 
Seat 5: RoyalGreco ($94.93 in chips) 
Seat 6: AlexPinsk1 ($113.32 in chips) 
Rdalonso: posts small blind $0.50
RoyalGreco: posts big blind $1
*** HOLE CARDS ***
AlexPinsk1: folds 
nikalas22: folds 
LuckyShikari: folds 
JollyMac124: raises $2 to $3
Rdalonso: folds 
RoyalGreco: folds 
Uncalled bet ($2) returned to JollyMac124
JollyMac124 collected $2.50 from pot
*** SUMMARY ***
Total pot $2.50 | Rake $0 
Seat 1: nikalas22 folded before Flop (didn't bet)
Seat 2: LuckyShikari folded before Flop (didn't bet)
Seat 3: JollyMac124 (button) collected ($2.50)
Seat 4: Rdalonso (small blind) folded before Flop
Seat 5: RoyalGreco (big blind) folded before Flop
Seat 6: AlexPinsk1 folded before Flop (didn't bet)



PokerStars Hand #254217249312:  Hold'em No Limit ($0.50/$1.00 USD) - 2025/01/05 21:37:21 WET [2025/01/05 16:37:21 ET]
Table 'Mimosa III' 6-max Seat #4 is the button
Seat 1: nikalas22 ($166.23 in chips) 
Seat 2: LuckyShikari ($103.72 in chips) 
Seat 3: JollyMac124 ($143.88 in chips) 
Seat 4: Rdalonso ($100 in chips) 
Seat 5: RoyalGreco ($93.93 in chips) 
Seat 6: AlexPinsk1 ($113.32 in chips) 
RoyalGreco: posts small blind $0.50
AlexPinsk1: posts big blind $1
*** HOLE CARDS ***
nikalas22: folds 
LuckyShikari: folds 
JollyMac124: raises $2 to $3
Rdalonso: folds 
RoyalGreco: folds 
AlexPinsk1: folds 
Uncalled bet ($2) returned to JollyMac124
JollyMac124 collected $2.50 from pot
*** SUMMARY ***
Total pot $2.50 | Rake $0 
Seat 1: nikalas22 folded before Flop (didn't bet)
Seat 2: LuckyShikari folded before Flop (didn't bet)
Seat 3: JollyMac124 collected ($2.50)
Seat 4: Rdalonso (button) folded before Flop (didn't bet)
Seat 5: RoyalGreco (small blind) folded before Flop
Seat 6: AlexPinsk1 (big blind) folded before Flop



PokerStars Hand #254217255047:  Hold'em No Limit ($0.50/$1.00 USD) - 2025/01/05 21:37:35 WET [2025/01/05 16:37:35 ET]
Table 'Mimosa III' 6-max Seat #5 is the button
Seat 1: nikalas22 ($166.23 in chips) 
Seat 2: LuckyShikari ($103.72 in chips) 
Seat 3: JollyMac124 ($145.38 in chips) 
Seat 4: Rdalonso ($100 in chips) 
Seat 5: RoyalGreco ($93.43 in chips) 
Seat 6: AlexPinsk1 ($112.32 in chips) 
AlexPinsk1: posts small blind $0.50
nikalas22: posts big blind $1
*** HOLE CARDS ***
LuckyShikari: folds 
JollyMac124: raises $1 to $2
Rdalonso: folds 
RoyalGreco: folds 
AlexPinsk1: raises $8 to $10
nikalas22: raises $13 to $23
JollyMac124: folds 
AlexPinsk1: folds 
Uncalled bet ($13) returned to nikalas22
nikalas22 collected $22 from pot
nikalas22: doesn't show hand 
*** SUMMARY ***
Total pot $22 | Rake $0 
Seat 1: nikalas22 (big blind) collected ($22)
Seat 2: LuckyShikari folded before Flop (didn't bet)
Seat 3: JollyMac124 folded before Flop
Seat 4: Rdalonso folded before Flop (didn't bet)
Seat 5: RoyalGreco (button) folded before Flop (didn't bet)
Seat 6: AlexPinsk1 (small blind) folded before Flop



PokerStars Hand #254217270386:  Hold'em No Limit ($0.50/$1.00 USD) - 2025/01/05 21:38:12 WET [2025/01/05 16:38:12 ET]
Table 'Mimosa III' 6-max Seat #6 is the button
Seat 1: nikalas22 ($178.23 in chips) 
Seat 2: LuckyShikari ($103.72 in chips) 
Seat 3: JollyMac124 ($143.38 in chips) 
Seat 4: Rdalonso ($100 in chips) 
Seat 5: RoyalGreco ($93.43 in chips) 
Seat 6: AlexPinsk1 ($102.32 in chips) 
nikalas22: posts small blind $0.50
LuckyShikari: posts big blind $1
*** HOLE CARDS ***
JollyMac124: folds 
Rdalonso: folds 
RoyalGreco: raises $1 to $2
AlexPinsk1: folds 
nikalas22: folds 
LuckyShikari: folds 
Uncalled bet ($1) returned to RoyalGreco
RoyalGreco collected $2.50 from pot
*** SUMMARY ***
Total pot $2.50 | Rake $0 
Seat 1: nikalas22 (small blind) folded before Flop
Seat 2: LuckyShikari (big blind) folded before Flop
Seat 3: JollyMac124 folded before Flop (didn't bet)
Seat 4: Rdalonso folded before Flop (didn't bet)
Seat 5: RoyalGreco collected ($2.50)
Seat 6: AlexPinsk1 (button) folded before Flop (didn't bet)



PokerStars Hand #254217278566:  Hold'em No Limit ($0.50/$1.00 USD) - 2025/01/05 21:38:33 WET [2025/01/05 16:38:33 ET]
Table 'Mimosa III' 6-max Seat #1 is the button
Seat 1: nikalas22 ($177.73 in chips) 
Seat 2: LuckyShikari ($102.72 in chips) 
Seat 3: JollyMac124 ($143.38 in chips) 
Seat 4: Rdalonso ($100 in chips) 
Seat 5: RoyalGreco ($94.93 in chips) 
Seat 6: AlexPinsk1 ($102.32 in chips) 
LuckyShikari: posts small blind $0.50
JollyMac124: posts big blind $1
*** HOLE CARDS ***
Rdalonso: folds 
RoyalGreco: calls $1
AlexPinsk1: folds 
nikalas22: raises $3.50 to $4.50
LuckyShikari: folds 
JollyMac124: folds 
RoyalGreco: calls $3.50
*** FLOP *** [9s 6c 8s]
RoyalGreco: bets $9.98
nikalas22: calls $9.98
*** TURN *** [9s 6c 8s] [9h]
RoyalGreco: checks 
nikalas22: checks 
*** RIVER *** [9s 6c 8s 9h] [Th]
RoyalGreco: bets $14.47
nikalas22: calls $14.47
*** SHOW DOWN ***
RoyalGreco: shows [9c Qc] (three of a kind, Nines)
nikalas22: mucks hand 
RoyalGreco collected $56.90 from pot
*** SUMMARY ***
Total pot $59.40 | Rake $2.50 
Board [9s 6c 8s 9h Th]
Seat 1: nikalas22 (button) mucked
Seat 2: LuckyShikari (small blind) folded before Flop
Seat 3: JollyMac124 (big blind) folded before Flop
Seat 4: Rdalonso folded before Flop (didn't bet)
Seat 5: RoyalGreco showed [9c Qc] and won ($56.90) with three of a kind, Nines
Seat 6: AlexPinsk1 folded before Flop (didn't bet)



PokerStars Hand #254217301260:  Hold'em No Limit ($0.50/$1.00 USD) - 2025/01/05 21:39:28 WET [2025/01/05 16:39:28 ET]
Table 'Mimosa III' 6-max Seat #2 is the button
Seat 1: nikalas22 ($148.78 in chips) 
Seat 2: LuckyShikari ($102.22 in chips) 
Seat 3: JollyMac124 ($142.38 in chips) 
Seat 4: Rdalonso ($100 in chips) 
Seat 5: RoyalGreco ($122.88 in chips) 
Seat 6: AlexPinsk1 ($102.32 in chips) 
JollyMac124: posts small blind $0.50
Rdalonso: posts big blind $1
*** HOLE CARDS ***
RoyalGreco: folds 
AlexPinsk1: folds 
nikalas22: raises $1.50 to $2.50
LuckyShikari: folds 
JollyMac124: folds 
Rdalonso: folds 
Uncalled bet ($1.50) returned to nikalas22
nikalas22 collected $2.50 from pot
nikalas22: doesn't show hand 
*** SUMMARY ***
Total pot $2.50 | Rake $0 
Seat 1: nikalas22 collected ($2.50)
Seat 2: LuckyShikari (button) folded before Flop (didn't bet)
Seat 3: JollyMac124 (small blind) folded before Flop
Seat 4: Rdalonso (big blind) folded before Flop
Seat 5: RoyalGreco folded before Flop (didn't bet)
Seat 6: AlexPinsk1 folded before Flop (didn't bet)



PokerStars Hand #254217310494:  Hold'em No Limit ($0.50/$1.00 USD) - 2025/01/05 21:39:50 WET [2025/01/05 16:39:50 ET]
Table 'Mimosa III' 6-max Seat #3 is the button
Seat 1: nikalas22 ($150.28 in chips) 
Seat 2: LuckyShikari ($102.22 in chips) 
Seat 3: JollyMac124 ($141.88 in chips) 
Seat 4: Rdalonso ($100 in chips) 
Seat 5: RoyalGreco ($122.88 in chips) 
Seat 6: AlexPinsk1 ($102.32 in chips) 
Rdalonso: posts small blind $0.50
RoyalGreco: posts big blind $1
*** HOLE CARDS ***
AlexPinsk1: raises $1.50 to $2.50
nikalas22: folds 
LuckyShikari: folds 
JollyMac124: calls $2.50
Rdalonso: folds 
RoyalGreco: folds 
*** FLOP *** [8s 9h 3s]
AlexPinsk1: checks 
JollyMac124: bets $4.09
AlexPinsk1: raises $9.91 to $14
JollyMac124: calls $9.91
*** TURN *** [8s 9h 3s] [Qs]
AlexPinsk1: bets $12.50
JollyMac124: calls $12.50
*** RIVER *** [8s 9h 3s Qs] [Ac]
AlexPinsk1: checks 
JollyMac124: checks 
*** SHOW DOWN ***
AlexPinsk1: shows [Ks Ts] (a flush, King high)
JollyMac124: mucks hand 
AlexPinsk1 collected $57 from pot
*** SUMMARY ***
Total pot $59.50 | Rake $2.50 
Board [8s 9h 3s Qs Ac]
Seat 1: nikalas22 folded before Flop (didn't bet)
Seat 2: LuckyShikari folded before Flop (didn't bet)
Seat 3: JollyMac124 (button) mucked
Seat 4: Rdalonso (small blind) folded before Flop
Seat 5: RoyalGreco (big blind) folded before Flop
Seat 6: AlexPinsk1 showed [Ks Ts] and won ($57) with a flush, King high



PokerStars Hand #254217346563:  Hold'em No Limit ($0.50/$1.00 USD) - 2025/01/05 21:41:19 WET [2025/01/05 16:41:19 ET]
Table 'Mimosa III' 6-max Seat #4 is the button
Seat 1: nikalas22 ($150.28 in chips) 
Seat 2: LuckyShikari ($102.22 in chips) 
Seat 3: JollyMac124 ($112.88 in chips) 
Seat 4: Rdalonso ($100 in chips) 
Seat 5: RoyalGreco ($121.88 in chips) 
Seat 6: AlexPinsk1 ($130.32 in chips) 
RoyalGreco: posts small blind $0.50
AlexPinsk1: posts big blind $1
*** HOLE CARDS ***
nikalas22: folds 
LuckyShikari: folds 
JollyMac124: raises $2 to $3
Rdalonso: folds 
RoyalGreco: folds 
AlexPinsk1: folds 
Uncalled bet ($2) returned to JollyMac124
JollyMac124 collected $2.50 from pot
*** SUMMARY ***
Total pot $2.50 | Rake $0 
Seat 1: nikalas22 folded before Flop (didn't bet)
Seat 2: LuckyShikari folded before Flop (didn't bet)
Seat 3: JollyMac124 collected ($2.50)
Seat 4: Rdalonso (button) folded before Flop (didn't bet)
Seat 5: RoyalGreco (small blind) folded before Flop
Seat 6: AlexPinsk1 (big blind) folded before Flop



PokerStars Hand #254217353935:  Hold'em No Limit ($0.50/$1.00 USD) - 2025/01/05 21:41:37 WET [2025/01/05 16:41:37 ET]
Table 'Mimosa III' 6-max Seat #5 is the button
Seat 1: nikalas22 ($150.28 in chips) 
Seat 2: LuckyShikari ($102.22 in chips) 
Seat 3: JollyMac124 ($114.38 in chips) 
Seat 4: Rdalonso ($100 in chips) 
Seat 5: RoyalGreco ($121.38 in chips) 
Seat 6: AlexPinsk1 ($129.32 in chips) 
AlexPinsk1: posts small blind $0.50
nikalas22: posts big blind $1
*** HOLE CARDS ***
LuckyShikari: folds 
JollyMac124: folds 
Rdalonso: folds 
RoyalGreco: folds 
AlexPinsk1: folds 
Uncalled bet ($0.50) returned to nikalas22
nikalas22 collected $1 from pot
nikalas22: doesn't show hand 
*** SUMMARY ***
Total pot $1 | Rake $0 
Seat 1: nikalas22 (big blind) collected ($1)
Seat 2: LuckyShikari folded before Flop (didn't bet)
Seat 3: JollyMac124 folded before Flop (didn't bet)
Seat 4: Rdalonso folded before Flop (didn't bet)
Seat 5: RoyalGreco (button) folded before Flop (didn't bet)
Seat 6: AlexPinsk1 (small blind) folded before Flop



PokerStars Hand #254217362162:  Hold'em No Limit ($0.50/$1.00 USD) - 2025/01/05 21:41:57 WET [2025/01/05 16:41:57 ET]
Table 'Mimosa III' 6-max Seat #6 is the button
Seat 1: nikalas22 ($150.78 in chips) 
Seat 2: LuckyShikari ($102.22 in chips) 
Seat 3: JollyMac124 ($114.38 in chips) 
Seat 4: Rdalonso ($100 in chips) 
Seat 5: RoyalGreco ($121.38 in chips) 
Seat 6: AlexPinsk1 ($128.82 in chips) 
nikalas22: posts small blind $0.50
LuckyShikari: posts big blind $1
*** HOLE CARDS ***
JollyMac124: calls $1
Rdalonso: raises $4 to $5
RoyalGreco: folds 
AlexPinsk1: folds 
nikalas22: raises $15 to $20
LuckyShikari: folds 
JollyMac124: folds 
Rdalonso: folds 
Uncalled bet ($15) returned to nikalas22
nikalas22 collected $12 from pot
nikalas22: doesn't show hand 
*** SUMMARY ***
Total pot $12 | Rake $0 
Seat 1: nikalas22 (small blind) collected ($12)
Seat 2: LuckyShikari (big blind) folded before Flop
Seat 3: JollyMac124 folded before Flop
Seat 4: Rdalonso folded before Flop
Seat 5: RoyalGreco folded before Flop (didn't bet)
Seat 6: AlexPinsk1 (button) folded before Flop (didn't bet)



PokerStars Hand #254217380390:  Hold'em No Limit ($0.50/$1.00 USD) - 2025/01/05 21:42:42 WET [2025/01/05 16:42:42 ET]
Table 'Mimosa III' 6-max Seat #1 is the button
Seat 1: nikalas22 ($157.78 in chips) 
Seat 2: LuckyShikari ($101.22 in chips) 
Seat 3: JollyMac124 ($113.38 in chips) 
Seat 4: Rdalonso ($100 in chips) 
Seat 5: RoyalGreco ($121.38 in chips) 
Seat 6: AlexPinsk1 ($128.82 in chips) 
LuckyShikari: posts small blind $0.50
JollyMac124: posts big blind $1
*** HOLE CARDS ***
Rdalonso: raises $1.50 to $2.50
RoyalGreco: folds 
AlexPinsk1: folds 
nikalas22: folds 
LuckyShikari: calls $2
JollyMac124: calls $1.50
*** FLOP *** [As 3h Kc]
LuckyShikari: checks 
JollyMac124: checks 
Rdalonso: bets $2.35
LuckyShikari: folds 
JollyMac124: folds 
Uncalled bet ($2.35) returned to Rdalonso
Rdalonso collected $7.12 from pot
Rdalonso: doesn't show hand 
*** SUMMARY ***
Total pot $7.50 | Rake $0.38 
Board [As 3h Kc]
Seat 1: nikalas22 (button) folded before Flop (didn't bet)
Seat 2: LuckyShikari (small blind) folded on the Flop
Seat 3: JollyMac124 (big blind) folded on the Flop
Seat 4: Rdalonso collected ($7.12)
Seat 5: RoyalGreco folded before Flop (didn't bet)
Seat 6: AlexPinsk1 folded before Flop (didn't bet)



PokerStars Hand #254217398362:  Hold'em No Limit ($0.50/$1.00 USD) - 2025/01/05 21:43:26 WET [2025/01/05 16:43:26 ET]
Table 'Mimosa III' 6-max Seat #2 is the button
Seat 1: nikalas22 ($157.78 in chips) 
Seat 2: LuckyShikari ($100 in chips) 
Seat 3: JollyMac124 ($110.88 in chips) 
Seat 4: Rdalonso ($104.62 in chips) 
Seat 5: RoyalGreco ($121.38 in chips) 
Seat 6: AlexPinsk1 ($128.82 in chips) 
JollyMac124: posts small blind $0.50
Rdalonso: posts big blind $1
*** HOLE CARDS ***
RoyalGreco: folds 
AlexPinsk1: raises $1.50 to $2.50
nikalas22: folds 
LuckyShikari: folds 
JollyMac124: folds 
Rdalonso: folds 
Uncalled bet ($1.50) returned to AlexPinsk1
AlexPinsk1 collected $2.50 from pot
AlexPinsk1: doesn't show hand 
*** SUMMARY ***
Total pot $2.50 | Rake $0 
Seat 1: nikalas22 folded before Flop (didn't bet)
Seat 2: LuckyShikari (button) folded before Flop (didn't bet)
Seat 3: JollyMac124 (small blind) folded before Flop
Seat 4: Rdalonso (big blind) folded before Flop
Seat 5: RoyalGreco folded before Flop (didn't bet)
Seat 6: AlexPinsk1 collected ($2.50)



PokerStars Hand #254217605206:  Hold'em No Limit ($0.50/$1.00 USD) - 2025/01/05 21:52:03 WET [2025/01/05 16:52:03 ET]
Table 'Mimosa III' 6-max Seat #1 is the button
Seat 1: MauriFierro27 ($112.96 in chips) 
Seat 2: LuckyShikari ($107.70 in chips) 
Seat 3: JollyMac124 ($140.63 in chips) 
Seat 4: Rdalonso ($108.62 in chips) 
Seat 5: RoyalGreco ($88.54 in chips) 
Seat 6: AlexPinsk1 ($128.54 in chips) 
LuckyShikari: posts small blind $0.50
JollyMac124: posts big blind $1
*** HOLE CARDS ***
Rdalonso: folds 
RoyalGreco: raises $2 to $3
AlexPinsk1: folds 
MauriFierro27: folds 
LuckyShikari: folds 
JollyMac124: calls $2
*** FLOP *** [Ah Th 3d]
JollyMac124: checks 
RoyalGreco: bets $3.09
JollyMac124: folds 
Uncalled bet ($3.09) returned to RoyalGreco
RoyalGreco collected $6.18 from pot
*** SUMMARY ***
Total pot $6.50 | Rake $0.32 
Board [Ah Th 3d]
Seat 1: MauriFierro27 (button) folded before Flop (didn't bet)
Seat 2: LuckyShikari (small blind) folded before Flop
Seat 3: JollyMac124 (big blind) folded on the Flop
Seat 4: Rdalonso folded before Flop (didn't bet)
Seat 5: RoyalGreco collected ($6.18)
Seat 6: AlexPinsk1 folded before Flop (didn't bet)



PokerStars Hand #254217617323:  Hold'em No Limit ($0.50/$1.00 USD) - 2025/01/05 21:52:33 WET [2025/01/05 16:52:33 ET]
Table 'Mimosa III' 6-max Seat #2 is the button
Seat 1: MauriFierro27 ($112.96 in chips) 
Seat 2: LuckyShikari ($107.20 in chips) 
Seat 3: JollyMac124 ($137.63 in chips) 
Seat 4: Rdalonso ($108.62 in chips) 
Seat 5: RoyalGreco ($91.72 in chips) 
Seat 6: AlexPinsk1 ($128.54 in chips) 
JollyMac124: posts small blind $0.50
Rdalonso: posts big blind $1
*** HOLE CARDS ***
RoyalGreco: folds 
AlexPinsk1: folds 
MauriFierro27: folds 
LuckyShikari: raises $2.50 to $3.50
JollyMac124: folds 
Rdalonso: folds 
Uncalled bet ($2.50) returned to LuckyShikari
LuckyShikari collected $2.50 from pot
LuckyShikari: doesn't show hand 
*** SUMMARY ***
Total pot $2.50 | Rake $0 
Seat 1: MauriFierro27 folded before Flop (didn't bet)
Seat 2: LuckyShikari (button) collected ($2.50)
Seat 3: JollyMac124 (small blind) folded before Flop
Seat 4: Rdalonso (big blind) folded before Flop
Seat 5: RoyalGreco folded before Flop (didn't bet)
Seat 6: AlexPinsk1 folded before Flop (didn't bet)



PokerStars Hand #254217624772:  Hold'em No Limit ($0.50/$1.00 USD) - 2025/01/05 21:52:51 WET [2025/01/05 16:52:51 ET]
Table 'Mimosa III' 6-max Seat #3 is the button
Seat 1: MauriFierro27 ($112.96 in chips) 
Seat 2: LuckyShikari ($108.70 in chips) 
Seat 3: JollyMac124 ($137.13 in chips) 
Seat 4: Rdalonso ($107.62 in chips) 
Seat 5: RoyalGreco ($91.72 in chips) 
Seat 6: AlexPinsk1 ($128.54 in chips) 
Rdalonso: posts small blind $0.50
RoyalGreco: posts big blind $1
*** HOLE CARDS ***
AlexPinsk1: folds 
MauriFierro27: raises $1.20 to $2.20
LuckyShikari: folds 
JollyMac124: folds 
Rdalonso: folds 
RoyalGreco: calls $1.20
*** FLOP *** [5s 9c 8d]
RoyalGreco: bets $2.33
MauriFierro27: calls $2.33
*** TURN *** [5s 9c 8d] [Kc]
RoyalGreco: bets $4.54
MauriFierro27: raises $9.08 to $13.62
RoyalGreco has timed out
RoyalGreco: folds 
Uncalled bet ($9.08) returned to MauriFierro27
MauriFierro27 collected $17.71 from pot
MauriFierro27: doesn't show hand 
*** SUMMARY ***
Total pot $18.64 | Rake $0.93 
Board [5s 9c 8d Kc]
Seat 1: MauriFierro27 collected ($17.71)
Seat 2: LuckyShikari folded before Flop (didn't bet)
Seat 3: JollyMac124 (button) folded before Flop (didn't bet)
Seat 4: Rdalonso (small blind) folded before Flop
Seat 5: RoyalGreco (big blind) folded on the Turn
Seat 6: AlexPinsk1 folded before Flop (didn't bet)



PokerStars Hand #254217652354:  Hold'em No Limit ($0.50/$1.00 USD) - 2025/01/05 21:54:00 WET [2025/01/05 16:54:00 ET]
Table 'Mimosa III' 6-max Seat #4 is the button
Seat 1: MauriFierro27 ($121.60 in chips) 
Seat 2: LuckyShikari ($108.70 in chips) 
Seat 3: JollyMac124 ($137.13 in chips) 
Seat 4: Rdalonso ($107.12 in chips) 
Seat 5: RoyalGreco ($82.65 in chips) 
Seat 6: AlexPinsk1 ($128.54 in chips) 
RoyalGreco: posts small blind $0.50
AlexPinsk1: posts big blind $1
*** HOLE CARDS ***
MauriFierro27: folds 
LuckyShikari: folds 
JollyMac124: raises $1 to $2
Rdalonso: folds 
RoyalGreco: folds 
AlexPinsk1: folds 
Uncalled bet ($1) returned to JollyMac124
JollyMac124 collected $2.50 from pot
*** SUMMARY ***
Total pot $2.50 | Rake $0 
Seat 1: MauriFierro27 folded before Flop (didn't bet)
Seat 2: LuckyShikari folded before Flop (didn't bet)
Seat 3: JollyMac124 collected ($2.50)
Seat 4: Rdalonso (button) folded before Flop (didn't bet)
Seat 5: RoyalGreco (small blind) folded before Flop
Seat 6: AlexPinsk1 (big blind) folded before Flop



PokerStars Hand #254217657198:  Hold'em No Limit ($0.50/$1.00 USD) - 2025/01/05 21:54:13 WET [2025/01/05 16:54:13 ET]
Table 'Mimosa III' 6-max Seat #5 is the button
Seat 1: MauriFierro27 ($121.60 in chips) 
Seat 2: LuckyShikari ($108.70 in chips) 
Seat 3: JollyMac124 ($138.63 in chips) 
Seat 4: Rdalonso ($107.12 in chips) 
Seat 5: RoyalGreco ($82.15 in chips) 
Seat 6: AlexPinsk1 ($127.54 in chips) 
AlexPinsk1: posts small blind $0.50
MauriFierro27: posts big blind $1
*** HOLE CARDS ***
LuckyShikari: folds 
JollyMac124 has timed out
JollyMac124: folds 
Rdalonso: folds 
RoyalGreco: raises $2 to $3
AlexPinsk1: folds 
MauriFierro27: calls $2
*** FLOP *** [3h 8c 2s]
MauriFierro27: checks 
RoyalGreco: bets $3.09
MauriFierro27: calls $3.09
*** TURN *** [3h 8c 2s] [9s]
MauriFierro27: checks 
RoyalGreco: bets $6.03
MauriFierro27: folds 
Uncalled bet ($6.03) returned to RoyalGreco
RoyalGreco collected $12.05 from pot
*** SUMMARY ***
Total pot $12.68 | Rake $0.63 
Board [3h 8c 2s 9s]
Seat 1: MauriFierro27 (big blind) folded on the Turn
Seat 2: LuckyShikari folded before Flop (didn't bet)
Seat 3: JollyMac124 folded before Flop (didn't bet)
Seat 4: Rdalonso folded before Flop (didn't bet)
Seat 5: RoyalGreco (button) collected ($12.05)
Seat 6: AlexPinsk1 (small blind) folded before Flop



PokerStars Hand #254217675075:  Hold'em No Limit ($0.50/$1.00 USD) - 2025/01/05 21:54:58 WET [2025/01/05 16:54:58 ET]
Table 'Mimosa III' 6-max Seat #6 is the button
Seat 1: MauriFierro27 ($115.51 in chips) 
Seat 2: LuckyShikari ($108.70 in chips) 
Seat 3: JollyMac124 ($138.63 in chips) 
Seat 4: Rdalonso ($107.12 in chips) 
Seat 5: RoyalGreco ($88.11 in chips) 
Seat 6: AlexPinsk1 ($127.04 in chips) 
MauriFierro27: posts small blind $0.50
LuckyShikari: posts big blind $1
*** HOLE CARDS ***
JollyMac124: folds 
Rdalonso: folds 
RoyalGreco: folds 
AlexPinsk1: raises $1.50 to $2.50
MauriFierro27: folds 
LuckyShikari: raises $8.50 to $11
AlexPinsk1: raises $13.50 to $24.50
LuckyShikari: folds 
Uncalled bet ($13.50) returned to AlexPinsk1
AlexPinsk1 collected $22.50 from pot
AlexPinsk1: doesn't show hand 
*** SUMMARY ***
Total pot $22.50 | Rake $0 
Seat 1: MauriFierro27 (small blind) folded before Flop
Seat 2: LuckyShikari (big blind) folded before Flop
Seat 3: JollyMac124 folded before Flop (didn't bet)
Seat 4: Rdalonso folded before Flop (didn't bet)
Seat 5: RoyalGreco folded before Flop (didn't bet)
Seat 6: AlexPinsk1 (button) collected ($22.50)



PokerStars Hand #254217687851:  Hold'em No Limit ($0.50/$1.00 USD) - 2025/01/05 21:55:44 WET [2025/01/05 16:55:44 ET]
Table 'Mimosa III' 6-max Seat #1 is the button
Seat 1: MauriFierro27 ($115.01 in chips) 
Seat 2: LuckyShikari ($100 in chips) 
Seat 3: JollyMac124 ($138.63 in chips) 
Seat 4: Rdalonso ($107.12 in chips) 
Seat 5: RoyalGreco ($88.11 in chips) 
Seat 6: AlexPinsk1 ($138.54 in chips) 
LuckyShikari: posts small blind $0.50
JollyMac124: posts big blind $1
*** HOLE CARDS ***
Rdalonso: folds 
RoyalGreco: folds 
AlexPinsk1: folds 
MauriFierro27: raises $1.20 to $2.20
LuckyShikari: folds 
JollyMac124: calls $1.20
*** FLOP *** [2s 2h 6d]
JollyMac124: checks 
MauriFierro27: bets $2.33
JollyMac124: folds 
Uncalled bet ($2.33) returned to MauriFierro27
MauriFierro27 collected $4.66 from pot
MauriFierro27: doesn't show hand 
*** SUMMARY ***
Total pot $4.90 | Rake $0.24 
Board [2s 2h 6d]
Seat 1: MauriFierro27 (button) collected ($4.66)
Seat 2: LuckyShikari (small blind) folded before Flop
Seat 3: JollyMac124 (big blind) folded on the Flop
Seat 4: Rdalonso folded before Flop (didn't bet)
Seat 5: RoyalGreco folded before Flop (didn't bet)
Seat 6: AlexPinsk1 folded before Flop (didn't bet)



PokerStars Hand #254217696656:  Hold'em No Limit ($0.50/$1.00 USD) - 2025/01/05 21:56:23 WET [2025/01/05 16:56:23 ET]
Table 'Mimosa III' 6-max Seat #2 is the button
Seat 1: MauriFierro27 ($117.47 in chips) 
Seat 2: LuckyShikari ($100 in chips) 
Seat 3: JollyMac124 ($136.43 in chips) 
Seat 4: Rdalonso ($107.12 in chips) 
Seat 5: RoyalGreco ($88.11 in chips) 
Seat 6: AlexPinsk1 ($138.54 in chips) 
JollyMac124: posts small blind $0.50
Rdalonso: posts big blind $1
*** HOLE CARDS ***
RoyalGreco: folds 
AlexPinsk1: folds 
MauriFierro27: folds 
LuckyShikari: folds 
JollyMac124: folds 
Uncalled bet ($0.50) returned to Rdalonso
Rdalonso collected $1 from pot
Rdalonso: doesn't show hand 
*** SUMMARY ***
Total pot $1 | Rake $0 
Seat 1: MauriFierro27 folded before Flop (didn't bet)
Seat 2: LuckyShikari (button) folded before Flop (didn't bet)
Seat 3: JollyMac124 (small blind) folded before Flop
Seat 4: Rdalonso (big blind) collected ($1)
Seat 5: RoyalGreco folded before Flop (didn't bet)
Seat 6: AlexPinsk1 folded before Flop (didn't bet)



PokerStars Hand #254217701166:  Hold'em No Limit ($0.50/$1.00 USD) - 2025/01/05 21:56:42 WET [2025/01/05 16:56:42 ET]
Table 'Mimosa III' 6-max Seat #3 is the button
Seat 1: MauriFierro27 ($117.47 in chips) 
Seat 2: LuckyShikari ($100 in chips) 
Seat 3: JollyMac124 ($135.93 in chips) 
Seat 4: Rdalonso ($107.62 in chips) 
Seat 5: RoyalGreco ($88.11 in chips) 
Seat 6: AlexPinsk1 ($138.54 in chips) 
Rdalonso: posts small blind $0.50
RoyalGreco: posts big blind $1
*** HOLE CARDS ***
AlexPinsk1: folds 
MauriFierro27: folds 
LuckyShikari: folds 
JollyMac124: raises $1 to $2
Rdalonso: folds 
RoyalGreco: raises $4.50 to $6.50
JollyMac124: calls $4.50
*** FLOP *** [2c Ah 4h]
RoyalGreco: bets $6.41
JollyMac124: calls $6.41
*** TURN *** [2c Ah 4h] [6d]
RoyalGreco: bets $12.50
JollyMac124: calls $12.50
*** RIVER *** [2c Ah 4h 6d] [Qc]
RoyalGreco: bets $24.41
JollyMac124: folds 
Uncalled bet ($24.41) returned to RoyalGreco
RoyalGreco collected $48.82 from pot
*** SUMMARY ***
Total pot $51.32 | Rake $2.50 
Board [2c Ah 4h 6d Qc]
Seat 1: MauriFierro27 folded before Flop (didn't bet)
Seat 2: LuckyShikari folded before Flop (didn't bet)
Seat 3: JollyMac124 (button) folded on the River
Seat 4: Rdalonso (small blind) folded before Flop
Seat 5: RoyalGreco (big blind) collected ($48.82)
Seat 6: AlexPinsk1 folded before Flop (didn't bet)



PokerStars Hand #254217718089:  Hold'em No Limit ($0.50/$1.00 USD) - 2025/01/05 21:57:55 WET [2025/01/05 16:57:55 ET]
Table 'Mimosa III' 6-max Seat #4 is the button
Seat 1: MauriFierro27 ($117.47 in chips) 
Seat 2: LuckyShikari ($100 in chips) 
Seat 3: JollyMac124 ($110.52 in chips) 
Seat 4: Rdalonso ($107.12 in chips) 
Seat 5: RoyalGreco ($111.52 in chips) 
Seat 6: AlexPinsk1 ($138.54 in chips) 
RoyalGreco: posts small blind $0.50
AlexPinsk1: posts big blind $1
*** HOLE CARDS ***
MauriFierro27: folds 
LuckyShikari: folds 
JollyMac124: folds 
Rdalonso: raises $1.50 to $2.50
RoyalGreco: folds 
AlexPinsk1: raises $9.50 to $12
Rdalonso: folds 
Uncalled bet ($9.50) returned to AlexPinsk1
AlexPinsk1 collected $5.50 from pot
AlexPinsk1: doesn't show hand 
*** SUMMARY ***
Total pot $5.50 | Rake $0 
Seat 1: MauriFierro27 folded before Flop (didn't bet)
Seat 2: LuckyShikari folded before Flop (didn't bet)
Seat 3: JollyMac124 folded before Flop (didn't bet)
Seat 4: Rdalonso (button) folded before Flop
Seat 5: RoyalGreco (small blind) folded before Flop
Seat 6: AlexPinsk1 (big blind) collected ($5.50)



PokerStars Hand #254217726939:  Hold'em No Limit ($0.50/$1.00 USD) - 2025/01/05 21:58:33 WET [2025/01/05 16:58:33 ET]
Table 'Mimosa III' 6-max Seat #5 is the button
Seat 1: MauriFierro27 ($117.47 in chips) 
Seat 2: LuckyShikari ($100 in chips) 
Seat 3: JollyMac124 ($110.52 in chips) 
Seat 4: Rdalonso ($104.62 in chips) 
Seat 5: RoyalGreco ($111.02 in chips) 
Seat 6: AlexPinsk1 ($141.54 in chips) 
AlexPinsk1: posts small blind $0.50
MauriFierro27: posts big blind $1
*** HOLE CARDS ***
LuckyShikari: folds 
JollyMac124: folds 
Rdalonso: folds 
RoyalGreco: folds 
AlexPinsk1: raises $2 to $3
MauriFierro27: folds 
Uncalled bet ($2) returned to AlexPinsk1
AlexPinsk1 collected $2 from pot
AlexPinsk1: doesn't show hand 
*** SUMMARY ***
Total pot $2 | Rake $0 
Seat 1: MauriFierro27 (big blind) folded before Flop
Seat 2: LuckyShikari folded before Flop (didn't bet)
Seat 3: JollyMac124 folded before Flop (didn't bet)
Seat 4: Rdalonso folded before Flop (didn't bet)
Seat 5: RoyalGreco (button) folded before Flop (didn't bet)
Seat 6: AlexPinsk1 (small blind) collected ($2)



PokerStars Hand #254217879595:  Hold'em No Limit ($0.50/$1.00 USD) - 2025/01/05 22:06:06 WET [2025/01/05 17:06:06 ET]
Table 'Mimosa III' 6-max Seat #4 is the button
Seat 6: AlexPinsk1 ($140.54 in chips) is sitting out
Seat 1: MauriFierro27 ($114.47 in chips) 
Seat 2: LuckyShikari ($143.92 in chips) 
Seat 3: JollyMac124 ($65.87 in chips) 
Seat 4: Rdalonso ($215.44 in chips) 
Seat 5: beshece11harf ($100 in chips) 
beshece11harf: posts small blind $0.50
AlexPinsk1: is sitting out 
MauriFierro27: posts big blind $1
*** HOLE CARDS ***
LuckyShikari: folds 
JollyMac124: folds 
Rdalonso: folds 
beshece11harf: folds 
Uncalled bet ($0.50) returned to MauriFierro27
MauriFierro27 collected $1 from pot
MauriFierro27: doesn't show hand 
*** SUMMARY ***
Total pot $1 | Rake $0 
Seat 6: AlexPinsk1
Seat 1: MauriFierro27 (big blind) collected ($1)
Seat 2: LuckyShikari folded before Flop (didn't bet)
Seat 3: JollyMac124 folded before Flop (didn't bet)
Seat 4: Rdalonso (button) folded before Flop (didn't bet)
Seat 5: beshece11harf (small blind) folded before Flop



PokerStars Hand #254217886044:  Hold'em No Limit ($0.50/$1.00 USD) - 2025/01/05 22:06:22 WET [2025/01/05 17:06:22 ET]
Table 'Mimosa III' 6-max Seat #5 is the button
Seat 6: AlexPinsk1 ($140.54 in chips) is sitting out
Seat 1: MauriFierro27 ($114.97 in chips) 
Seat 2: LuckyShikari ($143.92 in chips) 
Seat 3: JollyMac124 ($65.87 in chips) 
Seat 4: Rdalonso ($215.44 in chips) 
Seat 5: beshece11harf ($100 in chips) 
MauriFierro27: posts small blind $0.50
LuckyShikari: posts big blind $1
*** HOLE CARDS ***
JollyMac124: folds 
Rdalonso: folds 
beshece11harf: folds 
MauriFierro27: folds 
Uncalled bet ($0.50) returned to LuckyShikari
LuckyShikari collected $1 from pot
LuckyShikari: doesn't show hand 
*** SUMMARY ***
Total pot $1 | Rake $0 
Seat 6: AlexPinsk1
Seat 1: MauriFierro27 (small blind) folded before Flop
Seat 2: LuckyShikari (big blind) collected ($1)
Seat 3: JollyMac124 folded before Flop (didn't bet)
Seat 4: Rdalonso folded before Flop (didn't bet)
Seat 5: beshece11harf (button) folded before Flop (didn't bet)



PokerStars Hand #254217891413:  Hold'em No Limit ($0.50/$1.00 USD) - 2025/01/05 22:06:36 WET [2025/01/05 17:06:36 ET]
Table 'Mimosa III' 6-max Seat #1 is the button
Seat 6: AlexPinsk1 ($140.54 in chips) is sitting out
Seat 1: MauriFierro27 ($114.47 in chips) 
Seat 2: LuckyShikari ($144.42 in chips) 
Seat 3: JollyMac124 ($65.87 in chips) 
Seat 4: Rdalonso ($215.44 in chips) 
Seat 5: beshece11harf ($100 in chips) 
LuckyShikari: posts small blind $0.50
JollyMac124: posts big blind $1
*** HOLE CARDS ***
Rdalonso: folds 
AlexPinsk1 leaves the table
beshece11harf: raises $1 to $2
MauriFierro27: folds 
AllN1ghtL0ng joins the table at seat #6 
LuckyShikari: folds 
JollyMac124: calls $1
*** FLOP *** [Kh 7h Kd]
JollyMac124: checks 
beshece11harf: bets $1.07
JollyMac124: folds 
Uncalled bet ($1.07) returned to beshece11harf
beshece11harf collected $4.28 from pot
beshece11harf: doesn't show hand 
*** SUMMARY ***
Total pot $4.50 | Rake $0.22 
Board [Kh 7h Kd]
Seat 6: AlexPinsk1
Seat 1: MauriFierro27 (button) folded before Flop (didn't bet)
Seat 2: LuckyShikari (small blind) folded before Flop
Seat 3: JollyMac124 (big blind) folded on the Flop
Seat 4: Rdalonso folded before Flop (didn't bet)
Seat 5: beshece11harf collected ($4.28)



PokerStars Hand #254217906796:  Hold'em No Limit ($0.50/$1.00 USD) - 2025/01/05 22:07:13 WET [2025/01/05 17:07:13 ET]
Table 'Mimosa III' 6-max Seat #2 is the button
Seat 6: AllN1ghtL0ng ($100 in chips) is sitting out
Seat 1: MauriFierro27 ($114.47 in chips) 
Seat 2: LuckyShikari ($143.92 in chips) 
Seat 3: JollyMac124 ($63.87 in chips) 
Seat 4: Rdalonso ($215.44 in chips) 
Seat 5: beshece11harf ($102.28 in chips) 
JollyMac124: posts small blind $0.50
Rdalonso: posts big blind $1
AllN1ghtL0ng: sits out 
*** HOLE CARDS ***
beshece11harf: folds 
MauriFierro27: folds 
LuckyShikari: raises $1.50 to $2.50
JollyMac124: raises $2.50 to $5
Rdalonso: raises $10 to $15
LuckyShikari: folds 
JollyMac124: calls $10
*** FLOP *** [4h As 7h]
JollyMac124: checks 
Rdalonso: bets $3.09
JollyMac124: raises $18.53 to $21.62
Rdalonso: calls $18.53
*** TURN *** [4h As 7h] [9d]
JollyMac124: bets $27.25 and is all-in
Rdalonso: calls $27.25
*** RIVER *** [4h As 7h 9d] [Jh]
*** SHOW DOWN ***
JollyMac124: shows [Ac 7c] (two pair, Aces and Sevens)
Rdalonso: shows [Th Ts] (a pair of Tens)
JollyMac124 collected $127.74 from pot
*** SUMMARY ***
Total pot $130.24 | Rake $2.50 
Board [4h As 7h 9d Jh]
Seat 6: AllN1ghtL0ng
Seat 1: MauriFierro27 folded before Flop (didn't bet)
Seat 2: LuckyShikari (button) folded before Flop
Seat 3: JollyMac124 (small blind) showed [Ac 7c] and won ($127.74) with two pair, Aces and Sevens
Seat 4: Rdalonso (big blind) showed [Th Ts] and lost with a pair of Tens
Seat 5: beshece11harf folded before Flop (didn't bet)



PokerStars Hand #254217941562:  Hold'em No Limit ($0.50/$1.00 USD) - 2025/01/05 22:08:39 WET [2025/01/05 17:08:39 ET]
Table 'Mimosa III' 6-max Seat #3 is the button
Seat 6: AllN1ghtL0ng ($100 in chips) is sitting out
Seat 1: MauriFierro27 ($114.47 in chips) 
Seat 2: LuckyShikari ($141.42 in chips) 
Seat 3: JollyMac124 ($127.74 in chips) 
Seat 4: Rdalonso ($151.57 in chips) 
Seat 5: beshece11harf ($102.28 in chips) 
Rdalonso: posts small blind $0.50
beshece11harf: posts big blind $1
AllN1ghtL0ng: sits out 
*** HOLE CARDS ***
MauriFierro27: folds 
LuckyShikari: raises $2.50 to $3.50
JollyMac124: folds 
Rdalonso: folds 
beshece11harf: folds 
Uncalled bet ($2.50) returned to LuckyShikari
LuckyShikari collected $2.50 from pot
LuckyShikari: doesn't show hand 
*** SUMMARY ***
Total pot $2.50 | Rake $0 
Seat 6: AllN1ghtL0ng
Seat 1: MauriFierro27 folded before Flop (didn't bet)
Seat 2: LuckyShikari collected ($2.50)
Seat 3: JollyMac124 (button) folded before Flop (didn't bet)
Seat 4: Rdalonso (small blind) folded before Flop
Seat 5: beshece11harf (big blind) folded before Flop



PokerStars Hand #254217950654:  Hold'em No Limit ($0.50/$1.00 USD) - 2025/01/05 22:09:01 WET [2025/01/05 17:09:01 ET]
Table 'Mimosa III' 6-max Seat #4 is the button
Seat 1: MauriFierro27 ($114.47 in chips) 
Seat 2: LuckyShikari ($142.92 in chips) 
Seat 3: JollyMac124 ($127.74 in chips) 
Seat 4: Rdalonso ($151.07 in chips) 
Seat 5: beshece11harf ($101.28 in chips) 
Seat 6: AllN1ghtL0ng ($100 in chips) 
beshece11harf: posts small blind $0.50
AllN1ghtL0ng: posts big blind $1
*** HOLE CARDS ***
MauriFierro27: folds 
LuckyShikari: folds 
JollyMac124: folds 
Rdalonso: folds 
beshece11harf: raises $2 to $3
AllN1ghtL0ng: folds 
Uncalled bet ($2) returned to beshece11harf
beshece11harf collected $2 from pot
beshece11harf: doesn't show hand 
*** SUMMARY ***
Total pot $2 | Rake $0 
Seat 1: MauriFierro27 folded before Flop (didn't bet)
Seat 2: LuckyShikari folded before Flop (didn't bet)
Seat 3: JollyMac124 folded before Flop (didn't bet)
Seat 4: Rdalonso (button) folded before Flop (didn't bet)
Seat 5: beshece11harf (small blind) collected ($2)
Seat 6: AllN1ghtL0ng (big blind) folded before Flop



PokerStars Hand #254217955679:  Hold'em No Limit ($0.50/$1.00 USD) - 2025/01/05 22:09:14 WET [2025/01/05 17:09:14 ET]
Table 'Mimosa III' 6-max Seat #5 is the button
Seat 1: MauriFierro27 ($114.47 in chips) 
Seat 2: LuckyShikari ($142.92 in chips) 
Seat 3: JollyMac124 ($127.74 in chips) 
Seat 4: Rdalonso ($151.07 in chips) 
Seat 5: beshece11harf ($102.28 in chips) 
Seat 6: AllN1ghtL0ng ($100 in chips) 
AllN1ghtL0ng: posts small blind $0.50
MauriFierro27: posts big blind $1
*** HOLE CARDS ***
LuckyShikari: folds 
JollyMac124: folds 
Rdalonso: folds 
beshece11harf: folds 
AllN1ghtL0ng: raises $2 to $3
MauriFierro27: raises $6 to $9
AllN1ghtL0ng: raises $16.50 to $25.50
MauriFierro27: folds 
Uncalled bet ($16.50) returned to AllN1ghtL0ng
AllN1ghtL0ng collected $18 from pot
AllN1ghtL0ng: doesn't show hand 
*** SUMMARY ***
Total pot $18 | Rake $0 
Seat 1: MauriFierro27 (big blind) folded before Flop
Seat 2: LuckyShikari folded before Flop (didn't bet)
Seat 3: JollyMac124 folded before Flop (didn't bet)
Seat 4: Rdalonso folded before Flop (didn't bet)
Seat 5: beshece11harf (button) folded before Flop (didn't bet)
Seat 6: AllN1ghtL0ng (small blind) collected ($18)



PokerStars Hand #254217974765:  Hold'em No Limit ($0.50/$1.00 USD) - 2025/01/05 22:10:01 WET [2025/01/05 17:10:01 ET]
Table 'Mimosa III' 6-max Seat #6 is the button
Seat 2: LuckyShikari ($142.92 in chips) is sitting out
Seat 1: MauriFierro27 ($105.47 in chips) 
Seat 3: JollyMac124 ($127.74 in chips) 
Seat 4: Rdalonso ($151.07 in chips) 
Seat 5: beshece11harf ($102.28 in chips) 
Seat 6: AllN1ghtL0ng ($109 in chips) 
MauriFierro27: posts small blind $0.50
JollyMac124: posts big blind $1
*** HOLE CARDS ***
Rdalonso: folds 
beshece11harf: folds 
AllN1ghtL0ng: raises $1.50 to $2.50
MauriFierro27: folds 
JollyMac124: folds 
Uncalled bet ($1.50) returned to AllN1ghtL0ng
AllN1ghtL0ng collected $2.50 from pot
AllN1ghtL0ng: doesn't show hand 
*** SUMMARY ***
Total pot $2.50 | Rake $0 
Seat 2: LuckyShikari
Seat 1: MauriFierro27 (small blind) folded before Flop
Seat 3: JollyMac124 (big blind) folded before Flop
Seat 4: Rdalonso folded before Flop (didn't bet)
Seat 5: beshece11harf folded before Flop (didn't bet)
Seat 6: AllN1ghtL0ng (button) collected ($2.50)



PokerStars Hand #254217982689:  Hold'em No Limit ($0.50/$1.00 USD) - 2025/01/05 22:10:21 WET [2025/01/05 17:10:21 ET]
Table 'Mimosa III' 6-max Seat #1 is the button
Seat 2: LuckyShikari ($142.92 in chips) is sitting out
Seat 1: MauriFierro27 ($104.97 in chips) 
Seat 3: JollyMac124 ($126.74 in chips) 
Seat 4: Rdalonso ($151.07 in chips) 
Seat 5: beshece11harf ($102.28 in chips) 
Seat 6: AllN1ghtL0ng ($110.50 in chips) 
JollyMac124: posts small blind $0.50
Rdalonso: posts big blind $1
*** HOLE CARDS ***
beshece11harf: folds 
AllN1ghtL0ng: raises $1.50 to $2.50
MauriFierro27: folds 
JollyMac124: calls $2
Rdalonso: folds 
*** FLOP *** [Kh 9d Qs]
JollyMac124: checks 
AllN1ghtL0ng: bets $1.90
JollyMac124: calls $1.90
*** TURN *** [Kh 9d Qs] [4h]
JollyMac124: checks 
AllN1ghtL0ng: bets $3.10
JollyMac124: calls $3.10
*** RIVER *** [Kh 9d Qs 4h] [3d]
JollyMac124: checks 
AllN1ghtL0ng: checks 
*** SHOW DOWN ***
JollyMac124: shows [Ts Th] (a pair of Tens)
AllN1ghtL0ng: shows [Qc Ac] (a pair of Queens)
AllN1ghtL0ng collected $15.20 from pot
*** SUMMARY ***
Total pot $16 | Rake $0.80 
Board [Kh 9d Qs 4h 3d]
Seat 2: LuckyShikari
Seat 1: MauriFierro27 (button) folded before Flop (didn't bet)
Seat 3: JollyMac124 (small blind) showed [Ts Th] and lost with a pair of Tens
Seat 4: Rdalonso (big blind) folded before Flop
Seat 5: beshece11harf folded before Flop (didn't bet)
Seat 6: AllN1ghtL0ng showed [Qc Ac] and won ($15.20) with a pair of Queens



PokerStars Hand #254218003621:  Hold'em No Limit ($0.50/$1.00 USD) - 2025/01/05 22:11:13 WET [2025/01/05 17:11:13 ET]
Table 'Mimosa III' 6-max Seat #3 is the button
Seat 2: LuckyShikari ($142.92 in chips) is sitting out
Seat 1: MauriFierro27 ($104.97 in chips) 
Seat 3: JollyMac124 ($119.24 in chips) 
Seat 4: Rdalonso ($150.07 in chips) 
Seat 5: beshece11harf ($102.28 in chips) 
Seat 6: AllN1ghtL0ng ($118.20 in chips) 
Rdalonso: posts small blind $0.50
beshece11harf: posts big blind $1
*** HOLE CARDS ***
AllN1ghtL0ng: folds 
MauriFierro27: raises $1.20 to $2.20
JollyMac124: raises $1.20 to $3.40
Rdalonso: folds 
beshece11harf: folds 
MauriFierro27: calls $1.20
*** FLOP *** [3c 8s 9s]
MauriFierro27: checks 
JollyMac124: bets $3.94
MauriFierro27: calls $3.94
*** TURN *** [3c 8s 9s] [Js]
MauriFierro27: checks 
JollyMac124: checks 
*** RIVER *** [3c 8s 9s Js] [Qh]
MauriFierro27: bets $21.56
JollyMac124: folds 
Uncalled bet ($21.56) returned to MauriFierro27
MauriFierro27 collected $15.37 from pot
MauriFierro27: doesn't show hand 
*** SUMMARY ***
Total pot $16.18 | Rake $0.81 
Board [3c 8s 9s Js Qh]
Seat 2: LuckyShikari
Seat 1: MauriFierro27 collected ($15.37)
Seat 3: JollyMac124 (button) folded on the River
Seat 4: Rdalonso (small blind) folded before Flop
Seat 5: beshece11harf (big blind) folded before Flop
Seat 6: AllN1ghtL0ng folded before Flop (didn't bet)



PokerStars Hand #254218018342:  Hold'em No Limit ($0.50/$1.00 USD) - 2025/01/05 22:11:50 WET [2025/01/05 17:11:50 ET]
Table 'Mimosa III' 6-max Seat #4 is the button
Seat 2: LuckyShikari ($142.92 in chips) is sitting out
Seat 6: AllN1ghtL0ng ($118.20 in chips) is sitting out
Seat 1: MauriFierro27 ($113 in chips) 
Seat 3: JollyMac124 ($111.90 in chips) 
Seat 4: Rdalonso ($149.57 in chips) 
Seat 5: beshece11harf ($101.28 in chips) 
beshece11harf: posts small blind $0.50
AllN1ghtL0ng: is sitting out 
MauriFierro27: posts big blind $1
*** HOLE CARDS ***
JollyMac124: folds 
Rdalonso: folds 
beshece11harf: raises $2 to $3
AllN1ghtL0ng leaves the table
MauriFierro27: calls $2
*** FLOP *** [Ad 9s Jc]
beshece11harf: checks 
MauriFierro27: checks 
*** TURN *** [Ad 9s Jc] [2h]
beshece11harf: bets $1.43
MauriFierro27: calls $1.43
*** RIVER *** [Ad 9s Jc 2h] [3d]
beshece11harf: checks 
MauriFierro27: bets $11.79
beshece11harf: folds 
Uncalled bet ($11.79) returned to MauriFierro27
MauriFierro27 collected $8.42 from pot
MauriFierro27: doesn't show hand 
*** SUMMARY ***
Total pot $8.86 | Rake $0.44 
Board [Ad 9s Jc 2h 3d]
Seat 2: LuckyShikari
Seat 6: AllN1ghtL0ng
Seat 1: MauriFierro27 (big blind) collected ($8.42)
Seat 3: JollyMac124 folded before Flop (didn't bet)
Seat 4: Rdalonso (button) folded before Flop (didn't bet)
Seat 5: beshece11harf (small blind) folded on the River



PokerStars Hand #254218056897:  Hold'em No Limit ($0.50/$1.00 USD) - 2025/01/05 22:13:28 WET [2025/01/05 17:13:28 ET]
Table 'Mimosa III' 6-max Seat #5 is the button
Seat 2: LuckyShikari ($142.92 in chips) is sitting out
Seat 1: MauriFierro27 ($116.99 in chips) 
Seat 3: JollyMac124 ($111.90 in chips) 
Seat 4: Rdalonso ($149.57 in chips) 
Seat 5: beshece11harf ($100 in chips) 
MauriFierro27: posts small blind $0.50
JollyMac124: posts big blind $1
*** HOLE CARDS ***
Rdalonso: folds 
beshece11harf: folds 
MauriFierro27: raises $1.50 to $2.50
JollyMac124: raises $3.50 to $6
MauriFierro27: folds 
Uncalled bet ($3.50) returned to JollyMac124
JollyMac124 collected $5 from pot
*** SUMMARY ***
Total pot $5 | Rake $0 
Seat 2: LuckyShikari
Seat 1: MauriFierro27 (small blind) folded before Flop
Seat 3: JollyMac124 (big blind) collected ($5)
Seat 4: Rdalonso folded before Flop (didn't bet)
Seat 5: beshece11harf (button) folded before Flop (didn't bet)



PokerStars Hand #254218065153:  Hold'em No Limit ($0.50/$1.00 USD) - 2025/01/05 22:13:48 WET [2025/01/05 17:13:48 ET]
Table 'Mimosa III' 6-max Seat #1 is the button
Seat 2: LuckyShikari ($142.92 in chips) is sitting out
Seat 1: MauriFierro27 ($114.49 in chips) 
Seat 3: JollyMac124 ($114.40 in chips) 
Seat 4: Rdalonso ($149.57 in chips) 
Seat 5: beshece11harf ($100 in chips) 
JollyMac124: posts small blind $0.50
Rdalonso: posts big blind $1
*** HOLE CARDS ***
beshece11harf: raises $1 to $2
Christianzt1 joins the table at seat #6 
MauriFierro27: raises $5 to $7
JollyMac124: folds 
Rdalonso: folds 
beshece11harf: calls $5
*** FLOP *** [7d Qc 3s]
beshece11harf: checks 
MauriFierro27: bets $4.85
beshece11harf: raises $10.15 to $15
LuckyShikari leaves the table
MauriFierro27: folds 
Uncalled bet ($10.15) returned to beshece11harf
beshece11harf collected $24.20 from pot
beshece11harf: doesn't show hand 
*** SUMMARY ***
Total pot $25.20 | Rake $1 
Board [7d Qc 3s]
Seat 2: LuckyShikari
Seat 1: MauriFierro27 (button) folded on the Flop
Seat 3: JollyMac124 (small blind) folded before Flop
Seat 4: Rdalonso (big blind) folded before Flop
Seat 5: beshece11harf collected ($24.20)



PokerStars Hand #254218089583:  Hold'em No Limit ($0.50/$1.00 USD) - 2025/01/05 22:14:50 WET [2025/01/05 17:14:50 ET]
Table 'Mimosa III' 6-max Seat #3 is the button
Seat 6: Christianzt1 ($100 in chips) is sitting out
Seat 1: MauriFierro27 ($102.64 in chips) 
Seat 3: JollyMac124 ($113.90 in chips) 
Seat 4: Rdalonso ($148.57 in chips) 
Seat 5: beshece11harf ($112.35 in chips) 
Rdalonso: posts small blind $0.50
beshece11harf: posts big blind $1
Christianzt1: sits out 
*** HOLE CARDS ***
MauriFierro27: folds 
JollyMac124: raises $2 to $3
Rdalonso: folds 
beshece11harf: calls $2
*** FLOP *** [Js 4d 5d]
beshece11harf: checks 
JollyMac124: bets $4.09
beshece11harf: folds 
Uncalled bet ($4.09) returned to JollyMac124
JollyMac124 collected $6.18 from pot
*** SUMMARY ***
Total pot $6.50 | Rake $0.32 
Board [Js 4d 5d]
Seat 6: Christianzt1
Seat 1: MauriFierro27 folded before Flop (didn't bet)
Seat 3: JollyMac124 (button) collected ($6.18)
Seat 4: Rdalonso (small blind) folded before Flop
Seat 5: beshece11harf (big blind) folded on the Flop



PokerStars Hand #254218104536:  Hold'em No Limit ($0.50/$1.00 USD) - 2025/01/05 22:15:27 WET [2025/01/05 17:15:27 ET]
Table 'Mimosa III' 6-max Seat #4 is the button
Seat 1: MauriFierro27 ($102.64 in chips) 
Seat 3: JollyMac124 ($117.08 in chips) 
Seat 4: Rdalonso ($148.07 in chips) 
Seat 5: beshece11harf ($109.35 in chips) 
Seat 6: Christianzt1 ($100 in chips) 
beshece11harf: posts small blind $0.50
Christianzt1: posts big blind $1
*** HOLE CARDS ***
MauriFierro27: folds 
JollyMac124: folds 
Rdalonso: folds 
beshece11harf: folds 
Uncalled bet ($0.50) returned to Christianzt1
Christianzt1 collected $1 from pot
*** SUMMARY ***
Total pot $1 | Rake $0 
Seat 1: MauriFierro27 folded before Flop (didn't bet)
Seat 3: JollyMac124 folded before Flop (didn't bet)
Seat 4: Rdalonso (button) folded before Flop (didn't bet)
Seat 5: beshece11harf (small blind) folded before Flop
Seat 6: Christianzt1 (big blind) collected ($1)



PokerStars Hand #254218109178:  Hold'em No Limit ($0.50/$1.00 USD) - 2025/01/05 22:15:38 WET [2025/01/05 17:15:38 ET]
Table 'Mimosa III' 6-max Seat #5 is the button
Seat 1: MauriFierro27 ($102.64 in chips) 
Seat 3: JollyMac124 ($117.08 in chips) 
Seat 4: Rdalonso ($148.07 in chips) 
Seat 5: beshece11harf ($108.85 in chips) 
Seat 6: Christianzt1 ($100.50 in chips) 
Christianzt1: posts small blind $0.50
MauriFierro27: posts big blind $1
*** HOLE CARDS ***
JollyMac124: folds 
Rdalonso: folds 
beshece11harf: folds 
Christianzt1: folds 
Uncalled bet ($0.50) returned to MauriFierro27
MauriFierro27 collected $1 from pot
MauriFierro27: doesn't show hand 
JollyMac124 leaves the table
*** SUMMARY ***
Total pot $1 | Rake $0 
Seat 1: MauriFierro27 (big blind) collected ($1)
Seat 3: JollyMac124 folded before Flop (didn't bet)
Seat 4: Rdalonso folded before Flop (didn't bet)
Seat 5: beshece11harf (button) folded before Flop (didn't bet)
Seat 6: Christianzt1 (small blind) folded before Flop



PokerStars Hand #254218114452:  Hold'em No Limit ($0.50/$1.00 USD) - 2025/01/05 22:15:52 WET [2025/01/05 17:15:52 ET]
Table 'Mimosa III' 6-max Seat #6 is the button
Seat 1: MauriFierro27 ($103.14 in chips) 
Seat 4: Rdalonso ($148.07 in chips) 
Seat 5: beshece11harf ($108.85 in chips) 
Seat 6: Christianzt1 ($100 in chips) 
MauriFierro27: posts small blind $0.50
Rdalonso: posts big blind $1
*** HOLE CARDS ***
beshece11harf: raises $1 to $2
Christianzt1: folds 
MauriFierro27: folds 
Rdalonso: raises $8 to $10
beshece11harf: folds 
Uncalled bet ($8) returned to Rdalonso
Rdalonso collected $4.50 from pot
Rdalonso: doesn't show hand 
*** SUMMARY ***
Total pot $4.50 | Rake $0 
Seat 1: MauriFierro27 (small blind) folded before Flop
Seat 4: Rdalonso (big blind) collected ($4.50)
Seat 5: beshece11harf folded before Flop
Seat 6: Christianzt1 (button) folded before Flop (didn't bet)



PokerStars Hand #254218124531:  Hold'em No Limit ($0.50/$1.00 USD) - 2025/01/05 22:16:17 WET [2025/01/05 17:16:17 ET]
Table 'Mimosa III' 6-max Seat #1 is the button
Seat 1: MauriFierro27 ($102.64 in chips) 
Seat 4: Rdalonso ($150.57 in chips) 
Seat 5: beshece11harf ($106.85 in chips) 
Seat 6: Christianzt1 ($100 in chips) 
Rdalonso: posts small blind $0.50
beshece11harf: posts big blind $1
*** HOLE CARDS ***
Christianzt1: raises $1.40 to $2.40
MauriFierro27: folds 
Rdalonso: folds 
beshece11harf: folds 
Uncalled bet ($1.40) returned to Christianzt1
Christianzt1 collected $2.50 from pot
*** SUMMARY ***
Total pot $2.50 | Rake $0 
Seat 1: MauriFierro27 (button) folded before Flop (didn't bet)
Seat 4: Rdalonso (small blind) folded before Flop
Seat 5: beshece11harf (big blind) folded before Flop
Seat 6: Christianzt1 collected ($2.50)



PokerStars Hand #254218128544:  Hold'em No Limit ($0.50/$1.00 USD) - 2025/01/05 22:16:27 WET [2025/01/05 17:16:27 ET]
Table 'Mimosa III' 6-max Seat #4 is the button
Seat 1: MauriFierro27 ($102.64 in chips) 
Seat 4: Rdalonso ($150.07 in chips) 
Seat 5: beshece11harf ($105.85 in chips) 
Seat 6: Christianzt1 ($101.50 in chips) 
beshece11harf: posts small blind $0.50
Christianzt1: posts big blind $1
*** HOLE CARDS ***
MauriFierro27: folds 
Rdalonso: raises $1.50 to $2.50
beshece11harf: folds 
Christianzt1: folds 
Uncalled bet ($1.50) returned to Rdalonso
Rdalonso collected $2.50 from pot
Rdalonso: doesn't show hand 
*** SUMMARY ***
Total pot $2.50 | Rake $0 
Seat 1: MauriFierro27 folded before Flop (didn't bet)
Seat 4: Rdalonso (button) collected ($2.50)
Seat 5: beshece11harf (small blind) folded before Flop
Seat 6: Christianzt1 (big blind) folded before Flop



