PokerStars Hand #254211674587:  Hold'em No Limit ($0.50/$1.00 USD) - 2025/01/05 18:02:35 WET [2025/01/05 13:02:35 ET]
Table 'Conrada II' 6-max Seat #1 is the button
Seat 1: MauriFierro27 ($100 in chips) 
Seat 2: dtziomek88 ($78 in chips) 
Seat 3: Pippa83 ($100 in chips) 
Seat 4: poker_soul11 ($100 in chips) 
dtziomek88: posts small blind $0.50
Pippa83: posts big blind $1
*** HOLE CARDS ***
poker_soul11: raises $1.20 to $2.20
MauriFierro27: raises $4.80 to $7
dtziomek88: folds 
MaikonAll joins the table at seat #5 
Pippa83: raises $13.50 to $20.50
DL1B joins the table at seat #6 
poker_soul11: folds 
MauriFierro27: folds 
Uncalled bet ($13.50) returned to Pippa83
Pippa83 collected $16.70 from pot
Pippa83: doesn't show hand 
*** SUMMARY ***
Total pot $16.70 | Rake $0 
Seat 1: MauriFierro27 (button) folded before Flop
Seat 2: dtziomek88 (small blind) folded before Flop
Seat 3: Pippa83 (big blind) collected ($16.70)
Seat 4: poker_soul11 folded before Flop



PokerStars Hand #254211689042:  Hold'em No Limit ($0.50/$1.00 USD) - 2025/01/05 18:03:19 WET [2025/01/05 13:03:19 ET]
Table 'Conrada II' 6-max Seat #2 is the button
Seat 5: MaikonAll ($100 in chips) is sitting out
Seat 6: DL1B ($100 in chips) is sitting out
Seat 1: MauriFierro27 ($100 in chips) 
Seat 2: dtziomek88 ($77.50 in chips) 
Seat 3: Pippa83 ($109.70 in chips) 
Seat 4: poker_soul11 ($100 in chips) 
Pippa83: posts small blind $0.50
poker_soul11: posts big blind $1
MaikonAll: sits out 
DL1B: sits out 
*** HOLE CARDS ***
MauriFierro27: folds 
dtziomek88: folds 
Pippa83: raises $2 to $3
poker_soul11: folds 
Uncalled bet ($2) returned to Pippa83
Pippa83 collected $2 from pot
Pippa83: doesn't show hand 
*** SUMMARY ***
Total pot $2 | Rake $0 
Seat 5: MaikonAll
Seat 6: DL1B
Seat 1: MauriFierro27 folded before Flop (didn't bet)
Seat 2: dtziomek88 (button) folded before Flop (didn't bet)
Seat 3: Pippa83 (small blind) collected ($2)
Seat 4: poker_soul11 (big blind) folded before Flop



PokerStars Hand #254211696560:  Hold'em No Limit ($0.50/$1.00 USD) - 2025/01/05 18:03:37 WET [2025/01/05 13:03:37 ET]
Table 'Conrada II' 6-max Seat #3 is the button
Seat 6: DL1B ($100 in chips) is sitting out
Seat 1: MauriFierro27 ($100 in chips) 
Seat 2: dtziomek88 ($77.50 in chips) 
Seat 3: Pippa83 ($110.70 in chips) 
Seat 4: poker_soul11 ($100 in chips) 
Seat 5: MaikonAll ($100 in chips) 
poker_soul11: posts small blind $0.50
MaikonAll: posts big blind $1
DL1B: sits out 
*** HOLE CARDS ***
MauriFierro27: folds 
dtziomek88: folds 
Pippa83: raises $1.50 to $2.50
poker_soul11: raises $9.50 to $12
MaikonAll: folds 
Pippa83: raises $13.50 to $25.50
poker_soul11: raises $74.50 to $100 and is all-in
Pippa83: folds 
Uncalled bet ($74.50) returned to poker_soul11
poker_soul11 collected $52 from pot
poker_soul11: doesn't show hand 
*** SUMMARY ***
Total pot $52 | Rake $0 
Seat 6: DL1B
Seat 1: MauriFierro27 folded before Flop (didn't bet)
Seat 2: dtziomek88 folded before Flop (didn't bet)
Seat 3: Pippa83 (button) folded before Flop
Seat 4: poker_soul11 (small blind) collected ($52)
Seat 5: MaikonAll (big blind) folded before Flop



PokerStars Hand #254211713027:  Hold'em No Limit ($0.50/$1.00 USD) - 2025/01/05 18:04:24 WET [2025/01/05 13:04:24 ET]
Table 'Conrada II' 6-max Seat #4 is the button
Seat 1: MauriFierro27 ($100 in chips) 
Seat 2: dtziomek88 ($77.50 in chips) 
Seat 3: Pippa83 ($100 in chips) 
Seat 4: poker_soul11 ($126.50 in chips) 
Seat 5: MaikonAll ($100 in chips) 
Seat 6: DL1B ($100 in chips) 
MaikonAll: posts small blind $0.50
DL1B: posts big blind $1
*** HOLE CARDS ***
MauriFierro27: folds 
dtziomek88: folds 
Pippa83: folds 
poker_soul11: raises $1.20 to $2.20
MaikonAll: folds 
DL1B: folds 
Uncalled bet ($1.20) returned to poker_soul11
poker_soul11 collected $2.50 from pot
poker_soul11: doesn't show hand 
*** SUMMARY ***
Total pot $2.50 | Rake $0 
Seat 1: MauriFierro27 folded before Flop (didn't bet)
Seat 2: dtziomek88 folded before Flop (didn't bet)
Seat 3: Pippa83 folded before Flop (didn't bet)
Seat 4: poker_soul11 (button) collected ($2.50)
Seat 5: MaikonAll (small blind) folded before Flop
Seat 6: DL1B (big blind) folded before Flop



PokerStars Hand #254211718454:  Hold'em No Limit ($0.50/$1.00 USD) - 2025/01/05 18:04:39 WET [2025/01/05 13:04:39 ET]
Table 'Conrada II' 6-max Seat #5 is the button
Seat 1: MauriFierro27 ($100 in chips) 
Seat 2: dtziomek88 ($77.50 in chips) 
Seat 3: Pippa83 ($100 in chips) 
Seat 4: poker_soul11 ($128 in chips) 
Seat 5: MaikonAll ($100 in chips) 
Seat 6: DL1B ($100 in chips) 
DL1B: posts small blind $0.50
MauriFierro27: posts big blind $1
*** HOLE CARDS ***
dtziomek88: calls $1
Pippa83: folds 
poker_soul11: raises $3 to $4
MaikonAll: folds 
DL1B: folds 
MauriFierro27: folds 
dtziomek88: calls $3
*** FLOP *** [Th 8s 2d]
dtziomek88: checks 
poker_soul11: bets $6.77
dtziomek88: calls $6.77
*** TURN *** [Th 8s 2d] [Tc]
dtziomek88: checks 
poker_soul11: checks 
*** RIVER *** [Th 8s 2d Tc] [Kc]
dtziomek88: checks 
poker_soul11: bets $10.95
dtziomek88: folds 
Uncalled bet ($10.95) returned to poker_soul11
poker_soul11 collected $21.89 from pot
poker_soul11: doesn't show hand 
*** SUMMARY ***
Total pot $23.04 | Rake $1.15 
Board [Th 8s 2d Tc Kc]
Seat 1: MauriFierro27 (big blind) folded before Flop
Seat 2: dtziomek88 folded on the River
Seat 3: Pippa83 folded before Flop (didn't bet)
Seat 4: poker_soul11 collected ($21.89)
Seat 5: MaikonAll (button) folded before Flop (didn't bet)
Seat 6: DL1B (small blind) folded before Flop



PokerStars Hand #254211739189:  Hold'em No Limit ($0.50/$1.00 USD) - 2025/01/05 18:05:35 WET [2025/01/05 13:05:35 ET]
Table 'Conrada II' 6-max Seat #6 is the button
Seat 1: MauriFierro27 ($100 in chips) 
Seat 2: dtziomek88 ($66.73 in chips) 
Seat 3: Pippa83 ($100 in chips) 
Seat 4: poker_soul11 ($139.12 in chips) 
Seat 5: MaikonAll ($100 in chips) 
Seat 6: DL1B ($100 in chips) 
MauriFierro27: posts small blind $0.50
dtziomek88: posts big blind $1
*** HOLE CARDS ***
Pippa83: folds 
poker_soul11: folds 
MaikonAll: raises $1.30 to $2.30
DL1B: folds 
MauriFierro27: folds 
dtziomek88: raises $5.10 to $7.40
MaikonAll: calls $5.10
*** FLOP *** [Kd 9c Th]
dtziomek88: checks 
MaikonAll: checks 
*** TURN *** [Kd 9c Th] [Jc]
dtziomek88: checks 
MaikonAll: bets $3.63
dtziomek88: calls $3.63
*** RIVER *** [Kd 9c Th Jc] [Qs]
dtziomek88: bets $55.70 and is all-in
MaikonAll: calls $55.70
*** SHOW DOWN ***
dtziomek88: shows [Ac Qc] (a straight, Ten to Ace)
MaikonAll: shows [5s As] (a straight, Ten to Ace)
dtziomek88 collected $65.73 from pot
MaikonAll collected $65.73 from pot
*** SUMMARY ***
Total pot $133.96 | Rake $2.50 
Board [Kd 9c Th Jc Qs]
Seat 1: MauriFierro27 (small blind) folded before Flop
Seat 2: dtziomek88 (big blind) showed [Ac Qc] and won ($65.73) with a straight, Ten to Ace
Seat 3: Pippa83 folded before Flop (didn't bet)
Seat 4: poker_soul11 folded before Flop (didn't bet)
Seat 5: MaikonAll showed [5s As] and won ($65.73) with a straight, Ten to Ace
Seat 6: DL1B (button) folded before Flop (didn't bet)



PokerStars Hand #254211758235:  Hold'em No Limit ($0.50/$1.00 USD) - 2025/01/05 18:06:26 WET [2025/01/05 13:06:26 ET]
Table 'Conrada II' 6-max Seat #1 is the button
Seat 1: MauriFierro27 ($100 in chips) 
Seat 2: dtziomek88 ($65.73 in chips) 
Seat 3: Pippa83 ($100 in chips) 
Seat 4: poker_soul11 ($139.12 in chips) 
Seat 5: MaikonAll ($100 in chips) 
Seat 6: DL1B ($100 in chips) 
dtziomek88: posts small blind $0.50
Pippa83: posts big blind $1
*** HOLE CARDS ***
poker_soul11: folds 
MaikonAll: folds 
DL1B: raises $1.50 to $2.50
MauriFierro27: folds 
dtziomek88: raises $6 to $8.50
Pippa83: folds 
DL1B: calls $6
*** FLOP *** [Tc Ks 8h]
dtziomek88: checks 
DL1B: checks 
*** TURN *** [Tc Ks 8h] [As]
dtziomek88: checks 
DL1B: bets $13
dtziomek88: calls $13
*** RIVER *** [Tc Ks 8h As] [4h]
dtziomek88: checks 
DL1B: checks 
*** SHOW DOWN ***
dtziomek88: shows [9d Ad] (a pair of Aces)
DL1B: mucks hand 
dtziomek88 collected $41.80 from pot
*** SUMMARY ***
Total pot $44 | Rake $2.20 
Board [Tc Ks 8h As 4h]
Seat 1: MauriFierro27 (button) folded before Flop (didn't bet)
Seat 2: dtziomek88 (small blind) showed [9d Ad] and won ($41.80) with a pair of Aces
Seat 3: Pippa83 (big blind) folded before Flop
Seat 4: poker_soul11 folded before Flop (didn't bet)
Seat 5: MaikonAll folded before Flop (didn't bet)
Seat 6: DL1B mucked



PokerStars Hand #254211778028:  Hold'em No Limit ($0.50/$1.00 USD) - 2025/01/05 18:07:19 WET [2025/01/05 13:07:19 ET]
Table 'Conrada II' 6-max Seat #2 is the button
Seat 1: MauriFierro27 ($100 in chips) 
Seat 2: dtziomek88 ($86.03 in chips) 
Seat 3: Pippa83 ($100 in chips) 
Seat 4: poker_soul11 ($139.12 in chips) 
Seat 5: MaikonAll ($100 in chips) 
Seat 6: DL1B ($100 in chips) 
Pippa83: posts small blind $0.50
poker_soul11: posts big blind $1
*** HOLE CARDS ***
MaikonAll: folds 
DL1B: folds 
MauriFierro27: folds 
dtziomek88: raises $1 to $2
Pippa83: folds 
poker_soul11: calls $1
*** FLOP *** [9d 6h 6s]
poker_soul11: checks 
dtziomek88: bets $3
poker_soul11: calls $3
*** TURN *** [9d 6h 6s] [Ks]
poker_soul11: checks 
dtziomek88: bets $4.99
poker_soul11: raises $4.99 to $9.98
dtziomek88: calls $4.99
*** RIVER *** [9d 6h 6s Ks] [Tc]
poker_soul11: checks 
dtziomek88: checks 
*** SHOW DOWN ***
poker_soul11: shows [8c Td] (two pair, Tens and Sixes)
dtziomek88: mucks hand 
poker_soul11 collected $28.94 from pot
*** SUMMARY ***
Total pot $30.46 | Rake $1.52 
Board [9d 6h 6s Ks Tc]
Seat 1: MauriFierro27 folded before Flop (didn't bet)
Seat 2: dtziomek88 (button) mucked
Seat 3: Pippa83 (small blind) folded before Flop
Seat 4: poker_soul11 (big blind) showed [8c Td] and won ($28.94) with two pair, Tens and Sixes
Seat 5: MaikonAll folded before Flop (didn't bet)
Seat 6: DL1B folded before Flop (didn't bet)



PokerStars Hand #254211797382:  Hold'em No Limit ($0.50/$1.00 USD) - 2025/01/05 18:08:12 WET [2025/01/05 13:08:12 ET]
Table 'Conrada II' 6-max Seat #3 is the button
Seat 1: MauriFierro27 ($100 in chips) 
Seat 2: dtziomek88 ($71.05 in chips) 
Seat 3: Pippa83 ($100 in chips) 
Seat 4: poker_soul11 ($153.08 in chips) 
Seat 5: MaikonAll ($100 in chips) 
Seat 6: DL1B ($100 in chips) 
poker_soul11: posts small blind $0.50
MaikonAll: posts big blind $1
*** HOLE CARDS ***
DL1B: folds 
MauriFierro27: folds 
dtziomek88: folds 
Pippa83: folds 
poker_soul11: folds 
Uncalled bet ($0.50) returned to MaikonAll
MaikonAll collected $1 from pot
MaikonAll: doesn't show hand 
*** SUMMARY ***
Total pot $1 | Rake $0 
Seat 1: MauriFierro27 folded before Flop (didn't bet)
Seat 2: dtziomek88 folded before Flop (didn't bet)
Seat 3: Pippa83 (button) folded before Flop (didn't bet)
Seat 4: poker_soul11 (small blind) folded before Flop
Seat 5: MaikonAll (big blind) collected ($1)
Seat 6: DL1B folded before Flop (didn't bet)



PokerStars Hand #254211801933:  Hold'em No Limit ($0.50/$1.00 USD) - 2025/01/05 18:08:24 WET [2025/01/05 13:08:24 ET]
Table 'Conrada II' 6-max Seat #4 is the button
Seat 1: MauriFierro27 ($100 in chips) 
Seat 2: dtziomek88 ($71.05 in chips) 
Seat 3: Pippa83 ($100 in chips) 
Seat 4: poker_soul11 ($152.58 in chips) 
Seat 5: MaikonAll ($100.50 in chips) 
Seat 6: DL1B ($100 in chips) 
MaikonAll: posts small blind $0.50
DL1B: posts big blind $1
*** HOLE CARDS ***
MauriFierro27: folds 
dtziomek88: raises $1 to $2
Pippa83: folds 
poker_soul11: folds 
MaikonAll: folds 
DL1B: raises $9.75 to $11.75
dtziomek88: calls $9.75
*** FLOP *** [Jh Kd 6c]
DL1B: bets $7.52
dtziomek88: raises $18.92 to $26.44
DL1B: calls $18.92
*** TURN *** [Jh Kd 6c] [Td]
DL1B: checks 
dtziomek88: bets $32.86 and is all-in
DL1B: calls $32.86
*** RIVER *** [Jh Kd 6c Td] [6s]
*** SHOW DOWN ***
DL1B: shows [Ah Kh] (two pair, Kings and Sixes)
dtziomek88: shows [Js Ks] (two pair, Kings and Jacks)
dtziomek88 collected $140.10 from pot
*** SUMMARY ***
Total pot $142.60 | Rake $2.50 
Board [Jh Kd 6c Td 6s]
Seat 1: MauriFierro27 folded before Flop (didn't bet)
Seat 2: dtziomek88 showed [Js Ks] and won ($140.10) with two pair, Kings and Jacks
Seat 3: Pippa83 folded before Flop (didn't bet)
Seat 4: poker_soul11 (button) folded before Flop (didn't bet)
Seat 5: MaikonAll (small blind) folded before Flop
Seat 6: DL1B (big blind) showed [Ah Kh] and lost with two pair, Kings and Sixes



PokerStars Hand #254211821713:  Hold'em No Limit ($0.50/$1.00 USD) - 2025/01/05 18:09:18 WET [2025/01/05 13:09:18 ET]
Table 'Conrada II' 6-max Seat #5 is the button
Seat 1: MauriFierro27 ($100 in chips) 
Seat 2: dtziomek88 ($140.10 in chips) 
Seat 3: Pippa83 ($100 in chips) 
Seat 4: poker_soul11 ($152.58 in chips) 
Seat 5: MaikonAll ($100 in chips) 
Seat 6: DL1B ($100 in chips) 
DL1B: posts small blind $0.50
MauriFierro27: posts big blind $1
*** HOLE CARDS ***
dtziomek88: folds 
dtziomek88 leaves the table
Pippa83: folds 
poker_soul11: raises $1.20 to $2.20
MaikonAll: folds 
DL1B: folds 
be-a-witnezz joins the table at seat #2 
MauriFierro27: folds 
Uncalled bet ($1.20) returned to poker_soul11
be-a-witnezz leaves the table
poker_soul11 collected $2.50 from pot
poker_soul11: doesn't show hand 
*** SUMMARY ***
Total pot $2.50 | Rake $0 
Seat 1: MauriFierro27 (big blind) folded before Flop
Seat 2: dtziomek88 folded before Flop (didn't bet)
Seat 3: Pippa83 folded before Flop (didn't bet)
Seat 4: poker_soul11 collected ($2.50)
Seat 5: MaikonAll (button) folded before Flop (didn't bet)
Seat 6: DL1B (small blind) folded before Flop



PokerStars Hand #254211836291:  Hold'em No Limit ($0.50/$1.00 USD) - 2025/01/05 18:09:57 WET [2025/01/05 13:09:57 ET]
Table 'Conrada II' 6-max Seat #6 is the button
Seat 1: MauriFierro27 ($100 in chips) 
Seat 3: Pippa83 ($100 in chips) 
Seat 4: poker_soul11 ($154.08 in chips) 
Seat 5: MaikonAll ($100 in chips) 
Seat 6: DL1B ($100 in chips) 
MauriFierro27: posts small blind $0.50
Pippa83: posts big blind $1
*** HOLE CARDS ***
poker_soul11: folds 
MaikonAll: folds 
DL1B: folds 
MauriFierro27: raises $1.50 to $2.50
Pippa83: folds 
Uncalled bet ($1.50) returned to MauriFierro27
MauriFierro27 collected $2 from pot
MauriFierro27: doesn't show hand 
*** SUMMARY ***
Total pot $2 | Rake $0 
Seat 1: MauriFierro27 (small blind) collected ($2)
Seat 3: Pippa83 (big blind) folded before Flop
Seat 4: poker_soul11 folded before Flop (didn't bet)
Seat 5: MaikonAll folded before Flop (didn't bet)
Seat 6: DL1B (button) folded before Flop (didn't bet)



PokerStars Hand #254211842073:  Hold'em No Limit ($0.50/$1.00 USD) - 2025/01/05 18:10:13 WET [2025/01/05 13:10:13 ET]
Table 'Conrada II' 6-max Seat #1 is the button
Seat 1: MauriFierro27 ($101 in chips) 
Seat 3: Pippa83 ($100 in chips) 
Seat 4: poker_soul11 ($154.08 in chips) 
Seat 5: MaikonAll ($100 in chips) 
Seat 6: DL1B ($100 in chips) 
Pippa83: posts small blind $0.50
poker_soul11: posts big blind $1
*** HOLE CARDS ***
MaikonAll: folds 
DL1B: folds 
MauriFierro27: raises $1.20 to $2.20
Pippa83: folds 
poker_soul11: folds 
Uncalled bet ($1.20) returned to MauriFierro27
MauriFierro27 collected $2.50 from pot
MauriFierro27: doesn't show hand 
*** SUMMARY ***
Total pot $2.50 | Rake $0 
Seat 1: MauriFierro27 (button) collected ($2.50)
Seat 3: Pippa83 (small blind) folded before Flop
Seat 4: poker_soul11 (big blind) folded before Flop
Seat 5: MaikonAll folded before Flop (didn't bet)
Seat 6: DL1B folded before Flop (didn't bet)



PokerStars Hand #254211848747:  Hold'em No Limit ($0.50/$1.00 USD) - 2025/01/05 18:10:31 WET [2025/01/05 13:10:31 ET]
Table 'Conrada II' 6-max Seat #3 is the button
Seat 5: MaikonAll ($100 in chips) is sitting out
Seat 1: MauriFierro27 ($102.50 in chips) 
Seat 3: Pippa83 ($100 in chips) 
Seat 4: poker_soul11 ($153.08 in chips) 
Seat 6: DL1B ($100 in chips) 
poker_soul11: posts small blind $0.50
MaikonAll: is sitting out 
DL1B: posts big blind $1
*** HOLE CARDS ***
MaikonAll leaves the table
MauriFierro27: folds 
Pippa83: folds 
poker_soul11: raises $2 to $3
Pippa83 leaves the table
DL1B: raises $6.25 to $9.25
poker_soul11: raises $13.75 to $23
DL1B: folds 
Uncalled bet ($13.75) returned to poker_soul11
poker_soul11 collected $18.50 from pot
poker_soul11: doesn't show hand 
*** SUMMARY ***
Total pot $18.50 | Rake $0 
Seat 5: MaikonAll
Seat 1: MauriFierro27 folded before Flop (didn't bet)
Seat 3: Pippa83 (button) folded before Flop (didn't bet)
Seat 4: poker_soul11 (small blind) collected ($18.50)
Seat 6: DL1B (big blind) folded before Flop



PokerStars Hand #254211864202:  Hold'em No Limit ($0.50/$1.00 USD) - 2025/01/05 18:11:13 WET [2025/01/05 13:11:13 ET]
Table 'Conrada II' 6-max Seat #6 is the button
Seat 1: MauriFierro27 ($102.50 in chips) is sitting out
Seat 4: poker_soul11 ($162.33 in chips) 
Seat 6: DL1B ($100 in chips) 
DL1B: posts small blind $0.50
MauriFierro27: is sitting out 
poker_soul11: posts big blind $1
*** HOLE CARDS ***
MauriFierro27 leaves the table
DL1B: folds 
Uncalled bet ($0.50) returned to poker_soul11
poker_soul11 collected $1 from pot
poker_soul11: doesn't show hand 
*** SUMMARY ***
Total pot $1 | Rake $0 
Seat 1: MauriFierro27
Seat 4: poker_soul11 (big blind) collected ($1)
Seat 6: DL1B (button) (small blind) folded before Flop



PokerStars Hand #254212238295:  Hold'em No Limit ($0.50/$1.00 USD) - 2025/01/05 18:27:55 WET [2025/01/05 13:27:55 ET]
Table 'Conrada II' 6-max Seat #3 is the button
Seat 1: Manifestorr ($100 in chips) is sitting out
Seat 3: Supermegopro ($100 in chips) 
Seat 5: poker_soul11 ($162.83 in chips) 
Supermegopro: posts small blind $0.50
poker_soul11: posts big blind $1
*** HOLE CARDS ***
Supermegopro: raises $1.50 to $2.50
poker_soul11: folds 
Uncalled bet ($1.50) returned to Supermegopro
Supermegopro collected $2 from pot
Supermegopro: doesn't show hand 
*** SUMMARY ***
Total pot $2 | Rake $0 
Seat 1: Manifestorr
Seat 3: Supermegopro (button) (small blind) collected ($2)
Seat 5: poker_soul11 (big blind) folded before Flop



PokerStars Hand #254212241065:  Hold'em No Limit ($0.50/$1.00 USD) - 2025/01/05 18:28:02 WET [2025/01/05 13:28:02 ET]
Table 'Conrada II' 6-max Seat #3 is the button
Seat 1: Manifestorr ($100 in chips) 
Seat 3: Supermegopro ($101 in chips) 
Seat 5: poker_soul11 ($161.83 in chips) 
poker_soul11: posts small blind $0.50
Manifestorr: posts big blind $1
*** HOLE CARDS ***
Supermegopro: folds 
poker_soul11: raises $2 to $3
Manifestorr: calls $2
*** FLOP *** [8h 5s Ks]
poker_soul11: bets $1.88
Xristosvel1 joins the table at seat #6 
Xristosvel1 is disconnected 
Pippa83 joins the table at seat #2 
Manifestorr: calls $1.88
*** TURN *** [8h 5s Ks] [Kd]
poker_soul11: checks 
Manifestorr: checks 
*** RIVER *** [8h 5s Ks Kd] [As]
Pippa83 leaves the table
poker_soul11: bets $11.59
sskripka joins the table at seat #2 
Manifestorr: folds 
Uncalled bet ($11.59) returned to poker_soul11
poker_soul11 collected $9.27 from pot
poker_soul11: doesn't show hand 
*** SUMMARY ***
Total pot $9.76 | Rake $0.49 
Board [8h 5s Ks Kd As]
Seat 1: Manifestorr (big blind) folded on the River
Seat 3: Supermegopro (button) folded before Flop (didn't bet)
Seat 5: poker_soul11 (small blind) collected ($9.27)



PokerStars Hand #254212271348:  Hold'em No Limit ($0.50/$1.00 USD) - 2025/01/05 18:29:24 WET [2025/01/05 13:29:24 ET]
Table 'Conrada II' 6-max Seat #5 is the button
Seat 6: Xristosvel1 ($56.58 in chips) is sitting out
Seat 1: Manifestorr ($100 in chips) 
Seat 2: sskripka ($100 in chips) 
Seat 3: Supermegopro ($101 in chips) 
Seat 5: poker_soul11 ($166.22 in chips) 
Manifestorr: posts small blind $0.50
sskripka: posts big blind $1
*** HOLE CARDS ***
Supermegopro: raises $1.50 to $2.50
poker_soul11: folds 
b2k-Snick joins the table at seat #4 
Manifestorr: raises $8.50 to $11
sskripka: folds 
Supermegopro: calls $8.50
*** FLOP *** [Qc 9c Th]
Manifestorr: bets $11
Supermegopro: folds 
Uncalled bet ($11) returned to Manifestorr
Manifestorr collected $22 from pot
*** SUMMARY ***
Total pot $23 | Rake $1 
Board [Qc 9c Th]
Seat 6: Xristosvel1
Seat 1: Manifestorr (small blind) collected ($22)
Seat 2: sskripka (big blind) folded before Flop
Seat 3: Supermegopro folded on the Flop
Seat 5: poker_soul11 (button) folded before Flop (didn't bet)



PokerStars Hand #254212285866:  Hold'em No Limit ($0.50/$1.00 USD) - 2025/01/05 18:30:00 WET [2025/01/05 13:30:00 ET]
Table 'Conrada II' 6-max Seat #1 is the button
Seat 4: b2k-Snick ($100 in chips) is sitting out
Seat 1: Manifestorr ($111 in chips) 
Seat 2: sskripka ($100 in chips) 
Seat 3: Supermegopro ($100 in chips) 
Seat 5: poker_soul11 ($166.22 in chips) 
Seat 6: Xristosvel1 ($56.58 in chips) 
sskripka: posts small blind $0.50
Supermegopro: posts big blind $1
b2k-Snick: sits out 
Xristosvel1: posts big blind $1
*** HOLE CARDS ***
poker_soul11: folds 
Xristosvel1: checks 
Manifestorr: raises $3 to $4
sskripka: folds 
Supermegopro: folds 
Xristosvel1: folds 
Uncalled bet ($3) returned to Manifestorr
Manifestorr collected $3.50 from pot
*** SUMMARY ***
Total pot $3.50 | Rake $0 
Seat 4: b2k-Snick
Seat 1: Manifestorr (button) collected ($3.50)
Seat 2: sskripka (small blind) folded before Flop
Seat 3: Supermegopro (big blind) folded before Flop
Seat 5: poker_soul11 folded before Flop (didn't bet)
Seat 6: Xristosvel1 folded before Flop (didn't bet)



PokerStars Hand #254212293212:  Hold'em No Limit ($0.50/$1.00 USD) - 2025/01/05 18:30:20 WET [2025/01/05 13:30:20 ET]
Table 'Conrada II' 6-max Seat #2 is the button
Seat 1: Manifestorr ($113.50 in chips) 
Seat 2: sskripka ($100 in chips) 
Seat 3: Supermegopro ($100 in chips) 
Seat 4: b2k-Snick ($100 in chips) 
Seat 5: poker_soul11 ($166.22 in chips) 
Seat 6: Xristosvel1 ($55.58 in chips) 
Supermegopro: posts small blind $0.50
b2k-Snick: posts big blind $1
*** HOLE CARDS ***
poker_soul11: folds 
Xristosvel1: calls $1
Manifestorr: folds 
sskripka: raises $3 to $4
Supermegopro: folds 
b2k-Snick: folds 
Xristosvel1: calls $3
*** FLOP *** [Ks 2c 6s]
Xristosvel1: checks 
sskripka: bets $4.96
Xristosvel1: folds 
Uncalled bet ($4.96) returned to sskripka
sskripka collected $9.02 from pot
sskripka: doesn't show hand 
*** SUMMARY ***
Total pot $9.50 | Rake $0.48 
Board [Ks 2c 6s]
Seat 1: Manifestorr folded before Flop (didn't bet)
Seat 2: sskripka (button) collected ($9.02)
Seat 3: Supermegopro (small blind) folded before Flop
Seat 4: b2k-Snick (big blind) folded before Flop
Seat 5: poker_soul11 folded before Flop (didn't bet)
Seat 6: Xristosvel1 folded on the Flop



PokerStars Hand #254212303292:  Hold'em No Limit ($0.50/$1.00 USD) - 2025/01/05 18:30:46 WET [2025/01/05 13:30:46 ET]
Table 'Conrada II' 6-max Seat #3 is the button
Seat 1: Manifestorr ($113.50 in chips) 
Seat 2: sskripka ($105.02 in chips) 
Seat 3: Supermegopro ($100 in chips) 
Seat 4: b2k-Snick ($100 in chips) 
Seat 5: poker_soul11 ($166.22 in chips) 
Seat 6: Xristosvel1 ($51.58 in chips) 
b2k-Snick: posts small blind $0.50
poker_soul11: posts big blind $1
*** HOLE CARDS ***
Xristosvel1: folds 
Manifestorr: folds 
sskripka: folds 
Supermegopro: folds 
b2k-Snick: folds 
Uncalled bet ($0.50) returned to poker_soul11
poker_soul11 collected $1 from pot
poker_soul11: doesn't show hand 
*** SUMMARY ***
Total pot $1 | Rake $0 
Seat 1: Manifestorr folded before Flop (didn't bet)
Seat 2: sskripka folded before Flop (didn't bet)
Seat 3: Supermegopro (button) folded before Flop (didn't bet)
Seat 4: b2k-Snick (small blind) folded before Flop
Seat 5: poker_soul11 (big blind) collected ($1)
Seat 6: Xristosvel1 folded before Flop (didn't bet)



PokerStars Hand #254212312124:  Hold'em No Limit ($0.50/$1.00 USD) - 2025/01/05 18:31:08 WET [2025/01/05 13:31:08 ET]
Table 'Conrada II' 6-max Seat #4 is the button
Seat 1: Manifestorr ($113.50 in chips) 
Seat 2: sskripka ($105.02 in chips) 
Seat 3: Supermegopro ($100 in chips) 
Seat 4: b2k-Snick ($100 in chips) 
Seat 5: poker_soul11 ($166.72 in chips) 
Seat 6: Xristosvel1 ($51.58 in chips) 
poker_soul11: posts small blind $0.50
Xristosvel1: posts big blind $1
*** HOLE CARDS ***
Manifestorr: raises $1.20 to $2.20
sskripka: folds 
Supermegopro: folds 
b2k-Snick: folds 
poker_soul11: raises $8.30 to $10.50
Xristosvel1: folds 
Manifestorr: calls $8.30
*** FLOP *** [Ks 7c 7d]
poker_soul11: bets $5.23
Manifestorr: folds 
Uncalled bet ($5.23) returned to poker_soul11
poker_soul11 collected $20.90 from pot
poker_soul11: doesn't show hand 
*** SUMMARY ***
Total pot $22 | Rake $1.10 
Board [Ks 7c 7d]
Seat 1: Manifestorr folded on the Flop
Seat 2: sskripka folded before Flop (didn't bet)
Seat 3: Supermegopro folded before Flop (didn't bet)
Seat 4: b2k-Snick (button) folded before Flop (didn't bet)
Seat 5: poker_soul11 (small blind) collected ($20.90)
Seat 6: Xristosvel1 (big blind) folded before Flop



PokerStars Hand #254212325295:  Hold'em No Limit ($0.50/$1.00 USD) - 2025/01/05 18:31:43 WET [2025/01/05 13:31:43 ET]
Table 'Conrada II' 6-max Seat #5 is the button
Seat 1: Manifestorr ($103 in chips) is sitting out
Seat 2: sskripka ($105.02 in chips) is sitting out
Seat 3: Supermegopro ($100 in chips) 
Seat 4: b2k-Snick ($100 in chips) 
Seat 5: poker_soul11 ($177.12 in chips) 
Seat 6: Xristosvel1 ($50.58 in chips) 
Xristosvel1: posts small blind $0.50
Manifestorr: is sitting out 
sskripka: is sitting out 
Supermegopro: posts big blind $1
*** HOLE CARDS ***
b2k-Snick: folds 
Manifestorr leaves the table
poker_soul11: raises $1.20 to $2.20
Xristosvel1: folds 
Supermegopro: folds 
Uncalled bet ($1.20) returned to poker_soul11
poker_soul11 collected $2.50 from pot
poker_soul11: doesn't show hand 
sskripka leaves the table
*** SUMMARY ***
Total pot $2.50 | Rake $0 
Seat 1: Manifestorr
Seat 2: sskripka
Seat 3: Supermegopro (big blind) folded before Flop
Seat 4: b2k-Snick folded before Flop (didn't bet)
Seat 5: poker_soul11 (button) collected ($2.50)
Seat 6: Xristosvel1 (small blind) folded before Flop



PokerStars Hand #254212329777:  Hold'em No Limit ($0.50/$1.00 USD) - 2025/01/05 18:31:54 WET [2025/01/05 13:31:54 ET]
Table 'Conrada II' 6-max Seat #6 is the button
Seat 3: Supermegopro ($100 in chips) 
Seat 4: b2k-Snick ($100 in chips) 
Seat 5: poker_soul11 ($178.62 in chips) 
Seat 6: Xristosvel1 ($50.08 in chips) 
Supermegopro: posts small blind $0.50
b2k-Snick: posts big blind $1
*** HOLE CARDS ***
poker_soul11: folds 
Xristosvel1: folds 
Supermegopro: raises $2 to $3
b2k-Snick: folds 
Uncalled bet ($2) returned to Supermegopro
Dai5dop joins the table at seat #1 
Supermegopro collected $2 from pot
Supermegopro: doesn't show hand 
*** SUMMARY ***
Total pot $2 | Rake $0 
Seat 3: Supermegopro (small blind) collected ($2)
Seat 4: b2k-Snick (big blind) folded before Flop
Seat 5: poker_soul11 folded before Flop (didn't bet)
Seat 6: Xristosvel1 (button) folded before Flop (didn't bet)



PokerStars Hand #254212334596:  Hold'em No Limit ($0.50/$1.00 USD) - 2025/01/05 18:32:06 WET [2025/01/05 13:32:06 ET]
Table 'Conrada II' 6-max Seat #3 is the button
Seat 1: Dai5dop ($100 in chips) is sitting out
Seat 5: poker_soul11 ($178.62 in chips) is sitting out
Seat 3: Supermegopro ($101 in chips) 
Seat 4: b2k-Snick ($100 in chips) 
Seat 6: Xristosvel1 ($50.08 in chips) 
b2k-Snick: posts small blind $0.50
Xristosvel1: posts big blind $1
Dai5dop: sits out 
*** HOLE CARDS ***
Supermegopro: raises $1.50 to $2.50
b2k-Snick: folds 
Xristosvel1: folds 
Uncalled bet ($1.50) returned to Supermegopro
Supermegopro collected $2.50 from pot
Supermegopro: doesn't show hand 
Bad_Heli joins the table at seat #2 
*** SUMMARY ***
Total pot $2.50 | Rake $0 
Seat 1: Dai5dop
Seat 5: poker_soul11
Seat 3: Supermegopro (button) collected ($2.50)
Seat 4: b2k-Snick (small blind) folded before Flop
Seat 6: Xristosvel1 (big blind) folded before Flop



PokerStars Hand #254212339620:  Hold'em No Limit ($0.50/$1.00 USD) - 2025/01/05 18:32:19 WET [2025/01/05 13:32:19 ET]
Table 'Conrada II' 6-max Seat #4 is the button
Seat 2: Bad_Heli ($40 in chips) is sitting out
Seat 5: poker_soul11 ($178.62 in chips) is sitting out
Seat 1: Dai5dop ($100 in chips) 
Seat 3: Supermegopro ($102.50 in chips) 
Seat 4: b2k-Snick ($100 in chips) 
Seat 6: Xristosvel1 ($49.08 in chips) 
Xristosvel1: posts small blind $0.50
Dai5dop: posts big blind $1
Bad_Heli: sits out 
*** HOLE CARDS ***
Supermegopro: raises $1.50 to $2.50
b2k-Snick: folds 
Xristosvel1: folds 
Dai5dop: folds 
Uncalled bet ($1.50) returned to Supermegopro
Supermegopro collected $2.50 from pot
Supermegopro: doesn't show hand 
*** SUMMARY ***
Total pot $2.50 | Rake $0 
Seat 2: Bad_Heli
Seat 5: poker_soul11
Seat 1: Dai5dop (big blind) folded before Flop
Seat 3: Supermegopro collected ($2.50)
Seat 4: b2k-Snick (button) folded before Flop (didn't bet)
Seat 6: Xristosvel1 (small blind) folded before Flop



PokerStars Hand #254212347100:  Hold'em No Limit ($0.50/$1.00 USD) - 2025/01/05 18:32:38 WET [2025/01/05 13:32:38 ET]
Table 'Conrada II' 6-max Seat #6 is the button
Seat 1: Dai5dop ($100 in chips) 
Seat 2: Bad_Heli ($40 in chips) 
Seat 3: Supermegopro ($104 in chips) 
Seat 4: b2k-Snick ($100 in chips) 
Seat 5: poker_soul11 ($178.62 in chips) 
Seat 6: Xristosvel1 ($48.58 in chips) 
Dai5dop: posts small blind $0.50
Bad_Heli: posts big blind $1
poker_soul11: posts small & big blinds $1.50
*** HOLE CARDS ***
Supermegopro: folds 
b2k-Snick: folds 
poker_soul11: raises $1.20 to $2.20
Xristosvel1: raises $5.80 to $8
Dai5dop: folds 
Bad_Heli: folds 
poker_soul11: raises $170.12 to $178.12 and is all-in
Xristosvel1: calls $40.58 and is all-in
Uncalled bet ($129.54) returned to poker_soul11
*** FLOP *** [Jc Jh 9c]
*** TURN *** [Jc Jh 9c] [Ac]
*** RIVER *** [Jc Jh 9c Ac] [5h]
*** SHOW DOWN ***
poker_soul11: shows [9s 9d] (a full house, Nines full of Jacks)
Xristosvel1: shows [Ad Td] (two pair, Aces and Jacks)
poker_soul11 collected $96.66 from pot
*** SUMMARY ***
Total pot $99.16 | Rake $2.50 
Board [Jc Jh 9c Ac 5h]
Seat 1: Dai5dop (small blind) folded before Flop
Seat 2: Bad_Heli (big blind) folded before Flop
Seat 3: Supermegopro folded before Flop (didn't bet)
Seat 4: b2k-Snick folded before Flop (didn't bet)
Seat 5: poker_soul11 showed [9s 9d] and won ($96.66) with a full house, Nines full of Jacks
Seat 6: Xristosvel1 (button) showed [Ad Td] and lost with two pair, Aces and Jacks



PokerStars Hand #254212365151:  Hold'em No Limit ($0.50/$1.00 USD) - 2025/01/05 18:33:24 WET [2025/01/05 13:33:24 ET]
Table 'Conrada II' 6-max Seat #1 is the button
Seat 6: Xristosvel1 ($0 in chips) is sitting out
Seat 1: Dai5dop ($100 in chips) 
Seat 2: Bad_Heli ($39 in chips) 
Seat 3: Supermegopro ($104 in chips) 
Seat 4: b2k-Snick ($100 in chips) 
Seat 5: poker_soul11 ($226.20 in chips) 
Bad_Heli: posts small blind $0.50
Supermegopro: posts big blind $1
*** HOLE CARDS ***
Xristosvel1 leaves the table
b2k-Snick: folds 
poker_soul11: raises $1.20 to $2.20
Dai5dop: raises $4.40 to $6.60
Bad_Heli: folds 
Supermegopro: folds 
poker_soul11: calls $4.40
*** FLOP *** [8c 7d 9s]
poker_soul11: checks 
Dai5dop: bets $6.98
poker_soul11: raises $6.98 to $13.96
Dai5dop: calls $6.98
*** TURN *** [8c 7d 9s] [5c]
poker_soul11: bets $30.37
Dai5dop: folds 
Uncalled bet ($30.37) returned to poker_soul11
poker_soul11 collected $40.49 from pot
poker_soul11: doesn't show hand 
*** SUMMARY ***
Total pot $42.62 | Rake $2.13 
Board [8c 7d 9s 5c]
Seat 6: Xristosvel1
Seat 1: Dai5dop (button) folded on the Turn
Seat 2: Bad_Heli (small blind) folded before Flop
Seat 3: Supermegopro (big blind) folded before Flop
Seat 4: b2k-Snick folded before Flop (didn't bet)
Seat 5: poker_soul11 collected ($40.49)



PokerStars Hand #254212391070:  Hold'em No Limit ($0.50/$1.00 USD) - 2025/01/05 18:34:31 WET [2025/01/05 13:34:31 ET]
Table 'Conrada II' 6-max Seat #2 is the button
Seat 1: Dai5dop ($100 in chips) 
Seat 2: Bad_Heli ($38.50 in chips) 
Seat 3: Supermegopro ($103 in chips) 
Seat 4: b2k-Snick ($100 in chips) 
Seat 5: poker_soul11 ($246.13 in chips) 
Supermegopro: posts small blind $0.50
b2k-Snick: posts big blind $1
*** HOLE CARDS ***
poker_soul11: folds 
Dai5dop: raises $1.50 to $2.50
Bad_Heli: calls $2.50
Supermegopro: calls $2
b2k-Snick: folds 
*** FLOP *** [Jc Ac 7c]
Supermegopro: checks 
Dai5dop: checks 
Bad_Heli: checks 
*** TURN *** [Jc Ac 7c] [3s]
Supermegopro: checks 
Dai5dop: bets $6.06
Bad_Heli: folds 
Supermegopro: folds 
Uncalled bet ($6.06) returned to Dai5dop
Dai5dop collected $8.08 from pot
Dai5dop: doesn't show hand 
*** SUMMARY ***
Total pot $8.50 | Rake $0.42 
Board [Jc Ac 7c 3s]
Seat 1: Dai5dop collected ($8.08)
Seat 2: Bad_Heli (button) folded on the Turn
Seat 3: Supermegopro (small blind) folded on the Turn
Seat 4: b2k-Snick (big blind) folded before Flop
Seat 5: poker_soul11 folded before Flop (didn't bet)



PokerStars Hand #254212407345:  Hold'em No Limit ($0.50/$1.00 USD) - 2025/01/05 18:35:13 WET [2025/01/05 13:35:13 ET]
Table 'Conrada II' 6-max Seat #3 is the button
Seat 1: Dai5dop ($105.58 in chips) 
Seat 2: Bad_Heli ($36 in chips) 
Seat 3: Supermegopro ($100.50 in chips) 
Seat 4: b2k-Snick ($100 in chips) 
Seat 5: poker_soul11 ($246.13 in chips) 
b2k-Snick: posts small blind $0.50
poker_soul11: posts big blind $1
*** HOLE CARDS ***
Dai5dop: folds 
Bad_Heli: raises $2 to $3
Supermegopro: folds 
b2k-Snick: folds 
poker_soul11: folds 
Uncalled bet ($2) returned to Bad_Heli
Bad_Heli collected $2.50 from pot
Bad_Heli: doesn't show hand 
*** SUMMARY ***
Total pot $2.50 | Rake $0 
Seat 1: Dai5dop folded before Flop (didn't bet)
Seat 2: Bad_Heli collected ($2.50)
Seat 3: Supermegopro (button) folded before Flop (didn't bet)
Seat 4: b2k-Snick (small blind) folded before Flop
Seat 5: poker_soul11 (big blind) folded before Flop



PokerStars Hand #254212414133:  Hold'em No Limit ($0.50/$1.00 USD) - 2025/01/05 18:35:29 WET [2025/01/05 13:35:29 ET]
Table 'Conrada II' 6-max Seat #4 is the button
Seat 1: Dai5dop ($105.58 in chips) 
Seat 2: Bad_Heli ($37.50 in chips) 
Seat 3: Supermegopro ($100.50 in chips) 
Seat 4: b2k-Snick ($100 in chips) 
Seat 5: poker_soul11 ($245.13 in chips) 
poker_soul11: posts small blind $0.50
Dai5dop: posts big blind $1
*** HOLE CARDS ***
Bad_Heli: raises $2 to $3
Supermegopro: folds 
b2k-Snick: folds 
poker_soul11: folds 
Dai5dop: folds 
Uncalled bet ($2) returned to Bad_Heli
Bad_Heli collected $2.50 from pot
Bad_Heli: doesn't show hand 
*** SUMMARY ***
Total pot $2.50 | Rake $0 
Seat 1: Dai5dop (big blind) folded before Flop
Seat 2: Bad_Heli collected ($2.50)
Seat 3: Supermegopro folded before Flop (didn't bet)
Seat 4: b2k-Snick (button) folded before Flop (didn't bet)
Seat 5: poker_soul11 (small blind) folded before Flop



PokerStars Hand #254212420409:  Hold'em No Limit ($0.50/$1.00 USD) - 2025/01/05 18:35:46 WET [2025/01/05 13:35:46 ET]
Table 'Conrada II' 6-max Seat #5 is the button
Seat 1: Dai5dop ($104.58 in chips) 
Seat 2: Bad_Heli ($39 in chips) 
Seat 3: Supermegopro ($100.50 in chips) 
Seat 4: b2k-Snick ($100 in chips) 
Seat 5: poker_soul11 ($244.63 in chips) 
Dai5dop: posts small blind $0.50
Bad_Heli: posts big blind $1
*** HOLE CARDS ***
Supermegopro: folds 
b2k-Snick: folds 
poker_soul11: folds 
Dai5dop: folds 
Uncalled bet ($0.50) returned to Bad_Heli
Bad_Heli collected $1 from pot
Bad_Heli: doesn't show hand 
*** SUMMARY ***
Total pot $1 | Rake $0 
Seat 1: Dai5dop (small blind) folded before Flop
Seat 2: Bad_Heli (big blind) collected ($1)
Seat 3: Supermegopro folded before Flop (didn't bet)
Seat 4: b2k-Snick folded before Flop (didn't bet)
Seat 5: poker_soul11 (button) folded before Flop (didn't bet)



PokerStars Hand #254212426403:  Hold'em No Limit ($0.50/$1.00 USD) - 2025/01/05 18:36:01 WET [2025/01/05 13:36:01 ET]
Table 'Conrada II' 6-max Seat #1 is the button
Seat 1: Dai5dop ($104.08 in chips) 
Seat 2: Bad_Heli ($39.50 in chips) 
Seat 3: Supermegopro ($100.50 in chips) 
Seat 4: b2k-Snick ($100 in chips) 
Seat 5: poker_soul11 ($244.63 in chips) 
Bad_Heli: posts small blind $0.50
Supermegopro: posts big blind $1
*** HOLE CARDS ***
b2k-Snick: folds 
poker_soul11: raises $1.20 to $2.20
Dai5dop: folds 
b2k-Snick leaves the table
Bad_Heli: calls $1.70
Supermegopro: calls $1.20
*** FLOP *** [Td Jd Ks]
Bad_Heli: bets $2
Supermegopro: folds 
poker_soul11: raises $7.70 to $9.70
Bad_Heli: raises $27.60 to $37.30 and is all-in
poker_soul11: calls $27.60
*** TURN *** [Td Jd Ks] [7s]
*** RIVER *** [Td Jd Ks 7s] [3c]
*** SHOW DOWN ***
Bad_Heli: shows [Kd Qd] (a pair of Kings)
poker_soul11: shows [Ts Th] (three of a kind, Tens)
poker_soul11 collected $78.70 from pot
*** SUMMARY ***
Total pot $81.20 | Rake $2.50 
Board [Td Jd Ks 7s 3c]
Seat 1: Dai5dop (button) folded before Flop (didn't bet)
Seat 2: Bad_Heli (small blind) showed [Kd Qd] and lost with a pair of Kings
Seat 3: Supermegopro (big blind) folded on the Flop
Seat 4: b2k-Snick folded before Flop (didn't bet)
Seat 5: poker_soul11 showed [Ts Th] and won ($78.70) with three of a kind, Tens



PokerStars Hand #254212449227:  Hold'em No Limit ($0.50/$1.00 USD) - 2025/01/05 18:37:00 WET [2025/01/05 13:37:00 ET]
Table 'Conrada II' 6-max Seat #5 is the button
Seat 1: Dai5dop ($104.08 in chips) is sitting out
Seat 2: Bad_Heli ($0 in chips) is sitting out
Seat 3: Supermegopro ($100 in chips) 
Seat 5: poker_soul11 ($283.83 in chips) 
poker_soul11: posts small blind $0.50
Dai5dop: is sitting out 
Supermegopro: posts big blind $1
*** HOLE CARDS ***
poker_soul11: raises $1.50 to $2.50
Dai5dop leaves the table
Supermegopro: folds 
Uncalled bet ($1.50) returned to poker_soul11
poker_soul11 collected $2 from pot
poker_soul11: doesn't show hand 
*** SUMMARY ***
Total pot $2 | Rake $0 
Seat 1: Dai5dop
Seat 2: Bad_Heli
Seat 3: Supermegopro (big blind) folded before Flop
Seat 5: poker_soul11 (button) (small blind) collected ($2)



PokerStars Hand #254212452418:  Hold'em No Limit ($0.50/$1.00 USD) - 2025/01/05 18:37:08 WET [2025/01/05 13:37:08 ET]
Table 'Conrada II' 6-max Seat #3 is the button
Seat 2: Bad_Heli ($0 in chips) is sitting out
Seat 3: Supermegopro ($100 in chips) 
Seat 5: poker_soul11 ($284.83 in chips) 
Supermegopro: posts small blind $0.50
poker_soul11: posts big blind $1
*** HOLE CARDS ***
Bad_Heli leaves the table
Supermegopro: folds 
Uncalled bet ($0.50) returned to poker_soul11
poker_soul11 collected $1 from pot
poker_soul11: doesn't show hand 
*** SUMMARY ***
Total pot $1 | Rake $0 
Seat 2: Bad_Heli
Seat 3: Supermegopro (button) (small blind) folded before Flop
Seat 5: poker_soul11 (big blind) collected ($1)



