PokerStars Hand #254591759579:  Hold'em No Limit ($0.50/$1.00 USD) - 2025/01/28 17:04:22 WET [2025/01/28 12:04:22 ET]
Table 'Euphrosyne' 6-max Seat #2 is the button
Seat 2: tpenkth78 ($10 in chips) 
Seat 3: sta$igk ($100 in chips) 
tpenkth78: posts small blind $0.50
sta$igk: posts big blind $1
*** HOLE CARDS ***
tpenkth78 has timed out
tpenkth78: folds 
Uncalled bet ($0.50) returned to sta$igk
sta$igk collected $1 from pot
sta$igk: doesn't show hand 
*** SUMMARY ***
Total pot $1 | Rake $0 
Seat 2: tpenkth78 (button) (small blind) folded before Flop
Seat 3: sta$igk (big blind) collected ($1)



PokerStars Hand #254591764565:  Hold'em No Limit ($0.50/$1.00 USD) - 2025/01/28 17:05:04 WET [2025/01/28 12:05:04 ET]
Table 'Euphrosyne' 6-max Seat #3 is the button
Seat 1: blistein ($100 in chips) 
Seat 2: tpenkth78 ($9.50 in chips) 
Seat 3: sta$igk ($100.50 in chips) 
Seat 4: Joe_Li7 ($100 in chips) 
Seat 6: svb3 ($52.11 in chips) 
Joe_Li7: posts small blind $0.50
svb3: posts big blind $1
*** HOLE CARDS ***
blistein: folds 
tpenkth78: calls $1
sta$igk: raises $8.50 to $9.50
Joe_Li7: folds 
svb3: folds 
tpenkth78: folds 
Uncalled bet ($8.50) returned to sta$igk
sta$igk collected $3.50 from pot
sta$igk: doesn't show hand 
Supermegopro joins the table at seat #5 
*** SUMMARY ***
Total pot $3.50 | Rake $0 
Seat 1: blistein folded before Flop (didn't bet)
Seat 2: tpenkth78 folded before Flop
Seat 3: sta$igk (button) collected ($3.50)
Seat 4: Joe_Li7 (small blind) folded before Flop
Seat 6: svb3 (big blind) folded before Flop



PokerStars Hand #254591766570:  Hold'em No Limit ($0.50/$1.00 USD) - 2025/01/28 17:05:20 WET [2025/01/28 12:05:20 ET]
Table 'Euphrosyne' 6-max Seat #4 is the button
Seat 5: Supermegopro ($100 in chips) is sitting out
Seat 1: blistein ($100 in chips) 
Seat 2: tpenkth78 ($8.50 in chips) 
Seat 3: sta$igk ($103 in chips) 
Seat 4: Joe_Li7 ($100 in chips) 
Seat 6: svb3 ($51.11 in chips) 
svb3: posts small blind $0.50
blistein: posts big blind $1
*** HOLE CARDS ***
tpenkth78: raises $1 to $2
sta$igk: folds 
Joe_Li7: raises $4.50 to $6.50
svb3: calls $6
blistein: folds 
tpenkth78: calls $4.50
*** FLOP *** [5s 2s Ts]
svb3: bets $19.48
tpenkth78: calls $2 and is all-in
Joe_Li7: raises $74.02 to $93.50 and is all-in
svb3: folds 
Uncalled bet ($74.02) returned to Joe_Li7
*** TURN *** [5s 2s Ts] [Th]
*** RIVER *** [5s 2s Ts Th] [As]
*** SHOW DOWN ***
Joe_Li7: shows [Qh Qs] (a flush, Ace high)
Joe_Li7 collected $33.78 from side pot
tpenkth78: shows [2c Kh] (two pair, Tens and Deuces)
Joe_Li7 collected $25.18 from main pot
*** SUMMARY ***
Total pot $61.46 Main pot $25.18. Side pot $33.78. | Rake $2.50 
Board [5s 2s Ts Th As]
Seat 5: Supermegopro
Seat 1: blistein (big blind) folded before Flop
Seat 2: tpenkth78 showed [2c Kh] and lost with two pair, Tens and Deuces
Seat 3: sta$igk folded before Flop (didn't bet)
Seat 4: Joe_Li7 (button) showed [Qh Qs] and won ($58.96) with a flush, Ace high
Seat 6: svb3 (small blind) folded on the Flop



PokerStars Hand #254591772553:  Hold'em No Limit ($0.50/$1.00 USD) - 2025/01/28 17:06:07 WET [2025/01/28 12:06:07 ET]
Table 'Euphrosyne' 6-max Seat #6 is the button
Seat 2: tpenkth78 ($0 in chips) is sitting out
Seat 5: Supermegopro ($100 in chips) is sitting out
Seat 1: blistein ($100 in chips) 
Seat 3: sta$igk ($103 in chips) 
Seat 4: Joe_Li7 ($132.98 in chips) 
Seat 6: svb3 ($25.13 in chips) 
blistein: posts small blind $0.50
sta$igk: posts big blind $1
Supermegopro: sits out 
*** HOLE CARDS ***
Joe_Li7: raises $1.20 to $2.20
svb3: calls $2.20
blistein: folds 
sta$igk: folds 
*** FLOP *** [7s 5c Ts]
Joe_Li7: checks 
tpenkth78 leaves the table
svb3: bets $6.60
Joe_Li7: folds 
Uncalled bet ($6.60) returned to svb3
svb3 collected $5.52 from pot
*** SUMMARY ***
Total pot $5.90 | Rake $0.38 
Board [7s 5c Ts]
Seat 2: tpenkth78
Seat 5: Supermegopro
Seat 1: blistein (small blind) folded before Flop
Seat 3: sta$igk (big blind) folded before Flop
Seat 4: Joe_Li7 folded on the Flop
Seat 6: svb3 (button) collected ($5.52)



PokerStars Hand #254591776015:  Hold'em No Limit ($0.50/$1.00 USD) - 2025/01/28 17:06:32 WET [2025/01/28 12:06:32 ET]
Table 'Euphrosyne' 6-max Seat #1 is the button
Seat 5: Supermegopro ($100 in chips) is sitting out
Seat 1: blistein ($100 in chips) 
Seat 3: sta$igk ($102 in chips) 
Seat 4: Joe_Li7 ($130.78 in chips) 
Seat 6: svb3 ($28.45 in chips) 
sta$igk: posts small blind $0.50
Joe_Li7: posts big blind $1
Supermegopro: sits out 
*** HOLE CARDS ***
svb3: calls $1
blistein: folds 
sta$igk: folds 
Joe_Li7: checks 
*** FLOP *** [7s 2s Kc]
peak joker33 joins the table at seat #2 
Joe_Li7: checks 
svb3: bets $3.38
Joe_Li7: folds 
Uncalled bet ($3.38) returned to svb3
svb3 collected $2.35 from pot
*** SUMMARY ***
Total pot $2.50 | Rake $0.15 
Board [7s 2s Kc]
Seat 5: Supermegopro
Seat 1: blistein (button) folded before Flop (didn't bet)
Seat 3: sta$igk (small blind) folded before Flop
Seat 4: Joe_Li7 (big blind) folded on the Flop
Seat 6: svb3 collected ($2.35)



PokerStars Hand #254591778893:  Hold'em No Limit ($0.50/$1.00 USD) - 2025/01/28 17:06:53 WET [2025/01/28 12:06:53 ET]
Table 'Euphrosyne' 6-max Seat #3 is the button
Seat 2: peak joker33 ($100 in chips) is sitting out
Seat 1: blistein ($100 in chips) 
Seat 3: sta$igk ($101.50 in chips) 
Seat 4: Joe_Li7 ($129.78 in chips) 
Seat 5: Supermegopro ($100 in chips) 
Seat 6: svb3 ($29.80 in chips) 
Joe_Li7: posts small blind $0.50
Supermegopro: posts big blind $1
peak joker33: sits out 
*** HOLE CARDS ***
svb3: calls $1
blistein: folds 
sta$igk: folds 
Joe_Li7: calls $0.50
Supermegopro: checks 
*** FLOP *** [5d Ad 9c]
Joe_Li7: checks 
Supermegopro: checks 
svb3: bets $3.85
Joe_Li7: folds 
Supermegopro: folds 
Uncalled bet ($3.85) returned to svb3
svb3 collected $2.81 from pot
*** SUMMARY ***
Total pot $3 | Rake $0.19 
Board [5d Ad 9c]
Seat 2: peak joker33
Seat 1: blistein folded before Flop (didn't bet)
Seat 3: sta$igk (button) folded before Flop (didn't bet)
Seat 4: Joe_Li7 (small blind) folded on the Flop
Seat 5: Supermegopro (big blind) folded on the Flop
Seat 6: svb3 collected ($2.81)



PokerStars Hand #254591782187:  Hold'em No Limit ($0.50/$1.00 USD) - 2025/01/28 17:07:16 WET [2025/01/28 12:07:16 ET]
Table 'Euphrosyne' 6-max Seat #4 is the button
Seat 2: peak joker33 ($100 in chips) is sitting out
Seat 1: blistein ($100 in chips) 
Seat 3: sta$igk ($101.50 in chips) 
Seat 4: Joe_Li7 ($128.78 in chips) 
Seat 5: Supermegopro ($100 in chips) 
Seat 6: svb3 ($31.61 in chips) 
Supermegopro: posts small blind $0.50
svb3: posts big blind $1
peak joker33: sits out 
*** HOLE CARDS ***
blistein: folds 
sta$igk: raises $1.50 to $2.50
Joe_Li7: folds 
Supermegopro: folds 
svb3: calls $1.50
*** FLOP *** [3c 5s Kh]
svb3: bets $6.22
sta$igk: calls $6.22
*** TURN *** [3c 5s Kh] [Qc]
svb3: checks 
sta$igk: bets $5.62
svb3: calls $5.62
*** RIVER *** [3c 5s Kh Qc] [8s]
svb3: bets $17.27 and is all-in
sta$igk: calls $17.27
*** SHOW DOWN ***
svb3: shows [3h 8h] (two pair, Eights and Threes)
sta$igk: shows [Kc As] (a pair of Kings)
svb3 collected $60.60 from pot
*** SUMMARY ***
Total pot $63.72 | Rake $3.12 
Board [3c 5s Kh Qc 8s]
Seat 2: peak joker33
Seat 1: blistein folded before Flop (didn't bet)
Seat 3: sta$igk showed [Kc As] and lost with a pair of Kings
Seat 4: Joe_Li7 (button) folded before Flop (didn't bet)
Seat 5: Supermegopro (small blind) folded before Flop
Seat 6: svb3 (big blind) showed [3h 8h] and won ($60.60) with two pair, Eights and Threes



PokerStars Hand #254591789846:  Hold'em No Limit ($0.50/$1.00 USD) - 2025/01/28 17:08:08 WET [2025/01/28 12:08:08 ET]
Table 'Euphrosyne' 6-max Seat #5 is the button
Seat 2: peak joker33 ($100 in chips) is sitting out
Seat 1: blistein ($100 in chips) 
Seat 3: sta$igk ($100 in chips) 
Seat 4: Joe_Li7 ($128.78 in chips) 
Seat 5: Supermegopro ($100 in chips) 
Seat 6: svb3 ($60.60 in chips) 
svb3: posts small blind $0.50
blistein: posts big blind $1
peak joker33: sits out 
*** HOLE CARDS ***
sta$igk: raises $1.50 to $2.50
Joe_Li7: folds 
Supermegopro: folds 
svb3: folds 
blistein: calls $1.50
*** FLOP *** [8d 5d Qs]
blistein: checks 
sta$igk: checks 
*** TURN *** [8d 5d Qs] [Qh]
blistein: checks 
sta$igk: bets $3.92
blistein: calls $3.92
*** RIVER *** [8d 5d Qs Qh] [9c]
blistein: checks 
sta$igk: bets $9.50
blistein: calls $9.50
*** SHOW DOWN ***
sta$igk: shows [Ts Th] (two pair, Queens and Tens)
blistein: shows [Tc Td] (two pair, Queens and Tens)
blistein collected $15.36 from pot
sta$igk collected $15.36 from pot
*** SUMMARY ***
Total pot $32.34 | Rake $1.62 
Board [8d 5d Qs Qh 9c]
Seat 2: peak joker33
Seat 1: blistein (big blind) showed [Tc Td] and won ($15.36) with two pair, Queens and Tens
Seat 3: sta$igk showed [Ts Th] and won ($15.36) with two pair, Queens and Tens
Seat 4: Joe_Li7 folded before Flop (didn't bet)
Seat 5: Supermegopro (button) folded before Flop (didn't bet)
Seat 6: svb3 (small blind) folded before Flop



PokerStars Hand #254591800879:  Hold'em No Limit ($0.50/$1.00 USD) - 2025/01/28 17:09:19 WET [2025/01/28 12:09:19 ET]
Table 'Euphrosyne' 6-max Seat #6 is the button
Seat 1: blistein ($100 in chips) 
Seat 2: peak joker33 ($100 in chips) 
Seat 3: sta$igk ($100 in chips) 
Seat 4: Joe_Li7 ($128.78 in chips) 
Seat 5: Supermegopro ($100 in chips) 
Seat 6: svb3 ($60.10 in chips) 
blistein: posts small blind $0.50
peak joker33: posts big blind $1
*** HOLE CARDS ***
sta$igk: folds 
Joe_Li7: folds 
Supermegopro: raises $1.50 to $2.50
svb3: folds 
blistein: folds 
peak joker33: folds 
Uncalled bet ($1.50) returned to Supermegopro
Supermegopro collected $2.50 from pot
Supermegopro: doesn't show hand 
*** SUMMARY ***
Total pot $2.50 | Rake $0 
Seat 1: blistein (small blind) folded before Flop
Seat 2: peak joker33 (big blind) folded before Flop
Seat 3: sta$igk folded before Flop (didn't bet)
Seat 4: Joe_Li7 folded before Flop (didn't bet)
Seat 5: Supermegopro collected ($2.50)
Seat 6: svb3 (button) folded before Flop (didn't bet)



PokerStars Hand #254591803242:  Hold'em No Limit ($0.50/$1.00 USD) - 2025/01/28 17:09:34 WET [2025/01/28 12:09:34 ET]
Table 'Euphrosyne' 6-max Seat #1 is the button
Seat 1: blistein ($100 in chips) 
Seat 2: peak joker33 ($100 in chips) 
Seat 3: sta$igk ($100 in chips) 
Seat 4: Joe_Li7 ($128.78 in chips) 
Seat 5: Supermegopro ($101.50 in chips) 
Seat 6: svb3 ($60.10 in chips) 
peak joker33: posts small blind $0.50
sta$igk: posts big blind $1
*** HOLE CARDS ***
Joe_Li7: raises $1.20 to $2.20
Supermegopro: folds 
svb3: calls $2.20
blistein: folds 
peak joker33: folds 
sta$igk: calls $1.20
*** FLOP *** [2c 8d 6s]
sta$igk: checks 
Joe_Li7: checks 
svb3: bets $8
sta$igk: folds 
Joe_Li7: folds 
Uncalled bet ($8) returned to svb3
svb3 collected $6.65 from pot
*** SUMMARY ***
Total pot $7.10 | Rake $0.45 
Board [2c 8d 6s]
Seat 1: blistein (button) folded before Flop (didn't bet)
Seat 2: peak joker33 (small blind) folded before Flop
Seat 3: sta$igk (big blind) folded on the Flop
Seat 4: Joe_Li7 folded on the Flop
Seat 5: Supermegopro folded before Flop (didn't bet)
Seat 6: svb3 collected ($6.65)



PokerStars Hand #254591812582:  Hold'em No Limit ($0.50/$1.00 USD) - 2025/01/28 17:10:30 WET [2025/01/28 12:10:30 ET]
Table 'Euphrosyne' 6-max Seat #2 is the button
Seat 1: blistein ($100 in chips) 
Seat 2: peak joker33 ($100 in chips) 
Seat 3: sta$igk ($100 in chips) 
Seat 4: Joe_Li7 ($126.58 in chips) 
Seat 5: Supermegopro ($101.50 in chips) 
Seat 6: svb3 ($64.55 in chips) 
sta$igk: posts small blind $0.50
Joe_Li7: posts big blind $1
*** HOLE CARDS ***
Supermegopro: folds 
svb3: folds 
blistein: folds 
peak joker33: folds 
sta$igk: raises $2 to $3
Joe_Li7: folds 
Uncalled bet ($2) returned to sta$igk
sta$igk collected $2 from pot
sta$igk: doesn't show hand 
*** SUMMARY ***
Total pot $2 | Rake $0 
Seat 1: blistein folded before Flop (didn't bet)
Seat 2: peak joker33 (button) folded before Flop (didn't bet)
Seat 3: sta$igk (small blind) collected ($2)
Seat 4: Joe_Li7 (big blind) folded before Flop
Seat 5: Supermegopro folded before Flop (didn't bet)
Seat 6: svb3 folded before Flop (didn't bet)



PokerStars Hand #254591817067:  Hold'em No Limit ($0.50/$1.00 USD) - 2025/01/28 17:10:56 WET [2025/01/28 12:10:56 ET]
Table 'Euphrosyne' 6-max Seat #3 is the button
Seat 1: blistein ($100 in chips) 
Seat 2: peak joker33 ($100 in chips) 
Seat 3: sta$igk ($101 in chips) 
Seat 4: Joe_Li7 ($125.58 in chips) 
Seat 5: Supermegopro ($101.50 in chips) 
Seat 6: svb3 ($64.55 in chips) 
Joe_Li7: posts small blind $0.50
Supermegopro: posts big blind $1
*** HOLE CARDS ***
svb3: folds 
blistein: folds 
peak joker33: folds 
sta$igk: folds 
Joe_Li7: folds 
Uncalled bet ($0.50) returned to Supermegopro
Supermegopro collected $1 from pot
Supermegopro: doesn't show hand 
*** SUMMARY ***
Total pot $1 | Rake $0 
Seat 1: blistein folded before Flop (didn't bet)
Seat 2: peak joker33 folded before Flop (didn't bet)
Seat 3: sta$igk (button) folded before Flop (didn't bet)
Seat 4: Joe_Li7 (small blind) folded before Flop
Seat 5: Supermegopro (big blind) collected ($1)
Seat 6: svb3 folded before Flop (didn't bet)



PokerStars Hand #254591819022:  Hold'em No Limit ($0.50/$1.00 USD) - 2025/01/28 17:11:07 WET [2025/01/28 12:11:07 ET]
Table 'Euphrosyne' 6-max Seat #4 is the button
Seat 1: blistein ($100 in chips) 
Seat 2: peak joker33 ($100 in chips) 
Seat 3: sta$igk ($101 in chips) 
Seat 4: Joe_Li7 ($125.08 in chips) 
Seat 5: Supermegopro ($102 in chips) 
Seat 6: svb3 ($64.55 in chips) 
Supermegopro: posts small blind $0.50
svb3: posts big blind $1
*** HOLE CARDS ***
blistein: raises $1.20 to $2.20
peak joker33: folds 
sta$igk: folds 
Joe_Li7: folds 
Supermegopro: folds 
svb3: calls $1.20
*** FLOP *** [Qc 6d 7d]
svb3: bets $5.66
blistein: folds 
Uncalled bet ($5.66) returned to svb3
svb3 collected $4.60 from pot
*** SUMMARY ***
Total pot $4.90 | Rake $0.30 
Board [Qc 6d 7d]
Seat 1: blistein folded on the Flop
Seat 2: peak joker33 folded before Flop (didn't bet)
Seat 3: sta$igk folded before Flop (didn't bet)
Seat 4: Joe_Li7 (button) folded before Flop (didn't bet)
Seat 5: Supermegopro (small blind) folded before Flop
Seat 6: svb3 (big blind) collected ($4.60)



PokerStars Hand #254591823796:  Hold'em No Limit ($0.50/$1.00 USD) - 2025/01/28 17:11:34 WET [2025/01/28 12:11:34 ET]
Table 'Euphrosyne' 6-max Seat #5 is the button
Seat 1: blistein ($100 in chips) 
Seat 2: peak joker33 ($100 in chips) 
Seat 3: sta$igk ($101 in chips) 
Seat 4: Joe_Li7 ($125.08 in chips) 
Seat 5: Supermegopro ($101.50 in chips) 
Seat 6: svb3 ($66.95 in chips) 
svb3: posts small blind $0.50
blistein: posts big blind $1
*** HOLE CARDS ***
peak joker33: raises $1.50 to $2.50
sta$igk: folds 
Joe_Li7: folds 
Supermegopro: folds 
svb3: calls $2
blistein: calls $1.50
*** FLOP *** [5s 7c Qs]
svb3: checks 
blistein: checks 
peak joker33: checks 
*** TURN *** [5s 7c Qs] [Ad]
svb3: checks 
blistein: checks 
peak joker33: checks 
*** RIVER *** [5s 7c Qs Ad] [9h]
svb3: bets $9.12
blistein: calls $9.12
peak joker33: folds 
*** SHOW DOWN ***
svb3: shows [9s 9c] (three of a kind, Nines)
blistein: mucks hand 
svb3 collected $24.13 from pot
*** SUMMARY ***
Total pot $25.74 | Rake $1.61 
Board [5s 7c Qs Ad 9h]
Seat 1: blistein (big blind) mucked
Seat 2: peak joker33 folded on the River
Seat 3: sta$igk folded before Flop (didn't bet)
Seat 4: Joe_Li7 folded before Flop (didn't bet)
Seat 5: Supermegopro (button) folded before Flop (didn't bet)
Seat 6: svb3 (small blind) showed [9s 9c] and won ($24.13) with three of a kind, Nines



PokerStars Hand #254591833782:  Hold'em No Limit ($0.50/$1.00 USD) - 2025/01/28 17:12:29 WET [2025/01/28 12:12:29 ET]
Table 'Euphrosyne' 6-max Seat #6 is the button
Seat 1: blistein ($100 in chips) 
Seat 2: peak joker33 ($100 in chips) 
Seat 3: sta$igk ($101 in chips) 
Seat 4: Joe_Li7 ($125.08 in chips) 
Seat 5: Supermegopro ($101.50 in chips) 
Seat 6: svb3 ($79.46 in chips) 
blistein: posts small blind $0.50
peak joker33: posts big blind $1
*** HOLE CARDS ***
sta$igk: raises $1.50 to $2.50
Joe_Li7: folds 
Supermegopro: folds 
svb3: folds 
blistein: folds 
peak joker33: folds 
Uncalled bet ($1.50) returned to sta$igk
sta$igk collected $2.50 from pot
sta$igk: doesn't show hand 
*** SUMMARY ***
Total pot $2.50 | Rake $0 
Seat 1: blistein (small blind) folded before Flop
Seat 2: peak joker33 (big blind) folded before Flop
Seat 3: sta$igk collected ($2.50)
Seat 4: Joe_Li7 folded before Flop (didn't bet)
Seat 5: Supermegopro folded before Flop (didn't bet)
Seat 6: svb3 (button) folded before Flop (didn't bet)



PokerStars Hand #254591837579:  Hold'em No Limit ($0.50/$1.00 USD) - 2025/01/28 17:12:49 WET [2025/01/28 12:12:49 ET]
Table 'Euphrosyne' 6-max Seat #1 is the button
Seat 1: blistein ($100 in chips) 
Seat 2: peak joker33 ($100 in chips) 
Seat 3: sta$igk ($102.50 in chips) 
Seat 4: Joe_Li7 ($125.08 in chips) 
Seat 5: Supermegopro ($101.50 in chips) 
Seat 6: svb3 ($79.46 in chips) 
peak joker33: posts small blind $0.50
sta$igk: posts big blind $1
*** HOLE CARDS ***
Joe_Li7: folds 
Supermegopro: folds 
svb3: folds 
blistein: folds 
peak joker33: folds 
Uncalled bet ($0.50) returned to sta$igk
sta$igk collected $1 from pot
sta$igk: doesn't show hand 
*** SUMMARY ***
Total pot $1 | Rake $0 
Seat 1: blistein (button) folded before Flop (didn't bet)
Seat 2: peak joker33 (small blind) folded before Flop
Seat 3: sta$igk (big blind) collected ($1)
Seat 4: Joe_Li7 folded before Flop (didn't bet)
Seat 5: Supermegopro folded before Flop (didn't bet)
Seat 6: svb3 folded before Flop (didn't bet)



PokerStars Hand #254591839790:  Hold'em No Limit ($0.50/$1.00 USD) - 2025/01/28 17:13:01 WET [2025/01/28 12:13:01 ET]
Table 'Euphrosyne' 6-max Seat #2 is the button
Seat 1: blistein ($100 in chips) 
Seat 2: peak joker33 ($100 in chips) 
Seat 3: sta$igk ($103 in chips) 
Seat 4: Joe_Li7 ($125.08 in chips) 
Seat 5: Supermegopro ($101.50 in chips) 
Seat 6: svb3 ($79.46 in chips) 
sta$igk: posts small blind $0.50
Joe_Li7: posts big blind $1
*** HOLE CARDS ***
Supermegopro: folds 
svb3: folds 
blistein: folds 
peak joker33: folds 
sta$igk: folds 
Uncalled bet ($0.50) returned to Joe_Li7
Joe_Li7 collected $1 from pot
*** SUMMARY ***
Total pot $1 | Rake $0 
Seat 1: blistein folded before Flop (didn't bet)
Seat 2: peak joker33 (button) folded before Flop (didn't bet)
Seat 3: sta$igk (small blind) folded before Flop
Seat 4: Joe_Li7 (big blind) collected ($1)
Seat 5: Supermegopro folded before Flop (didn't bet)
Seat 6: svb3 folded before Flop (didn't bet)



PokerStars Hand #254591841629:  Hold'em No Limit ($0.50/$1.00 USD) - 2025/01/28 17:13:10 WET [2025/01/28 12:13:10 ET]
Table 'Euphrosyne' 6-max Seat #3 is the button
Seat 1: blistein ($100 in chips) 
Seat 2: peak joker33 ($100 in chips) 
Seat 3: sta$igk ($102.50 in chips) 
Seat 4: Joe_Li7 ($125.58 in chips) 
Seat 5: Supermegopro ($101.50 in chips) 
Seat 6: svb3 ($79.46 in chips) 
Joe_Li7: posts small blind $0.50
Supermegopro: posts big blind $1
*** HOLE CARDS ***
svb3: folds 
blistein: folds 
peak joker33: folds 
sta$igk: folds 
Joe_Li7: raises $2 to $3
Supermegopro: folds 
Uncalled bet ($2) returned to Joe_Li7
Joe_Li7 collected $2 from pot
*** SUMMARY ***
Total pot $2 | Rake $0 
Seat 1: blistein folded before Flop (didn't bet)
Seat 2: peak joker33 folded before Flop (didn't bet)
Seat 3: sta$igk (button) folded before Flop (didn't bet)
Seat 4: Joe_Li7 (small blind) collected ($2)
Seat 5: Supermegopro (big blind) folded before Flop
Seat 6: svb3 folded before Flop (didn't bet)



PokerStars Hand #254591844029:  Hold'em No Limit ($0.50/$1.00 USD) - 2025/01/28 17:13:23 WET [2025/01/28 12:13:23 ET]
Table 'Euphrosyne' 6-max Seat #4 is the button
Seat 1: blistein ($100 in chips) 
Seat 2: peak joker33 ($100 in chips) 
Seat 3: sta$igk ($102.50 in chips) 
Seat 4: Joe_Li7 ($126.58 in chips) 
Seat 5: Supermegopro ($100.50 in chips) 
Seat 6: svb3 ($79.46 in chips) 
Supermegopro: posts small blind $0.50
svb3: posts big blind $1
*** HOLE CARDS ***
blistein: folds 
peak joker33: folds 
sta$igk: folds 
Joe_Li7: raises $1.20 to $2.20
Supermegopro: folds 
svb3: calls $1.20
*** FLOP *** [9d 7s 3d]
svb3: bets $2.33
Joe_Li7: folds 
Uncalled bet ($2.33) returned to svb3
svb3 collected $4.60 from pot
*** SUMMARY ***
Total pot $4.90 | Rake $0.30 
Board [9d 7s 3d]
Seat 1: blistein folded before Flop (didn't bet)
Seat 2: peak joker33 folded before Flop (didn't bet)
Seat 3: sta$igk folded before Flop (didn't bet)
Seat 4: Joe_Li7 (button) folded on the Flop
Seat 5: Supermegopro (small blind) folded before Flop
Seat 6: svb3 (big blind) collected ($4.60)



PokerStars Hand #254591847773:  Hold'em No Limit ($0.50/$1.00 USD) - 2025/01/28 17:13:43 WET [2025/01/28 12:13:43 ET]
Table 'Euphrosyne' 6-max Seat #5 is the button
Seat 1: blistein ($100 in chips) 
Seat 2: peak joker33 ($100 in chips) 
Seat 3: sta$igk ($102.50 in chips) 
Seat 4: Joe_Li7 ($124.38 in chips) 
Seat 5: Supermegopro ($100 in chips) 
Seat 6: svb3 ($81.86 in chips) 
svb3: posts small blind $0.50
blistein: posts big blind $1
*** HOLE CARDS ***
peak joker33: folds 
sta$igk: folds 
Joe_Li7: raises $1.20 to $2.20
Supermegopro: folds 
svb3: folds 
blistein: folds 
Uncalled bet ($1.20) returned to Joe_Li7
Joe_Li7 collected $2.50 from pot
*** SUMMARY ***
Total pot $2.50 | Rake $0 
Seat 1: blistein (big blind) folded before Flop
Seat 2: peak joker33 folded before Flop (didn't bet)
Seat 3: sta$igk folded before Flop (didn't bet)
Seat 4: Joe_Li7 collected ($2.50)
Seat 5: Supermegopro (button) folded before Flop (didn't bet)
Seat 6: svb3 (small blind) folded before Flop



PokerStars Hand #254591849727:  Hold'em No Limit ($0.50/$1.00 USD) - 2025/01/28 17:13:53 WET [2025/01/28 12:13:53 ET]
Table 'Euphrosyne' 6-max Seat #6 is the button
Seat 1: blistein ($100 in chips) 
Seat 2: peak joker33 ($100 in chips) 
Seat 3: sta$igk ($102.50 in chips) 
Seat 4: Joe_Li7 ($125.88 in chips) 
Seat 5: Supermegopro ($100 in chips) 
Seat 6: svb3 ($81.36 in chips) 
blistein: posts small blind $0.50
peak joker33: posts big blind $1
*** HOLE CARDS ***
sta$igk: folds 
Joe_Li7: raises $1.20 to $2.20
Supermegopro: calls $2.20
svb3: folds 
blistein: folds 
peak joker33: raises $10.80 to $13
Joe_Li7: folds 
Supermegopro: folds 
Uncalled bet ($10.80) returned to peak joker33
peak joker33 collected $7.10 from pot
peak joker33: doesn't show hand 
*** SUMMARY ***
Total pot $7.10 | Rake $0 
Seat 1: blistein (small blind) folded before Flop
Seat 2: peak joker33 (big blind) collected ($7.10)
Seat 3: sta$igk folded before Flop (didn't bet)
Seat 4: Joe_Li7 folded before Flop
Seat 5: Supermegopro folded before Flop
Seat 6: svb3 (button) folded before Flop (didn't bet)



PokerStars Hand #254591854215:  Hold'em No Limit ($0.50/$1.00 USD) - 2025/01/28 17:14:16 WET [2025/01/28 12:14:16 ET]
Table 'Euphrosyne' 6-max Seat #1 is the button
Seat 1: blistein ($100 in chips) 
Seat 2: peak joker33 ($104.90 in chips) 
Seat 3: sta$igk ($102.50 in chips) 
Seat 4: Joe_Li7 ($123.68 in chips) 
Seat 5: Supermegopro ($100 in chips) 
Seat 6: svb3 ($81.36 in chips) 
peak joker33: posts small blind $0.50
sta$igk: posts big blind $1
*** HOLE CARDS ***
Joe_Li7: folds 
Supermegopro: raises $1.50 to $2.50
svb3: calls $2.50
blistein: raises $7.50 to $10
peak joker33: folds 
sta$igk: folds 
Supermegopro: folds 
svb3: calls $7.50
*** FLOP *** [5d 2h 6c]
svb3: bets $23.80
blistein: folds 
Uncalled bet ($23.80) returned to svb3
svb3 collected $22.50 from pot
*** SUMMARY ***
Total pot $24 | Rake $1.50 
Board [5d 2h 6c]
Seat 1: blistein (button) folded on the Flop
Seat 2: peak joker33 (small blind) folded before Flop
Seat 3: sta$igk (big blind) folded before Flop
Seat 4: Joe_Li7 folded before Flop (didn't bet)
Seat 5: Supermegopro folded before Flop
Seat 6: svb3 collected ($22.50)



PokerStars Hand #254591860308:  Hold'em No Limit ($0.50/$1.00 USD) - 2025/01/28 17:14:46 WET [2025/01/28 12:14:46 ET]
Table 'Euphrosyne' 6-max Seat #2 is the button
Seat 1: blistein ($100 in chips) 
Seat 2: peak joker33 ($104.40 in chips) 
Seat 3: sta$igk ($101.50 in chips) 
Seat 4: Joe_Li7 ($123.68 in chips) 
Seat 5: Supermegopro ($100 in chips) 
Seat 6: svb3 ($93.86 in chips) 
sta$igk: posts small blind $0.50
Joe_Li7: posts big blind $1
*** HOLE CARDS ***
Supermegopro: folds 
svb3: folds 
blistein: folds 
peak joker33: folds 
sta$igk: folds 
Uncalled bet ($0.50) returned to Joe_Li7
Joe_Li7 collected $1 from pot
*** SUMMARY ***
Total pot $1 | Rake $0 
Seat 1: blistein folded before Flop (didn't bet)
Seat 2: peak joker33 (button) folded before Flop (didn't bet)
Seat 3: sta$igk (small blind) folded before Flop
Seat 4: Joe_Li7 (big blind) collected ($1)
Seat 5: Supermegopro folded before Flop (didn't bet)
Seat 6: svb3 folded before Flop (didn't bet)



PokerStars Hand #254591862264:  Hold'em No Limit ($0.50/$1.00 USD) - 2025/01/28 17:14:57 WET [2025/01/28 12:14:57 ET]
Table 'Euphrosyne' 6-max Seat #3 is the button
Seat 1: blistein ($100 in chips) 
Seat 2: peak joker33 ($104.40 in chips) 
Seat 3: sta$igk ($101 in chips) 
Seat 4: Joe_Li7 ($124.18 in chips) 
Seat 5: Supermegopro ($100 in chips) 
Seat 6: svb3 ($93.86 in chips) 
Joe_Li7: posts small blind $0.50
Supermegopro: posts big blind $1
*** HOLE CARDS ***
svb3: calls $1
blistein: folds 
peak joker33: folds 
sta$igk: folds 
Joe_Li7: folds 
Supermegopro: checks 
*** FLOP *** [9h Ah 2s]
Supermegopro: checks 
svb3: bets $1.19
Supermegopro: folds 
Uncalled bet ($1.19) returned to svb3
svb3 collected $2.35 from pot
*** SUMMARY ***
Total pot $2.50 | Rake $0.15 
Board [9h Ah 2s]
Seat 1: blistein folded before Flop (didn't bet)
Seat 2: peak joker33 folded before Flop (didn't bet)
Seat 3: sta$igk (button) folded before Flop (didn't bet)
Seat 4: Joe_Li7 (small blind) folded before Flop
Seat 5: Supermegopro (big blind) folded on the Flop
Seat 6: svb3 collected ($2.35)



PokerStars Hand #254591867533:  Hold'em No Limit ($0.50/$1.00 USD) - 2025/01/28 17:15:22 WET [2025/01/28 12:15:22 ET]
Table 'Euphrosyne' 6-max Seat #4 is the button
Seat 1: blistein ($100 in chips) 
Seat 2: peak joker33 ($104.40 in chips) 
Seat 3: sta$igk ($101 in chips) 
Seat 4: Joe_Li7 ($123.68 in chips) 
Seat 5: Supermegopro ($100 in chips) 
Seat 6: svb3 ($95.21 in chips) 
Supermegopro: posts small blind $0.50
svb3: posts big blind $1
*** HOLE CARDS ***
blistein: folds 
peak joker33: folds 
sta$igk: folds 
Joe_Li7: folds 
Supermegopro: folds 
Uncalled bet ($0.50) returned to svb3
svb3 collected $1 from pot
*** SUMMARY ***
Total pot $1 | Rake $0 
Seat 1: blistein folded before Flop (didn't bet)
Seat 2: peak joker33 folded before Flop (didn't bet)
Seat 3: sta$igk folded before Flop (didn't bet)
Seat 4: Joe_Li7 (button) folded before Flop (didn't bet)
Seat 5: Supermegopro (small blind) folded before Flop
Seat 6: svb3 (big blind) collected ($1)



PokerStars Hand #254591869291:  Hold'em No Limit ($0.50/$1.00 USD) - 2025/01/28 17:15:31 WET [2025/01/28 12:15:31 ET]
Table 'Euphrosyne' 6-max Seat #5 is the button
Seat 1: blistein ($100 in chips) 
Seat 2: peak joker33 ($104.40 in chips) 
Seat 3: sta$igk ($101 in chips) 
Seat 4: Joe_Li7 ($123.68 in chips) 
Seat 5: Supermegopro ($100 in chips) 
Seat 6: svb3 ($95.71 in chips) 
svb3: posts small blind $0.50
blistein: posts big blind $1
*** HOLE CARDS ***
peak joker33: folds 
sta$igk: folds 
Joe_Li7: folds 
Supermegopro: folds 
svb3: folds 
Uncalled bet ($0.50) returned to blistein
blistein collected $1 from pot
blistein: doesn't show hand 
*** SUMMARY ***
Total pot $1 | Rake $0 
Seat 1: blistein (big blind) collected ($1)
Seat 2: peak joker33 folded before Flop (didn't bet)
Seat 3: sta$igk folded before Flop (didn't bet)
Seat 4: Joe_Li7 folded before Flop (didn't bet)
Seat 5: Supermegopro (button) folded before Flop (didn't bet)
Seat 6: svb3 (small blind) folded before Flop



PokerStars Hand #254591871193:  Hold'em No Limit ($0.50/$1.00 USD) - 2025/01/28 17:15:41 WET [2025/01/28 12:15:41 ET]
Table 'Euphrosyne' 6-max Seat #6 is the button
Seat 1: blistein ($100.50 in chips) 
Seat 2: peak joker33 ($104.40 in chips) 
Seat 3: sta$igk ($101 in chips) 
Seat 4: Joe_Li7 ($123.68 in chips) 
Seat 5: Supermegopro ($100 in chips) 
Seat 6: svb3 ($95.21 in chips) 
blistein: posts small blind $0.50
peak joker33: posts big blind $1
*** HOLE CARDS ***
sta$igk: folds 
Joe_Li7: folds 
Supermegopro: folds 
svb3: folds 
blistein: folds 
Uncalled bet ($0.50) returned to peak joker33
peak joker33 collected $1 from pot
peak joker33: doesn't show hand 
*** SUMMARY ***
Total pot $1 | Rake $0 
Seat 1: blistein (small blind) folded before Flop
Seat 2: peak joker33 (big blind) collected ($1)
Seat 3: sta$igk folded before Flop (didn't bet)
Seat 4: Joe_Li7 folded before Flop (didn't bet)
Seat 5: Supermegopro folded before Flop (didn't bet)
Seat 6: svb3 (button) folded before Flop (didn't bet)



PokerStars Hand #254591873101:  Hold'em No Limit ($0.50/$1.00 USD) - 2025/01/28 17:15:50 WET [2025/01/28 12:15:50 ET]
Table 'Euphrosyne' 6-max Seat #1 is the button
Seat 1: blistein ($100 in chips) 
Seat 2: peak joker33 ($104.90 in chips) 
Seat 3: sta$igk ($101 in chips) 
Seat 4: Joe_Li7 ($123.68 in chips) 
Seat 5: Supermegopro ($100 in chips) 
Seat 6: svb3 ($95.21 in chips) 
peak joker33: posts small blind $0.50
sta$igk: posts big blind $1
*** HOLE CARDS ***
Joe_Li7: folds 
Supermegopro: folds 
svb3: folds 
blistein: folds 
peak joker33: folds 
Uncalled bet ($0.50) returned to sta$igk
sta$igk collected $1 from pot
sta$igk: doesn't show hand 
*** SUMMARY ***
Total pot $1 | Rake $0 
Seat 1: blistein (button) folded before Flop (didn't bet)
Seat 2: peak joker33 (small blind) folded before Flop
Seat 3: sta$igk (big blind) collected ($1)
Seat 4: Joe_Li7 folded before Flop (didn't bet)
Seat 5: Supermegopro folded before Flop (didn't bet)
Seat 6: svb3 folded before Flop (didn't bet)



PokerStars Hand #254591875694:  Hold'em No Limit ($0.50/$1.00 USD) - 2025/01/28 17:16:03 WET [2025/01/28 12:16:03 ET]
Table 'Euphrosyne' 6-max Seat #2 is the button
Seat 1: blistein ($100 in chips) 
Seat 2: peak joker33 ($104.40 in chips) 
Seat 3: sta$igk ($101.50 in chips) 
Seat 4: Joe_Li7 ($123.68 in chips) 
Seat 5: Supermegopro ($100 in chips) 
Seat 6: svb3 ($95.21 in chips) 
sta$igk: posts small blind $0.50
Joe_Li7: posts big blind $1
*** HOLE CARDS ***
Supermegopro: folds 
svb3: raises $1 to $2
blistein: raises $5 to $7
peak joker33: folds 
sta$igk: folds 
Joe_Li7: folds 
svb3: calls $5
*** FLOP *** [Td Ac 3c]
svb3: checks 
blistein: checks 
*** TURN *** [Td Ac 3c] [Js]
svb3: checks 
blistein: bets $8.86
svb3: folds 
Uncalled bet ($8.86) returned to blistein
blistein collected $14.72 from pot
blistein: doesn't show hand 
*** SUMMARY ***
Total pot $15.50 | Rake $0.78 
Board [Td Ac 3c Js]
Seat 1: blistein collected ($14.72)
Seat 2: peak joker33 (button) folded before Flop (didn't bet)
Seat 3: sta$igk (small blind) folded before Flop
Seat 4: Joe_Li7 (big blind) folded before Flop
Seat 5: Supermegopro folded before Flop (didn't bet)
Seat 6: svb3 folded on the Turn



PokerStars Hand #254591885760:  Hold'em No Limit ($0.50/$1.00 USD) - 2025/01/28 17:16:51 WET [2025/01/28 12:16:51 ET]
Table 'Euphrosyne' 6-max Seat #3 is the button
Seat 1: blistein ($107.72 in chips) 
Seat 2: peak joker33 ($104.40 in chips) 
Seat 3: sta$igk ($101 in chips) 
Seat 4: Joe_Li7 ($122.68 in chips) 
Seat 5: Supermegopro ($100 in chips) 
Seat 6: svb3 ($88.21 in chips) 
Joe_Li7: posts small blind $0.50
Supermegopro: posts big blind $1
*** HOLE CARDS ***
svb3: calls $1
blistein: folds 
peak joker33: folds 
sta$igk: folds 
Joe_Li7: folds 
Supermegopro: checks 
*** FLOP *** [5s 7c 9h]
Supermegopro: checks 
svb3: bets $3.38
Supermegopro: folds 
Uncalled bet ($3.38) returned to svb3
svb3 collected $2.35 from pot
*** SUMMARY ***
Total pot $2.50 | Rake $0.15 
Board [5s 7c 9h]
Seat 1: blistein folded before Flop (didn't bet)
Seat 2: peak joker33 folded before Flop (didn't bet)
Seat 3: sta$igk (button) folded before Flop (didn't bet)
Seat 4: Joe_Li7 (small blind) folded before Flop
Seat 5: Supermegopro (big blind) folded on the Flop
Seat 6: svb3 collected ($2.35)



PokerStars Hand #254591890173:  Hold'em No Limit ($0.50/$1.00 USD) - 2025/01/28 17:17:12 WET [2025/01/28 12:17:12 ET]
Table 'Euphrosyne' 6-max Seat #4 is the button
Seat 1: blistein ($107.72 in chips) 
Seat 2: peak joker33 ($104.40 in chips) 
Seat 3: sta$igk ($101 in chips) 
Seat 4: Joe_Li7 ($122.18 in chips) 
Seat 5: Supermegopro ($100 in chips) 
Seat 6: svb3 ($89.56 in chips) 
Supermegopro: posts small blind $0.50
svb3: posts big blind $1
*** HOLE CARDS ***
blistein: folds 
peak joker33: raises $1.50 to $2.50
sta$igk: raises $5.50 to $8
Joe_Li7: raises $9.50 to $17.50
Supermegopro: folds 
svb3: folds 
peak joker33: folds 
sta$igk: folds 
Uncalled bet ($9.50) returned to Joe_Li7
Joe_Li7 collected $20 from pot
*** SUMMARY ***
Total pot $20 | Rake $0 
Seat 1: blistein folded before Flop (didn't bet)
Seat 2: peak joker33 folded before Flop
Seat 3: sta$igk folded before Flop
Seat 4: Joe_Li7 (button) collected ($20)
Seat 5: Supermegopro (small blind) folded before Flop
Seat 6: svb3 (big blind) folded before Flop



PokerStars Hand #254591899660:  Hold'em No Limit ($0.50/$1.00 USD) - 2025/01/28 17:17:56 WET [2025/01/28 12:17:56 ET]
Table 'Euphrosyne' 6-max Seat #5 is the button
Seat 1: blistein ($107.72 in chips) 
Seat 2: peak joker33 ($101.90 in chips) 
Seat 3: sta$igk ($100 in chips) 
Seat 4: Joe_Li7 ($134.18 in chips) 
Seat 5: Supermegopro ($100 in chips) 
Seat 6: svb3 ($88.56 in chips) 
svb3: posts small blind $0.50
blistein: posts big blind $1
*** HOLE CARDS ***
peak joker33: folds 
sta$igk: raises $1.50 to $2.50
Joe_Li7: folds 
Supermegopro: folds 
svb3: raises $2.50 to $5
blistein: raises $11 to $16
sta$igk: folds 
svb3: calls $11
*** FLOP *** [8c 2h Jc]
svb3: bets $16.39
blistein: raises $75.33 to $91.72 and is all-in
svb3: calls $56.17 and is all-in
Uncalled bet ($19.16) returned to blistein
*** TURN *** [8c 2h Jc] [3s]
*** RIVER *** [8c 2h Jc 3s] [Qd]
*** SHOW DOWN ***
svb3: shows [Ac Kd] (high card Ace)
blistein: shows [Kc Ad] (high card Ace)
svb3 collected $88.25 from pot
blistein collected $88.56 from pot
*** SUMMARY ***
Total pot $179.62 | Rake $2.81 
Board [8c 2h Jc 3s Qd]
Seat 1: blistein (big blind) showed [Kc Ad] and won ($88.56) with high card Ace
Seat 2: peak joker33 folded before Flop (didn't bet)
Seat 3: sta$igk folded before Flop
Seat 4: Joe_Li7 folded before Flop (didn't bet)
Seat 5: Supermegopro (button) folded before Flop (didn't bet)
Seat 6: svb3 (small blind) showed [Ac Kd] and won ($88.25) with high card Ace



PokerStars Hand #254591913346:  Hold'em No Limit ($0.50/$1.00 USD) - 2025/01/28 17:18:59 WET [2025/01/28 12:18:59 ET]
Table 'Euphrosyne' 6-max Seat #6 is the button
Seat 1: blistein ($107.72 in chips) 
Seat 2: peak joker33 ($101.90 in chips) 
Seat 3: sta$igk ($100 in chips) 
Seat 4: Joe_Li7 ($134.18 in chips) 
Seat 5: Supermegopro ($100 in chips) 
Seat 6: svb3 ($88.25 in chips) 
blistein: posts small blind $0.50
peak joker33: posts big blind $1
*** HOLE CARDS ***
sta$igk: folds 
Joe_Li7: folds 
Supermegopro: folds 
svb3: folds 
blistein: folds 
Uncalled bet ($0.50) returned to peak joker33
peak joker33 collected $1 from pot
peak joker33: doesn't show hand 
*** SUMMARY ***
Total pot $1 | Rake $0 
Seat 1: blistein (small blind) folded before Flop
Seat 2: peak joker33 (big blind) collected ($1)
Seat 3: sta$igk folded before Flop (didn't bet)
Seat 4: Joe_Li7 folded before Flop (didn't bet)
Seat 5: Supermegopro folded before Flop (didn't bet)
Seat 6: svb3 (button) folded before Flop (didn't bet)



PokerStars Hand #254591915911:  Hold'em No Limit ($0.50/$1.00 USD) - 2025/01/28 17:19:11 WET [2025/01/28 12:19:11 ET]
Table 'Euphrosyne' 6-max Seat #1 is the button
Seat 1: blistein ($107.22 in chips) 
Seat 2: peak joker33 ($102.40 in chips) 
Seat 3: sta$igk ($100 in chips) 
Seat 4: Joe_Li7 ($134.18 in chips) 
Seat 5: Supermegopro ($100 in chips) 
Seat 6: svb3 ($88.25 in chips) 
peak joker33: posts small blind $0.50
sta$igk: posts big blind $1
*** HOLE CARDS ***
Joe_Li7: folds 
Supermegopro: folds 
svb3: folds 
blistein: raises $1.50 to $2.50
peak joker33: folds 
sta$igk: calls $1.50
*** FLOP *** [2h Ts Ks]
sta$igk: checks 
blistein: checks 
*** TURN *** [2h Ts Ks] [2d]
sta$igk: checks 
svb3 is disconnected 
blistein: checks 
*** RIVER *** [2h Ts Ks 2d] [4h]
sta$igk: bets $3.92
blistein: raises $7.84 to $11.76
sta$igk: calls $7.84
*** SHOW DOWN ***
blistein: shows [5s 6s] (a pair of Deuces)
sta$igk: shows [Td Ah] (two pair, Tens and Deuces)
sta$igk collected $27.57 from pot
*** SUMMARY ***
Total pot $29.02 | Rake $1.45 
Board [2h Ts Ks 2d 4h]
Seat 1: blistein (button) showed [5s 6s] and lost with a pair of Deuces
Seat 2: peak joker33 (small blind) folded before Flop
Seat 3: sta$igk (big blind) showed [Td Ah] and won ($27.57) with two pair, Tens and Deuces
Seat 4: Joe_Li7 folded before Flop (didn't bet)
Seat 5: Supermegopro folded before Flop (didn't bet)
Seat 6: svb3 folded before Flop (didn't bet)



PokerStars Hand #254591935901:  Hold'em No Limit ($0.50/$1.00 USD) - 2025/01/28 17:20:40 WET [2025/01/28 12:20:40 ET]
Table 'Euphrosyne' 6-max Seat #2 is the button
Seat 6: svb3 ($88.25 in chips) is sitting out
Seat 1: blistein ($100 in chips) 
Seat 2: peak joker33 ($101.90 in chips) 
Seat 3: sta$igk ($113.31 in chips) 
Seat 4: Joe_Li7 ($134.18 in chips) 
Seat 5: Supermegopro ($100 in chips) 
sta$igk: posts small blind $0.50
Joe_Li7: posts big blind $1
*** HOLE CARDS ***
Supermegopro: folds 
blistein: folds 
peak joker33: raises $1.50 to $2.50
sta$igk: folds 
Supermegopro leaves the table
Joe_Li7: calls $1.50
*** FLOP *** [9c Js 7s]
svb3 leaves the table
Joe_Li7: checks 
peak joker33: bets $3.13
blistein leaves the table
Joe_Li7: calls $3.13
*** TURN *** [9c Js 7s] [8d]
Joe_Li7: checks 
peak joker33: checks 
*** RIVER *** [9c Js 7s 8d] [Qd]
Joe_Li7: bets $14.22
peak joker33: folds 
Uncalled bet ($14.22) returned to Joe_Li7
Joe_Li7 collected $11.17 from pot
*** SUMMARY ***
Total pot $11.76 | Rake $0.59 
Board [9c Js 7s 8d Qd]
Seat 6: svb3
Seat 1: blistein folded before Flop (didn't bet)
Seat 2: peak joker33 (button) folded on the River
Seat 3: sta$igk (small blind) folded before Flop
Seat 4: Joe_Li7 (big blind) collected ($11.17)
Seat 5: Supermegopro folded before Flop (didn't bet)



PokerStars Hand #254592068141:  Hold'em No Limit ($0.50/$1.00 USD) - 2025/01/28 17:29:53 WET [2025/01/28 12:29:53 ET]
Table 'Euphrosyne' 6-max Seat #3 is the button
Seat 1: EAroca ($100 in chips) 
Seat 2: blistein ($100 in chips) 
Seat 3: CichiChanMarian ($100 in chips) 
Seat 4: z00mba ($100 in chips) 
z00mba: posts small blind $0.50
EAroca: posts big blind $1
*** HOLE CARDS ***
blistein: folds 
CichiChanMarian: raises $1.50 to $2.50
z00mba: raises $9 to $11.50
EAroca: folds 
CichiChanMarian: folds 
Uncalled bet ($9) returned to z00mba
z00mba collected $6 from pot
z00mba: doesn't show hand 
*** SUMMARY ***
Total pot $6 | Rake $0 
Seat 1: EAroca (big blind) folded before Flop
Seat 2: blistein folded before Flop (didn't bet)
Seat 3: CichiChanMarian (button) folded before Flop
Seat 4: z00mba (small blind) collected ($6)



PokerStars Hand #254592074818:  Hold'em No Limit ($0.50/$1.00 USD) - 2025/01/28 17:30:18 WET [2025/01/28 12:30:18 ET]
Table 'Euphrosyne' 6-max Seat #4 is the button
Seat 1: EAroca ($100 in chips) 
Seat 2: blistein ($100 in chips) 
Seat 3: CichiChanMarian ($100 in chips) 
Seat 4: z00mba ($103.50 in chips) 
EAroca: posts small blind $0.50
blistein: posts big blind $1
*** HOLE CARDS ***
CichiChanMarian: folds 
z00mba: raises $1.50 to $2.50
EAroca: folds 
blistein: folds 
Uncalled bet ($1.50) returned to z00mba
z00mba collected $2.50 from pot
z00mba: doesn't show hand 
*** SUMMARY ***
Total pot $2.50 | Rake $0 
Seat 1: EAroca (small blind) folded before Flop
Seat 2: blistein (big blind) folded before Flop
Seat 3: CichiChanMarian folded before Flop (didn't bet)
Seat 4: z00mba (button) collected ($2.50)



PokerStars Hand #254592082705:  Hold'em No Limit ($0.50/$1.00 USD) - 2025/01/28 17:30:50 WET [2025/01/28 12:30:50 ET]
Table 'Euphrosyne' 6-max Seat #1 is the button
Seat 1: EAroca ($100 in chips) 
Seat 2: blistein ($100 in chips) 
Seat 3: CichiChanMarian ($100 in chips) 
Seat 4: z00mba ($105 in chips) 
blistein: posts small blind $0.50
CichiChanMarian: posts big blind $1
*** HOLE CARDS ***
z00mba: folds 
EAroca: raises $1.50 to $2.50
blistein: folds 
CichiChanMarian: folds 
Uncalled bet ($1.50) returned to EAroca
EAroca collected $2.50 from pot
EAroca: doesn't show hand 
*** SUMMARY ***
Total pot $2.50 | Rake $0 
Seat 1: EAroca (button) collected ($2.50)
Seat 2: blistein (small blind) folded before Flop
Seat 3: CichiChanMarian (big blind) folded before Flop
Seat 4: z00mba folded before Flop (didn't bet)



PokerStars Hand #254592086740:  Hold'em No Limit ($0.50/$1.00 USD) - 2025/01/28 17:31:05 WET [2025/01/28 12:31:05 ET]
Table 'Euphrosyne' 6-max Seat #2 is the button
Seat 4: z00mba ($105 in chips) is sitting out
Seat 1: EAroca ($101.50 in chips) 
Seat 2: blistein ($100 in chips) 
Seat 3: CichiChanMarian ($100 in chips) 
CichiChanMarian: posts small blind $0.50
z00mba: is sitting out 
EAroca: posts big blind $1
*** HOLE CARDS ***
z00mba leaves the table
blistein: raises $1.50 to $2.50
CichiChanMarian: folds 
EAroca: calls $1.50
*** FLOP *** [Qc Qh 6d]
EAroca: checks 
blistein: bets $1.77
EAroca: calls $1.77
*** TURN *** [Qc Qh 6d] [4c]
EAroca: checks 
blistein: checks 
*** RIVER *** [Qc Qh 6d 4c] [6c]
EAroca: checks 
blistein: bets $6.44
EAroca: calls $6.44
*** SHOW DOWN ***
blistein: shows [Js Jc] (two pair, Queens and Jacks)
EAroca: mucks hand 
blistein collected $20.92 from pot
*** SUMMARY ***
Total pot $21.92 | Rake $1 
Board [Qc Qh 6d 4c 6c]
Seat 4: z00mba
Seat 1: EAroca (big blind) mucked
Seat 2: blistein (button) showed [Js Jc] and won ($20.92) with two pair, Queens and Jacks
Seat 3: CichiChanMarian (small blind) folded before Flop



PokerStars Hand #254592128324:  Hold'em No Limit ($0.50/$1.00 USD) - 2025/01/28 17:33:45 WET [2025/01/28 12:33:45 ET]
Table 'Euphrosyne' 6-max Seat #1 is the button
Seat 1: Theseus664 ($100 in chips) 
Seat 2: Gfoer ($100 in chips) 
Theseus664: posts small blind $0.50
Gfoer: posts big blind $1
*** HOLE CARDS ***
Theseus664: folds 
Uncalled bet ($0.50) returned to Gfoer
Gfoer collected $1 from pot
Gfoer: doesn't show hand 
*** SUMMARY ***
Total pot $1 | Rake $0 
Seat 1: Theseus664 (button) (small blind) folded before Flop
Seat 2: Gfoer (big blind) collected ($1)



PokerStars Hand #254592130334:  Hold'em No Limit ($0.50/$1.00 USD) - 2025/01/28 17:33:52 WET [2025/01/28 12:33:52 ET]
Table 'Euphrosyne' 6-max Seat #2 is the button
Seat 1: Theseus664 ($99.50 in chips) 
Seat 2: Gfoer ($100.50 in chips) 
Gfoer: posts small blind $0.50
Theseus664: posts big blind $1
*** HOLE CARDS ***
Gfoer: folds 
Uncalled bet ($0.50) returned to Theseus664
Theseus664 collected $1 from pot
*** SUMMARY ***
Total pot $1 | Rake $0 
Seat 1: Theseus664 (big blind) collected ($1)
Seat 2: Gfoer (button) (small blind) folded before Flop



PokerStars Hand #254592135934:  Hold'em No Limit ($0.50/$1.00 USD) - 2025/01/28 17:34:14 WET [2025/01/28 12:34:14 ET]
Table 'Euphrosyne' 6-max Seat #3 is the button
Seat 1: Theseus664 ($100 in chips) 
Seat 2: blistein ($110.21 in chips) 
Seat 3: ARCTlCkiss ($100 in chips) 
Seat 4: j7387 ($24.11 in chips) 
Seat 5: paramourx ($100 in chips) 
Seat 6: Paco19bn ($100 in chips) 
j7387: posts small blind $0.50
paramourx: posts big blind $1
*** HOLE CARDS ***
Paco19bn: folds 
Theseus664: folds 
blistein: folds 
ARCTlCkiss: folds 
j7387: calls $0.50
paramourx: raises $2.50 to $3.50
j7387: calls $2.50
*** FLOP *** [Js Td 3h]
j7387: checks 
paramourx: bets $3.33
j7387: calls $3.33
*** TURN *** [Js Td 3h] [Jh]
j7387: bets $17.28 and is all-in
paramourx: calls $17.28
*** RIVER *** [Js Td 3h Jh] [9d]
*** SHOW DOWN ***
j7387: shows [2c Th] (two pair, Jacks and Tens)
paramourx: shows [Qd Jc] (three of a kind, Jacks)
paramourx collected $45.81 from pot
*** SUMMARY ***
Total pot $48.22 | Rake $2.41 
Board [Js Td 3h Jh 9d]
Seat 1: Theseus664 folded before Flop (didn't bet)
Seat 2: blistein folded before Flop (didn't bet)
Seat 3: ARCTlCkiss (button) folded before Flop (didn't bet)
Seat 4: j7387 (small blind) showed [2c Th] and lost with two pair, Jacks and Tens
Seat 5: paramourx (big blind) showed [Qd Jc] and won ($45.81) with three of a kind, Jacks
Seat 6: Paco19bn folded before Flop (didn't bet)



PokerStars Hand #254592151357:  Hold'em No Limit ($0.50/$1.00 USD) - 2025/01/28 17:35:13 WET [2025/01/28 12:35:13 ET]
Table 'Euphrosyne' 6-max Seat #5 is the button
Seat 4: j7387 ($0 in chips) is sitting out
Seat 1: Theseus664 ($100 in chips) 
Seat 2: blistein ($110.21 in chips) 
Seat 3: ARCTlCkiss ($100 in chips) 
Seat 5: paramourx ($121.70 in chips) 
Seat 6: Paco19bn ($100 in chips) 
Paco19bn: posts small blind $0.50
Theseus664: posts big blind $1
*** HOLE CARDS ***
blistein: folds 
ARCTlCkiss: raises $1.53 to $2.53
paramourx: folds 
Paco19bn: folds 
Theseus664: folds 
Uncalled bet ($1.53) returned to ARCTlCkiss
j7387 leaves the table
ARCTlCkiss collected $2.50 from pot
ARCTlCkiss: doesn't show hand 
*** SUMMARY ***
Total pot $2.50 | Rake $0 
Seat 4: j7387
Seat 1: Theseus664 (big blind) folded before Flop
Seat 2: blistein folded before Flop (didn't bet)
Seat 3: ARCTlCkiss collected ($2.50)
Seat 5: paramourx (button) folded before Flop (didn't bet)
Seat 6: Paco19bn (small blind) folded before Flop



PokerStars Hand #254592154452:  Hold'em No Limit ($0.50/$1.00 USD) - 2025/01/28 17:35:24 WET [2025/01/28 12:35:24 ET]
Table 'Euphrosyne' 6-max Seat #6 is the button
Seat 1: Theseus664 ($99 in chips) 
Seat 2: blistein ($110.21 in chips) 
Seat 3: ARCTlCkiss ($101.50 in chips) 
Seat 5: paramourx ($121.70 in chips) 
Seat 6: Paco19bn ($100 in chips) 
Theseus664: posts small blind $0.50
blistein: posts big blind $1
*** HOLE CARDS ***
ARCTlCkiss: raises $1.53 to $2.53
paramourx: folds 
coeeeelho joins the table at seat #4 
Paco19bn: folds 
Theseus664: folds 
blistein: folds 
Uncalled bet ($1.53) returned to ARCTlCkiss
ARCTlCkiss collected $2.50 from pot
ARCTlCkiss: doesn't show hand 
*** SUMMARY ***
Total pot $2.50 | Rake $0 
Seat 1: Theseus664 (small blind) folded before Flop
Seat 2: blistein (big blind) folded before Flop
Seat 3: ARCTlCkiss collected ($2.50)
Seat 5: paramourx folded before Flop (didn't bet)
Seat 6: Paco19bn (button) folded before Flop (didn't bet)



PokerStars Hand #254592157423:  Hold'em No Limit ($0.50/$1.00 USD) - 2025/01/28 17:35:35 WET [2025/01/28 12:35:35 ET]
Table 'Euphrosyne' 6-max Seat #1 is the button
Seat 4: coeeeelho ($100 in chips) is sitting out
Seat 1: Theseus664 ($98.50 in chips) 
Seat 2: blistein ($109.21 in chips) 
Seat 3: ARCTlCkiss ($103 in chips) 
Seat 5: paramourx ($121.70 in chips) 
Seat 6: Paco19bn ($100 in chips) 
blistein: posts small blind $0.50
ARCTlCkiss: posts big blind $1
coeeeelho: sits out 
*** HOLE CARDS ***
paramourx: folds 
Paco19bn: folds 
Theseus664: folds 
blistein: raises $2 to $3
ARCTlCkiss: calls $2
*** FLOP *** [7h As Jd]
blistein: bets $1.94
ARCTlCkiss: calls $1.94
*** TURN *** [7h As Jd] [6s]
blistein: checks 
ARCTlCkiss: checks 
*** RIVER *** [7h As Jd 6s] [8c]
blistein: bets $23.48
ARCTlCkiss: folds 
Uncalled bet ($23.48) returned to blistein
blistein collected $9.39 from pot
blistein: doesn't show hand 
*** SUMMARY ***
Total pot $9.88 | Rake $0.49 
Board [7h As Jd 6s 8c]
Seat 4: coeeeelho
Seat 1: Theseus664 (button) folded before Flop (didn't bet)
Seat 2: blistein (small blind) collected ($9.39)
Seat 3: ARCTlCkiss (big blind) folded on the River
Seat 5: paramourx folded before Flop (didn't bet)
Seat 6: Paco19bn folded before Flop (didn't bet)



PokerStars Hand #254592185102:  Hold'em No Limit ($0.50/$1.00 USD) - 2025/01/28 17:37:20 WET [2025/01/28 12:37:20 ET]
Table 'Euphrosyne' 6-max Seat #2 is the button
Seat 1: Theseus664 ($98.50 in chips) 
Seat 2: blistein ($113.66 in chips) 
Seat 3: ARCTlCkiss ($100 in chips) 
Seat 4: coeeeelho ($100 in chips) 
Seat 5: paramourx ($121.70 in chips) 
Seat 6: Paco19bn ($100 in chips) 
ARCTlCkiss: posts small blind $0.50
coeeeelho: posts big blind $1
*** HOLE CARDS ***
paramourx: raises $2 to $3
Paco19bn: folds 
Theseus664: folds 
blistein: folds 
ARCTlCkiss: folds 
coeeeelho: folds 
Uncalled bet ($2) returned to paramourx
paramourx collected $2.50 from pot
paramourx: doesn't show hand 
*** SUMMARY ***
Total pot $2.50 | Rake $0 
Seat 1: Theseus664 folded before Flop (didn't bet)
Seat 2: blistein (button) folded before Flop (didn't bet)
Seat 3: ARCTlCkiss (small blind) folded before Flop
Seat 4: coeeeelho (big blind) folded before Flop
Seat 5: paramourx collected ($2.50)
Seat 6: Paco19bn folded before Flop (didn't bet)



PokerStars Hand #254592189988:  Hold'em No Limit ($0.50/$1.00 USD) - 2025/01/28 17:37:38 WET [2025/01/28 12:37:38 ET]
Table 'Euphrosyne' 6-max Seat #3 is the button
Seat 1: Theseus664 ($98.50 in chips) 
Seat 2: blistein ($113.66 in chips) 
Seat 3: ARCTlCkiss ($100 in chips) 
Seat 4: coeeeelho ($100 in chips) 
Seat 5: paramourx ($123.20 in chips) 
Seat 6: Paco19bn ($100 in chips) 
coeeeelho: posts small blind $0.50
paramourx: posts big blind $1
*** HOLE CARDS ***
Paco19bn: folds 
Theseus664: raises $2 to $3
Paco19bn leaves the table
blistein: folds 
ARCTlCkiss: folds 
coeeeelho: raises $7 to $10
derrauh joins the table at seat #6 
derrauh is disconnected 
paramourx: folds 
Theseus664: calls $7
*** FLOP *** [Jh Kd 5h]
coeeeelho: bets $4.99
Theseus664: folds 
Uncalled bet ($4.99) returned to coeeeelho
coeeeelho collected $19.95 from pot
*** SUMMARY ***
Total pot $21 | Rake $1.05 
Board [Jh Kd 5h]
Seat 1: Theseus664 folded on the Flop
Seat 2: blistein folded before Flop (didn't bet)
Seat 3: ARCTlCkiss (button) folded before Flop (didn't bet)
Seat 4: coeeeelho (small blind) collected ($19.95)
Seat 5: paramourx (big blind) folded before Flop
Seat 6: Paco19bn folded before Flop (didn't bet)



PokerStars Hand #254592203972:  Hold'em No Limit ($0.50/$1.00 USD) - 2025/01/28 17:38:31 WET [2025/01/28 12:38:31 ET]
Table 'Euphrosyne' 6-max Seat #4 is the button
Seat 1: Theseus664 ($88.50 in chips) 
Seat 2: blistein ($113.66 in chips) 
Seat 3: ARCTlCkiss ($100 in chips) 
Seat 4: coeeeelho ($109.95 in chips) 
Seat 5: paramourx ($122.20 in chips) 
Seat 6: derrauh ($100 in chips) 
paramourx: posts small blind $0.50
derrauh: posts big blind $1
*** HOLE CARDS ***
Theseus664: raises $2 to $3
blistein: folds 
ARCTlCkiss: folds 
coeeeelho: folds 
paramourx: folds 
derrauh: folds 
Uncalled bet ($2) returned to Theseus664
Theseus664 collected $2.50 from pot
*** SUMMARY ***
Total pot $2.50 | Rake $0 
Seat 1: Theseus664 collected ($2.50)
Seat 2: blistein folded before Flop (didn't bet)
Seat 3: ARCTlCkiss folded before Flop (didn't bet)
Seat 4: coeeeelho (button) folded before Flop (didn't bet)
Seat 5: paramourx (small blind) folded before Flop
Seat 6: derrauh (big blind) folded before Flop



PokerStars Hand #254592208531:  Hold'em No Limit ($0.50/$1.00 USD) - 2025/01/28 17:38:48 WET [2025/01/28 12:38:48 ET]
Table 'Euphrosyne' 6-max Seat #5 is the button
Seat 1: Theseus664 ($90 in chips) 
Seat 2: blistein ($113.66 in chips) 
Seat 3: ARCTlCkiss ($100 in chips) 
Seat 4: coeeeelho ($109.95 in chips) 
Seat 5: paramourx ($121.70 in chips) 
Seat 6: derrauh ($99 in chips) 
derrauh: posts small blind $0.50
Theseus664: posts big blind $1
*** HOLE CARDS ***
blistein: folds 
blistein leaves the table
ARCTlCkiss: folds 
coeeeelho: folds 
paramourx: folds 
derrauh: raises $2 to $3
Theseus664: folds 
Uncalled bet ($2) returned to derrauh
derrauh collected $2 from pot
jeffy27dt1 joins the table at seat #2 
*** SUMMARY ***
Total pot $2 | Rake $0 
Seat 1: Theseus664 (big blind) folded before Flop
Seat 2: blistein folded before Flop (didn't bet)
Seat 3: ARCTlCkiss folded before Flop (didn't bet)
Seat 4: coeeeelho folded before Flop (didn't bet)
Seat 5: paramourx (button) folded before Flop (didn't bet)
Seat 6: derrauh (small blind) collected ($2)



PokerStars Hand #254592212539:  Hold'em No Limit ($0.50/$1.00 USD) - 2025/01/28 17:39:03 WET [2025/01/28 12:39:03 ET]
Table 'Euphrosyne' 6-max Seat #6 is the button
Seat 1: Theseus664 ($89 in chips) 
Seat 2: jeffy27dt1 ($100 in chips) 
Seat 3: ARCTlCkiss ($100 in chips) 
Seat 4: coeeeelho ($109.95 in chips) 
Seat 5: paramourx ($121.70 in chips) 
Seat 6: derrauh ($100 in chips) 
Theseus664: posts small blind $0.50
jeffy27dt1: posts big blind $1
*** HOLE CARDS ***
ARCTlCkiss: folds 
coeeeelho: raises $1.20 to $2.20
paramourx: folds 
derrauh: folds 
Theseus664: raises $5.20 to $7.40
jeffy27dt1: folds 
coeeeelho: calls $5.20
*** FLOP *** [Ts 2c Qh]
Theseus664: bets $9.51
coeeeelho: folds 
Uncalled bet ($9.51) returned to Theseus664
Theseus664 collected $15.01 from pot
*** SUMMARY ***
Total pot $15.80 | Rake $0.79 
Board [Ts 2c Qh]
Seat 1: Theseus664 (small blind) collected ($15.01)
Seat 2: jeffy27dt1 (big blind) folded before Flop
Seat 3: ARCTlCkiss folded before Flop (didn't bet)
Seat 4: coeeeelho folded on the Flop
Seat 5: paramourx folded before Flop (didn't bet)
Seat 6: derrauh (button) folded before Flop (didn't bet)



PokerStars Hand #254592223844:  Hold'em No Limit ($0.50/$1.00 USD) - 2025/01/28 17:39:46 WET [2025/01/28 12:39:46 ET]
Table 'Euphrosyne' 6-max Seat #1 is the button
Seat 3: ARCTlCkiss ($100 in chips) is sitting out
Seat 1: Theseus664 ($96.61 in chips) 
Seat 2: jeffy27dt1 ($100 in chips) 
Seat 4: coeeeelho ($102.55 in chips) 
Seat 5: paramourx ($121.70 in chips) 
Seat 6: derrauh ($100 in chips) 
jeffy27dt1: posts small blind $0.50
ARCTlCkiss: is sitting out 
coeeeelho: posts big blind $1
*** HOLE CARDS ***
paramourx: folds 
derrauh: folds 
Theseus664: folds 
ARCTlCkiss leaves the table
jeffy27dt1: folds 
Uncalled bet ($0.50) returned to coeeeelho
coeeeelho collected $1 from pot
*** SUMMARY ***
Total pot $1 | Rake $0 
Seat 3: ARCTlCkiss
Seat 1: Theseus664 (button) folded before Flop (didn't bet)
Seat 2: jeffy27dt1 (small blind) folded before Flop
Seat 4: coeeeelho (big blind) collected ($1)
Seat 5: paramourx folded before Flop (didn't bet)
Seat 6: derrauh folded before Flop (didn't bet)



PokerStars Hand #254592227093:  Hold'em No Limit ($0.50/$1.00 USD) - 2025/01/28 17:39:58 WET [2025/01/28 12:39:58 ET]
Table 'Euphrosyne' 6-max Seat #2 is the button
Seat 5: paramourx ($121.70 in chips) is sitting out
Seat 1: Theseus664 ($96.61 in chips) 
Seat 2: jeffy27dt1 ($100 in chips) 
Seat 4: coeeeelho ($103.05 in chips) 
Seat 6: derrauh ($100 in chips) 
coeeeelho: posts small blind $0.50
paramourx: is sitting out 
derrauh: posts big blind $1
*** HOLE CARDS ***
Theseus664: folds 
avstero joins the table at seat #3 
jeffy27dt1: raises $1.50 to $2.50
coeeeelho: folds 
derrauh: folds 
Uncalled bet ($1.50) returned to jeffy27dt1
paramourx leaves the table
jeffy27dt1 collected $2.50 from pot
jeffy27dt1: doesn't show hand 
*** SUMMARY ***
Total pot $2.50 | Rake $0 
Seat 5: paramourx
Seat 1: Theseus664 folded before Flop (didn't bet)
Seat 2: jeffy27dt1 (button) collected ($2.50)
Seat 4: coeeeelho (small blind) folded before Flop
Seat 6: derrauh (big blind) folded before Flop



PokerStars Hand #254592231342:  Hold'em No Limit ($0.50/$1.00 USD) - 2025/01/28 17:40:14 WET [2025/01/28 12:40:14 ET]
Table 'Euphrosyne' 6-max Seat #4 is the button
Seat 3: avstero ($100 in chips) is sitting out
Seat 1: Theseus664 ($96.61 in chips) 
Seat 2: jeffy27dt1 ($101.50 in chips) 
Seat 4: coeeeelho ($102.55 in chips) 
Seat 6: derrauh ($99 in chips) 
derrauh: posts small blind $0.50
Theseus664: posts big blind $1
avstero: sits out 
*** HOLE CARDS ***
z00mba joins the table at seat #5 
jeffy27dt1: folds 
coeeeelho: raises $1.50 to $2.50
derrauh: raises $6 to $8.50
Theseus664: folds 
coeeeelho: calls $6
*** FLOP *** [4s 7h 6d]
derrauh: bets $17.10
coeeeelho: folds 
Uncalled bet ($17.10) returned to derrauh
derrauh collected $16.88 from pot
*** SUMMARY ***
Total pot $18 | Rake $1.12 
Board [4s 7h 6d]
Seat 3: avstero
Seat 1: Theseus664 (big blind) folded before Flop
Seat 2: jeffy27dt1 folded before Flop (didn't bet)
Seat 4: coeeeelho (button) folded on the Flop
Seat 6: derrauh (small blind) collected ($16.88)



PokerStars Hand #254592239907:  Hold'em No Limit ($0.50/$1.00 USD) - 2025/01/28 17:40:45 WET [2025/01/28 12:40:45 ET]
Table 'Euphrosyne' 6-max Seat #6 is the button
Seat 3: avstero ($100 in chips) is sitting out
Seat 5: z00mba ($105 in chips) is sitting out
Seat 1: Theseus664 ($95.61 in chips) 
Seat 2: jeffy27dt1 ($101.50 in chips) 
Seat 4: coeeeelho ($100 in chips) 
Seat 6: derrauh ($107.38 in chips) 
Theseus664: posts small blind $0.50
jeffy27dt1: posts big blind $1
avstero: sits out 
z00mba: sits out 
*** HOLE CARDS ***
coeeeelho: folds 
derrauh: folds 
Theseus664: raises $2 to $3
jeffy27dt1: raises $7 to $10
Theseus664: raises $18 to $28
jeffy27dt1: raises $73.50 to $101.50 and is all-in
Theseus664: folds 
Uncalled bet ($73.50) returned to jeffy27dt1
jeffy27dt1 collected $56 from pot
jeffy27dt1: doesn't show hand 
*** SUMMARY ***
Total pot $56 | Rake $0 
Seat 3: avstero
Seat 5: z00mba
Seat 1: Theseus664 (small blind) folded before Flop
Seat 2: jeffy27dt1 (big blind) collected ($56)
Seat 4: coeeeelho folded before Flop (didn't bet)
Seat 6: derrauh (button) folded before Flop (didn't bet)



PokerStars Hand #254592250472:  Hold'em No Limit ($0.50/$1.00 USD) - 2025/01/28 17:41:24 WET [2025/01/28 12:41:24 ET]
Table 'Euphrosyne' 6-max Seat #1 is the button
Seat 5: z00mba ($105 in chips) is sitting out
Seat 1: Theseus664 ($67.61 in chips) 
Seat 2: jeffy27dt1 ($129.50 in chips) 
Seat 3: avstero ($100 in chips) 
Seat 4: coeeeelho ($100 in chips) 
Seat 6: derrauh ($107.38 in chips) 
jeffy27dt1: posts small blind $0.50
avstero: posts big blind $1
z00mba: sits out 
*** HOLE CARDS ***
coeeeelho: folds 
derrauh: folds 
Theseus664: raises $2 to $3
jeffy27dt1: raises $7 to $10
avstero: folds 
Theseus664: calls $7
*** FLOP *** [2s Ks 3d]
jeffy27dt1: bets $6.60
Theseus664: calls $6.60
*** TURN *** [2s Ks 3d] [3s]
jeffy27dt1: checks 
Theseus664: bets $20
jeffy27dt1: folds 
Uncalled bet ($20) returned to Theseus664
Theseus664 collected $32.49 from pot
*** SUMMARY ***
Total pot $34.20 | Rake $1.71 
Board [2s Ks 3d 3s]
Seat 5: z00mba
Seat 1: Theseus664 (button) collected ($32.49)
Seat 2: jeffy27dt1 (small blind) folded on the Turn
Seat 3: avstero (big blind) folded before Flop
Seat 4: coeeeelho folded before Flop (didn't bet)
Seat 6: derrauh folded before Flop (didn't bet)



PokerStars Hand #254592265466:  Hold'em No Limit ($0.50/$1.00 USD) - 2025/01/28 17:42:19 WET [2025/01/28 12:42:19 ET]
Table 'Euphrosyne' 6-max Seat #2 is the button
Seat 5: z00mba ($105 in chips) is sitting out
Seat 1: Theseus664 ($83.50 in chips) 
Seat 2: jeffy27dt1 ($112.90 in chips) 
Seat 3: avstero ($99 in chips) 
Seat 4: coeeeelho ($100 in chips) 
Seat 6: derrauh ($107.38 in chips) 
avstero: posts small blind $0.50
coeeeelho: posts big blind $1
z00mba: sits out 
*** HOLE CARDS ***
derrauh: folds 
Theseus664: folds 
jeffy27dt1: raises $1.50 to $2.50
avstero: folds 
coeeeelho: folds 
Uncalled bet ($1.50) returned to jeffy27dt1
jeffy27dt1 collected $2.50 from pot
jeffy27dt1: doesn't show hand 
*** SUMMARY ***
Total pot $2.50 | Rake $0 
Seat 5: z00mba
Seat 1: Theseus664 folded before Flop (didn't bet)
Seat 2: jeffy27dt1 (button) collected ($2.50)
Seat 3: avstero (small blind) folded before Flop
Seat 4: coeeeelho (big blind) folded before Flop
Seat 6: derrauh folded before Flop (didn't bet)



PokerStars Hand #254592272787:  Hold'em No Limit ($0.50/$1.00 USD) - 2025/01/28 17:42:45 WET [2025/01/28 12:42:45 ET]
Table 'Euphrosyne' 6-max Seat #3 is the button
Seat 1: Theseus664 ($83.50 in chips) 
Seat 2: jeffy27dt1 ($114.40 in chips) 
Seat 3: avstero ($100 in chips) 
Seat 4: coeeeelho ($100 in chips) 
Seat 5: z00mba ($105 in chips) 
Seat 6: derrauh ($107.38 in chips) 
coeeeelho: posts small blind $0.50
z00mba: posts big blind $1
*** HOLE CARDS ***
derrauh: raises $2 to $3
Theseus664: folds 
jeffy27dt1: folds 
avstero: folds 
coeeeelho: folds 
z00mba: folds 
Uncalled bet ($2) returned to derrauh
derrauh collected $2.50 from pot
*** SUMMARY ***
Total pot $2.50 | Rake $0 
Seat 1: Theseus664 folded before Flop (didn't bet)
Seat 2: jeffy27dt1 folded before Flop (didn't bet)
Seat 3: avstero (button) folded before Flop (didn't bet)
Seat 4: coeeeelho (small blind) folded before Flop
Seat 5: z00mba (big blind) folded before Flop
Seat 6: derrauh collected ($2.50)



PokerStars Hand #254592277745:  Hold'em No Limit ($0.50/$1.00 USD) - 2025/01/28 17:43:03 WET [2025/01/28 12:43:03 ET]
Table 'Euphrosyne' 6-max Seat #4 is the button
Seat 1: Theseus664 ($83.50 in chips) 
Seat 2: jeffy27dt1 ($114.40 in chips) 
Seat 3: avstero ($100 in chips) 
Seat 4: coeeeelho ($100 in chips) 
Seat 5: z00mba ($104 in chips) 
Seat 6: derrauh ($108.88 in chips) 
z00mba: posts small blind $0.50
derrauh: posts big blind $1
*** HOLE CARDS ***
Theseus664: folds 
jeffy27dt1: folds 
avstero: folds 
coeeeelho: folds 
z00mba: folds 
Uncalled bet ($0.50) returned to derrauh
derrauh collected $1 from pot
*** SUMMARY ***
Total pot $1 | Rake $0 
Seat 1: Theseus664 folded before Flop (didn't bet)
Seat 2: jeffy27dt1 folded before Flop (didn't bet)
Seat 3: avstero folded before Flop (didn't bet)
Seat 4: coeeeelho (button) folded before Flop (didn't bet)
Seat 5: z00mba (small blind) folded before Flop
Seat 6: derrauh (big blind) collected ($1)



PokerStars Hand #254592283697:  Hold'em No Limit ($0.50/$1.00 USD) - 2025/01/28 17:43:25 WET [2025/01/28 12:43:25 ET]
Table 'Euphrosyne' 6-max Seat #5 is the button
Seat 1: Theseus664 ($83.50 in chips) 
Seat 2: jeffy27dt1 ($114.40 in chips) 
Seat 3: avstero ($100 in chips) 
Seat 4: coeeeelho ($100 in chips) 
Seat 5: z00mba ($103.50 in chips) 
Seat 6: derrauh ($109.38 in chips) 
derrauh: posts small blind $0.50
Theseus664: posts big blind $1
*** HOLE CARDS ***
jeffy27dt1: folds 
avstero: folds 
coeeeelho: folds 
z00mba: folds 
derrauh: folds 
Uncalled bet ($0.50) returned to Theseus664
Theseus664 collected $1 from pot
*** SUMMARY ***
Total pot $1 | Rake $0 
Seat 1: Theseus664 (big blind) collected ($1)
Seat 2: jeffy27dt1 folded before Flop (didn't bet)
Seat 3: avstero folded before Flop (didn't bet)
Seat 4: coeeeelho folded before Flop (didn't bet)
Seat 5: z00mba (button) folded before Flop (didn't bet)
Seat 6: derrauh (small blind) folded before Flop



PokerStars Hand #254592289730:  Hold'em No Limit ($0.50/$1.00 USD) - 2025/01/28 17:43:47 WET [2025/01/28 12:43:47 ET]
Table 'Euphrosyne' 6-max Seat #6 is the button
Seat 1: Theseus664 ($84 in chips) 
Seat 2: jeffy27dt1 ($114.40 in chips) 
Seat 3: avstero ($100 in chips) 
Seat 4: coeeeelho ($100 in chips) 
Seat 5: z00mba ($103.50 in chips) 
Seat 6: derrauh ($108.88 in chips) 
Theseus664: posts small blind $0.50
jeffy27dt1: posts big blind $1
*** HOLE CARDS ***
avstero: folds 
coeeeelho: folds 
z00mba: folds 
derrauh: folds 
Theseus664: raises $2 to $3
jeffy27dt1: folds 
Uncalled bet ($2) returned to Theseus664
Theseus664 collected $2 from pot
*** SUMMARY ***
Total pot $2 | Rake $0 
Seat 1: Theseus664 (small blind) collected ($2)
Seat 2: jeffy27dt1 (big blind) folded before Flop
Seat 3: avstero folded before Flop (didn't bet)
Seat 4: coeeeelho folded before Flop (didn't bet)
Seat 5: z00mba folded before Flop (didn't bet)
Seat 6: derrauh (button) folded before Flop (didn't bet)



PokerStars Hand #254592294045:  Hold'em No Limit ($0.50/$1.00 USD) - 2025/01/28 17:44:02 WET [2025/01/28 12:44:02 ET]
Table 'Euphrosyne' 6-max Seat #1 is the button
Seat 1: Theseus664 ($85 in chips) 
Seat 2: jeffy27dt1 ($113.40 in chips) 
Seat 3: avstero ($100 in chips) 
Seat 4: coeeeelho ($100 in chips) 
Seat 5: z00mba ($103.50 in chips) 
Seat 6: derrauh ($108.88 in chips) 
jeffy27dt1: posts small blind $0.50
avstero: posts big blind $1
*** HOLE CARDS ***
coeeeelho: folds 
z00mba: folds 
derrauh: raises $2 to $3
Theseus664: folds 
jeffy27dt1: folds 
avstero: calls $2
*** FLOP *** [3d 7s 9d]
avstero: checks 
derrauh: checks 
*** TURN *** [3d 7s 9d] [Kd]
avstero: checks 
derrauh: bets $3.09
avstero: folds 
Uncalled bet ($3.09) returned to derrauh
derrauh collected $6.10 from pot
*** SUMMARY ***
Total pot $6.50 | Rake $0.40 
Board [3d 7s 9d Kd]
Seat 1: Theseus664 (button) folded before Flop (didn't bet)
Seat 2: jeffy27dt1 (small blind) folded before Flop
Seat 3: avstero (big blind) folded on the Turn
Seat 4: coeeeelho folded before Flop (didn't bet)
Seat 5: z00mba folded before Flop (didn't bet)
Seat 6: derrauh collected ($6.10)



PokerStars Hand #254592307743:  Hold'em No Limit ($0.50/$1.00 USD) - 2025/01/28 17:44:51 WET [2025/01/28 12:44:51 ET]
Table 'Euphrosyne' 6-max Seat #2 is the button
Seat 1: Theseus664 ($85 in chips) 
Seat 2: jeffy27dt1 ($112.90 in chips) 
Seat 3: avstero ($100 in chips) 
Seat 4: coeeeelho ($100 in chips) 
Seat 5: z00mba ($103.50 in chips) 
Seat 6: derrauh ($111.98 in chips) 
avstero: posts small blind $0.50
coeeeelho: posts big blind $1
*** HOLE CARDS ***
z00mba: folds 
derrauh: raises $2 to $3
Theseus664: folds 
jeffy27dt1: folds 
avstero: folds 
coeeeelho: folds 
Uncalled bet ($2) returned to derrauh
derrauh collected $2.50 from pot
*** SUMMARY ***
Total pot $2.50 | Rake $0 
Seat 1: Theseus664 folded before Flop (didn't bet)
Seat 2: jeffy27dt1 (button) folded before Flop (didn't bet)
Seat 3: avstero (small blind) folded before Flop
Seat 4: coeeeelho (big blind) folded before Flop
Seat 5: z00mba folded before Flop (didn't bet)
Seat 6: derrauh collected ($2.50)



PokerStars Hand #254592313374:  Hold'em No Limit ($0.50/$1.00 USD) - 2025/01/28 17:45:12 WET [2025/01/28 12:45:12 ET]
Table 'Euphrosyne' 6-max Seat #3 is the button
Seat 1: Theseus664 ($85 in chips) 
Seat 2: jeffy27dt1 ($112.90 in chips) 
Seat 3: avstero ($99.50 in chips) 
Seat 4: coeeeelho ($100 in chips) 
Seat 5: z00mba ($103.50 in chips) 
Seat 6: derrauh ($113.48 in chips) 
coeeeelho: posts small blind $0.50
z00mba: posts big blind $1
*** HOLE CARDS ***
derrauh: folds 
Theseus664: folds 
jeffy27dt1: folds 
avstero: folds 
coeeeelho: folds 
Uncalled bet ($0.50) returned to z00mba
z00mba collected $1 from pot
z00mba: doesn't show hand 
*** SUMMARY ***
Total pot $1 | Rake $0 
Seat 1: Theseus664 folded before Flop (didn't bet)
Seat 2: jeffy27dt1 folded before Flop (didn't bet)
Seat 3: avstero (button) folded before Flop (didn't bet)
Seat 4: coeeeelho (small blind) folded before Flop
Seat 5: z00mba (big blind) collected ($1)
Seat 6: derrauh folded before Flop (didn't bet)



PokerStars Hand #254592317251:  Hold'em No Limit ($0.50/$1.00 USD) - 2025/01/28 17:45:26 WET [2025/01/28 12:45:26 ET]
Table 'Euphrosyne' 6-max Seat #4 is the button
Seat 1: Theseus664 ($85 in chips) 
Seat 2: jeffy27dt1 ($112.90 in chips) 
Seat 3: avstero ($99.50 in chips) 
Seat 4: coeeeelho ($100 in chips) 
Seat 5: z00mba ($104 in chips) 
Seat 6: derrauh ($113.48 in chips) 
z00mba: posts small blind $0.50
derrauh: posts big blind $1
*** HOLE CARDS ***
Theseus664: folds 
jeffy27dt1: raises $1.50 to $2.50
avstero: folds 
coeeeelho: folds 
z00mba: folds 
derrauh: raises $5.50 to $8
jeffy27dt1: calls $5.50
*** FLOP *** [5s 7d 6c]
z00mba leaves the table
derrauh: bets $15.68
jeffy27dt1: folds 
Uncalled bet ($15.68) returned to derrauh
derrauh collected $15.48 from pot
peak joker33 joins the table at seat #5 
*** SUMMARY ***
Total pot $16.50 | Rake $1.02 
Board [5s 7d 6c]
Seat 1: Theseus664 folded before Flop (didn't bet)
Seat 2: jeffy27dt1 folded on the Flop
Seat 3: avstero folded before Flop (didn't bet)
Seat 4: coeeeelho (button) folded before Flop (didn't bet)
Seat 5: z00mba (small blind) folded before Flop
Seat 6: derrauh (big blind) collected ($15.48)



PokerStars Hand #254592328184:  Hold'em No Limit ($0.50/$1.00 USD) - 2025/01/28 17:46:05 WET [2025/01/28 12:46:05 ET]
Table 'Euphrosyne' 6-max Seat #6 is the button
Seat 5: peak joker33 ($100 in chips) is sitting out
Seat 1: Theseus664 ($85 in chips) 
Seat 2: jeffy27dt1 ($104.90 in chips) 
Seat 3: avstero ($99.50 in chips) 
Seat 4: coeeeelho ($100 in chips) 
Seat 6: derrauh ($120.96 in chips) 
Theseus664: posts small blind $0.50
jeffy27dt1: posts big blind $1
peak joker33: sits out 
*** HOLE CARDS ***
avstero: raises $1.20 to $2.20
coeeeelho: folds 
derrauh: folds 
Theseus664: folds 
jeffy27dt1: folds 
Uncalled bet ($1.20) returned to avstero
avstero collected $2.50 from pot
avstero: doesn't show hand 
*** SUMMARY ***
Total pot $2.50 | Rake $0 
Seat 5: peak joker33
Seat 1: Theseus664 (small blind) folded before Flop
Seat 2: jeffy27dt1 (big blind) folded before Flop
Seat 3: avstero collected ($2.50)
Seat 4: coeeeelho folded before Flop (didn't bet)
Seat 6: derrauh (button) folded before Flop (didn't bet)



PokerStars Hand #254592333393:  Hold'em No Limit ($0.50/$1.00 USD) - 2025/01/28 17:46:23 WET [2025/01/28 12:46:23 ET]
Table 'Euphrosyne' 6-max Seat #1 is the button
Seat 5: peak joker33 ($100 in chips) is sitting out
Seat 1: Theseus664 ($84.50 in chips) 
Seat 2: jeffy27dt1 ($103.90 in chips) 
Seat 3: avstero ($101 in chips) 
Seat 4: coeeeelho ($100 in chips) 
Seat 6: derrauh ($120.96 in chips) 
jeffy27dt1: posts small blind $0.50
avstero: posts big blind $1
peak joker33: sits out 
*** HOLE CARDS ***
coeeeelho: folds 
derrauh: folds 
Theseus664: raises $2 to $3
jeffy27dt1: folds 
avstero: calls $2
*** FLOP *** [Jd Js Jc]
avstero: checks 
Theseus664: checks 
*** TURN *** [Jd Js Jc] [7s]
avstero: checks 
Theseus664: checks 
*** RIVER *** [Jd Js Jc 7s] [3s]
avstero: bets $1.85
Theseus664: raises $6.85 to $8.70
avstero: folds 
Uncalled bet ($6.85) returned to Theseus664
Theseus664 collected $9.69 from pot
*** SUMMARY ***
Total pot $10.20 | Rake $0.51 
Board [Jd Js Jc 7s 3s]
Seat 5: peak joker33
Seat 1: Theseus664 (button) collected ($9.69)
Seat 2: jeffy27dt1 (small blind) folded before Flop
Seat 3: avstero (big blind) folded on the River
Seat 4: coeeeelho folded before Flop (didn't bet)
Seat 6: derrauh folded before Flop (didn't bet)



PokerStars Hand #254592358246:  Hold'em No Limit ($0.50/$1.00 USD) - 2025/01/28 17:47:51 WET [2025/01/28 12:47:51 ET]
Table 'Euphrosyne' 6-max Seat #2 is the button
Seat 5: peak joker33 ($100 in chips) is sitting out
Seat 1: Theseus664 ($89.34 in chips) 
Seat 2: jeffy27dt1 ($103.40 in chips) 
Seat 3: avstero ($100 in chips) 
Seat 4: coeeeelho ($100 in chips) 
Seat 6: derrauh ($120.96 in chips) 
avstero: posts small blind $0.50
coeeeelho: posts big blind $1
peak joker33: sits out 
*** HOLE CARDS ***
derrauh: raises $2 to $3
Theseus664: folds 
jeffy27dt1: folds 
avstero: folds 
coeeeelho: raises $9 to $12
derrauh: folds 
Uncalled bet ($9) returned to coeeeelho
coeeeelho collected $6.50 from pot
*** SUMMARY ***
Total pot $6.50 | Rake $0 
Seat 5: peak joker33
Seat 1: Theseus664 folded before Flop (didn't bet)
Seat 2: jeffy27dt1 (button) folded before Flop (didn't bet)
Seat 3: avstero (small blind) folded before Flop
Seat 4: coeeeelho (big blind) collected ($6.50)
Seat 6: derrauh folded before Flop



PokerStars Hand #254592371714:  Hold'em No Limit ($0.50/$1.00 USD) - 2025/01/28 17:48:38 WET [2025/01/28 12:48:38 ET]
Table 'Euphrosyne' 6-max Seat #3 is the button
Seat 1: Theseus664 ($89.34 in chips) 
Seat 2: jeffy27dt1 ($103.40 in chips) 
Seat 3: avstero ($99.50 in chips) 
Seat 4: coeeeelho ($103.50 in chips) 
Seat 5: peak joker33 ($100 in chips) 
Seat 6: derrauh ($117.96 in chips) 
coeeeelho: posts small blind $0.50
peak joker33: posts big blind $1
*** HOLE CARDS ***
derrauh: folds 
Theseus664: raises $2 to $3
jeffy27dt1: folds 
avstero: folds 
coeeeelho: folds 
peak joker33: folds 
Uncalled bet ($2) returned to Theseus664
Theseus664 collected $2.50 from pot
*** SUMMARY ***
Total pot $2.50 | Rake $0 
Seat 1: Theseus664 collected ($2.50)
Seat 2: jeffy27dt1 folded before Flop (didn't bet)
Seat 3: avstero (button) folded before Flop (didn't bet)
Seat 4: coeeeelho (small blind) folded before Flop
Seat 5: peak joker33 (big blind) folded before Flop
Seat 6: derrauh folded before Flop (didn't bet)



PokerStars Hand #254592377861:  Hold'em No Limit ($0.50/$1.00 USD) - 2025/01/28 17:49:00 WET [2025/01/28 12:49:00 ET]
Table 'Euphrosyne' 6-max Seat #4 is the button
Seat 1: Theseus664 ($90.84 in chips) 
Seat 2: jeffy27dt1 ($103.40 in chips) 
Seat 3: avstero ($99.50 in chips) 
Seat 4: coeeeelho ($103 in chips) 
Seat 5: peak joker33 ($100 in chips) 
Seat 6: derrauh ($117.96 in chips) 
peak joker33: posts small blind $0.50
derrauh: posts big blind $1
*** HOLE CARDS ***
Theseus664: folds 
jeffy27dt1: folds 
avstero: folds 
coeeeelho: folds 
peak joker33: folds 
Uncalled bet ($0.50) returned to derrauh
derrauh collected $1 from pot
*** SUMMARY ***
Total pot $1 | Rake $0 
Seat 1: Theseus664 folded before Flop (didn't bet)
Seat 2: jeffy27dt1 folded before Flop (didn't bet)
Seat 3: avstero folded before Flop (didn't bet)
Seat 4: coeeeelho (button) folded before Flop (didn't bet)
Seat 5: peak joker33 (small blind) folded before Flop
Seat 6: derrauh (big blind) collected ($1)



PokerStars Hand #254592381812:  Hold'em No Limit ($0.50/$1.00 USD) - 2025/01/28 17:49:13 WET [2025/01/28 12:49:13 ET]
Table 'Euphrosyne' 6-max Seat #5 is the button
Seat 1: Theseus664 ($90.84 in chips) 
Seat 2: jeffy27dt1 ($103.40 in chips) 
Seat 3: avstero ($99.50 in chips) 
Seat 4: coeeeelho ($103 in chips) 
Seat 5: peak joker33 ($100 in chips) 
Seat 6: derrauh ($118.46 in chips) 
derrauh: posts small blind $0.50
Theseus664: posts big blind $1
*** HOLE CARDS ***
jeffy27dt1: folds 
avstero: folds 
coeeeelho: folds 
peak joker33: raises $1.50 to $2.50
derrauh: folds 
Theseus664: folds 
Uncalled bet ($1.50) returned to peak joker33
peak joker33 collected $2.50 from pot
peak joker33: doesn't show hand 
*** SUMMARY ***
Total pot $2.50 | Rake $0 
Seat 1: Theseus664 (big blind) folded before Flop
Seat 2: jeffy27dt1 folded before Flop (didn't bet)
Seat 3: avstero folded before Flop (didn't bet)
Seat 4: coeeeelho folded before Flop (didn't bet)
Seat 5: peak joker33 (button) collected ($2.50)
Seat 6: derrauh (small blind) folded before Flop



PokerStars Hand #254592384942:  Hold'em No Limit ($0.50/$1.00 USD) - 2025/01/28 17:49:24 WET [2025/01/28 12:49:24 ET]
Table 'Euphrosyne' 6-max Seat #6 is the button
Seat 1: Theseus664 ($89.84 in chips) 
Seat 2: jeffy27dt1 ($103.40 in chips) 
Seat 3: avstero ($99.50 in chips) 
Seat 4: coeeeelho ($103 in chips) 
Seat 5: peak joker33 ($101.50 in chips) 
Seat 6: derrauh ($117.96 in chips) 
Theseus664: posts small blind $0.50
jeffy27dt1: posts big blind $1
*** HOLE CARDS ***
avstero: folds 
coeeeelho: folds 
peak joker33: raises $1.50 to $2.50
derrauh: calls $2.50
Theseus664: folds 
jeffy27dt1: folds 
*** FLOP *** [8h Kc 6c]
peak joker33: checks 
derrauh: bets $5.18
peak joker33: calls $5.18
*** TURN *** [8h Kc 6c] [5d]
peak joker33: checks 
derrauh: checks 
*** RIVER *** [8h Kc 6c 5d] [6s]
peak joker33: checks 
derrauh: checks 
*** SHOW DOWN ***
peak joker33: shows [Js Jh] (two pair, Jacks and Sixes)
derrauh: mucks hand 
peak joker33 collected $16.02 from pot
*** SUMMARY ***
Total pot $16.86 | Rake $0.84 
Board [8h Kc 6c 5d 6s]
Seat 1: Theseus664 (small blind) folded before Flop
Seat 2: jeffy27dt1 (big blind) folded before Flop
Seat 3: avstero folded before Flop (didn't bet)
Seat 4: coeeeelho folded before Flop (didn't bet)
Seat 5: peak joker33 showed [Js Jh] and won ($16.02) with two pair, Jacks and Sixes
Seat 6: derrauh (button) mucked



PokerStars Hand #254592400255:  Hold'em No Limit ($0.50/$1.00 USD) - 2025/01/28 17:50:17 WET [2025/01/28 12:50:17 ET]
Table 'Euphrosyne' 6-max Seat #1 is the button
Seat 1: Theseus664 ($89.34 in chips) 
Seat 2: jeffy27dt1 ($102.40 in chips) 
Seat 3: avstero ($99.50 in chips) 
Seat 4: coeeeelho ($103 in chips) 
Seat 5: peak joker33 ($109.84 in chips) 
Seat 6: derrauh ($110.28 in chips) 
jeffy27dt1: posts small blind $0.50
avstero: posts big blind $1
*** HOLE CARDS ***
coeeeelho: folds 
peak joker33: folds 
derrauh: folds 
Theseus664: folds 
jeffy27dt1: folds 
Uncalled bet ($0.50) returned to avstero
avstero collected $1 from pot
avstero: doesn't show hand 
*** SUMMARY ***
Total pot $1 | Rake $0 
Seat 1: Theseus664 (button) folded before Flop (didn't bet)
Seat 2: jeffy27dt1 (small blind) folded before Flop
Seat 3: avstero (big blind) collected ($1)
Seat 4: coeeeelho folded before Flop (didn't bet)
Seat 5: peak joker33 folded before Flop (didn't bet)
Seat 6: derrauh folded before Flop (didn't bet)



PokerStars Hand #254592403656:  Hold'em No Limit ($0.50/$1.00 USD) - 2025/01/28 17:50:29 WET [2025/01/28 12:50:29 ET]
Table 'Euphrosyne' 6-max Seat #2 is the button
Seat 1: Theseus664 ($89.34 in chips) 
Seat 2: jeffy27dt1 ($101.90 in chips) 
Seat 3: avstero ($100 in chips) 
Seat 4: coeeeelho ($103 in chips) 
Seat 5: peak joker33 ($109.84 in chips) 
Seat 6: derrauh ($110.28 in chips) 
avstero: posts small blind $0.50
coeeeelho: posts big blind $1
*** HOLE CARDS ***
peak joker33: folds 
derrauh: folds 
Theseus664: folds 
jeffy27dt1: folds 
avstero: raises $1.80 to $2.80
coeeeelho: calls $1.80
*** FLOP *** [7s 6h 7h]
avstero: checks 
coeeeelho: bets $1.76
avstero: calls $1.76
*** TURN *** [7s 6h 7h] [Tc]
avstero: checks 
coeeeelho: checks 
*** RIVER *** [7s 6h 7h Tc] [6s]
avstero: checks 
coeeeelho: checks 
*** SHOW DOWN ***
avstero: shows [4s 5s] (two pair, Sevens and Sixes)
coeeeelho: shows [Jh 4h] (two pair, Sevens and Sixes - Jack kicker)
coeeeelho collected $8.66 from pot
*** SUMMARY ***
Total pot $9.12 | Rake $0.46 
Board [7s 6h 7h Tc 6s]
Seat 1: Theseus664 folded before Flop (didn't bet)
Seat 2: jeffy27dt1 (button) folded before Flop (didn't bet)
Seat 3: avstero (small blind) showed [4s 5s] and lost with two pair, Sevens and Sixes
Seat 4: coeeeelho (big blind) showed [Jh 4h] and won ($8.66) with two pair, Sevens and Sixes
Seat 5: peak joker33 folded before Flop (didn't bet)
Seat 6: derrauh folded before Flop (didn't bet)



PokerStars Hand #254592430757:  Hold'em No Limit ($0.50/$1.00 USD) - 2025/01/28 17:52:03 WET [2025/01/28 12:52:03 ET]
Table 'Euphrosyne' 6-max Seat #3 is the button
Seat 1: Theseus664 ($89.34 in chips) 
Seat 2: jeffy27dt1 ($101.90 in chips) 
Seat 3: avstero ($100 in chips) 
Seat 4: coeeeelho ($107.10 in chips) 
Seat 5: peak joker33 ($109.84 in chips) 
Seat 6: derrauh ($110.28 in chips) 
coeeeelho: posts small blind $0.50
peak joker33: posts big blind $1
*** HOLE CARDS ***
derrauh: folds 
Theseus664: folds 
jeffy27dt1: raises $1.50 to $2.50
avstero: folds 
coeeeelho: folds 
peak joker33: folds 
Uncalled bet ($1.50) returned to jeffy27dt1
jeffy27dt1 collected $2.50 from pot
jeffy27dt1: doesn't show hand 
*** SUMMARY ***
Total pot $2.50 | Rake $0 
Seat 1: Theseus664 folded before Flop (didn't bet)
Seat 2: jeffy27dt1 collected ($2.50)
Seat 3: avstero (button) folded before Flop (didn't bet)
Seat 4: coeeeelho (small blind) folded before Flop
Seat 5: peak joker33 (big blind) folded before Flop
Seat 6: derrauh folded before Flop (didn't bet)



PokerStars Hand #254592441070:  Hold'em No Limit ($0.50/$1.00 USD) - 2025/01/28 17:52:38 WET [2025/01/28 12:52:38 ET]
Table 'Euphrosyne' 6-max Seat #4 is the button
Seat 1: Theseus664 ($89.34 in chips) 
Seat 2: jeffy27dt1 ($103.40 in chips) 
Seat 3: avstero ($100 in chips) 
Seat 4: coeeeelho ($106.60 in chips) 
Seat 5: peak joker33 ($108.84 in chips) 
Seat 6: derrauh ($110.28 in chips) 
peak joker33: posts small blind $0.50
derrauh: posts big blind $1
*** HOLE CARDS ***
Theseus664: folds 
jeffy27dt1: folds 
avstero: folds 
coeeeelho: folds 
peak joker33: folds 
Uncalled bet ($0.50) returned to derrauh
derrauh collected $1 from pot
*** SUMMARY ***
Total pot $1 | Rake $0 
Seat 1: Theseus664 folded before Flop (didn't bet)
Seat 2: jeffy27dt1 folded before Flop (didn't bet)
Seat 3: avstero folded before Flop (didn't bet)
Seat 4: coeeeelho (button) folded before Flop (didn't bet)
Seat 5: peak joker33 (small blind) folded before Flop
Seat 6: derrauh (big blind) collected ($1)



PokerStars Hand #254592448197:  Hold'em No Limit ($0.50/$1.00 USD) - 2025/01/28 17:53:03 WET [2025/01/28 12:53:03 ET]
Table 'Euphrosyne' 6-max Seat #5 is the button
Seat 1: Theseus664 ($89.34 in chips) 
Seat 2: jeffy27dt1 ($103.40 in chips) 
Seat 3: avstero ($100 in chips) 
Seat 4: coeeeelho ($106.60 in chips) 
Seat 5: peak joker33 ($108.34 in chips) 
Seat 6: derrauh ($110.78 in chips) 
derrauh: posts small blind $0.50
Theseus664: posts big blind $1
*** HOLE CARDS ***
jeffy27dt1: folds 
avstero: folds 
coeeeelho: folds 
peak joker33: folds 
derrauh: folds 
Uncalled bet ($0.50) returned to Theseus664
Theseus664 collected $1 from pot
*** SUMMARY ***
Total pot $1 | Rake $0 
Seat 1: Theseus664 (big blind) collected ($1)
Seat 2: jeffy27dt1 folded before Flop (didn't bet)
Seat 3: avstero folded before Flop (didn't bet)
Seat 4: coeeeelho folded before Flop (didn't bet)
Seat 5: peak joker33 (button) folded before Flop (didn't bet)
Seat 6: derrauh (small blind) folded before Flop



PokerStars Hand #254592453108:  Hold'em No Limit ($0.50/$1.00 USD) - 2025/01/28 17:53:20 WET [2025/01/28 12:53:20 ET]
Table 'Euphrosyne' 6-max Seat #6 is the button
Seat 1: Theseus664 ($89.84 in chips) 
Seat 2: jeffy27dt1 ($103.40 in chips) 
Seat 3: avstero ($100 in chips) 
Seat 4: coeeeelho ($106.60 in chips) 
Seat 5: peak joker33 ($108.34 in chips) 
Seat 6: derrauh ($110.28 in chips) 
Theseus664: posts small blind $0.50
jeffy27dt1: posts big blind $1
*** HOLE CARDS ***
avstero: folds 
coeeeelho: raises $1.20 to $2.20
peak joker33: folds 
derrauh: folds 
Theseus664: folds 
jeffy27dt1: raises $10.80 to $13
coeeeelho: calls $10.80
*** FLOP *** [Qh 9h 7s]
jeffy27dt1: checks 
coeeeelho: checks 
*** TURN *** [Qh 9h 7s] [Th]
jeffy27dt1: checks 
coeeeelho: checks 
*** RIVER *** [Qh 9h 7s Th] [Ah]
jeffy27dt1: checks 
coeeeelho: bets $16.87
jeffy27dt1: folds 
Uncalled bet ($16.87) returned to coeeeelho
coeeeelho collected $25.18 from pot
*** SUMMARY ***
Total pot $26.50 | Rake $1.32 
Board [Qh 9h 7s Th Ah]
Seat 1: Theseus664 (small blind) folded before Flop
Seat 2: jeffy27dt1 (big blind) folded on the River
Seat 3: avstero folded before Flop (didn't bet)
Seat 4: coeeeelho collected ($25.18)
Seat 5: peak joker33 folded before Flop (didn't bet)
Seat 6: derrauh (button) folded before Flop (didn't bet)



PokerStars Hand #254592478482:  Hold'em No Limit ($0.50/$1.00 USD) - 2025/01/28 17:54:47 WET [2025/01/28 12:54:47 ET]
Table 'Euphrosyne' 6-max Seat #1 is the button
Seat 1: Theseus664 ($89.34 in chips) 
Seat 2: jeffy27dt1 ($100 in chips) 
Seat 3: avstero ($100 in chips) 
Seat 4: coeeeelho ($118.78 in chips) 
Seat 5: peak joker33 ($108.34 in chips) 
Seat 6: derrauh ($110.28 in chips) 
jeffy27dt1: posts small blind $0.50
avstero: posts big blind $1
*** HOLE CARDS ***
coeeeelho: folds 
peak joker33: folds 
derrauh: folds 
Theseus664: folds 
jeffy27dt1: raises $2 to $3
avstero: calls $2
*** FLOP *** [8h 7c 9s]
jeffy27dt1: checks 
avstero: bets $1.71
jeffy27dt1: raises $5.29 to $7
avstero: calls $5.29
*** TURN *** [8h 7c 9s] [8d]
jeffy27dt1: bets $6.27
avstero: calls $6.27
*** RIVER *** [8h 7c 9s 8d] [Tc]
jeffy27dt1: checks 
avstero: checks 
*** SHOW DOWN ***
jeffy27dt1: shows [Ts Jc] (a straight, Seven to Jack)
avstero: shows [Jd Ac] (a straight, Seven to Jack)
jeffy27dt1 collected $15.46 from pot
avstero collected $15.45 from pot
*** SUMMARY ***
Total pot $32.54 | Rake $1.63 
Board [8h 7c 9s 8d Tc]
Seat 1: Theseus664 (button) folded before Flop (didn't bet)
Seat 2: jeffy27dt1 (small blind) showed [Ts Jc] and won ($15.46) with a straight, Seven to Jack
Seat 3: avstero (big blind) showed [Jd Ac] and won ($15.45) with a straight, Seven to Jack
Seat 4: coeeeelho folded before Flop (didn't bet)
Seat 5: peak joker33 folded before Flop (didn't bet)
Seat 6: derrauh folded before Flop (didn't bet)



PokerStars Hand #254592507636:  Hold'em No Limit ($0.50/$1.00 USD) - 2025/01/28 17:56:45 WET [2025/01/28 12:56:45 ET]
Table 'Euphrosyne' 6-max Seat #2 is the button
Seat 1: Theseus664 ($89.34 in chips) 
Seat 2: jeffy27dt1 ($100 in chips) 
Seat 3: avstero ($99.18 in chips) 
Seat 4: coeeeelho ($118.78 in chips) 
Seat 5: peak joker33 ($108.34 in chips) 
Seat 6: derrauh ($110.28 in chips) 
avstero: posts small blind $0.50
coeeeelho: posts big blind $1
*** HOLE CARDS ***
peak joker33: folds 
derrauh: raises $2 to $3
Theseus664: folds 
jeffy27dt1: folds 
avstero: folds 
coeeeelho: calls $2
*** FLOP *** [Jd 6h 5s]
coeeeelho: checks 
derrauh: bets $6.18
coeeeelho: folds 
Uncalled bet ($6.18) returned to derrauh
derrauh collected $6.10 from pot
*** SUMMARY ***
Total pot $6.50 | Rake $0.40 
Board [Jd 6h 5s]
Seat 1: Theseus664 folded before Flop (didn't bet)
Seat 2: jeffy27dt1 (button) folded before Flop (didn't bet)
Seat 3: avstero (small blind) folded before Flop
Seat 4: coeeeelho (big blind) folded on the Flop
Seat 5: peak joker33 folded before Flop (didn't bet)
Seat 6: derrauh collected ($6.10)



PokerStars Hand #254592514919:  Hold'em No Limit ($0.50/$1.00 USD) - 2025/01/28 17:57:14 WET [2025/01/28 12:57:14 ET]
Table 'Euphrosyne' 6-max Seat #3 is the button
Seat 1: Theseus664 ($89.34 in chips) 
Seat 2: jeffy27dt1 ($100 in chips) 
Seat 3: avstero ($100 in chips) 
Seat 4: coeeeelho ($115.78 in chips) 
Seat 5: peak joker33 ($108.34 in chips) 
Seat 6: derrauh ($113.38 in chips) 
coeeeelho: posts small blind $0.50
peak joker33: posts big blind $1
*** HOLE CARDS ***
derrauh: folds 
Theseus664: folds 
jeffy27dt1: folds 
avstero: raises $1.20 to $2.20
coeeeelho: folds 
peak joker33: calls $1.20
*** FLOP *** [8d Ah 4c]
peak joker33: checks 
avstero: checks 
*** TURN *** [8d Ah 4c] [Qc]
peak joker33: bets $6.06
avstero: calls $6.06
*** RIVER *** [8d Ah 4c Qc] [7c]
peak joker33: checks 
avstero: checks 
*** SHOW DOWN ***
peak joker33: shows [9s Jh] (high card Ace)
avstero: shows [Ad 6c] (a pair of Aces)
avstero collected $16.17 from pot
*** SUMMARY ***
Total pot $17.02 | Rake $0.85 
Board [8d Ah 4c Qc 7c]
Seat 1: Theseus664 folded before Flop (didn't bet)
Seat 2: jeffy27dt1 folded before Flop (didn't bet)
Seat 3: avstero (button) showed [Ad 6c] and won ($16.17) with a pair of Aces
Seat 4: coeeeelho (small blind) folded before Flop
Seat 5: peak joker33 (big blind) showed [9s Jh] and lost with high card Ace
Seat 6: derrauh folded before Flop (didn't bet)



PokerStars Hand #254592535352:  Hold'em No Limit ($0.50/$1.00 USD) - 2025/01/28 17:58:38 WET [2025/01/28 12:58:38 ET]
Table 'Euphrosyne' 6-max Seat #4 is the button
Seat 1: Theseus664 ($89.34 in chips) 
Seat 2: jeffy27dt1 ($100 in chips) 
Seat 3: avstero ($107.91 in chips) 
Seat 4: coeeeelho ($115.28 in chips) 
Seat 5: peak joker33 ($100.08 in chips) 
Seat 6: derrauh ($113.38 in chips) 
peak joker33: posts small blind $0.50
derrauh: posts big blind $1
*** HOLE CARDS ***
Theseus664: raises $2 to $3
jeffy27dt1: folds 
avstero: folds 
coeeeelho: folds 
peak joker33: folds 
derrauh: calls $2
*** FLOP *** [4d 2h 6h]
derrauh: checks 
Theseus664: bets $4.09
derrauh: folds 
Uncalled bet ($4.09) returned to Theseus664
Theseus664 collected $6.18 from pot
*** SUMMARY ***
Total pot $6.50 | Rake $0.32 
Board [4d 2h 6h]
Seat 1: Theseus664 collected ($6.18)
Seat 2: jeffy27dt1 folded before Flop (didn't bet)
Seat 3: avstero folded before Flop (didn't bet)
Seat 4: coeeeelho (button) folded before Flop (didn't bet)
Seat 5: peak joker33 (small blind) folded before Flop
Seat 6: derrauh (big blind) folded on the Flop



PokerStars Hand #254592544141:  Hold'em No Limit ($0.50/$1.00 USD) - 2025/01/28 17:59:14 WET [2025/01/28 12:59:14 ET]
Table 'Euphrosyne' 6-max Seat #5 is the button
Seat 1: Theseus664 ($92.52 in chips) 
Seat 2: jeffy27dt1 ($100 in chips) 
Seat 3: avstero ($107.91 in chips) 
Seat 4: coeeeelho ($115.28 in chips) 
Seat 5: peak joker33 ($100 in chips) 
Seat 6: derrauh ($110.38 in chips) 
derrauh: posts small blind $0.50
Theseus664: posts big blind $1
*** HOLE CARDS ***
jeffy27dt1: raises $1.50 to $2.50
avstero: folds 
coeeeelho: folds 
peak joker33: folds 
derrauh: folds 
Theseus664: folds 
Uncalled bet ($1.50) returned to jeffy27dt1
jeffy27dt1 collected $2.50 from pot
jeffy27dt1: doesn't show hand 
*** SUMMARY ***
Total pot $2.50 | Rake $0 
Seat 1: Theseus664 (big blind) folded before Flop
Seat 2: jeffy27dt1 collected ($2.50)
Seat 3: avstero folded before Flop (didn't bet)
Seat 4: coeeeelho folded before Flop (didn't bet)
Seat 5: peak joker33 (button) folded before Flop (didn't bet)
Seat 6: derrauh (small blind) folded before Flop



PokerStars Hand #254592549642:  Hold'em No Limit ($0.50/$1.00 USD) - 2025/01/28 17:59:37 WET [2025/01/28 12:59:37 ET]
Table 'Euphrosyne' 6-max Seat #6 is the button
Seat 1: Theseus664 ($91.52 in chips) 
Seat 2: jeffy27dt1 ($101.50 in chips) 
Seat 3: avstero ($107.91 in chips) 
Seat 4: coeeeelho ($115.28 in chips) 
Seat 5: peak joker33 ($100 in chips) 
Seat 6: derrauh ($109.88 in chips) 
Theseus664: posts small blind $0.50
jeffy27dt1: posts big blind $1
*** HOLE CARDS ***
avstero: folds 
coeeeelho: folds 
peak joker33: raises $1.50 to $2.50
derrauh: calls $2.50
Theseus664: folds 
jeffy27dt1: calls $1.50
*** FLOP *** [Qs Qc 2h]
jeffy27dt1: checks 
peak joker33: bets $2.51
derrauh: folds 
jeffy27dt1: folds 
Uncalled bet ($2.51) returned to peak joker33
peak joker33 collected $7.60 from pot
peak joker33: doesn't show hand 
*** SUMMARY ***
Total pot $8 | Rake $0.40 
Board [Qs Qc 2h]
Seat 1: Theseus664 (small blind) folded before Flop
Seat 2: jeffy27dt1 (big blind) folded on the Flop
Seat 3: avstero folded before Flop (didn't bet)
Seat 4: coeeeelho folded before Flop (didn't bet)
Seat 5: peak joker33 collected ($7.60)
Seat 6: derrauh (button) folded on the Flop



PokerStars Hand #254592562120:  Hold'em No Limit ($0.50/$1.00 USD) - 2025/01/28 18:00:27 WET [2025/01/28 13:00:27 ET]
Table 'Euphrosyne' 6-max Seat #1 is the button
Seat 1: Theseus664 ($91.02 in chips) 
Seat 2: jeffy27dt1 ($100 in chips) 
Seat 3: avstero ($107.91 in chips) 
Seat 4: coeeeelho ($115.28 in chips) 
Seat 5: peak joker33 ($105.10 in chips) 
Seat 6: derrauh ($107.38 in chips) 
jeffy27dt1: posts small blind $0.50
avstero: posts big blind $1
*** HOLE CARDS ***
coeeeelho: folds 
peak joker33: folds 
derrauh: raises $2 to $3
Theseus664: folds 
jeffy27dt1: raises $9 to $12
avstero: folds 
derrauh: folds 
Uncalled bet ($9) returned to jeffy27dt1
jeffy27dt1 collected $7 from pot
jeffy27dt1: doesn't show hand 
*** SUMMARY ***
Total pot $7 | Rake $0 
Seat 1: Theseus664 (button) folded before Flop (didn't bet)
Seat 2: jeffy27dt1 (small blind) collected ($7)
Seat 3: avstero (big blind) folded before Flop
Seat 4: coeeeelho folded before Flop (didn't bet)
Seat 5: peak joker33 folded before Flop (didn't bet)
Seat 6: derrauh folded before Flop



PokerStars Hand #254592567173:  Hold'em No Limit ($0.50/$1.00 USD) - 2025/01/28 18:00:46 WET [2025/01/28 13:00:46 ET]
Table 'Euphrosyne' 6-max Seat #2 is the button
Seat 1: Theseus664 ($91.02 in chips) 
Seat 2: jeffy27dt1 ($104 in chips) 
Seat 3: avstero ($106.91 in chips) 
Seat 4: coeeeelho ($115.28 in chips) 
Seat 5: peak joker33 ($105.10 in chips) 
Seat 6: derrauh ($104.38 in chips) 
avstero: posts small blind $0.50
coeeeelho: posts big blind $1
*** HOLE CARDS ***
peak joker33: folds 
derrauh: folds 
Theseus664: raises $2 to $3
jeffy27dt1: folds 
avstero: folds 
coeeeelho: folds 
Uncalled bet ($2) returned to Theseus664
Theseus664 collected $2.50 from pot
*** SUMMARY ***
Total pot $2.50 | Rake $0 
Seat 1: Theseus664 collected ($2.50)
Seat 2: jeffy27dt1 (button) folded before Flop (didn't bet)
Seat 3: avstero (small blind) folded before Flop
Seat 4: coeeeelho (big blind) folded before Flop
Seat 5: peak joker33 folded before Flop (didn't bet)
Seat 6: derrauh folded before Flop (didn't bet)



PokerStars Hand #254592571836:  Hold'em No Limit ($0.50/$1.00 USD) - 2025/01/28 18:01:04 WET [2025/01/28 13:01:04 ET]
Table 'Euphrosyne' 6-max Seat #3 is the button
Seat 5: peak joker33 ($105.10 in chips) is sitting out
Seat 1: Theseus664 ($92.52 in chips) 
Seat 2: jeffy27dt1 ($104 in chips) 
Seat 3: avstero ($106.41 in chips) 
Seat 4: coeeeelho ($114.28 in chips) 
Seat 6: derrauh ($104.38 in chips) 
coeeeelho: posts small blind $0.50
peak joker33: is sitting out 
derrauh: posts big blind $1
*** HOLE CARDS ***
peak joker33 leaves the table
Theseus664: folds 
jeffy27dt1: raises $1.50 to $2.50
avstero: folds 
coeeeelho: raises $8.72 to $11.22
derrauh: folds 
Joe_Li7 joins the table at seat #5 
jeffy27dt1: folds 
Uncalled bet ($8.72) returned to coeeeelho
coeeeelho collected $6 from pot
*** SUMMARY ***
Total pot $6 | Rake $0 
Seat 5: peak joker33
Seat 1: Theseus664 folded before Flop (didn't bet)
Seat 2: jeffy27dt1 folded before Flop
Seat 3: avstero (button) folded before Flop (didn't bet)
Seat 4: coeeeelho (small blind) collected ($6)
Seat 6: derrauh (big blind) folded before Flop



PokerStars Hand #254592580702:  Hold'em No Limit ($0.50/$1.00 USD) - 2025/01/28 18:01:36 WET [2025/01/28 13:01:36 ET]
Table 'Euphrosyne' 6-max Seat #4 is the button
Seat 5: Joe_Li7 ($139.72 in chips) is sitting out
Seat 1: Theseus664 ($92.52 in chips) 
Seat 2: jeffy27dt1 ($101.50 in chips) 
Seat 3: avstero ($106.41 in chips) 
Seat 4: coeeeelho ($117.78 in chips) 
Seat 6: derrauh ($103.38 in chips) 
derrauh: posts small blind $0.50
Theseus664: posts big blind $1
*** HOLE CARDS ***
jeffy27dt1: raises $1.50 to $2.50
avstero: folds 
coeeeelho: folds 
derrauh: folds 
Theseus664: folds 
Uncalled bet ($1.50) returned to jeffy27dt1
jeffy27dt1 collected $2.50 from pot
jeffy27dt1: doesn't show hand 
*** SUMMARY ***
Total pot $2.50 | Rake $0 
Seat 5: Joe_Li7
Seat 1: Theseus664 (big blind) folded before Flop
Seat 2: jeffy27dt1 collected ($2.50)
Seat 3: avstero folded before Flop (didn't bet)
Seat 4: coeeeelho (button) folded before Flop (didn't bet)
Seat 6: derrauh (small blind) folded before Flop



PokerStars Hand #254592586200:  Hold'em No Limit ($0.50/$1.00 USD) - 2025/01/28 18:01:55 WET [2025/01/28 13:01:55 ET]
Table 'Euphrosyne' 6-max Seat #6 is the button
Seat 5: Joe_Li7 ($139.72 in chips) is sitting out
Seat 1: Theseus664 ($91.52 in chips) 
Seat 2: jeffy27dt1 ($103 in chips) 
Seat 3: avstero ($106.41 in chips) 
Seat 4: coeeeelho ($117.78 in chips) 
Seat 6: derrauh ($102.88 in chips) 
Theseus664: posts small blind $0.50
jeffy27dt1: posts big blind $1
Joe_Li7: sits out 
*** HOLE CARDS ***
avstero: raises $1.20 to $2.20
coeeeelho: folds 
derrauh: folds 
Theseus664: folds 
jeffy27dt1: folds 
Uncalled bet ($1.20) returned to avstero
avstero collected $2.50 from pot
avstero: doesn't show hand 
*** SUMMARY ***
Total pot $2.50 | Rake $0 
Seat 5: Joe_Li7
Seat 1: Theseus664 (small blind) folded before Flop
Seat 2: jeffy27dt1 (big blind) folded before Flop
Seat 3: avstero collected ($2.50)
Seat 4: coeeeelho folded before Flop (didn't bet)
Seat 6: derrauh (button) folded before Flop (didn't bet)



PokerStars Hand #254592589404:  Hold'em No Limit ($0.50/$1.00 USD) - 2025/01/28 18:02:07 WET [2025/01/28 13:02:07 ET]
Table 'Euphrosyne' 6-max Seat #1 is the button
Seat 5: Joe_Li7 ($139.72 in chips) is sitting out
Seat 1: Theseus664 ($91.02 in chips) 
Seat 2: jeffy27dt1 ($102 in chips) 
Seat 3: avstero ($107.91 in chips) 
Seat 4: coeeeelho ($117.78 in chips) 
Seat 6: derrauh ($102.88 in chips) 
jeffy27dt1: posts small blind $0.50
avstero: posts big blind $1
Joe_Li7: sits out 
*** HOLE CARDS ***
coeeeelho: raises $1.10 to $2.10
derrauh: folds 
Theseus664: folds 
jeffy27dt1: folds 
avstero: calls $1.10
*** FLOP *** [Qs 7c Js]
avstero: checks 
coeeeelho: checks 
*** TURN *** [Qs 7c Js] [6d]
avstero: checks 
coeeeelho: checks 
*** RIVER *** [Qs 7c Js 6d] [Ts]
avstero: bets $2.22
coeeeelho: raises $10.78 to $13
avstero: calls $10.78
*** SHOW DOWN ***
coeeeelho: shows [Jh Td] (two pair, Jacks and Tens)
avstero: shows [3s 5s] (a flush, Queen high)
avstero collected $29.16 from pot
*** SUMMARY ***
Total pot $30.70 | Rake $1.54 
Board [Qs 7c Js 6d Ts]
Seat 5: Joe_Li7
Seat 1: Theseus664 (button) folded before Flop (didn't bet)
Seat 2: jeffy27dt1 (small blind) folded before Flop
Seat 3: avstero (big blind) showed [3s 5s] and won ($29.16) with a flush, Queen high
Seat 4: coeeeelho showed [Jh Td] and lost with two pair, Jacks and Tens
Seat 6: derrauh folded before Flop (didn't bet)



PokerStars Hand #254592618351:  Hold'em No Limit ($0.50/$1.00 USD) - 2025/01/28 18:03:47 WET [2025/01/28 13:03:47 ET]
Table 'Euphrosyne' 6-max Seat #2 is the button
Seat 5: Joe_Li7 ($139.72 in chips) is sitting out
Seat 1: Theseus664 ($91.02 in chips) 
Seat 2: jeffy27dt1 ($101.50 in chips) 
Seat 3: avstero ($121.97 in chips) 
Seat 4: coeeeelho ($102.68 in chips) 
Seat 6: derrauh ($102.88 in chips) 
avstero: posts small blind $0.50
coeeeelho: posts big blind $1
Joe_Li7: sits out 
*** HOLE CARDS ***
derrauh: raises $2 to $3
Theseus664: folds 
jeffy27dt1: folds 
avstero: folds 
coeeeelho: calls $2
*** FLOP *** [7h 5h 2d]
coeeeelho: checks 
derrauh: checks 
*** TURN *** [7h 5h 2d] [Td]
coeeeelho: bets $9.27
derrauh: folds 
Uncalled bet ($9.27) returned to coeeeelho
coeeeelho collected $6.18 from pot
*** SUMMARY ***
Total pot $6.50 | Rake $0.32 
Board [7h 5h 2d Td]
Seat 5: Joe_Li7
Seat 1: Theseus664 folded before Flop (didn't bet)
Seat 2: jeffy27dt1 (button) folded before Flop (didn't bet)
Seat 3: avstero (small blind) folded before Flop
Seat 4: coeeeelho (big blind) collected ($6.18)
Seat 6: derrauh folded on the Turn



PokerStars Hand #254592630726:  Hold'em No Limit ($0.50/$1.00 USD) - 2025/01/28 18:04:29 WET [2025/01/28 13:04:29 ET]
Table 'Euphrosyne' 6-max Seat #3 is the button
Seat 1: Theseus664 ($91.02 in chips) 
Seat 2: jeffy27dt1 ($101.50 in chips) 
Seat 3: avstero ($121.47 in chips) 
Seat 4: coeeeelho ($105.86 in chips) 
Seat 5: Joe_Li7 ($139.72 in chips) 
Seat 6: derrauh ($99.88 in chips) 
coeeeelho: posts small blind $0.50
Joe_Li7: posts big blind $1
*** HOLE CARDS ***
derrauh: folds 
Theseus664: folds 
jeffy27dt1: folds 
avstero: folds 
coeeeelho: raises $2 to $3
Joe_Li7: raises $6 to $9
coeeeelho: folds 
Uncalled bet ($6) returned to Joe_Li7
Joe_Li7 collected $6 from pot
*** SUMMARY ***
Total pot $6 | Rake $0 
Seat 1: Theseus664 folded before Flop (didn't bet)
Seat 2: jeffy27dt1 folded before Flop (didn't bet)
Seat 3: avstero (button) folded before Flop (didn't bet)
Seat 4: coeeeelho (small blind) folded before Flop
Seat 5: Joe_Li7 (big blind) collected ($6)
Seat 6: derrauh folded before Flop (didn't bet)



PokerStars Hand #254592639735:  Hold'em No Limit ($0.50/$1.00 USD) - 2025/01/28 18:05:00 WET [2025/01/28 13:05:00 ET]
Table 'Euphrosyne' 6-max Seat #4 is the button
Seat 1: Theseus664 ($91.02 in chips) 
Seat 2: jeffy27dt1 ($101.50 in chips) 
Seat 3: avstero ($121.47 in chips) 
Seat 4: coeeeelho ($102.86 in chips) 
Seat 5: Joe_Li7 ($142.72 in chips) 
Seat 6: derrauh ($99.88 in chips) 
Joe_Li7: posts small blind $0.50
derrauh: posts big blind $1
*** HOLE CARDS ***
Theseus664: raises $2 to $3
jeffy27dt1: raises $5 to $8
avstero: folds 
coeeeelho: folds 
Joe_Li7: folds 
derrauh: folds 
Theseus664: raises $21.50 to $29.50
jeffy27dt1: folds 
Uncalled bet ($21.50) returned to Theseus664
Theseus664 collected $17.50 from pot
*** SUMMARY ***
Total pot $17.50 | Rake $0 
Seat 1: Theseus664 collected ($17.50)
Seat 2: jeffy27dt1 folded before Flop
Seat 3: avstero folded before Flop (didn't bet)
Seat 4: coeeeelho (button) folded before Flop (didn't bet)
Seat 5: Joe_Li7 (small blind) folded before Flop
Seat 6: derrauh (big blind) folded before Flop



PokerStars Hand #254592655357:  Hold'em No Limit ($0.50/$1.00 USD) - 2025/01/28 18:05:54 WET [2025/01/28 13:05:54 ET]
Table 'Euphrosyne' 6-max Seat #5 is the button
Seat 1: Theseus664 ($100.52 in chips) 
Seat 2: jeffy27dt1 ($100 in chips) 
Seat 3: avstero ($121.47 in chips) 
Seat 4: coeeeelho ($102.86 in chips) 
Seat 5: Joe_Li7 ($142.22 in chips) 
Seat 6: derrauh ($98.88 in chips) 
derrauh: posts small blind $0.50
Theseus664: posts big blind $1
*** HOLE CARDS ***
jeffy27dt1: raises $1.50 to $2.50
avstero: folds 
coeeeelho: folds 
Joe_Li7: folds 
derrauh: calls $2
Theseus664: folds 
*** FLOP *** [4c 2s 2d]
derrauh: checks 
jeffy27dt1: checks 
*** TURN *** [4c 2s 2d] [7c]
derrauh: bets $2.85
jeffy27dt1: folds 
Uncalled bet ($2.85) returned to derrauh
derrauh collected $5.62 from pot
*** SUMMARY ***
Total pot $6 | Rake $0.38 
Board [4c 2s 2d 7c]
Seat 1: Theseus664 (big blind) folded before Flop
Seat 2: jeffy27dt1 folded on the Turn
Seat 3: avstero folded before Flop (didn't bet)
Seat 4: coeeeelho folded before Flop (didn't bet)
Seat 5: Joe_Li7 (button) folded before Flop (didn't bet)
Seat 6: derrauh (small blind) collected ($5.62)



PokerStars Hand #254592666534:  Hold'em No Limit ($0.50/$1.00 USD) - 2025/01/28 18:06:32 WET [2025/01/28 13:06:32 ET]
Table 'Euphrosyne' 6-max Seat #6 is the button
Seat 1: Theseus664 ($99.52 in chips) 
Seat 2: jeffy27dt1 ($100 in chips) 
Seat 3: avstero ($121.47 in chips) 
Seat 4: coeeeelho ($102.86 in chips) 
Seat 5: Joe_Li7 ($142.22 in chips) 
Seat 6: derrauh ($102 in chips) 
Theseus664: posts small blind $0.50
jeffy27dt1: posts big blind $1
*** HOLE CARDS ***
avstero: folds 
coeeeelho: folds 
Joe_Li7: folds 
derrauh: folds 
Theseus664: folds 
Uncalled bet ($0.50) returned to jeffy27dt1
jeffy27dt1 collected $1 from pot
jeffy27dt1: doesn't show hand 
*** SUMMARY ***
Total pot $1 | Rake $0 
Seat 1: Theseus664 (small blind) folded before Flop
Seat 2: jeffy27dt1 (big blind) collected ($1)
Seat 3: avstero folded before Flop (didn't bet)
Seat 4: coeeeelho folded before Flop (didn't bet)
Seat 5: Joe_Li7 folded before Flop (didn't bet)
Seat 6: derrauh (button) folded before Flop (didn't bet)



PokerStars Hand #254592669489:  Hold'em No Limit ($0.50/$1.00 USD) - 2025/01/28 18:06:43 WET [2025/01/28 13:06:43 ET]
Table 'Euphrosyne' 6-max Seat #1 is the button
Seat 1: Theseus664 ($99.02 in chips) 
Seat 2: jeffy27dt1 ($100.50 in chips) 
Seat 3: avstero ($121.47 in chips) 
Seat 4: coeeeelho ($102.86 in chips) 
Seat 5: Joe_Li7 ($142.22 in chips) 
Seat 6: derrauh ($102 in chips) 
jeffy27dt1: posts small blind $0.50
avstero: posts big blind $1
*** HOLE CARDS ***
coeeeelho: folds 
Joe_Li7: folds 
derrauh: raises $2 to $3
Theseus664: folds 
jeffy27dt1: folds 
avstero: folds 
Uncalled bet ($2) returned to derrauh
derrauh collected $2.50 from pot
*** SUMMARY ***
Total pot $2.50 | Rake $0 
Seat 1: Theseus664 (button) folded before Flop (didn't bet)
Seat 2: jeffy27dt1 (small blind) folded before Flop
Seat 3: avstero (big blind) folded before Flop
Seat 4: coeeeelho folded before Flop (didn't bet)
Seat 5: Joe_Li7 folded before Flop (didn't bet)
Seat 6: derrauh collected ($2.50)



PokerStars Hand #254592673909:  Hold'em No Limit ($0.50/$1.00 USD) - 2025/01/28 18:06:58 WET [2025/01/28 13:06:58 ET]
Table 'Euphrosyne' 6-max Seat #2 is the button
Seat 1: Theseus664 ($99.02 in chips) 
Seat 2: jeffy27dt1 ($100 in chips) 
Seat 3: avstero ($120.47 in chips) 
Seat 4: coeeeelho ($102.86 in chips) 
Seat 5: Joe_Li7 ($142.22 in chips) 
Seat 6: derrauh ($103.50 in chips) 
avstero: posts small blind $0.50
coeeeelho: posts big blind $1
*** HOLE CARDS ***
Joe_Li7: folds 
derrauh: folds 
Theseus664: folds 
jeffy27dt1: folds 
avstero: folds 
Uncalled bet ($0.50) returned to coeeeelho
coeeeelho collected $1 from pot
*** SUMMARY ***
Total pot $1 | Rake $0 
Seat 1: Theseus664 folded before Flop (didn't bet)
Seat 2: jeffy27dt1 (button) folded before Flop (didn't bet)
Seat 3: avstero (small blind) folded before Flop
Seat 4: coeeeelho (big blind) collected ($1)
Seat 5: Joe_Li7 folded before Flop (didn't bet)
Seat 6: derrauh folded before Flop (didn't bet)



PokerStars Hand #254592678957:  Hold'em No Limit ($0.50/$1.00 USD) - 2025/01/28 18:07:15 WET [2025/01/28 13:07:15 ET]
Table 'Euphrosyne' 6-max Seat #3 is the button
Seat 1: Theseus664 ($99.02 in chips) 
Seat 2: jeffy27dt1 ($100 in chips) 
Seat 3: avstero ($119.97 in chips) 
Seat 4: coeeeelho ($103.36 in chips) 
Seat 5: Joe_Li7 ($142.22 in chips) 
Seat 6: derrauh ($103.50 in chips) 
coeeeelho: posts small blind $0.50
Joe_Li7: posts big blind $1
*** HOLE CARDS ***
derrauh: folds 
Theseus664: folds 
jeffy27dt1: folds 
avstero: folds 
coeeeelho: folds 
Uncalled bet ($0.50) returned to Joe_Li7
Joe_Li7 collected $1 from pot
*** SUMMARY ***
Total pot $1 | Rake $0 
Seat 1: Theseus664 folded before Flop (didn't bet)
Seat 2: jeffy27dt1 folded before Flop (didn't bet)
Seat 3: avstero (button) folded before Flop (didn't bet)
Seat 4: coeeeelho (small blind) folded before Flop
Seat 5: Joe_Li7 (big blind) collected ($1)
Seat 6: derrauh folded before Flop (didn't bet)



PokerStars Hand #254592684392:  Hold'em No Limit ($0.50/$1.00 USD) - 2025/01/28 18:07:34 WET [2025/01/28 13:07:34 ET]
Table 'Euphrosyne' 6-max Seat #4 is the button
Seat 1: Theseus664 ($99.02 in chips) 
Seat 2: jeffy27dt1 ($100 in chips) 
Seat 3: avstero ($119.97 in chips) 
Seat 4: coeeeelho ($102.86 in chips) 
Seat 5: Joe_Li7 ($142.72 in chips) 
Seat 6: derrauh ($103.50 in chips) 
Joe_Li7: posts small blind $0.50
derrauh: posts big blind $1
*** HOLE CARDS ***
Theseus664: folds 
jeffy27dt1: folds 
avstero: folds 
coeeeelho: folds 
Joe_Li7: folds 
Uncalled bet ($0.50) returned to derrauh
derrauh collected $1 from pot
*** SUMMARY ***
Total pot $1 | Rake $0 
Seat 1: Theseus664 folded before Flop (didn't bet)
Seat 2: jeffy27dt1 folded before Flop (didn't bet)
Seat 3: avstero folded before Flop (didn't bet)
Seat 4: coeeeelho (button) folded before Flop (didn't bet)
Seat 5: Joe_Li7 (small blind) folded before Flop
Seat 6: derrauh (big blind) collected ($1)



PokerStars Hand #254592687788:  Hold'em No Limit ($0.50/$1.00 USD) - 2025/01/28 18:07:46 WET [2025/01/28 13:07:46 ET]
Table 'Euphrosyne' 6-max Seat #5 is the button
Seat 1: Theseus664 ($99.02 in chips) 
Seat 2: jeffy27dt1 ($100 in chips) 
Seat 3: avstero ($119.97 in chips) 
Seat 4: coeeeelho ($102.86 in chips) 
Seat 5: Joe_Li7 ($142.22 in chips) 
Seat 6: derrauh ($104 in chips) 
derrauh: posts small blind $0.50
Theseus664: posts big blind $1
*** HOLE CARDS ***
jeffy27dt1: folds 
avstero: folds 
coeeeelho: raises $1.30 to $2.30
Joe_Li7: folds 
derrauh: folds 
Theseus664: calls $1.30
*** FLOP *** [2h Kh Qc]
Theseus664: checks 
coeeeelho: bets $3.63
Theseus664: calls $3.63
*** TURN *** [2h Kh Qc] [Th]
Theseus664: checks 
coeeeelho: checks 
*** RIVER *** [2h Kh Qc Th] [As]
Theseus664: checks 
coeeeelho: bets $3.87
Theseus664: calls $3.87
*** SHOW DOWN ***
coeeeelho: shows [Ks Ad] (two pair, Aces and Kings)
Theseus664: mucks hand 
coeeeelho collected $19.10 from pot
*** SUMMARY ***
Total pot $20.10 | Rake $1 
Board [2h Kh Qc Th As]
Seat 1: Theseus664 (big blind) mucked
Seat 2: jeffy27dt1 folded before Flop (didn't bet)
Seat 3: avstero folded before Flop (didn't bet)
Seat 4: coeeeelho showed [Ks Ad] and won ($19.10) with two pair, Aces and Kings
Seat 5: Joe_Li7 (button) folded before Flop (didn't bet)
Seat 6: derrauh (small blind) folded before Flop



PokerStars Hand #254592699136:  Hold'em No Limit ($0.50/$1.00 USD) - 2025/01/28 18:08:25 WET [2025/01/28 13:08:25 ET]
Table 'Euphrosyne' 6-max Seat #6 is the button
Seat 1: Theseus664 ($89.22 in chips) 
Seat 2: jeffy27dt1 ($100 in chips) 
Seat 3: avstero ($119.97 in chips) 
Seat 4: coeeeelho ($112.16 in chips) 
Seat 5: Joe_Li7 ($142.22 in chips) 
Seat 6: derrauh ($103.50 in chips) 
Theseus664: posts small blind $0.50
jeffy27dt1: posts big blind $1
*** HOLE CARDS ***
avstero: folds 
coeeeelho: folds 
Joe_Li7: raises $1.20 to $2.20
derrauh: folds 
Theseus664: folds 
jeffy27dt1: folds 
Uncalled bet ($1.20) returned to Joe_Li7
Theseus664 leaves the table
Joe_Li7 collected $2.50 from pot
*** SUMMARY ***
Total pot $2.50 | Rake $0 
Seat 1: Theseus664 (small blind) folded before Flop
Seat 2: jeffy27dt1 (big blind) folded before Flop
Seat 3: avstero folded before Flop (didn't bet)
Seat 4: coeeeelho folded before Flop (didn't bet)
Seat 5: Joe_Li7 collected ($2.50)
Seat 6: derrauh (button) folded before Flop (didn't bet)



PokerStars Hand #254592702666:  Hold'em No Limit ($0.50/$1.00 USD) - 2025/01/28 18:08:37 WET [2025/01/28 13:08:37 ET]
Table 'Euphrosyne' 6-max Seat #2 is the button
Seat 2: jeffy27dt1 ($100 in chips) 
Seat 3: avstero ($119.97 in chips) 
Seat 4: coeeeelho ($112.16 in chips) 
Seat 5: Joe_Li7 ($143.72 in chips) 
Seat 6: derrauh ($103.50 in chips) 
avstero: posts small blind $0.50
coeeeelho: posts big blind $1
*** HOLE CARDS ***
Joe_Li7: folds 
derrauh: folds 
z00mba joins the table at seat #1 
jeffy27dt1: raises $1.50 to $2.50
avstero: folds 
coeeeelho: folds 
Uncalled bet ($1.50) returned to jeffy27dt1
jeffy27dt1 collected $2.50 from pot
jeffy27dt1: doesn't show hand 
*** SUMMARY ***
Total pot $2.50 | Rake $0 
Seat 2: jeffy27dt1 (button) collected ($2.50)
Seat 3: avstero (small blind) folded before Flop
Seat 4: coeeeelho (big blind) folded before Flop
Seat 5: Joe_Li7 folded before Flop (didn't bet)
Seat 6: derrauh folded before Flop (didn't bet)



PokerStars Hand #254592712066:  Hold'em No Limit ($0.50/$1.00 USD) - 2025/01/28 18:09:09 WET [2025/01/28 13:09:09 ET]
Table 'Euphrosyne' 6-max Seat #3 is the button
Seat 1: z00mba ($103.50 in chips) is sitting out
Seat 5: Joe_Li7 ($143.72 in chips) is sitting out
Seat 2: jeffy27dt1 ($101.50 in chips) 
Seat 3: avstero ($119.47 in chips) 
Seat 4: coeeeelho ($111.16 in chips) 
Seat 6: derrauh ($103.50 in chips) 
coeeeelho: posts small blind $0.50
Joe_Li7: is sitting out 
derrauh: posts big blind $1
z00mba: sits out 
*** HOLE CARDS ***
Joe_Li7 leaves the table
jeffy27dt1: folds 
avstero: raises $1.20 to $2.20
coeeeelho: folds 
derrauh: calls $1.20
*** FLOP *** [4s 6c 6d]
derrauh: bets $4.66
avstero: folds 
Uncalled bet ($4.66) returned to derrauh
derrauh collected $4.60 from pot
*** SUMMARY ***
Total pot $4.90 | Rake $0.30 
Board [4s 6c 6d]
Seat 1: z00mba
Seat 5: Joe_Li7
Seat 2: jeffy27dt1 folded before Flop (didn't bet)
Seat 3: avstero (button) folded on the Flop
Seat 4: coeeeelho (small blind) folded before Flop
Seat 6: derrauh (big blind) collected ($4.60)



PokerStars Hand #254592721883:  Hold'em No Limit ($0.50/$1.00 USD) - 2025/01/28 18:09:43 WET [2025/01/28 13:09:43 ET]
Table 'Euphrosyne' 6-max Seat #4 is the button
Seat 1: z00mba ($103.50 in chips) 
Seat 2: jeffy27dt1 ($101.50 in chips) 
Seat 3: avstero ($117.27 in chips) 
Seat 4: coeeeelho ($110.66 in chips) 
Seat 6: derrauh ($105.90 in chips) 
derrauh: posts small blind $0.50
z00mba: posts big blind $1
*** HOLE CARDS ***
jeffy27dt1: folds 
2g00d4youu joins the table at seat #5 
avstero: folds 
coeeeelho: folds 
derrauh: raises $2 to $3
z00mba: calls $2
*** FLOP *** [7h Td Js]
derrauh: bets $5.70
z00mba: calls $5.70
*** TURN *** [7h Td Js] [Kd]
derrauh: checks 
z00mba: checks 
*** RIVER *** [7h Td Js Kd] [4h]
derrauh: checks 
z00mba: checks 
*** SHOW DOWN ***
derrauh: shows [4d As] (a pair of Fours)
z00mba: shows [Tc Qh] (a pair of Tens)
z00mba collected $16.53 from pot
*** SUMMARY ***
Total pot $17.40 | Rake $0.87 
Board [7h Td Js Kd 4h]
Seat 1: z00mba (big blind) showed [Tc Qh] and won ($16.53) with a pair of Tens
Seat 2: jeffy27dt1 folded before Flop (didn't bet)
Seat 3: avstero folded before Flop (didn't bet)
Seat 4: coeeeelho (button) folded before Flop (didn't bet)
Seat 6: derrauh (small blind) showed [4d As] and lost with a pair of Fours



PokerStars Hand #254592732284:  Hold'em No Limit ($0.50/$1.00 USD) - 2025/01/28 18:10:19 WET [2025/01/28 13:10:19 ET]
Table 'Euphrosyne' 6-max Seat #6 is the button
Seat 5: 2g00d4youu ($100 in chips) is sitting out
Seat 1: z00mba ($111.33 in chips) 
Seat 2: jeffy27dt1 ($101.50 in chips) 
Seat 3: avstero ($117.27 in chips) 
Seat 4: coeeeelho ($110.66 in chips) 
Seat 6: derrauh ($97.20 in chips) 
z00mba: posts small blind $0.50
jeffy27dt1: posts big blind $1
2g00d4youu: sits out 
*** HOLE CARDS ***
avstero: folds 
coeeeelho: folds 
derrauh: folds 
z00mba: raises $2 to $3
jeffy27dt1: folds 
Uncalled bet ($2) returned to z00mba
z00mba collected $2 from pot
z00mba: doesn't show hand 
*** SUMMARY ***
Total pot $2 | Rake $0 
Seat 5: 2g00d4youu
Seat 1: z00mba (small blind) collected ($2)
Seat 2: jeffy27dt1 (big blind) folded before Flop
Seat 3: avstero folded before Flop (didn't bet)
Seat 4: coeeeelho folded before Flop (didn't bet)
Seat 6: derrauh (button) folded before Flop (didn't bet)



PokerStars Hand #254592736251:  Hold'em No Limit ($0.50/$1.00 USD) - 2025/01/28 18:10:32 WET [2025/01/28 13:10:32 ET]
Table 'Euphrosyne' 6-max Seat #1 is the button
Seat 5: 2g00d4youu ($100 in chips) is sitting out
Seat 1: z00mba ($112.33 in chips) 
Seat 2: jeffy27dt1 ($100.50 in chips) 
Seat 3: avstero ($117.27 in chips) 
Seat 4: coeeeelho ($110.66 in chips) 
Seat 6: derrauh ($97.20 in chips) 
jeffy27dt1: posts small blind $0.50
avstero: posts big blind $1
2g00d4youu: sits out 
*** HOLE CARDS ***
coeeeelho: folds 
derrauh: raises $2 to $3
z00mba: folds 
jeffy27dt1: raises $9 to $12
avstero: folds 
derrauh: calls $9
*** FLOP *** [2c 9h 7h]
jeffy27dt1: bets $17.85
derrauh: folds 
Uncalled bet ($17.85) returned to jeffy27dt1
jeffy27dt1 collected $23.75 from pot
jeffy27dt1: doesn't show hand 
*** SUMMARY ***
Total pot $25 | Rake $1.25 
Board [2c 9h 7h]
Seat 5: 2g00d4youu
Seat 1: z00mba (button) folded before Flop (didn't bet)
Seat 2: jeffy27dt1 (small blind) collected ($23.75)
Seat 3: avstero (big blind) folded before Flop
Seat 4: coeeeelho folded before Flop (didn't bet)
Seat 6: derrauh folded on the Flop



PokerStars Hand #254592747290:  Hold'em No Limit ($0.50/$1.00 USD) - 2025/01/28 18:11:10 WET [2025/01/28 13:11:10 ET]
Table 'Euphrosyne' 6-max Seat #2 is the button
Seat 5: 2g00d4youu ($100 in chips) is sitting out
Seat 1: z00mba ($112.33 in chips) 
Seat 2: jeffy27dt1 ($112.25 in chips) 
Seat 3: avstero ($116.27 in chips) 
Seat 4: coeeeelho ($110.66 in chips) 
Seat 6: derrauh ($85.20 in chips) 
avstero: posts small blind $0.50
coeeeelho: posts big blind $1
2g00d4youu: sits out 
*** HOLE CARDS ***
derrauh: folds 
z00mba: folds 
jeffy27dt1: raises $1.50 to $2.50
avstero: folds 
coeeeelho: folds 
Uncalled bet ($1.50) returned to jeffy27dt1
jeffy27dt1 collected $2.50 from pot
jeffy27dt1: doesn't show hand 
*** SUMMARY ***
Total pot $2.50 | Rake $0 
Seat 5: 2g00d4youu
Seat 1: z00mba folded before Flop (didn't bet)
Seat 2: jeffy27dt1 (button) collected ($2.50)
Seat 3: avstero (small blind) folded before Flop
Seat 4: coeeeelho (big blind) folded before Flop
Seat 6: derrauh folded before Flop (didn't bet)



PokerStars Hand #254592755544:  Hold'em No Limit ($0.50/$1.00 USD) - 2025/01/28 18:11:38 WET [2025/01/28 13:11:38 ET]
Table 'Euphrosyne' 6-max Seat #3 is the button
Seat 1: z00mba ($112.33 in chips) 
Seat 2: jeffy27dt1 ($113.75 in chips) 
Seat 3: avstero ($115.77 in chips) 
Seat 4: coeeeelho ($109.66 in chips) 
Seat 5: 2g00d4youu ($100 in chips) 
Seat 6: derrauh ($100 in chips) 
coeeeelho: posts small blind $0.50
2g00d4youu: posts big blind $1
*** HOLE CARDS ***
derrauh: raises $2 to $3
z00mba: folds 
jeffy27dt1: folds 
avstero: raises $6 to $9
coeeeelho: folds 
2g00d4youu: folds 
derrauh: calls $6
*** FLOP *** [Kc 7c 6c]
derrauh: checks 
avstero: bets $5.50
derrauh: folds 
Uncalled bet ($5.50) returned to avstero
avstero collected $18.52 from pot
avstero: doesn't show hand 
*** SUMMARY ***
Total pot $19.50 | Rake $0.98 
Board [Kc 7c 6c]
Seat 1: z00mba folded before Flop (didn't bet)
Seat 2: jeffy27dt1 folded before Flop (didn't bet)
Seat 3: avstero (button) collected ($18.52)
Seat 4: coeeeelho (small blind) folded before Flop
Seat 5: 2g00d4youu (big blind) folded before Flop
Seat 6: derrauh folded on the Flop



PokerStars Hand #254592771934:  Hold'em No Limit ($0.50/$1.00 USD) - 2025/01/28 18:12:33 WET [2025/01/28 13:12:33 ET]
Table 'Euphrosyne' 6-max Seat #4 is the button
Seat 1: z00mba ($112.33 in chips) 
Seat 2: jeffy27dt1 ($113.75 in chips) 
Seat 3: avstero ($125.29 in chips) 
Seat 4: coeeeelho ($109.16 in chips) 
Seat 5: 2g00d4youu ($100 in chips) 
Seat 6: derrauh ($91 in chips) 
2g00d4youu: posts small blind $0.50
derrauh: posts big blind $1
*** HOLE CARDS ***
z00mba: folds 
jeffy27dt1: folds 
avstero: folds 
coeeeelho: folds 
2g00d4youu: raises $2 to $3
derrauh: calls $2
*** FLOP *** [9d Qs Jc]
2g00d4youu: bets $2.28
derrauh: raises $10.26 to $12.54
2g00d4youu: calls $10.26
*** TURN *** [9d Qs Jc] [4s]
2g00d4youu: checks 
derrauh: checks 
*** RIVER *** [9d Qs Jc 4s] [8c]
2g00d4youu: checks 
derrauh: checks 
*** SHOW DOWN ***
2g00d4youu: shows [Qd Ah] (a pair of Queens)
derrauh: mucks hand 
2g00d4youu collected $29.53 from pot
*** SUMMARY ***
Total pot $31.08 | Rake $1.55 
Board [9d Qs Jc 4s 8c]
Seat 1: z00mba folded before Flop (didn't bet)
Seat 2: jeffy27dt1 folded before Flop (didn't bet)
Seat 3: avstero folded before Flop (didn't bet)
Seat 4: coeeeelho (button) folded before Flop (didn't bet)
Seat 5: 2g00d4youu (small blind) showed [Qd Ah] and won ($29.53) with a pair of Queens
Seat 6: derrauh (big blind) mucked



PokerStars Hand #254592787242:  Hold'em No Limit ($0.50/$1.00 USD) - 2025/01/28 18:13:25 WET [2025/01/28 13:13:25 ET]
Table 'Euphrosyne' 6-max Seat #5 is the button
Seat 1: z00mba ($112.33 in chips) 
Seat 2: jeffy27dt1 ($113.75 in chips) 
Seat 3: avstero ($125.29 in chips) 
Seat 4: coeeeelho ($109.16 in chips) 
Seat 5: 2g00d4youu ($113.99 in chips) 
Seat 6: derrauh ($75.46 in chips) 
derrauh: posts small blind $0.50
z00mba: posts big blind $1
*** HOLE CARDS ***
jeffy27dt1: folds 
avstero: folds 
coeeeelho: folds 
2g00d4youu: folds 
derrauh: folds 
Uncalled bet ($0.50) returned to z00mba
z00mba collected $1 from pot
z00mba: doesn't show hand 
*** SUMMARY ***
Total pot $1 | Rake $0 
Seat 1: z00mba (big blind) collected ($1)
Seat 2: jeffy27dt1 folded before Flop (didn't bet)
Seat 3: avstero folded before Flop (didn't bet)
Seat 4: coeeeelho folded before Flop (didn't bet)
Seat 5: 2g00d4youu (button) folded before Flop (didn't bet)
Seat 6: derrauh (small blind) folded before Flop



PokerStars Hand #254592797528:  Hold'em No Limit ($0.50/$1.00 USD) - 2025/01/28 18:14:00 WET [2025/01/28 13:14:00 ET]
Table 'Euphrosyne' 6-max Seat #6 is the button
Seat 2: jeffy27dt1 ($113.75 in chips) is sitting out
Seat 1: z00mba ($112.83 in chips) 
Seat 3: avstero ($125.29 in chips) 
Seat 4: coeeeelho ($109.16 in chips) 
Seat 5: 2g00d4youu ($113.99 in chips) 
Seat 6: derrauh ($74.96 in chips) 
z00mba: posts small blind $0.50
jeffy27dt1: is sitting out 
avstero: posts big blind $1
*** HOLE CARDS ***
jeffy27dt1 leaves the table
coeeeelho: folds 
MrAdris9 joins the table at seat #2 
2g00d4youu: folds 
derrauh: raises $2 to $3
z00mba: folds 
avstero: raises $3 to $6
derrauh: calls $3
*** FLOP *** [6h 3d 9d]
avstero: bets $4.55
derrauh: calls $4.55
*** TURN *** [6h 3d 9d] [4c]
avstero: checks 
derrauh: checks 
*** RIVER *** [6h 3d 9d 4c] [3h]
avstero: checks 
derrauh: checks 
*** SHOW DOWN ***
avstero: shows [Ad Ts] (a pair of Threes)
derrauh: mucks hand 
avstero collected $20.52 from pot
*** SUMMARY ***
Total pot $21.60 | Rake $1.08 
Board [6h 3d 9d 4c 3h]
Seat 2: jeffy27dt1
Seat 1: z00mba (small blind) folded before Flop
Seat 3: avstero (big blind) showed [Ad Ts] and won ($20.52) with a pair of Threes
Seat 4: coeeeelho folded before Flop (didn't bet)
Seat 5: 2g00d4youu folded before Flop (didn't bet)
Seat 6: derrauh (button) mucked



PokerStars Hand #254592956345:  Hold'em No Limit ($0.50/$1.00 USD) - 2025/01/28 18:22:59 WET [2025/01/28 13:22:59 ET]
Table 'Euphrosyne' 6-max Seat #3 is the button
Seat 1: z00mba ($110.83 in chips) is sitting out
Seat 6: imhungarian8 ($100 in chips) is sitting out
Seat 2: MrAdris9 ($100 in chips) 
Seat 3: Granit34 ($91.50 in chips) 
Seat 4: coeeeelho ($111.38 in chips) 
Seat 5: treds17 ($100 in chips) 
coeeeelho: posts small blind $0.50
treds17: posts big blind $1
imhungarian8: sits out 
z00mba: sits out 
*** HOLE CARDS ***
MrAdris9: raises $1.20 to $2.20
Granit34: folds 
coeeeelho: folds 
treds17: calls $1.20
*** FLOP *** [6s 9h 7d]
treds17: checks 
MrAdris9: bets $2.33
treds17: calls $2.33
*** TURN *** [6s 9h 7d] [Ah]
treds17: checks 
MrAdris9: checks 
*** RIVER *** [6s 9h 7d Ah] [4c]
treds17: checks 
MrAdris9: bets $6.81
treds17: folds 
Uncalled bet ($6.81) returned to MrAdris9
MrAdris9 collected $9.08 from pot
MrAdris9: doesn't show hand 
*** SUMMARY ***
Total pot $9.56 | Rake $0.48 
Board [6s 9h 7d Ah 4c]
Seat 1: z00mba
Seat 6: imhungarian8
Seat 2: MrAdris9 collected ($9.08)
Seat 3: Granit34 (button) folded before Flop (didn't bet)
Seat 4: coeeeelho (small blind) folded before Flop
Seat 5: treds17 (big blind) folded on the River



PokerStars Hand #254592980933:  Hold'em No Limit ($0.50/$1.00 USD) - 2025/01/28 18:24:22 WET [2025/01/28 13:24:22 ET]
Table 'Euphrosyne' 6-max Seat #4 is the button
Seat 1: z00mba ($110.83 in chips) is sitting out
Seat 2: MrAdris9 ($104.55 in chips) 
Seat 3: Granit34 ($91.50 in chips) 
Seat 4: coeeeelho ($110.88 in chips) 
Seat 5: treds17 ($100 in chips) 
Seat 6: imhungarian8 ($100 in chips) 
treds17: posts small blind $0.50
imhungarian8: posts big blind $1
z00mba: sits out 
*** HOLE CARDS ***
MrAdris9: folds 
Granit34: folds 
coeeeelho: raises $1.50 to $2.50
treds17: folds 
imhungarian8: folds 
Uncalled bet ($1.50) returned to coeeeelho
coeeeelho collected $2.50 from pot
*** SUMMARY ***
Total pot $2.50 | Rake $0 
Seat 1: z00mba
Seat 2: MrAdris9 folded before Flop (didn't bet)
Seat 3: Granit34 folded before Flop (didn't bet)
Seat 4: coeeeelho (button) collected ($2.50)
Seat 5: treds17 (small blind) folded before Flop
Seat 6: imhungarian8 (big blind) folded before Flop



PokerStars Hand #254592988784:  Hold'em No Limit ($0.50/$1.00 USD) - 2025/01/28 18:24:48 WET [2025/01/28 13:24:48 ET]
Table 'Euphrosyne' 6-max Seat #5 is the button
Seat 1: z00mba ($110.83 in chips) is sitting out
Seat 2: MrAdris9 ($104.55 in chips) 
Seat 3: Granit34 ($91.50 in chips) 
Seat 4: coeeeelho ($112.38 in chips) 
Seat 5: treds17 ($100 in chips) 
Seat 6: imhungarian8 ($100 in chips) 
imhungarian8: posts small blind $0.50
z00mba: is sitting out 
MrAdris9: posts big blind $1
*** HOLE CARDS ***
Granit34: folds 
coeeeelho: folds 
treds17: folds 
imhungarian8: raises $1.70 to $2.70
MrAdris9: calls $1.70
*** FLOP *** [Qd 3h 5h]
imhungarian8: bets $1.54
z00mba leaves the table
MrAdris9: calls $1.54
*** TURN *** [Qd 3h 5h] [6d]
imhungarian8: checks 
Dugades197 joins the table at seat #1 
MrAdris9: bets $8.06
Dugades197 is disconnected 
imhungarian8: calls $8.06
*** RIVER *** [Qd 3h 5h 6d] [Jd]
imhungarian8: checks 
MrAdris9: bets $17.55
imhungarian8: folds 
Uncalled bet ($17.55) returned to MrAdris9
MrAdris9 collected $23.37 from pot
MrAdris9: doesn't show hand 
*** SUMMARY ***
Total pot $24.60 | Rake $1.23 
Board [Qd 3h 5h 6d Jd]
Seat 1: z00mba
Seat 2: MrAdris9 (big blind) collected ($23.37)
Seat 3: Granit34 folded before Flop (didn't bet)
Seat 4: coeeeelho folded before Flop (didn't bet)
Seat 5: treds17 (button) folded before Flop (didn't bet)
Seat 6: imhungarian8 (small blind) folded on the River



PokerStars Hand #254593019474:  Hold'em No Limit ($0.50/$1.00 USD) - 2025/01/28 18:26:30 WET [2025/01/28 13:26:30 ET]
Table 'Euphrosyne' 6-max Seat #6 is the button
Seat 1: Dugades197 ($100 in chips) is sitting out
Seat 2: MrAdris9 ($115.62 in chips) 
Seat 3: Granit34 ($91.50 in chips) 
Seat 4: coeeeelho ($112.38 in chips) 
Seat 5: treds17 ($100 in chips) 
Seat 6: imhungarian8 ($100 in chips) 
MrAdris9: posts small blind $0.50
Granit34: posts big blind $1
*** HOLE CARDS ***
coeeeelho: folds 
treds17: raises $1.30 to $2.30
imhungarian8: folds 
MrAdris9: raises $7.70 to $10
Granit34: folds 
treds17: folds 
Uncalled bet ($7.70) returned to MrAdris9
MrAdris9 collected $5.60 from pot
MrAdris9: doesn't show hand 
*** SUMMARY ***
Total pot $5.60 | Rake $0 
Seat 1: Dugades197
Seat 2: MrAdris9 (small blind) collected ($5.60)
Seat 3: Granit34 (big blind) folded before Flop
Seat 4: coeeeelho folded before Flop (didn't bet)
Seat 5: treds17 folded before Flop
Seat 6: imhungarian8 (button) folded before Flop (didn't bet)



PokerStars Hand #254593029677:  Hold'em No Limit ($0.50/$1.00 USD) - 2025/01/28 18:27:03 WET [2025/01/28 13:27:03 ET]
Table 'Euphrosyne' 6-max Seat #2 is the button
Seat 1: Dugades197 ($100 in chips) 
Seat 2: MrAdris9 ($118.92 in chips) 
Seat 3: Granit34 ($90.50 in chips) 
Seat 4: coeeeelho ($112.38 in chips) 
Seat 5: treds17 ($100 in chips) 
Seat 6: imhungarian8 ($100 in chips) 
Granit34: posts small blind $0.50
coeeeelho: posts big blind $1
Dugades197: posts big blind $1
*** HOLE CARDS ***
treds17: folds 
imhungarian8: folds 
Dugades197: raises $4 to $5
MrAdris9: folds 
Granit34: calls $4.50
coeeeelho: folds 
*** FLOP *** [3c Kh 4c]
Granit34: checks 
Dugades197: bets $10.45
Granit34: folds 
Uncalled bet ($10.45) returned to Dugades197
Dugades197 collected $10.45 from pot
*** SUMMARY ***
Total pot $11 | Rake $0.55 
Board [3c Kh 4c]
Seat 1: Dugades197 collected ($10.45)
Seat 2: MrAdris9 (button) folded before Flop (didn't bet)
Seat 3: Granit34 (small blind) folded on the Flop
Seat 4: coeeeelho (big blind) folded before Flop
Seat 5: treds17 folded before Flop (didn't bet)
Seat 6: imhungarian8 folded before Flop (didn't bet)



PokerStars Hand #254593038732:  Hold'em No Limit ($0.50/$1.00 USD) - 2025/01/28 18:27:33 WET [2025/01/28 13:27:33 ET]
Table 'Euphrosyne' 6-max Seat #3 is the button
Seat 1: Dugades197 ($105.45 in chips) 
Seat 2: MrAdris9 ($118.92 in chips) 
Seat 3: Granit34 ($85.50 in chips) 
Seat 4: coeeeelho ($111.38 in chips) 
Seat 5: treds17 ($100 in chips) 
Seat 6: imhungarian8 ($100 in chips) 
coeeeelho: posts small blind $0.50
treds17: posts big blind $1
*** HOLE CARDS ***
imhungarian8: folds 
Dugades197: folds 
MrAdris9: folds 
Granit34: folds 
coeeeelho: raises $2 to $3
treds17: folds 
Uncalled bet ($2) returned to coeeeelho
coeeeelho collected $2 from pot
*** SUMMARY ***
Total pot $2 | Rake $0 
Seat 1: Dugades197 folded before Flop (didn't bet)
Seat 2: MrAdris9 folded before Flop (didn't bet)
Seat 3: Granit34 (button) folded before Flop (didn't bet)
Seat 4: coeeeelho (small blind) collected ($2)
Seat 5: treds17 (big blind) folded before Flop
Seat 6: imhungarian8 folded before Flop (didn't bet)



PokerStars Hand #254593044485:  Hold'em No Limit ($0.50/$1.00 USD) - 2025/01/28 18:27:52 WET [2025/01/28 13:27:52 ET]
Table 'Euphrosyne' 6-max Seat #4 is the button
Seat 1: Dugades197 ($105.45 in chips) 
Seat 2: MrAdris9 ($118.92 in chips) 
Seat 3: Granit34 ($85.50 in chips) 
Seat 4: coeeeelho ($112.38 in chips) 
Seat 5: treds17 ($100 in chips) 
Seat 6: imhungarian8 ($100 in chips) 
treds17: posts small blind $0.50
imhungarian8: posts big blind $1
*** HOLE CARDS ***
Dugades197: raises $2.50 to $3.50
MrAdris9: folds 
Granit34: folds 
coeeeelho: folds 
treds17: folds 
imhungarian8: folds 
Uncalled bet ($2.50) returned to Dugades197
Dugades197 collected $2.50 from pot
*** SUMMARY ***
Total pot $2.50 | Rake $0 
Seat 1: Dugades197 collected ($2.50)
Seat 2: MrAdris9 folded before Flop (didn't bet)
Seat 3: Granit34 folded before Flop (didn't bet)
Seat 4: coeeeelho (button) folded before Flop (didn't bet)
Seat 5: treds17 (small blind) folded before Flop
Seat 6: imhungarian8 (big blind) folded before Flop



PokerStars Hand #254593056671:  Hold'em No Limit ($0.50/$1.00 USD) - 2025/01/28 18:28:33 WET [2025/01/28 13:28:33 ET]
Table 'Euphrosyne' 6-max Seat #5 is the button
Seat 1: Dugades197 ($106.95 in chips) 
Seat 2: MrAdris9 ($118.92 in chips) 
Seat 3: Granit34 ($85.50 in chips) 
Seat 4: coeeeelho ($112.38 in chips) 
Seat 5: treds17 ($100 in chips) 
Seat 6: imhungarian8 ($100 in chips) 
imhungarian8: posts small blind $0.50
Dugades197: posts big blind $1
*** HOLE CARDS ***
MrAdris9: folds 
Granit34: calls $1
coeeeelho: folds 
treds17: folds 
imhungarian8: folds 
Dugades197: raises $7 to $8
Granit34: folds 
Uncalled bet ($7) returned to Dugades197
Dugades197 collected $2.50 from pot
*** SUMMARY ***
Total pot $2.50 | Rake $0 
Seat 1: Dugades197 (big blind) collected ($2.50)
Seat 2: MrAdris9 folded before Flop (didn't bet)
Seat 3: Granit34 folded before Flop
Seat 4: coeeeelho folded before Flop (didn't bet)
Seat 5: treds17 (button) folded before Flop (didn't bet)
Seat 6: imhungarian8 (small blind) folded before Flop



PokerStars Hand #254593063574:  Hold'em No Limit ($0.50/$1.00 USD) - 2025/01/28 18:28:56 WET [2025/01/28 13:28:56 ET]
Table 'Euphrosyne' 6-max Seat #6 is the button
Seat 1: Dugades197 ($108.45 in chips) 
Seat 2: MrAdris9 ($118.92 in chips) 
Seat 3: Granit34 ($84.50 in chips) 
Seat 4: coeeeelho ($112.38 in chips) 
Seat 5: treds17 ($100 in chips) 
Seat 6: imhungarian8 ($100 in chips) 
Dugades197: posts small blind $0.50
MrAdris9: posts big blind $1
*** HOLE CARDS ***
Granit34: folds 
coeeeelho: folds 
treds17: folds 
imhungarian8: folds 
Dugades197: raises $4 to $5
Granit34 leaves the table
MrAdris9: folds 
Uncalled bet ($4) returned to Dugades197
Dugades197 collected $2 from pot
*** SUMMARY ***
Total pot $2 | Rake $0 
Seat 1: Dugades197 (small blind) collected ($2)
Seat 2: MrAdris9 (big blind) folded before Flop
Seat 3: Granit34 folded before Flop (didn't bet)
Seat 4: coeeeelho folded before Flop (didn't bet)
Seat 5: treds17 folded before Flop (didn't bet)
Seat 6: imhungarian8 (button) folded before Flop (didn't bet)



PokerStars Hand #254593068839:  Hold'em No Limit ($0.50/$1.00 USD) - 2025/01/28 18:29:13 WET [2025/01/28 13:29:13 ET]
Table 'Euphrosyne' 6-max Seat #1 is the button
Seat 1: Dugades197 ($109.45 in chips) 
Seat 2: MrAdris9 ($117.92 in chips) 
Seat 4: coeeeelho ($112.38 in chips) 
Seat 5: treds17 ($100 in chips) 
Seat 6: imhungarian8 ($100 in chips) 
MrAdris9: posts small blind $0.50
coeeeelho: posts big blind $1
*** HOLE CARDS ***
treds17: folds 
imhungarian8: folds 
Dugades197: folds 
MrAdris9: folds 
Uncalled bet ($0.50) returned to coeeeelho
coeeeelho collected $1 from pot
*** SUMMARY ***
Total pot $1 | Rake $0 
Seat 1: Dugades197 (button) folded before Flop (didn't bet)
Seat 2: MrAdris9 (small blind) folded before Flop
Seat 4: coeeeelho (big blind) collected ($1)
Seat 5: treds17 folded before Flop (didn't bet)
Seat 6: imhungarian8 folded before Flop (didn't bet)



PokerStars Hand #254593072977:  Hold'em No Limit ($0.50/$1.00 USD) - 2025/01/28 18:29:27 WET [2025/01/28 13:29:27 ET]
Table 'Euphrosyne' 6-max Seat #2 is the button
Seat 1: Dugades197 ($109.45 in chips) 
Seat 2: MrAdris9 ($117.42 in chips) 
Seat 4: coeeeelho ($112.88 in chips) 
Seat 5: treds17 ($100 in chips) 
Seat 6: imhungarian8 ($100 in chips) 
coeeeelho: posts small blind $0.50
treds17: posts big blind $1
*** HOLE CARDS ***
imhungarian8: folds 
Dugades197: folds 
MrAdris9: folds 
coeeeelho: folds 
Uncalled bet ($0.50) returned to treds17
Pippa83 joins the table at seat #3 
treds17 collected $1 from pot
treds17: doesn't show hand 
*** SUMMARY ***
Total pot $1 | Rake $0 
Seat 1: Dugades197 folded before Flop (didn't bet)
Seat 2: MrAdris9 (button) folded before Flop (didn't bet)
Seat 4: coeeeelho (small blind) folded before Flop
Seat 5: treds17 (big blind) collected ($1)
Seat 6: imhungarian8 folded before Flop (didn't bet)



PokerStars Hand #254593075332:  Hold'em No Limit ($0.50/$1.00 USD) - 2025/01/28 18:29:35 WET [2025/01/28 13:29:35 ET]
Table 'Euphrosyne' 6-max Seat #4 is the button
Seat 3: Pippa83 ($100 in chips) is sitting out
Seat 1: Dugades197 ($109.45 in chips) 
Seat 2: MrAdris9 ($117.42 in chips) 
Seat 4: coeeeelho ($112.38 in chips) 
Seat 5: treds17 ($100.50 in chips) 
Seat 6: imhungarian8 ($100 in chips) 
treds17: posts small blind $0.50
imhungarian8: posts big blind $1
Pippa83: sits out 
*** HOLE CARDS ***
Dugades197: folds 
MrAdris9: folds 
coeeeelho: raises $1.50 to $2.50
treds17: folds 
imhungarian8: folds 
Uncalled bet ($1.50) returned to coeeeelho
coeeeelho collected $2.50 from pot
*** SUMMARY ***
Total pot $2.50 | Rake $0 
Seat 3: Pippa83
Seat 1: Dugades197 folded before Flop (didn't bet)
Seat 2: MrAdris9 folded before Flop (didn't bet)
Seat 4: coeeeelho (button) collected ($2.50)
Seat 5: treds17 (small blind) folded before Flop
Seat 6: imhungarian8 (big blind) folded before Flop



PokerStars Hand #254593079440:  Hold'em No Limit ($0.50/$1.00 USD) - 2025/01/28 18:29:48 WET [2025/01/28 13:29:48 ET]
Table 'Euphrosyne' 6-max Seat #5 is the button
Seat 3: Pippa83 ($100 in chips) is sitting out
Seat 1: Dugades197 ($109.45 in chips) 
Seat 2: MrAdris9 ($117.42 in chips) 
Seat 4: coeeeelho ($113.88 in chips) 
Seat 5: treds17 ($100 in chips) 
Seat 6: imhungarian8 ($100 in chips) 
imhungarian8: posts small blind $0.50
Dugades197: posts big blind $1
Pippa83: sits out 
*** HOLE CARDS ***
MrAdris9: folds 
coeeeelho: raises $1.30 to $2.30
treds17: raises $5.20 to $7.50
imhungarian8: folds 
Dugades197: folds 
coeeeelho: calls $5.20
*** FLOP *** [9d 7d 2d]
coeeeelho: checks 
treds17: bets $4.70
coeeeelho: calls $4.70
*** TURN *** [9d 7d 2d] [9h]
coeeeelho: checks 
treds17: bets $14.76
coeeeelho: folds 
Uncalled bet ($14.76) returned to treds17
treds17 collected $24.60 from pot
treds17: doesn't show hand 
*** SUMMARY ***
Total pot $25.90 | Rake $1.30 
Board [9d 7d 2d 9h]
Seat 3: Pippa83
Seat 1: Dugades197 (big blind) folded before Flop
Seat 2: MrAdris9 folded before Flop (didn't bet)
Seat 4: coeeeelho folded on the Turn
Seat 5: treds17 (button) collected ($24.60)
Seat 6: imhungarian8 (small blind) folded before Flop



PokerStars Hand #254593094774:  Hold'em No Limit ($0.50/$1.00 USD) - 2025/01/28 18:30:37 WET [2025/01/28 13:30:37 ET]
Table 'Euphrosyne' 6-max Seat #6 is the button
Seat 3: Pippa83 ($100 in chips) is sitting out
Seat 1: Dugades197 ($108.45 in chips) 
Seat 2: MrAdris9 ($117.42 in chips) 
Seat 4: coeeeelho ($101.68 in chips) 
Seat 5: treds17 ($112.40 in chips) 
Seat 6: imhungarian8 ($100 in chips) 
Dugades197: posts small blind $0.50
MrAdris9: posts big blind $1
Pippa83: sits out 
*** HOLE CARDS ***
coeeeelho: folds 
treds17: folds 
imhungarian8: folds 
Dugades197: raises $4 to $5
MrAdris9: raises $19.50 to $24.50
Dugades197: calls $19.50
*** FLOP *** [8c 3c 2s]
Dugades197: bets $1
MrAdris9: raises $5 to $6
Dugades197: calls $5
*** TURN *** [8c 3c 2s] [As]
Dugades197: bets $29.25
MrAdris9: calls $29.25
*** RIVER *** [8c 3c 2s As] [Td]
Dugades197: bets $48.70 and is all-in
MrAdris9: calls $48.70
*** SHOW DOWN ***
Dugades197: shows [Jd Ad] (a pair of Aces)
MrAdris9: shows [Qd Ac] (a pair of Aces - Queen kicker)
MrAdris9 collected $214.40 from pot
*** SUMMARY ***
Total pot $216.90 | Rake $2.50 
Board [8c 3c 2s As Td]
Seat 3: Pippa83
Seat 1: Dugades197 (small blind) showed [Jd Ad] and lost with a pair of Aces
Seat 2: MrAdris9 (big blind) showed [Qd Ac] and won ($214.40) with a pair of Aces
Seat 4: coeeeelho folded before Flop (didn't bet)
Seat 5: treds17 folded before Flop (didn't bet)
Seat 6: imhungarian8 (button) folded before Flop (didn't bet)



PokerStars Hand #254593114745:  Hold'em No Limit ($0.50/$1.00 USD) - 2025/01/28 18:31:42 WET [2025/01/28 13:31:42 ET]
Table 'Euphrosyne' 6-max Seat #2 is the button
Seat 1: Dugades197 ($0 in chips) is sitting out
Seat 3: Pippa83 ($100 in chips) is sitting out
Seat 2: MrAdris9 ($223.37 in chips) 
Seat 4: coeeeelho ($101.68 in chips) 
Seat 5: treds17 ($112.40 in chips) 
Seat 6: imhungarian8 ($100 in chips) 
coeeeelho: posts small blind $0.50
treds17: posts big blind $1
*** HOLE CARDS ***
imhungarian8: raises $1.30 to $2.30
MrAdris9: folds 
coeeeelho: folds 
treds17: calls $1.30
*** FLOP *** [9d 6h Ad]
treds17: checks 
imhungarian8: bets $1.45
treds17: folds 
Uncalled bet ($1.45) returned to imhungarian8
imhungarian8 collected $4.84 from pot
imhungarian8: doesn't show hand 
*** SUMMARY ***
Total pot $5.10 | Rake $0.26 
Board [9d 6h Ad]
Seat 1: Dugades197
Seat 3: Pippa83
Seat 2: MrAdris9 (button) folded before Flop (didn't bet)
Seat 4: coeeeelho (small blind) folded before Flop
Seat 5: treds17 (big blind) folded on the Flop
Seat 6: imhungarian8 collected ($4.84)



PokerStars Hand #254593125901:  Hold'em No Limit ($0.50/$1.00 USD) - 2025/01/28 18:32:19 WET [2025/01/28 13:32:19 ET]
Table 'Euphrosyne' 6-max Seat #4 is the button
Seat 3: Pippa83 ($100 in chips) is sitting out
Seat 1: Dugades197 ($100 in chips) 
Seat 2: MrAdris9 ($223.37 in chips) 
Seat 4: coeeeelho ($101.18 in chips) 
Seat 5: treds17 ($110.10 in chips) 
Seat 6: imhungarian8 ($102.54 in chips) 
treds17: posts small blind $0.50
imhungarian8: posts big blind $1
Pippa83: sits out 
*** HOLE CARDS ***
Dugades197: raises $2.50 to $3.50
MrAdris9: raises $15 to $18.50
coeeeelho: folds 
treds17: folds 
imhungarian8: folds 
Dugades197: calls $15
*** FLOP *** [Js 3s 2d]
Dugades197: bets $81.50 and is all-in
MrAdris9: calls $81.50
*** TURN *** [Js 3s 2d] [8h]
*** RIVER *** [Js 3s 2d 8h] [Ac]
*** SHOW DOWN ***
Dugades197: shows [Ts Ah] (a pair of Aces)
MrAdris9: shows [Ks Ad] (a pair of Aces - King kicker)
MrAdris9 collected $199 from pot
*** SUMMARY ***
Total pot $201.50 | Rake $2.50 
Board [Js 3s 2d 8h Ac]
Seat 3: Pippa83
Seat 1: Dugades197 showed [Ts Ah] and lost with a pair of Aces
Seat 2: MrAdris9 showed [Ks Ad] and won ($199) with a pair of Aces
Seat 4: coeeeelho (button) folded before Flop (didn't bet)
Seat 5: treds17 (small blind) folded before Flop
Seat 6: imhungarian8 (big blind) folded before Flop



PokerStars Hand #254593154200:  Hold'em No Limit ($0.50/$1.00 USD) - 2025/01/28 18:33:49 WET [2025/01/28 13:33:49 ET]
Table 'Euphrosyne' 6-max Seat #5 is the button
Seat 1: Dugades197 ($0 in chips) is sitting out
Seat 3: Pippa83 ($100 in chips) is sitting out
Seat 2: MrAdris9 ($322.37 in chips) 
Seat 4: coeeeelho ($101.18 in chips) 
Seat 5: treds17 ($109.60 in chips) 
Seat 6: imhungarian8 ($101.54 in chips) 
imhungarian8: posts small blind $0.50
MrAdris9: posts big blind $1
Pippa83: sits out 
*** HOLE CARDS ***
coeeeelho: folds 
treds17: folds 
imhungarian8: raises $1.70 to $2.70
MrAdris9: folds 
Uncalled bet ($1.70) returned to imhungarian8
imhungarian8 collected $2 from pot
imhungarian8: doesn't show hand 
*** SUMMARY ***
Total pot $2 | Rake $0 
Seat 1: Dugades197
Seat 3: Pippa83
Seat 2: MrAdris9 (big blind) folded before Flop
Seat 4: coeeeelho folded before Flop (didn't bet)
Seat 5: treds17 (button) folded before Flop (didn't bet)
Seat 6: imhungarian8 (small blind) collected ($2)



PokerStars Hand #254593158011:  Hold'em No Limit ($0.50/$1.00 USD) - 2025/01/28 18:34:01 WET [2025/01/28 13:34:01 ET]
Table 'Euphrosyne' 6-max Seat #6 is the button
Seat 1: Dugades197 ($42.05 in chips) is sitting out
Seat 2: MrAdris9 ($321.37 in chips) 
Seat 3: Pippa83 ($100 in chips) 
Seat 4: coeeeelho ($101.18 in chips) 
Seat 5: treds17 ($109.60 in chips) 
Seat 6: imhungarian8 ($102.54 in chips) 
MrAdris9: posts small blind $0.50
Pippa83: posts big blind $1
*** HOLE CARDS ***
coeeeelho: folds 
treds17: folds 
imhungarian8: folds 
MrAdris9: raises $2 to $3
Pippa83: folds 
Uncalled bet ($2) returned to MrAdris9
MrAdris9 collected $2 from pot
MrAdris9: doesn't show hand 
*** SUMMARY ***
Total pot $2 | Rake $0 
Seat 1: Dugades197
Seat 2: MrAdris9 (small blind) collected ($2)
Seat 3: Pippa83 (big blind) folded before Flop
Seat 4: coeeeelho folded before Flop (didn't bet)
Seat 5: treds17 folded before Flop (didn't bet)
Seat 6: imhungarian8 (button) folded before Flop (didn't bet)



PokerStars Hand #254593162249:  Hold'em No Limit ($0.50/$1.00 USD) - 2025/01/28 18:34:15 WET [2025/01/28 13:34:15 ET]
Table 'Euphrosyne' 6-max Seat #2 is the button
Seat 1: Dugades197 ($42.05 in chips) 
Seat 2: MrAdris9 ($322.37 in chips) 
Seat 3: Pippa83 ($100 in chips) 
Seat 4: coeeeelho ($101.18 in chips) 
Seat 5: treds17 ($109.60 in chips) 
Seat 6: imhungarian8 ($102.54 in chips) 
Pippa83: posts small blind $0.50
coeeeelho: posts big blind $1
Dugades197: posts small & big blinds $1.50
*** HOLE CARDS ***
treds17: raises $3 to $4
imhungarian8: folds 
Dugades197: raises $3 to $7
MrAdris9: raises $9 to $16
Pippa83: folds 
coeeeelho: folds 
treds17: folds 
Dugades197: raises $25.55 to $41.55 and is all-in
MrAdris9: calls $25.55
*** FLOP *** [Th Tc 7s]
*** TURN *** [Th Tc 7s] [7d]
*** RIVER *** [Th Tc 7s 7d] [Td]
*** SHOW DOWN ***
Dugades197: shows [Kc Ah] (a full house, Tens full of Sevens)
MrAdris9: shows [Qc As] (a full house, Tens full of Sevens)
Dugades197 collected $43.30 from pot
MrAdris9 collected $43.30 from pot
*** SUMMARY ***
Total pot $89.10 | Rake $2.50 
Board [Th Tc 7s 7d Td]
Seat 1: Dugades197 showed [Kc Ah] and won ($43.30) with a full house, Tens full of Sevens
Seat 2: MrAdris9 (button) showed [Qc As] and won ($43.30) with a full house, Tens full of Sevens
Seat 3: Pippa83 (small blind) folded before Flop
Seat 4: coeeeelho (big blind) folded before Flop
Seat 5: treds17 folded before Flop
Seat 6: imhungarian8 folded before Flop (didn't bet)



PokerStars Hand #254593177702:  Hold'em No Limit ($0.50/$1.00 USD) - 2025/01/28 18:35:05 WET [2025/01/28 13:35:05 ET]
Table 'Euphrosyne' 6-max Seat #3 is the button
Seat 1: Dugades197 ($43.30 in chips) 
Seat 2: MrAdris9 ($324.12 in chips) 
Seat 3: Pippa83 ($100 in chips) 
Seat 4: coeeeelho ($100.18 in chips) 
Seat 5: treds17 ($105.60 in chips) 
Seat 6: imhungarian8 ($102.54 in chips) 
coeeeelho: posts small blind $0.50
treds17: posts big blind $1
*** HOLE CARDS ***
imhungarian8: folds 
Dugades197: raises $4 to $5
MrAdris9: folds 
Pippa83: folds 
coeeeelho: folds 
treds17: folds 
Uncalled bet ($4) returned to Dugades197
Dugades197 collected $2.50 from pot
*** SUMMARY ***
Total pot $2.50 | Rake $0 
Seat 1: Dugades197 collected ($2.50)
Seat 2: MrAdris9 folded before Flop (didn't bet)
Seat 3: Pippa83 (button) folded before Flop (didn't bet)
Seat 4: coeeeelho (small blind) folded before Flop
Seat 5: treds17 (big blind) folded before Flop
Seat 6: imhungarian8 folded before Flop (didn't bet)



PokerStars Hand #254593182158:  Hold'em No Limit ($0.50/$1.00 USD) - 2025/01/28 18:35:20 WET [2025/01/28 13:35:20 ET]
Table 'Euphrosyne' 6-max Seat #4 is the button
Seat 1: Dugades197 ($44.80 in chips) 
Seat 2: MrAdris9 ($324.12 in chips) 
Seat 3: Pippa83 ($100 in chips) 
Seat 4: coeeeelho ($100 in chips) 
Seat 5: treds17 ($104.60 in chips) 
Seat 6: imhungarian8 ($102.54 in chips) 
treds17: posts small blind $0.50
imhungarian8: posts big blind $1
*** HOLE CARDS ***
Dugades197: raises $7 to $8
MrAdris9: folds 
Pippa83: folds 
coeeeelho: folds 
treds17: folds 
imhungarian8: folds 
Uncalled bet ($7) returned to Dugades197
Dugades197 collected $2.50 from pot
*** SUMMARY ***
Total pot $2.50 | Rake $0 
Seat 1: Dugades197 collected ($2.50)
Seat 2: MrAdris9 folded before Flop (didn't bet)
Seat 3: Pippa83 folded before Flop (didn't bet)
Seat 4: coeeeelho (button) folded before Flop (didn't bet)
Seat 5: treds17 (small blind) folded before Flop
Seat 6: imhungarian8 (big blind) folded before Flop



PokerStars Hand #254593188341:  Hold'em No Limit ($0.50/$1.00 USD) - 2025/01/28 18:35:40 WET [2025/01/28 13:35:40 ET]
Table 'Euphrosyne' 6-max Seat #5 is the button
Seat 1: Dugades197 ($46.30 in chips) 
Seat 2: MrAdris9 ($324.12 in chips) 
Seat 3: Pippa83 ($100 in chips) 
Seat 4: coeeeelho ($100 in chips) 
Seat 5: treds17 ($104.10 in chips) 
Seat 6: imhungarian8 ($101.54 in chips) 
imhungarian8: posts small blind $0.50
Dugades197: posts big blind $1
*** HOLE CARDS ***
MrAdris9: folds 
Pippa83: folds 
coeeeelho: folds 
treds17: folds 
imhungarian8: folds 
Uncalled bet ($0.50) returned to Dugades197
Dugades197 collected $1 from pot
*** SUMMARY ***
Total pot $1 | Rake $0 
Seat 1: Dugades197 (big blind) collected ($1)
Seat 2: MrAdris9 folded before Flop (didn't bet)
Seat 3: Pippa83 folded before Flop (didn't bet)
Seat 4: coeeeelho folded before Flop (didn't bet)
Seat 5: treds17 (button) folded before Flop (didn't bet)
Seat 6: imhungarian8 (small blind) folded before Flop



PokerStars Hand #254593192786:  Hold'em No Limit ($0.50/$1.00 USD) - 2025/01/28 18:35:54 WET [2025/01/28 13:35:54 ET]
Table 'Euphrosyne' 6-max Seat #6 is the button
Seat 1: Dugades197 ($46.80 in chips) 
Seat 2: MrAdris9 ($324.12 in chips) 
Seat 3: Pippa83 ($100 in chips) 
Seat 4: coeeeelho ($100 in chips) 
Seat 5: treds17 ($104.10 in chips) 
Seat 6: imhungarian8 ($101.04 in chips) 
Dugades197: posts small blind $0.50
MrAdris9: posts big blind $1
*** HOLE CARDS ***
Pippa83: raises $1.20 to $2.20
coeeeelho: folds 
treds17: folds 
imhungarian8: folds 
Dugades197: calls $1.70
MrAdris9: folds 
*** FLOP *** [4h Qs Ks]
Dugades197: checks 
Pippa83: bets $3.85
Dugades197: folds 
Uncalled bet ($3.85) returned to Pippa83
Pippa83 collected $5.13 from pot
Pippa83: doesn't show hand 
*** SUMMARY ***
Total pot $5.40 | Rake $0.27 
Board [4h Qs Ks]
Seat 1: Dugades197 (small blind) folded on the Flop
Seat 2: MrAdris9 (big blind) folded before Flop
Seat 3: Pippa83 collected ($5.13)
Seat 4: coeeeelho folded before Flop (didn't bet)
Seat 5: treds17 folded before Flop (didn't bet)
Seat 6: imhungarian8 (button) folded before Flop (didn't bet)



PokerStars Hand #254593201937:  Hold'em No Limit ($0.50/$1.00 USD) - 2025/01/28 18:36:23 WET [2025/01/28 13:36:23 ET]
Table 'Euphrosyne' 6-max Seat #1 is the button
Seat 1: Dugades197 ($44.60 in chips) 
Seat 2: MrAdris9 ($323.12 in chips) 
Seat 3: Pippa83 ($102.93 in chips) 
Seat 4: coeeeelho ($100 in chips) 
Seat 5: treds17 ($104.10 in chips) 
Seat 6: imhungarian8 ($101.04 in chips) 
MrAdris9: posts small blind $0.50
Pippa83: posts big blind $1
*** HOLE CARDS ***
coeeeelho: folds 
treds17: folds 
imhungarian8: folds 
Dugades197: raises $2.50 to $3.50
MrAdris9: folds 
Pippa83: folds 
Uncalled bet ($2.50) returned to Dugades197
Dugades197 collected $2.50 from pot
*** SUMMARY ***
Total pot $2.50 | Rake $0 
Seat 1: Dugades197 (button) collected ($2.50)
Seat 2: MrAdris9 (small blind) folded before Flop
Seat 3: Pippa83 (big blind) folded before Flop
Seat 4: coeeeelho folded before Flop (didn't bet)
Seat 5: treds17 folded before Flop (didn't bet)
Seat 6: imhungarian8 folded before Flop (didn't bet)



PokerStars Hand #254593207966:  Hold'em No Limit ($0.50/$1.00 USD) - 2025/01/28 18:36:43 WET [2025/01/28 13:36:43 ET]
Table 'Euphrosyne' 6-max Seat #2 is the button
Seat 1: Dugades197 ($46.10 in chips) 
Seat 2: MrAdris9 ($322.62 in chips) 
Seat 3: Pippa83 ($101.93 in chips) 
Seat 4: coeeeelho ($100 in chips) 
Seat 5: treds17 ($104.10 in chips) 
Seat 6: imhungarian8 ($101.04 in chips) 
Pippa83: posts small blind $0.50
coeeeelho: posts big blind $1
*** HOLE CARDS ***
treds17: folds 
imhungarian8: folds 
Dugades197: folds 
MrAdris9: folds 
Pippa83: folds 
Uncalled bet ($0.50) returned to coeeeelho
coeeeelho collected $1 from pot
*** SUMMARY ***
Total pot $1 | Rake $0 
Seat 1: Dugades197 folded before Flop (didn't bet)
Seat 2: MrAdris9 (button) folded before Flop (didn't bet)
Seat 3: Pippa83 (small blind) folded before Flop
Seat 4: coeeeelho (big blind) collected ($1)
Seat 5: treds17 folded before Flop (didn't bet)
Seat 6: imhungarian8 folded before Flop (didn't bet)



PokerStars Hand #254593211920:  Hold'em No Limit ($0.50/$1.00 USD) - 2025/01/28 18:36:55 WET [2025/01/28 13:36:55 ET]
Table 'Euphrosyne' 6-max Seat #3 is the button
Seat 1: Dugades197 ($46.10 in chips) 
Seat 2: MrAdris9 ($322.62 in chips) 
Seat 3: Pippa83 ($101.43 in chips) 
Seat 4: coeeeelho ($100.50 in chips) 
Seat 5: treds17 ($104.10 in chips) 
Seat 6: imhungarian8 ($101.04 in chips) 
coeeeelho: posts small blind $0.50
treds17: posts big blind $1
*** HOLE CARDS ***
imhungarian8: folds 
Dugades197: calls $1
MrAdris9: folds 
Pippa83: folds 
coeeeelho: raises $3.20 to $4.20
treds17: folds 
Dugades197: folds 
Uncalled bet ($3.20) returned to coeeeelho
coeeeelho collected $3 from pot
*** SUMMARY ***
Total pot $3 | Rake $0 
Seat 1: Dugades197 folded before Flop
Seat 2: MrAdris9 folded before Flop (didn't bet)
Seat 3: Pippa83 (button) folded before Flop (didn't bet)
Seat 4: coeeeelho (small blind) collected ($3)
Seat 5: treds17 (big blind) folded before Flop
Seat 6: imhungarian8 folded before Flop (didn't bet)



PokerStars Hand #254593220253:  Hold'em No Limit ($0.50/$1.00 USD) - 2025/01/28 18:37:22 WET [2025/01/28 13:37:22 ET]
Table 'Euphrosyne' 6-max Seat #4 is the button
Seat 1: Dugades197 ($45.10 in chips) 
Seat 2: MrAdris9 ($322.62 in chips) 
Seat 3: Pippa83 ($101.43 in chips) 
Seat 4: coeeeelho ($102.50 in chips) 
Seat 5: treds17 ($103.10 in chips) 
Seat 6: imhungarian8 ($101.04 in chips) 
treds17: posts small blind $0.50
imhungarian8: posts big blind $1
*** HOLE CARDS ***
Dugades197: raises $1 to $2
MrAdris9: folds 
Pippa83: folds 
coeeeelho: folds 
treds17: folds 
imhungarian8: folds 
Uncalled bet ($1) returned to Dugades197
Dugades197 collected $2.50 from pot
*** SUMMARY ***
Total pot $2.50 | Rake $0 
Seat 1: Dugades197 collected ($2.50)
Seat 2: MrAdris9 folded before Flop (didn't bet)
Seat 3: Pippa83 folded before Flop (didn't bet)
Seat 4: coeeeelho (button) folded before Flop (didn't bet)
Seat 5: treds17 (small blind) folded before Flop
Seat 6: imhungarian8 (big blind) folded before Flop



PokerStars Hand #254593229923:  Hold'em No Limit ($0.50/$1.00 USD) - 2025/01/28 18:37:53 WET [2025/01/28 13:37:53 ET]
Table 'Euphrosyne' 6-max Seat #5 is the button
Seat 1: Dugades197 ($46.60 in chips) 
Seat 2: MrAdris9 ($322.62 in chips) 
Seat 3: Pippa83 ($101.43 in chips) 
Seat 4: coeeeelho ($102.50 in chips) 
Seat 5: treds17 ($102.60 in chips) 
Seat 6: imhungarian8 ($100.04 in chips) 
imhungarian8: posts small blind $0.50
Dugades197: posts big blind $1
*** HOLE CARDS ***
MrAdris9: folds 
Pippa83: raises $1.20 to $2.20
coeeeelho: folds 
treds17: folds 
imhungarian8: calls $1.70
Dugades197: calls $1.20
*** FLOP *** [2c Th Qd]
imhungarian8: checks 
Dugades197: checks 
Pippa83: checks 
*** TURN *** [2c Th Qd] [4c]
imhungarian8: checks 
Dugades197: checks 
Pippa83: checks 
*** RIVER *** [2c Th Qd 4c] [6c]
imhungarian8: checks 
Dugades197: bets $6.27
Pippa83: calls $6.27
imhungarian8: folds 
*** SHOW DOWN ***
Dugades197: shows [8s 3h] (high card Queen)
Pippa83: shows [7c 7h] (a pair of Sevens)
Pippa83 collected $18.18 from pot
*** SUMMARY ***
Total pot $19.14 | Rake $0.96 
Board [2c Th Qd 4c 6c]
Seat 1: Dugades197 (big blind) showed [8s 3h] and lost with high card Queen
Seat 2: MrAdris9 folded before Flop (didn't bet)
Seat 3: Pippa83 showed [7c 7h] and won ($18.18) with a pair of Sevens
Seat 4: coeeeelho folded before Flop (didn't bet)
Seat 5: treds17 (button) folded before Flop (didn't bet)
Seat 6: imhungarian8 (small blind) folded on the River



PokerStars Hand #254593245609:  Hold'em No Limit ($0.50/$1.00 USD) - 2025/01/28 18:38:42 WET [2025/01/28 13:38:42 ET]
Table 'Euphrosyne' 6-max Seat #6 is the button
Seat 1: Dugades197 ($38.13 in chips) 
Seat 2: MrAdris9 ($322.62 in chips) 
Seat 3: Pippa83 ($111.14 in chips) 
Seat 4: coeeeelho ($102.50 in chips) 
Seat 5: treds17 ($102.60 in chips) 
Seat 6: imhungarian8 ($100 in chips) 
Dugades197: posts small blind $0.50
MrAdris9: posts big blind $1
*** HOLE CARDS ***
Pippa83: folds 
coeeeelho: folds 
treds17: folds 
imhungarian8: folds 
Dugades197: calls $0.50
MrAdris9: checks 
*** FLOP *** [Ts 8c Qh]
Dugades197: bets $1
MrAdris9: calls $1
*** TURN *** [Ts 8c Qh] [4s]
Dugades197: checks 
MrAdris9: bets $3.35
Dugades197: calls $3.35
*** RIVER *** [Ts 8c Qh 4s] [6d]
Dugades197: checks 
MrAdris9: bets $9.15
Dugades197: folds 
Uncalled bet ($9.15) returned to MrAdris9
MrAdris9 collected $10.16 from pot
MrAdris9: doesn't show hand 
*** SUMMARY ***
Total pot $10.70 | Rake $0.54 
Board [Ts 8c Qh 4s 6d]
Seat 1: Dugades197 (small blind) folded on the River
Seat 2: MrAdris9 (big blind) collected ($10.16)
Seat 3: Pippa83 folded before Flop (didn't bet)
Seat 4: coeeeelho folded before Flop (didn't bet)
Seat 5: treds17 folded before Flop (didn't bet)
Seat 6: imhungarian8 (button) folded before Flop (didn't bet)



PokerStars Hand #254593267740:  Hold'em No Limit ($0.50/$1.00 USD) - 2025/01/28 18:39:52 WET [2025/01/28 13:39:52 ET]
Table 'Euphrosyne' 6-max Seat #1 is the button
Seat 1: Dugades197 ($32.78 in chips) 
Seat 2: MrAdris9 ($327.43 in chips) 
Seat 3: Pippa83 ($111.14 in chips) 
Seat 4: coeeeelho ($102.50 in chips) 
Seat 5: treds17 ($102.60 in chips) 
Seat 6: imhungarian8 ($100 in chips) 
MrAdris9: posts small blind $0.50
Pippa83: posts big blind $1
*** HOLE CARDS ***
coeeeelho: folds 
treds17: folds 
imhungarian8: folds 
Dugades197: folds 
MrAdris9: raises $2 to $3
Pippa83: raises $6 to $9
MrAdris9: folds 
Uncalled bet ($6) returned to Pippa83
Pippa83 collected $6 from pot
Pippa83: doesn't show hand 
*** SUMMARY ***
Total pot $6 | Rake $0 
Seat 1: Dugades197 (button) folded before Flop (didn't bet)
Seat 2: MrAdris9 (small blind) folded before Flop
Seat 3: Pippa83 (big blind) collected ($6)
Seat 4: coeeeelho folded before Flop (didn't bet)
Seat 5: treds17 folded before Flop (didn't bet)
Seat 6: imhungarian8 folded before Flop (didn't bet)



PokerStars Hand #254593274944:  Hold'em No Limit ($0.50/$1.00 USD) - 2025/01/28 18:40:16 WET [2025/01/28 13:40:16 ET]
Table 'Euphrosyne' 6-max Seat #2 is the button
Seat 1: Dugades197 ($32.78 in chips) 
Seat 2: MrAdris9 ($324.43 in chips) 
Seat 3: Pippa83 ($114.14 in chips) 
Seat 4: coeeeelho ($102.50 in chips) 
Seat 5: treds17 ($102.60 in chips) 
Seat 6: imhungarian8 ($100 in chips) 
Pippa83: posts small blind $0.50
coeeeelho: posts big blind $1
*** HOLE CARDS ***
treds17: folds 
imhungarian8: raises $1 to $2
Dugades197: raises $5.50 to $7.50
MrAdris9: folds 
Pippa83: folds 
coeeeelho: folds 
imhungarian8: raises $38.50 to $46
Dugades197: calls $25.28 and is all-in
Uncalled bet ($13.22) returned to imhungarian8
*** FLOP *** [Tc Kh 7c]
*** TURN *** [Tc Kh 7c] [4s]
*** RIVER *** [Tc Kh 7c 4s] [5d]
*** SHOW DOWN ***
imhungarian8: shows [Ks Ad] (a pair of Kings)
Dugades197: shows [Ac 7h] (a pair of Sevens)
imhungarian8 collected $64.56 from pot
Dugades197 cashed out the hand for $16.91 | Cash Out Fee $0.35
*** SUMMARY ***
Total pot $67.06 | Rake $2.50 
Board [Tc Kh 7c 4s 5d]
Seat 1: Dugades197 showed [Ac 7h] and lost with a pair of Sevens (cashed out).
Seat 2: MrAdris9 (button) folded before Flop (didn't bet)
Seat 3: Pippa83 (small blind) folded before Flop
Seat 4: coeeeelho (big blind) folded before Flop
Seat 5: treds17 folded before Flop (didn't bet)
Seat 6: imhungarian8 showed [Ks Ad] and won ($64.56) with a pair of Kings



PokerStars Hand #254593286793:  Hold'em No Limit ($0.50/$1.00 USD) - 2025/01/28 18:40:54 WET [2025/01/28 13:40:54 ET]
Table 'Euphrosyne' 6-max Seat #3 is the button
Seat 1: Dugades197 ($16.91 in chips) 
Seat 2: MrAdris9 ($324.43 in chips) 
Seat 3: Pippa83 ($113.64 in chips) 
Seat 4: coeeeelho ($101.50 in chips) 
Seat 5: treds17 ($102.60 in chips) 
Seat 6: imhungarian8 ($131.78 in chips) 
coeeeelho: posts small blind $0.50
treds17: posts big blind $1
*** HOLE CARDS ***
imhungarian8: folds 
Dugades197: calls $1
MrAdris9: folds 
Pippa83: folds 
coeeeelho: folds 
treds17: raises $2.50 to $3.50
Dugades197: calls $2.50
*** FLOP *** [Jc Kd 2h]
treds17: bets $2.14
Dugades197: calls $2.14
*** TURN *** [Jc Kd 2h] [Tc]
treds17: bets $13.43
Dugades197: calls $11.27 and is all-in
Uncalled bet ($2.16) returned to treds17
*** RIVER *** [Jc Kd 2h Tc] [2s]
*** SHOW DOWN ***
treds17: shows [Ac 9c] (a pair of Deuces)
Dugades197: shows [Kc 5d] (two pair, Kings and Deuces)
Dugades197 cashed out the hand for $21.78 | Cash Out Fee $0.44
*** SUMMARY ***
Total pot $34.32 | Rake $1.72 
Board [Jc Kd 2h Tc 2s]
Seat 1: Dugades197 showed [Kc 5d] and won ($32.60) with two pair, Kings and Deuces (pot not awarded as player cashed out)
Seat 2: MrAdris9 folded before Flop (didn't bet)
Seat 3: Pippa83 (button) folded before Flop (didn't bet)
Seat 4: coeeeelho (small blind) folded before Flop
Seat 5: treds17 (big blind) showed [Ac 9c] and lost with a pair of Deuces
Seat 6: imhungarian8 folded before Flop (didn't bet)



PokerStars Hand #254593305559:  Hold'em No Limit ($0.50/$1.00 USD) - 2025/01/28 18:41:55 WET [2025/01/28 13:41:55 ET]
Table 'Euphrosyne' 6-max Seat #4 is the button
Seat 1: Dugades197 ($21.78 in chips) 
Seat 2: MrAdris9 ($324.43 in chips) 
Seat 3: Pippa83 ($113.64 in chips) 
Seat 4: coeeeelho ($101 in chips) 
Seat 5: treds17 ($100 in chips) 
Seat 6: imhungarian8 ($131.78 in chips) 
treds17: posts small blind $0.50
imhungarian8: posts big blind $1
*** HOLE CARDS ***
Dugades197: folds 
MrAdris9: raises $1.20 to $2.20
Pippa83: folds 
coeeeelho: folds 
treds17: folds 
imhungarian8: calls $1.20
*** FLOP *** [Ts 7s 2c]
imhungarian8: checks 
MrAdris9: checks 
*** TURN *** [Ts 7s 2c] [4h]
imhungarian8: checks 
MrAdris9: bets $3.50
imhungarian8: calls $3.50
*** RIVER *** [Ts 7s 2c 4h] [Qs]
imhungarian8: checks 
MrAdris9: bets $8.48
imhungarian8: calls $8.48
*** SHOW DOWN ***
MrAdris9: shows [Kh Qh] (a pair of Queens)
imhungarian8: mucks hand 
MrAdris9 collected $27.42 from pot
*** SUMMARY ***
Total pot $28.86 | Rake $1.44 
Board [Ts 7s 2c 4h Qs]
Seat 1: Dugades197 folded before Flop (didn't bet)
Seat 2: MrAdris9 showed [Kh Qh] and won ($27.42) with a pair of Queens
Seat 3: Pippa83 folded before Flop (didn't bet)
Seat 4: coeeeelho (button) folded before Flop (didn't bet)
Seat 5: treds17 (small blind) folded before Flop
Seat 6: imhungarian8 (big blind) mucked



PokerStars Hand #254593335169:  Hold'em No Limit ($0.50/$1.00 USD) - 2025/01/28 18:43:29 WET [2025/01/28 13:43:29 ET]
Table 'Euphrosyne' 6-max Seat #5 is the button
Seat 1: Dugades197 ($21.78 in chips) 
Seat 2: MrAdris9 ($337.67 in chips) 
Seat 3: Pippa83 ($113.64 in chips) 
Seat 4: coeeeelho ($101 in chips) 
Seat 5: treds17 ($100 in chips) 
Seat 6: imhungarian8 ($117.60 in chips) 
imhungarian8: posts small blind $0.50
Dugades197: posts big blind $1
*** HOLE CARDS ***
MrAdris9: folds 
Pippa83: folds 
coeeeelho: folds 
treds17: folds 
imhungarian8: raises $1.70 to $2.70
Dugades197: folds 
Uncalled bet ($1.70) returned to imhungarian8
imhungarian8 collected $2 from pot
imhungarian8: doesn't show hand 
*** SUMMARY ***
Total pot $2 | Rake $0 
Seat 1: Dugades197 (big blind) folded before Flop
Seat 2: MrAdris9 folded before Flop (didn't bet)
Seat 3: Pippa83 folded before Flop (didn't bet)
Seat 4: coeeeelho folded before Flop (didn't bet)
Seat 5: treds17 (button) folded before Flop (didn't bet)
Seat 6: imhungarian8 (small blind) collected ($2)



PokerStars Hand #254593341221:  Hold'em No Limit ($0.50/$1.00 USD) - 2025/01/28 18:43:48 WET [2025/01/28 13:43:48 ET]
Table 'Euphrosyne' 6-max Seat #6 is the button
Seat 1: Dugades197 ($20.78 in chips) 
Seat 2: MrAdris9 ($337.67 in chips) 
Seat 3: Pippa83 ($113.64 in chips) 
Seat 4: coeeeelho ($101 in chips) 
Seat 5: treds17 ($100 in chips) 
Seat 6: imhungarian8 ($118.60 in chips) 
Dugades197: posts small blind $0.50
MrAdris9: posts big blind $1
*** HOLE CARDS ***
Pippa83: folds 
coeeeelho: folds 
treds17: raises $1.30 to $2.30
imhungarian8: folds 
Dugades197: calls $1.80
MrAdris9: calls $1.30
*** FLOP *** [Kc 5c 7c]
Dugades197: checks 
MrAdris9: checks 
treds17: checks 
*** TURN *** [Kc 5c 7c] [6d]
Dugades197: checks 
MrAdris9: bets $2.16
treds17: folds 
Dugades197: calls $2.16
*** RIVER *** [Kc 5c 7c 6d] [Ts]
Dugades197: checks 
MrAdris9: bets $8.03
Dugades197: folds 
Uncalled bet ($8.03) returned to MrAdris9
MrAdris9 collected $10.66 from pot
MrAdris9: doesn't show hand 
*** SUMMARY ***
Total pot $11.22 | Rake $0.56 
Board [Kc 5c 7c 6d Ts]
Seat 1: Dugades197 (small blind) folded on the River
Seat 2: MrAdris9 (big blind) collected ($10.66)
Seat 3: Pippa83 folded before Flop (didn't bet)
Seat 4: coeeeelho folded before Flop (didn't bet)
Seat 5: treds17 folded on the Turn
Seat 6: imhungarian8 (button) folded before Flop (didn't bet)



PokerStars Hand #254593361912:  Hold'em No Limit ($0.50/$1.00 USD) - 2025/01/28 18:44:53 WET [2025/01/28 13:44:53 ET]
Table 'Euphrosyne' 6-max Seat #1 is the button
Seat 1: Dugades197 ($16.32 in chips) 
Seat 2: MrAdris9 ($343.87 in chips) 
Seat 3: Pippa83 ($113.64 in chips) 
Seat 4: coeeeelho ($101 in chips) 
Seat 5: treds17 ($100 in chips) 
Seat 6: imhungarian8 ($118.60 in chips) 
MrAdris9: posts small blind $0.50
Pippa83: posts big blind $1
*** HOLE CARDS ***
coeeeelho: folds 
treds17: folds 
imhungarian8: folds 
Dugades197: folds 
MrAdris9: folds 
Uncalled bet ($0.50) returned to Pippa83
Pippa83 collected $1 from pot
Pippa83: doesn't show hand 
*** SUMMARY ***
Total pot $1 | Rake $0 
Seat 1: Dugades197 (button) folded before Flop (didn't bet)
Seat 2: MrAdris9 (small blind) folded before Flop
Seat 3: Pippa83 (big blind) collected ($1)
Seat 4: coeeeelho folded before Flop (didn't bet)
Seat 5: treds17 folded before Flop (didn't bet)
Seat 6: imhungarian8 folded before Flop (didn't bet)



PokerStars Hand #254593367422:  Hold'em No Limit ($0.50/$1.00 USD) - 2025/01/28 18:45:11 WET [2025/01/28 13:45:11 ET]
Table 'Euphrosyne' 6-max Seat #2 is the button
Seat 1: Dugades197 ($16.32 in chips) 
Seat 2: MrAdris9 ($343.37 in chips) 
Seat 3: Pippa83 ($114.14 in chips) 
Seat 4: coeeeelho ($101 in chips) 
Seat 5: treds17 ($100 in chips) 
Seat 6: imhungarian8 ($118.60 in chips) 
Pippa83: posts small blind $0.50
coeeeelho: posts big blind $1
*** HOLE CARDS ***
treds17: raises $1.10 to $2.10
imhungarian8: folds 
Dugades197: raises $14.22 to $16.32 and is all-in
MrAdris9: folds 
Pippa83: folds 
coeeeelho: calls $15.32
treds17: folds 
*** FLOP *** [9h 5c 4s]
*** TURN *** [9h 5c 4s] [Qs]
*** RIVER *** [9h 5c 4s Qs] [Kh]
*** SHOW DOWN ***
coeeeelho: shows [Ad Ah] (a pair of Aces)
Dugades197: shows [Kc Ac] (a pair of Kings)
coeeeelho collected $33.48 from pot
*** SUMMARY ***
Total pot $35.24 | Rake $1.76 
Board [9h 5c 4s Qs Kh]
Seat 1: Dugades197 showed [Kc Ac] and lost with a pair of Kings
Seat 2: MrAdris9 (button) folded before Flop (didn't bet)
Seat 3: Pippa83 (small blind) folded before Flop
Seat 4: coeeeelho (big blind) showed [Ad Ah] and won ($33.48) with a pair of Aces
Seat 5: treds17 folded before Flop
Seat 6: imhungarian8 folded before Flop (didn't bet)



PokerStars Hand #254593379387:  Hold'em No Limit ($0.50/$1.00 USD) - 2025/01/28 18:45:49 WET [2025/01/28 13:45:49 ET]
Table 'Euphrosyne' 6-max Seat #3 is the button
Seat 1: Dugades197 ($0 in chips) is sitting out
Seat 2: MrAdris9 ($343.37 in chips) 
Seat 3: Pippa83 ($113.64 in chips) 
Seat 4: coeeeelho ($118.16 in chips) 
Seat 5: treds17 ($100 in chips) 
Seat 6: imhungarian8 ($118.60 in chips) 
coeeeelho: posts small blind $0.50
treds17: posts big blind $1
*** HOLE CARDS ***
imhungarian8: raises $1 to $2
MrAdris9: folds 
Pippa83: folds 
coeeeelho: folds 
treds17: folds 
Uncalled bet ($1) returned to imhungarian8
imhungarian8 collected $2.50 from pot
imhungarian8: doesn't show hand 
Dugades197 leaves the table
*** SUMMARY ***
Total pot $2.50 | Rake $0 
Seat 1: Dugades197
Seat 2: MrAdris9 folded before Flop (didn't bet)
Seat 3: Pippa83 (button) folded before Flop (didn't bet)
Seat 4: coeeeelho (small blind) folded before Flop
Seat 5: treds17 (big blind) folded before Flop
Seat 6: imhungarian8 collected ($2.50)



PokerStars Hand #254593382626:  Hold'em No Limit ($0.50/$1.00 USD) - 2025/01/28 18:45:59 WET [2025/01/28 13:45:59 ET]
Table 'Euphrosyne' 6-max Seat #4 is the button
Seat 2: MrAdris9 ($343.37 in chips) 
Seat 3: Pippa83 ($113.64 in chips) 
Seat 4: coeeeelho ($117.66 in chips) 
Seat 5: treds17 ($100 in chips) 
Seat 6: imhungarian8 ($120.10 in chips) 
treds17: posts small blind $0.50
imhungarian8: posts big blind $1
*** HOLE CARDS ***
MrAdris9: folds 
Pippa83: raises $1.50 to $2.50
coeeeelho: folds 
treds17: folds 
imhungarian8: calls $1.50
*** FLOP *** [Jc 7d 4c]
imhungarian8: checks 
Pippa83: checks 
*** TURN *** [Jc 7d 4c] [Ac]
imhungarian8: checks 
Pippa83: checks 
*** RIVER *** [Jc 7d 4c Ac] [6h]
imhungarian8: bets $3.92
Pippa83: calls $3.92
*** SHOW DOWN ***
imhungarian8: shows [Ts Ah] (a pair of Aces)
Pippa83: mucks hand 
imhungarian8 collected $12.67 from pot
*** SUMMARY ***
Total pot $13.34 | Rake $0.67 
Board [Jc 7d 4c Ac 6h]
Seat 2: MrAdris9 folded before Flop (didn't bet)
Seat 3: Pippa83 mucked
Seat 4: coeeeelho (button) folded before Flop (didn't bet)
Seat 5: treds17 (small blind) folded before Flop
Seat 6: imhungarian8 (big blind) showed [Ts Ah] and won ($12.67) with a pair of Aces



PokerStars Hand #254593393495:  Hold'em No Limit ($0.50/$1.00 USD) - 2025/01/28 18:46:35 WET [2025/01/28 13:46:35 ET]
Table 'Euphrosyne' 6-max Seat #5 is the button
Seat 2: MrAdris9 ($343.37 in chips) is sitting out
Seat 3: Pippa83 ($107.22 in chips) is sitting out
Seat 4: coeeeelho ($117.66 in chips) 
Seat 5: treds17 ($100 in chips) 
Seat 6: imhungarian8 ($126.35 in chips) 
imhungarian8: posts small blind $0.50
MrAdris9: is sitting out 
Pippa83: is sitting out 
coeeeelho: posts big blind $1
*** HOLE CARDS ***
Pippa83 leaves the table
treds17: raises $2 to $3
imhungarian8: folds 
coeeeelho: folds 
Uncalled bet ($2) returned to treds17
treds17 collected $2.50 from pot
treds17: doesn't show hand 
*** SUMMARY ***
Total pot $2.50 | Rake $0 
Seat 2: MrAdris9
Seat 3: Pippa83
Seat 4: coeeeelho (big blind) folded before Flop
Seat 5: treds17 (button) collected ($2.50)
Seat 6: imhungarian8 (small blind) folded before Flop



