PokerStars Hand #254600844083:  Hold'em No Limit ($0.50/$1.00 USD) - 2025/01/28 0:56:31 WET [2025/01/28 19:56:31 ET]
Table 'Pictor' 6-max Seat #5 is the button
Seat 1: Xenicide ($100 in chips) 
Seat 2: nastja336 ($108.02 in chips) 
Seat 3: CEPTT ($100 in chips) 
Seat 4: ghc_2 ($104 in chips) 
Seat 5: Tyron209 ($52.16 in chips) 
Seat 6: Espada Fish ($100 in chips) 
Espada Fish: posts small blind $0.50
Xenicide: posts big blind $1
*** HOLE CARDS ***
nastja336: folds 
CEPTT: folds 
ghc_2: raises $1.30 to $2.30
Tyron209: folds 
Espada Fish: folds 
Xenicide: folds 
Uncalled bet ($1.30) returned to ghc_2
ghc_2 collected $2.50 from pot
ghc_2: doesn't show hand 
*** SUMMARY ***
Total pot $2.50 | Rake $0 
Seat 1: Xenicide (big blind) folded before Flop
Seat 2: nastja336 folded before Flop (didn't bet)
Seat 3: CEPTT folded before Flop (didn't bet)
Seat 4: ghc_2 collected ($2.50)
Seat 5: Tyron209 (button) folded before Flop (didn't bet)
Seat 6: Espada Fish (small blind) folded before Flop



PokerStars Hand #254600846283:  Hold'em No Limit ($0.50/$1.00 USD) - 2025/01/28 0:56:46 WET [2025/01/28 19:56:46 ET]
Table 'Pictor' 6-max Seat #6 is the button
Seat 1: Xenicide ($100 in chips) 
Seat 2: nastja336 ($108.02 in chips) 
Seat 3: CEPTT ($100 in chips) 
Seat 4: ghc_2 ($105.50 in chips) 
Seat 5: Tyron209 ($52.16 in chips) 
Seat 6: Espada Fish ($100 in chips) 
Xenicide: posts small blind $0.50
nastja336: posts big blind $1
*** HOLE CARDS ***
CEPTT: folds 
ghc_2: folds 
Tyron209: calls $1
Espada Fish: folds 
Xenicide: raises $4.50 to $5.50
nastja336: folds 
Tyron209: folds 
Uncalled bet ($4.50) returned to Xenicide
Xenicide collected $3 from pot
*** SUMMARY ***
Total pot $3 | Rake $0 
Seat 1: Xenicide (small blind) collected ($3)
Seat 2: nastja336 (big blind) folded before Flop
Seat 3: CEPTT folded before Flop (didn't bet)
Seat 4: ghc_2 folded before Flop (didn't bet)
Seat 5: Tyron209 folded before Flop
Seat 6: Espada Fish (button) folded before Flop (didn't bet)



PokerStars Hand #254600850337:  Hold'em No Limit ($0.50/$1.00 USD) - 2025/01/28 0:57:13 WET [2025/01/28 19:57:13 ET]
Table 'Pictor' 6-max Seat #1 is the button
Seat 1: Xenicide ($102 in chips) 
Seat 2: nastja336 ($107.02 in chips) 
Seat 3: CEPTT ($100 in chips) 
Seat 4: ghc_2 ($105.50 in chips) 
Seat 5: Tyron209 ($51.16 in chips) 
Seat 6: Espada Fish ($100 in chips) 
nastja336: posts small blind $0.50
CEPTT: posts big blind $1
*** HOLE CARDS ***
ghc_2: raises $1 to $2
Tyron209: folds 
Espada Fish: folds 
Xenicide: folds 
nastja336: folds 
CEPTT: folds 
Uncalled bet ($1) returned to ghc_2
ghc_2 collected $2.50 from pot
ghc_2: doesn't show hand 
*** SUMMARY ***
Total pot $2.50 | Rake $0 
Seat 1: Xenicide (button) folded before Flop (didn't bet)
Seat 2: nastja336 (small blind) folded before Flop
Seat 3: CEPTT (big blind) folded before Flop
Seat 4: ghc_2 collected ($2.50)
Seat 5: Tyron209 folded before Flop (didn't bet)
Seat 6: Espada Fish folded before Flop (didn't bet)



PokerStars Hand #254600852532:  Hold'em No Limit ($0.50/$1.00 USD) - 2025/01/28 0:57:28 WET [2025/01/28 19:57:28 ET]
Table 'Pictor' 6-max Seat #2 is the button
Seat 1: Xenicide ($102 in chips) 
Seat 2: nastja336 ($106.52 in chips) 
Seat 3: CEPTT ($100 in chips) 
Seat 4: ghc_2 ($107 in chips) 
Seat 5: Tyron209 ($51.16 in chips) 
Seat 6: Espada Fish ($100 in chips) 
CEPTT: posts small blind $0.50
ghc_2: posts big blind $1
*** HOLE CARDS ***
Tyron209: folds 
Espada Fish: raises $1.20 to $2.20
Xenicide: folds 
nastja336: raises $5.30 to $7.50
CEPTT: folds 
ghc_2: folds 
Espada Fish: folds 
Uncalled bet ($5.30) returned to nastja336
nastja336 collected $5.90 from pot
nastja336: doesn't show hand 
*** SUMMARY ***
Total pot $5.90 | Rake $0 
Seat 1: Xenicide folded before Flop (didn't bet)
Seat 2: nastja336 (button) collected ($5.90)
Seat 3: CEPTT (small blind) folded before Flop
Seat 4: ghc_2 (big blind) folded before Flop
Seat 5: Tyron209 folded before Flop (didn't bet)
Seat 6: Espada Fish folded before Flop



PokerStars Hand #254600855652:  Hold'em No Limit ($0.50/$1.00 USD) - 2025/01/28 0:57:48 WET [2025/01/28 19:57:48 ET]
Table 'Pictor' 6-max Seat #3 is the button
Seat 1: Xenicide ($102 in chips) 
Seat 2: nastja336 ($110.22 in chips) 
Seat 3: CEPTT ($100 in chips) 
Seat 4: ghc_2 ($106 in chips) 
Seat 5: Tyron209 ($51.16 in chips) 
Seat 6: Espada Fish ($100 in chips) 
ghc_2: posts small blind $0.50
Tyron209: posts big blind $1
*** HOLE CARDS ***
Espada Fish: folds 
Xenicide: folds 
nastja336: folds 
CEPTT: raises $1.85 to $2.85
ghc_2: raises $8.65 to $11.50
Tyron209: folds 
CEPTT: folds 
Uncalled bet ($8.65) returned to ghc_2
ghc_2 collected $6.70 from pot
ghc_2: doesn't show hand 
*** SUMMARY ***
Total pot $6.70 | Rake $0 
Seat 1: Xenicide folded before Flop (didn't bet)
Seat 2: nastja336 folded before Flop (didn't bet)
Seat 3: CEPTT (button) folded before Flop
Seat 4: ghc_2 (small blind) collected ($6.70)
Seat 5: Tyron209 (big blind) folded before Flop
Seat 6: Espada Fish folded before Flop (didn't bet)



PokerStars Hand #254600860400:  Hold'em No Limit ($0.50/$1.00 USD) - 2025/01/28 0:58:20 WET [2025/01/28 19:58:20 ET]
Table 'Pictor' 6-max Seat #4 is the button
Seat 1: Xenicide ($102 in chips) 
Seat 2: nastja336 ($110.22 in chips) 
Seat 3: CEPTT ($100 in chips) 
Seat 4: ghc_2 ($109.85 in chips) 
Seat 5: Tyron209 ($50.16 in chips) 
Seat 6: Espada Fish ($100 in chips) 
Tyron209: posts small blind $0.50
Espada Fish: posts big blind $1
*** HOLE CARDS ***
Xenicide: folds 
nastja336: folds 
CEPTT: folds 
ghc_2: raises $1.40 to $2.40
Tyron209: calls $1.90
Espada Fish: raises $11.60 to $14
ghc_2: folds 
Tyron209: folds 
Uncalled bet ($11.60) returned to Espada Fish
Espada Fish collected $7.20 from pot
Espada Fish: doesn't show hand 
*** SUMMARY ***
Total pot $7.20 | Rake $0 
Seat 1: Xenicide folded before Flop (didn't bet)
Seat 2: nastja336 folded before Flop (didn't bet)
Seat 3: CEPTT folded before Flop (didn't bet)
Seat 4: ghc_2 (button) folded before Flop
Seat 5: Tyron209 (small blind) folded before Flop
Seat 6: Espada Fish (big blind) collected ($7.20)



PokerStars Hand #254600866170:  Hold'em No Limit ($0.50/$1.00 USD) - 2025/01/28 0:58:58 WET [2025/01/28 19:58:58 ET]
Table 'Pictor' 6-max Seat #5 is the button
Seat 1: Xenicide ($102 in chips) 
Seat 2: nastja336 ($110.22 in chips) 
Seat 3: CEPTT ($100 in chips) 
Seat 4: ghc_2 ($107.45 in chips) 
Seat 5: Tyron209 ($47.76 in chips) 
Seat 6: Espada Fish ($104.80 in chips) 
Espada Fish: posts small blind $0.50
Xenicide: posts big blind $1
*** HOLE CARDS ***
nastja336: folds 
CEPTT: folds 
ghc_2: folds 
Tyron209: raises $4 to $5
Espada Fish: folds 
Xenicide: folds 
Uncalled bet ($4) returned to Tyron209
Tyron209 collected $2.50 from pot
*** SUMMARY ***
Total pot $2.50 | Rake $0 
Seat 1: Xenicide (big blind) folded before Flop
Seat 2: nastja336 folded before Flop (didn't bet)
Seat 3: CEPTT folded before Flop (didn't bet)
Seat 4: ghc_2 folded before Flop (didn't bet)
Seat 5: Tyron209 (button) collected ($2.50)
Seat 6: Espada Fish (small blind) folded before Flop



PokerStars Hand #254600869701:  Hold'em No Limit ($0.50/$1.00 USD) - 2025/01/28 0:59:23 WET [2025/01/28 19:59:23 ET]
Table 'Pictor' 6-max Seat #6 is the button
Seat 1: Xenicide ($101 in chips) 
Seat 2: nastja336 ($110.22 in chips) 
Seat 3: CEPTT ($100 in chips) 
Seat 4: ghc_2 ($107.45 in chips) 
Seat 5: Tyron209 ($49.26 in chips) 
Seat 6: Espada Fish ($104.30 in chips) 
Xenicide: posts small blind $0.50
nastja336: posts big blind $1
*** HOLE CARDS ***
CEPTT: folds 
ghc_2: folds 
Tyron209: calls $1
Espada Fish: folds 
Xenicide: raises $4.50 to $5.50
nastja336: folds 
Tyron209: calls $4.50
*** FLOP *** [Ts 7c Ac]
Xenicide: checks 
Tyron209: bets $5.70
Xenicide: calls $5.70
*** TURN *** [Ts 7c Ac] [Kd]
Xenicide: checks 
Tyron209: checks 
*** RIVER *** [Ts 7c Ac Kd] [6h]
Xenicide: bets $89.80 and is all-in
Tyron209: folds 
Uncalled bet ($89.80) returned to Xenicide
Xenicide collected $22.23 from pot
*** SUMMARY ***
Total pot $23.40 | Rake $1.17 
Board [Ts 7c Ac Kd 6h]
Seat 1: Xenicide (small blind) collected ($22.23)
Seat 2: nastja336 (big blind) folded before Flop
Seat 3: CEPTT folded before Flop (didn't bet)
Seat 4: ghc_2 folded before Flop (didn't bet)
Seat 5: Tyron209 folded on the River
Seat 6: Espada Fish (button) folded before Flop (didn't bet)



PokerStars Hand #254600881157:  Hold'em No Limit ($0.50/$1.00 USD) - 2025/01/28 1:00:37 WET [2025/01/28 20:00:37 ET]
Table 'Pictor' 6-max Seat #1 is the button
Seat 1: Xenicide ($112.03 in chips) 
Seat 2: nastja336 ($109.22 in chips) 
Seat 3: CEPTT ($100 in chips) 
Seat 4: ghc_2 ($107.45 in chips) 
Seat 5: Tyron209 ($38.06 in chips) 
Seat 6: Espada Fish ($104.30 in chips) 
nastja336: posts small blind $0.50
CEPTT: posts big blind $1
*** HOLE CARDS ***
ghc_2: folds 
Tyron209: raises $2 to $3
Espada Fish: folds 
Xenicide: folds 
nastja336: folds 
CEPTT: calls $2
*** FLOP *** [Qs 4s 6s]
CEPTT: checks 
Tyron209: bets $3.09
CEPTT: calls $3.09
*** TURN *** [Qs 4s 6s] [Qh]
CEPTT: checks 
Tyron209: bets $6.03
CEPTT: folds 
Uncalled bet ($6.03) returned to Tyron209
Tyron209 collected $12.05 from pot
*** SUMMARY ***
Total pot $12.68 | Rake $0.63 
Board [Qs 4s 6s Qh]
Seat 1: Xenicide (button) folded before Flop (didn't bet)
Seat 2: nastja336 (small blind) folded before Flop
Seat 3: CEPTT (big blind) folded on the Turn
Seat 4: ghc_2 folded before Flop (didn't bet)
Seat 5: Tyron209 collected ($12.05)
Seat 6: Espada Fish folded before Flop (didn't bet)



PokerStars Hand #254600885916:  Hold'em No Limit ($0.50/$1.00 USD) - 2025/01/28 1:01:05 WET [2025/01/28 20:01:05 ET]
Table 'Pictor' 6-max Seat #2 is the button
Seat 1: Xenicide ($112.03 in chips) 
Seat 2: nastja336 ($108.72 in chips) 
Seat 3: CEPTT ($100 in chips) 
Seat 4: ghc_2 ($107.45 in chips) 
Seat 5: Tyron209 ($44.02 in chips) 
Seat 6: Espada Fish ($104.30 in chips) 
CEPTT: posts small blind $0.50
ghc_2: posts big blind $1
*** HOLE CARDS ***
Tyron209: calls $1
Espada Fish: folds 
Xenicide: folds 
nastja336: folds 
CEPTT: folds 
ghc_2: checks 
*** FLOP *** [9h 8s Jd]
ghc_2: checks 
Tyron209: checks 
*** TURN *** [9h 8s Jd] [Tc]
ghc_2: bets $1.19
Tyron209: folds 
Uncalled bet ($1.19) returned to ghc_2
ghc_2 collected $2.38 from pot
ghc_2: doesn't show hand 
*** SUMMARY ***
Total pot $2.50 | Rake $0.12 
Board [9h 8s Jd Tc]
Seat 1: Xenicide folded before Flop (didn't bet)
Seat 2: nastja336 (button) folded before Flop (didn't bet)
Seat 3: CEPTT (small blind) folded before Flop
Seat 4: ghc_2 (big blind) collected ($2.38)
Seat 5: Tyron209 folded on the Turn
Seat 6: Espada Fish folded before Flop (didn't bet)



PokerStars Hand #254600891156:  Hold'em No Limit ($0.50/$1.00 USD) - 2025/01/28 1:01:34 WET [2025/01/28 20:01:34 ET]
Table 'Pictor' 6-max Seat #3 is the button
Seat 1: Xenicide ($112.03 in chips) 
Seat 2: nastja336 ($108.72 in chips) 
Seat 3: CEPTT ($100 in chips) 
Seat 4: ghc_2 ($108.83 in chips) 
Seat 5: Tyron209 ($43.02 in chips) 
Seat 6: Espada Fish ($104.30 in chips) 
ghc_2: posts small blind $0.50
Tyron209: posts big blind $1
*** HOLE CARDS ***
Espada Fish: folds 
Xenicide: folds 
nastja336: raises $1.50 to $2.50
CEPTT: folds 
ghc_2: folds 
Tyron209: raises $5.50 to $8
nastja336: calls $5.50
*** FLOP *** [3c 4d 8c]
Tyron209: bets $15.68
nastja336: raises $62.56 to $78.24
Tyron209: calls $19.34 and is all-in
Uncalled bet ($43.22) returned to nastja336
*** TURN *** [3c 4d 8c] [7c]
*** RIVER *** [3c 4d 8c 7c] [Qh]
*** SHOW DOWN ***
Tyron209: shows [6h 6d] (a pair of Sixes)
nastja336: shows [Ah 8h] (a pair of Eights)
nastja336 collected $84.04 from pot
*** SUMMARY ***
Total pot $86.54 | Rake $2.50 
Board [3c 4d 8c 7c Qh]
Seat 1: Xenicide folded before Flop (didn't bet)
Seat 2: nastja336 showed [Ah 8h] and won ($84.04) with a pair of Eights
Seat 3: CEPTT (button) folded before Flop (didn't bet)
Seat 4: ghc_2 (small blind) folded before Flop
Seat 5: Tyron209 (big blind) showed [6h 6d] and lost with a pair of Sixes
Seat 6: Espada Fish folded before Flop (didn't bet)



PokerStars Hand #254600901833:  Hold'em No Limit ($0.50/$1.00 USD) - 2025/01/28 1:02:34 WET [2025/01/28 20:02:34 ET]
Table 'Pictor' 6-max Seat #4 is the button
Seat 5: Tyron209 ($0 in chips) is sitting out
Seat 1: Xenicide ($112.03 in chips) 
Seat 2: nastja336 ($149.74 in chips) 
Seat 3: CEPTT ($100 in chips) 
Seat 4: ghc_2 ($108.33 in chips) 
Seat 6: Espada Fish ($104.30 in chips) 
Espada Fish: posts small blind $0.50
Xenicide: posts big blind $1
*** HOLE CARDS ***
nastja336: folds 
Tyron209 leaves the table
CEPTT: folds 
ghc_2: folds 
Espada Fish: folds 
Uncalled bet ($0.50) returned to Xenicide
Xenicide collected $1 from pot
*** SUMMARY ***
Total pot $1 | Rake $0 
Seat 5: Tyron209
Seat 1: Xenicide (big blind) collected ($1)
Seat 2: nastja336 folded before Flop (didn't bet)
Seat 3: CEPTT folded before Flop (didn't bet)
Seat 4: ghc_2 (button) folded before Flop (didn't bet)
Seat 6: Espada Fish (small blind) folded before Flop



PokerStars Hand #254600903960:  Hold'em No Limit ($0.50/$1.00 USD) - 2025/01/28 1:02:46 WET [2025/01/28 20:02:46 ET]
Table 'Pictor' 6-max Seat #6 is the button
Seat 2: nastja336 ($149.74 in chips) is sitting out
Seat 3: CEPTT ($100 in chips) is sitting out
Seat 1: Xenicide ($112.53 in chips) 
Seat 4: ghc_2 ($108.33 in chips) 
Seat 6: Espada Fish ($103.80 in chips) 
Xenicide: posts small blind $0.50
nastja336: is sitting out 
CEPTT: is sitting out 
ghc_2: posts big blind $1
*** HOLE CARDS ***
nastja336 leaves the table
Espada Fish: folds 
CEPTT leaves the table
Gaita_toien joins the table at seat #5 
Gaita_toien leaves the table
Xenicide: raises $2.50 to $3.50
ghc_2: raises $7 to $10.50
Xenicide: raises $10.50 to $21
ghc_2: raises $87.33 to $108.33 and is all-in
Xenicide: folds 
Uncalled bet ($87.33) returned to ghc_2
ghc_2 collected $42 from pot
ghc_2: doesn't show hand 
*** SUMMARY ***
Total pot $42 | Rake $0 
Seat 2: nastja336
Seat 3: CEPTT
Seat 1: Xenicide (small blind) folded before Flop
Seat 4: ghc_2 (big blind) collected ($42)
Seat 6: Espada Fish (button) folded before Flop (didn't bet)



PokerStars Hand #254601032552:  Hold'em No Limit ($0.50/$1.00 USD) - 2025/01/28 1:14:51 WET [2025/01/28 20:14:51 ET]
Table 'Pictor' 6-max Seat #1 is the button
Seat 1: Supermegopro ($100 in chips) 
Seat 3: CEPTT ($100 in chips) 
Seat 4: ghc_2 ($129.33 in chips) 
CEPTT: posts small blind $0.50
ghc_2: posts big blind $1
*** HOLE CARDS ***
Supermegopro: raises $1.50 to $2.50
CEPTT: folds 
ghc_2: folds 
Uncalled bet ($1.50) returned to Supermegopro
Supermegopro collected $2.50 from pot
Supermegopro: doesn't show hand 
*** SUMMARY ***
Total pot $2.50 | Rake $0 
Seat 1: Supermegopro (button) collected ($2.50)
Seat 3: CEPTT (small blind) folded before Flop
Seat 4: ghc_2 (big blind) folded before Flop



PokerStars Hand #254601034460:  Hold'em No Limit ($0.50/$1.00 USD) - 2025/01/28 1:15:02 WET [2025/01/28 20:15:02 ET]
Table 'Pictor' 6-max Seat #3 is the button
Seat 1: Supermegopro ($101.50 in chips) 
Seat 3: CEPTT ($100 in chips) 
Seat 4: ghc_2 ($128.33 in chips) 
ghc_2: posts small blind $0.50
Supermegopro: posts big blind $1
*** HOLE CARDS ***
CEPTT: folds 
ghc_2: raises $2 to $3
nastja336 joins the table at seat #2 
Supermegopro: raises $6 to $9
ghc_2: folds 
Uncalled bet ($6) returned to Supermegopro
Supermegopro collected $6 from pot
Supermegopro: doesn't show hand 
*** SUMMARY ***
Total pot $6 | Rake $0 
Seat 1: Supermegopro (big blind) collected ($6)
Seat 3: CEPTT (button) folded before Flop (didn't bet)
Seat 4: ghc_2 (small blind) folded before Flop



PokerStars Hand #254601037190:  Hold'em No Limit ($0.50/$1.00 USD) - 2025/01/28 1:15:17 WET [2025/01/28 20:15:17 ET]
Table 'Pictor' 6-max Seat #4 is the button
Seat 1: Supermegopro ($104.50 in chips) 
Seat 2: nastja336 ($149.74 in chips) 
Seat 3: CEPTT ($100 in chips) 
Seat 4: ghc_2 ($125.33 in chips) 
Supermegopro: posts small blind $0.50
nastja336: posts big blind $1
*** HOLE CARDS ***
CEPTT: folds 
ghc_2: raises $1.40 to $2.40
Supermegopro: folds 
nastja336: folds 
Uncalled bet ($1.40) returned to ghc_2
ghc_2 collected $2.50 from pot
ghc_2: doesn't show hand 
*** SUMMARY ***
Total pot $2.50 | Rake $0 
Seat 1: Supermegopro (small blind) folded before Flop
Seat 2: nastja336 (big blind) folded before Flop
Seat 3: CEPTT folded before Flop (didn't bet)
Seat 4: ghc_2 (button) collected ($2.50)



PokerStars Hand #254601041251:  Hold'em No Limit ($0.50/$1.00 USD) - 2025/01/28 1:15:41 WET [2025/01/28 20:15:41 ET]
Table 'Pictor' 6-max Seat #1 is the button
Seat 1: Supermegopro ($104 in chips) 
Seat 2: nastja336 ($148.74 in chips) 
Seat 3: CEPTT ($100 in chips) 
Seat 4: ghc_2 ($126.83 in chips) 
nastja336: posts small blind $0.50
CEPTT: posts big blind $1
*** HOLE CARDS ***
ghc_2: folds 
Supermegopro: folds 
nastja336: raises $2 to $3
ghc_2 leaves the table
CEPTT: raises $6 to $9
nastja336: folds 
Uncalled bet ($6) returned to CEPTT
CEPTT collected $6 from pot
CEPTT: doesn't show hand 
*** SUMMARY ***
Total pot $6 | Rake $0 
Seat 1: Supermegopro (button) folded before Flop (didn't bet)
Seat 2: nastja336 (small blind) folded before Flop
Seat 3: CEPTT (big blind) collected ($6)
Seat 4: ghc_2 folded before Flop (didn't bet)



PokerStars Hand #254601044399:  Hold'em No Limit ($0.50/$1.00 USD) - 2025/01/28 1:15:58 WET [2025/01/28 20:15:58 ET]
Table 'Pictor' 6-max Seat #2 is the button
Seat 1: Supermegopro ($104 in chips) 
Seat 2: nastja336 ($145.74 in chips) 
Seat 3: CEPTT ($103 in chips) 
CEPTT: posts small blind $0.50
Supermegopro: posts big blind $1
*** HOLE CARDS ***
nastja336: folds 
CEPTT: raises $2 to $3
Supermegopro: raises $6 to $9
CEPTT: folds 
Uncalled bet ($6) returned to Supermegopro
Supermegopro collected $6 from pot
Supermegopro: doesn't show hand 
*** SUMMARY ***
Total pot $6 | Rake $0 
Seat 1: Supermegopro (big blind) collected ($6)
Seat 2: nastja336 (button) folded before Flop (didn't bet)
Seat 3: CEPTT (small blind) folded before Flop



PokerStars Hand #254601162202:  Hold'em No Limit ($0.50/$1.00 USD) - 2025/01/28 1:27:16 WET [2025/01/28 20:27:16 ET]
Table 'Pictor' 6-max Seat #5 is the button
Seat 3: ghc_2 ($126.83 in chips) is sitting out
Seat 1: Supermegopro ($103.43 in chips) 
Seat 2: PORCELLI ($92.05 in chips) 
Seat 4: nastja336 ($152.99 in chips) 
Seat 5: Gaita_toien ($104.50 in chips) 
Seat 6: Seavus10 ($100 in chips) 
Seavus10: posts small blind $0.50
Supermegopro: posts big blind $1
ghc_2: sits out 
*** HOLE CARDS ***
PORCELLI: raises $3 to $4
nastja336: folds 
Gaita_toien: folds 
Seavus10: folds 
Supermegopro: folds 
Uncalled bet ($3) returned to PORCELLI
PORCELLI collected $2.50 from pot
PORCELLI: doesn't show hand 
*** SUMMARY ***
Total pot $2.50 | Rake $0 
Seat 3: ghc_2
Seat 1: Supermegopro (big blind) folded before Flop
Seat 2: PORCELLI collected ($2.50)
Seat 4: nastja336 folded before Flop (didn't bet)
Seat 5: Gaita_toien (button) folded before Flop (didn't bet)
Seat 6: Seavus10 (small blind) folded before Flop



PokerStars Hand #254601164204:  Hold'em No Limit ($0.50/$1.00 USD) - 2025/01/28 1:27:27 WET [2025/01/28 20:27:27 ET]
Table 'Pictor' 6-max Seat #6 is the button
Seat 3: ghc_2 ($126.83 in chips) is sitting out
Seat 1: Supermegopro ($102.43 in chips) 
Seat 2: PORCELLI ($93.55 in chips) 
Seat 4: nastja336 ($152.99 in chips) 
Seat 5: Gaita_toien ($104.50 in chips) 
Seat 6: Seavus10 ($100 in chips) 
Supermegopro: posts small blind $0.50
PORCELLI: posts big blind $1
ghc_2: sits out 
*** HOLE CARDS ***
nastja336: raises $1.50 to $2.50
Gaita_toien: raises $4.70 to $7.20
Seavus10: folds 
Supermegopro: folds 
PORCELLI: folds 
nastja336: folds 
Uncalled bet ($4.70) returned to Gaita_toien
Gaita_toien collected $6.50 from pot
Gaita_toien: doesn't show hand 
*** SUMMARY ***
Total pot $6.50 | Rake $0 
Seat 3: ghc_2
Seat 1: Supermegopro (small blind) folded before Flop
Seat 2: PORCELLI (big blind) folded before Flop
Seat 4: nastja336 folded before Flop
Seat 5: Gaita_toien collected ($6.50)
Seat 6: Seavus10 (button) folded before Flop (didn't bet)



PokerStars Hand #254601169919:  Hold'em No Limit ($0.50/$1.00 USD) - 2025/01/28 1:28:00 WET [2025/01/28 20:28:00 ET]
Table 'Pictor' 6-max Seat #1 is the button
Seat 1: Supermegopro ($101.93 in chips) 
Seat 2: PORCELLI ($92.55 in chips) 
Seat 3: ghc_2 ($126.83 in chips) 
Seat 4: nastja336 ($150.49 in chips) 
Seat 5: Gaita_toien ($108.50 in chips) 
Seat 6: Seavus10 ($100 in chips) 
PORCELLI: posts small blind $0.50
ghc_2: posts big blind $1
*** HOLE CARDS ***
nastja336: folds 
nastja336 leaves the table
Gaita_toien: raises $1.20 to $2.20
Seavus10: folds 
Supermegopro: folds 
PORCELLI: calls $1.70
Tibibacsi joins the table at seat #4 
ghc_2: calls $1.20
*** FLOP *** [Jd 7s Ah]
PORCELLI: bets $2
ghc_2: calls $2
Gaita_toien: calls $2
*** TURN *** [Jd 7s Ah] [6h]
PORCELLI: bets $4
ghc_2: folds 
Gaita_toien: calls $4
*** RIVER *** [Jd 7s Ah 6h] [4d]
PORCELLI: bets $5
Gaita_toien: calls $5
*** SHOW DOWN ***
PORCELLI: shows [8h Jh] (a pair of Jacks)
Gaita_toien: shows [Tc Ac] (a pair of Aces)
Gaita_toien collected $29.07 from pot
*** SUMMARY ***
Total pot $30.60 | Rake $1.53 
Board [Jd 7s Ah 6h 4d]
Seat 1: Supermegopro (button) folded before Flop (didn't bet)
Seat 2: PORCELLI (small blind) showed [8h Jh] and lost with a pair of Jacks
Seat 3: ghc_2 (big blind) folded on the Turn
Seat 4: nastja336 folded before Flop (didn't bet)
Seat 5: Gaita_toien showed [Tc Ac] and won ($29.07) with a pair of Aces
Seat 6: Seavus10 folded before Flop (didn't bet)



PokerStars Hand #254601182084:  Hold'em No Limit ($0.50/$1.00 USD) - 2025/01/28 1:29:10 WET [2025/01/28 20:29:10 ET]
Table 'Pictor' 6-max Seat #2 is the button
Seat 1: Supermegopro ($101.93 in chips) 
Seat 2: PORCELLI ($79.35 in chips) 
Seat 3: ghc_2 ($122.63 in chips) 
Seat 4: Tibibacsi ($100 in chips) 
Seat 5: Gaita_toien ($124.37 in chips) 
Seat 6: Seavus10 ($100 in chips) 
ghc_2: posts small blind $0.50
Tibibacsi: posts big blind $1
*** HOLE CARDS ***
Gaita_toien: folds 
Seavus10: raises $1.20 to $2.20
Supermegopro: folds 
PORCELLI: folds 
ghc_2: folds 
Tibibacsi: folds 
Uncalled bet ($1.20) returned to Seavus10
Seavus10 collected $2.50 from pot
Seavus10: doesn't show hand 
*** SUMMARY ***
Total pot $2.50 | Rake $0 
Seat 1: Supermegopro folded before Flop (didn't bet)
Seat 2: PORCELLI (button) folded before Flop (didn't bet)
Seat 3: ghc_2 (small blind) folded before Flop
Seat 4: Tibibacsi (big blind) folded before Flop
Seat 5: Gaita_toien folded before Flop (didn't bet)
Seat 6: Seavus10 collected ($2.50)



PokerStars Hand #254601186881:  Hold'em No Limit ($0.50/$1.00 USD) - 2025/01/28 1:29:38 WET [2025/01/28 20:29:38 ET]
Table 'Pictor' 6-max Seat #3 is the button
Seat 1: Supermegopro ($101.93 in chips) 
Seat 2: PORCELLI ($79.35 in chips) 
Seat 3: ghc_2 ($122.13 in chips) 
Seat 4: Tibibacsi ($100 in chips) 
Seat 5: Gaita_toien ($124.37 in chips) 
Seat 6: Seavus10 ($101.50 in chips) 
Tibibacsi: posts small blind $0.50
Gaita_toien: posts big blind $1
*** HOLE CARDS ***
Seavus10: folds 
Supermegopro: folds 
PORCELLI: raises $1 to $2
ghc_2: folds 
Tibibacsi: folds 
Gaita_toien: folds 
Uncalled bet ($1) returned to PORCELLI
PORCELLI collected $2.50 from pot
PORCELLI: doesn't show hand 
*** SUMMARY ***
Total pot $2.50 | Rake $0 
Seat 1: Supermegopro folded before Flop (didn't bet)
Seat 2: PORCELLI collected ($2.50)
Seat 3: ghc_2 (button) folded before Flop (didn't bet)
Seat 4: Tibibacsi (small blind) folded before Flop
Seat 5: Gaita_toien (big blind) folded before Flop
Seat 6: Seavus10 folded before Flop (didn't bet)



PokerStars Hand #254601189524:  Hold'em No Limit ($0.50/$1.00 USD) - 2025/01/28 1:29:53 WET [2025/01/28 20:29:53 ET]
Table 'Pictor' 6-max Seat #4 is the button
Seat 1: Supermegopro ($101.93 in chips) 
Seat 2: PORCELLI ($80.85 in chips) 
Seat 3: ghc_2 ($122.13 in chips) 
Seat 4: Tibibacsi ($100 in chips) 
Seat 5: Gaita_toien ($123.37 in chips) 
Seat 6: Seavus10 ($101.50 in chips) 
Gaita_toien: posts small blind $0.50
Seavus10: posts big blind $1
*** HOLE CARDS ***
Supermegopro: folds 
PORCELLI: raises $3 to $4
ghc_2: folds 
Tibibacsi: raises $6 to $10
Gaita_toien: folds 
Seavus10: folds 
PORCELLI: calls $6
*** FLOP *** [Kd 8h 5d]
PORCELLI: checks 
Tibibacsi: bets $5.11
PORCELLI: calls $5.11
*** TURN *** [Kd 8h 5d] [Qs]
PORCELLI: checks 
Tibibacsi: checks 
*** RIVER *** [Kd 8h 5d Qs] [Kh]
PORCELLI: bets $11
Tibibacsi: calls $11
*** SHOW DOWN ***
PORCELLI: shows [Ah Qh] (two pair, Kings and Queens)
Tibibacsi: shows [Ac Qd] (two pair, Kings and Queens)
PORCELLI collected $25.61 from pot
Tibibacsi collected $25.61 from pot
*** SUMMARY ***
Total pot $53.72 | Rake $2.50 
Board [Kd 8h 5d Qs Kh]
Seat 1: Supermegopro folded before Flop (didn't bet)
Seat 2: PORCELLI showed [Ah Qh] and won ($25.61) with two pair, Kings and Queens
Seat 3: ghc_2 folded before Flop (didn't bet)
Seat 4: Tibibacsi (button) showed [Ac Qd] and won ($25.61) with two pair, Kings and Queens
Seat 5: Gaita_toien (small blind) folded before Flop
Seat 6: Seavus10 (big blind) folded before Flop



PokerStars Hand #254601199952:  Hold'em No Limit ($0.50/$1.00 USD) - 2025/01/28 1:30:53 WET [2025/01/28 20:30:53 ET]
Table 'Pictor' 6-max Seat #5 is the button
Seat 1: Supermegopro ($101.93 in chips) 
Seat 2: PORCELLI ($80.35 in chips) 
Seat 3: ghc_2 ($122.13 in chips) 
Seat 4: Tibibacsi ($100 in chips) 
Seat 5: Gaita_toien ($122.87 in chips) 
Seat 6: Seavus10 ($100.50 in chips) 
Seavus10: posts small blind $0.50
Supermegopro: posts big blind $1
*** HOLE CARDS ***
PORCELLI: folds 
ghc_2: folds 
Tibibacsi: folds 
Gaita_toien: raises $1.50 to $2.50
Seavus10: folds 
Supermegopro: folds 
Uncalled bet ($1.50) returned to Gaita_toien
Gaita_toien collected $2.50 from pot
Gaita_toien: doesn't show hand 
*** SUMMARY ***
Total pot $2.50 | Rake $0 
Seat 1: Supermegopro (big blind) folded before Flop
Seat 2: PORCELLI folded before Flop (didn't bet)
Seat 3: ghc_2 folded before Flop (didn't bet)
Seat 4: Tibibacsi folded before Flop (didn't bet)
Seat 5: Gaita_toien (button) collected ($2.50)
Seat 6: Seavus10 (small blind) folded before Flop



PokerStars Hand #254601202994:  Hold'em No Limit ($0.50/$1.00 USD) - 2025/01/28 1:31:11 WET [2025/01/28 20:31:11 ET]
Table 'Pictor' 6-max Seat #6 is the button
Seat 1: Supermegopro ($100.93 in chips) 
Seat 2: PORCELLI ($80.35 in chips) 
Seat 3: ghc_2 ($122.13 in chips) 
Seat 4: Tibibacsi ($100 in chips) 
Seat 5: Gaita_toien ($124.37 in chips) 
Seat 6: Seavus10 ($100 in chips) 
Supermegopro: posts small blind $0.50
PORCELLI: posts big blind $1
*** HOLE CARDS ***
ghc_2: folds 
Tibibacsi: folds 
Gaita_toien: raises $1.20 to $2.20
Seavus10: folds 
Supermegopro: folds 
PORCELLI: calls $1.20
*** FLOP *** [7c 5h 8s]
PORCELLI: checks 
Gaita_toien: bets $4.01
PORCELLI: calls $4.01
*** TURN *** [7c 5h 8s] [2s]
PORCELLI: checks 
Gaita_toien: bets $10.55
PORCELLI: calls $10.55
*** RIVER *** [7c 5h 8s 2s] [3h]
PORCELLI: checks 
Gaita_toien: checks 
*** SHOW DOWN ***
PORCELLI: shows [Qs 5d] (a pair of Fives)
Gaita_toien: shows [Th Ts] (a pair of Tens)
Gaita_toien collected $32.32 from pot
*** SUMMARY ***
Total pot $34.02 | Rake $1.70 
Board [7c 5h 8s 2s 3h]
Seat 1: Supermegopro (small blind) folded before Flop
Seat 2: PORCELLI (big blind) showed [Qs 5d] and lost with a pair of Fives
Seat 3: ghc_2 folded before Flop (didn't bet)
Seat 4: Tibibacsi folded before Flop (didn't bet)
Seat 5: Gaita_toien showed [Th Ts] and won ($32.32) with a pair of Tens
Seat 6: Seavus10 (button) folded before Flop (didn't bet)



PokerStars Hand #254601211665:  Hold'em No Limit ($0.50/$1.00 USD) - 2025/01/28 1:32:00 WET [2025/01/28 20:32:00 ET]
Table 'Pictor' 6-max Seat #1 is the button
Seat 1: Supermegopro ($100.43 in chips) 
Seat 2: PORCELLI ($63.59 in chips) 
Seat 3: ghc_2 ($122.13 in chips) 
Seat 4: Tibibacsi ($100 in chips) 
Seat 5: Gaita_toien ($139.93 in chips) 
Seat 6: Seavus10 ($100 in chips) 
PORCELLI: posts small blind $0.50
ghc_2: posts big blind $1
*** HOLE CARDS ***
Tibibacsi: folds 
Gaita_toien: folds 
Seavus10: raises $1.20 to $2.20
Supermegopro: folds 
PORCELLI: raises $5.80 to $8
ghc_2: folds 
Seavus10: folds 
Uncalled bet ($5.80) returned to PORCELLI
PORCELLI collected $5.40 from pot
PORCELLI: doesn't show hand 
*** SUMMARY ***
Total pot $5.40 | Rake $0 
Seat 1: Supermegopro (button) folded before Flop (didn't bet)
Seat 2: PORCELLI (small blind) collected ($5.40)
Seat 3: ghc_2 (big blind) folded before Flop
Seat 4: Tibibacsi folded before Flop (didn't bet)
Seat 5: Gaita_toien folded before Flop (didn't bet)
Seat 6: Seavus10 folded before Flop



PokerStars Hand #254601215033:  Hold'em No Limit ($0.50/$1.00 USD) - 2025/01/28 1:32:19 WET [2025/01/28 20:32:19 ET]
Table 'Pictor' 6-max Seat #2 is the button
Seat 1: Supermegopro ($100.43 in chips) 
Seat 2: PORCELLI ($66.79 in chips) 
Seat 3: ghc_2 ($121.13 in chips) 
Seat 4: Tibibacsi ($100 in chips) 
Seat 5: Gaita_toien ($139.93 in chips) 
Seat 6: Seavus10 ($100 in chips) 
ghc_2: posts small blind $0.50
Tibibacsi: posts big blind $1
*** HOLE CARDS ***
Gaita_toien: folds 
Seavus10: folds 
Supermegopro: folds 
PORCELLI: folds 
ghc_2: folds 
Uncalled bet ($0.50) returned to Tibibacsi
Tibibacsi collected $1 from pot
Tibibacsi: doesn't show hand 
*** SUMMARY ***
Total pot $1 | Rake $0 
Seat 1: Supermegopro folded before Flop (didn't bet)
Seat 2: PORCELLI (button) folded before Flop (didn't bet)
Seat 3: ghc_2 (small blind) folded before Flop
Seat 4: Tibibacsi (big blind) collected ($1)
Seat 5: Gaita_toien folded before Flop (didn't bet)
Seat 6: Seavus10 folded before Flop (didn't bet)



PokerStars Hand #254601218603:  Hold'em No Limit ($0.50/$1.00 USD) - 2025/01/28 1:32:39 WET [2025/01/28 20:32:39 ET]
Table 'Pictor' 6-max Seat #3 is the button
Seat 1: Supermegopro ($100.43 in chips) 
Seat 2: PORCELLI ($66.79 in chips) 
Seat 3: ghc_2 ($120.63 in chips) 
Seat 4: Tibibacsi ($100.50 in chips) 
Seat 5: Gaita_toien ($139.93 in chips) 
Seat 6: Seavus10 ($100 in chips) 
Tibibacsi: posts small blind $0.50
Gaita_toien: posts big blind $1
*** HOLE CARDS ***
Seavus10: folds 
Supermegopro: raises $1.50 to $2.50
PORCELLI: folds 
ghc_2: folds 
Tibibacsi: folds 
Gaita_toien: folds 
Uncalled bet ($1.50) returned to Supermegopro
Supermegopro collected $2.50 from pot
Supermegopro: doesn't show hand 
*** SUMMARY ***
Total pot $2.50 | Rake $0 
Seat 1: Supermegopro collected ($2.50)
Seat 2: PORCELLI folded before Flop (didn't bet)
Seat 3: ghc_2 (button) folded before Flop (didn't bet)
Seat 4: Tibibacsi (small blind) folded before Flop
Seat 5: Gaita_toien (big blind) folded before Flop
Seat 6: Seavus10 folded before Flop (didn't bet)



PokerStars Hand #254601222281:  Hold'em No Limit ($0.50/$1.00 USD) - 2025/01/28 1:33:01 WET [2025/01/28 20:33:01 ET]
Table 'Pictor' 6-max Seat #4 is the button
Seat 1: Supermegopro ($101.93 in chips) 
Seat 2: PORCELLI ($66.79 in chips) 
Seat 3: ghc_2 ($120.63 in chips) 
Seat 4: Tibibacsi ($100 in chips) 
Seat 5: Gaita_toien ($138.93 in chips) 
Seat 6: Seavus10 ($100 in chips) 
Gaita_toien: posts small blind $0.50
Seavus10: posts big blind $1
*** HOLE CARDS ***
Supermegopro: raises $1.50 to $2.50
PORCELLI: raises $3.50 to $6
ghc_2: folds 
Tibibacsi: folds 
Gaita_toien: folds 
Seavus10: folds 
Supermegopro: calls $3.50
*** FLOP *** [5s 7h As]
Supermegopro: checks 
PORCELLI: checks 
*** TURN *** [5s 7h As] [Th]
Supermegopro: checks 
PORCELLI: checks 
*** RIVER *** [5s 7h As Th] [2s]
Supermegopro: bets $8.55
PORCELLI: folds 
Uncalled bet ($8.55) returned to Supermegopro
Supermegopro collected $12.82 from pot
Supermegopro: doesn't show hand 
*** SUMMARY ***
Total pot $13.50 | Rake $0.68 
Board [5s 7h As Th 2s]
Seat 1: Supermegopro collected ($12.82)
Seat 2: PORCELLI folded on the River
Seat 3: ghc_2 folded before Flop (didn't bet)
Seat 4: Tibibacsi (button) folded before Flop (didn't bet)
Seat 5: Gaita_toien (small blind) folded before Flop
Seat 6: Seavus10 (big blind) folded before Flop



PokerStars Hand #254601229674:  Hold'em No Limit ($0.50/$1.00 USD) - 2025/01/28 1:33:43 WET [2025/01/28 20:33:43 ET]
Table 'Pictor' 6-max Seat #5 is the button
Seat 1: Supermegopro ($108.75 in chips) 
Seat 2: PORCELLI ($60.79 in chips) 
Seat 3: ghc_2 ($120.63 in chips) 
Seat 4: Tibibacsi ($100 in chips) 
Seat 5: Gaita_toien ($138.43 in chips) 
Seat 6: Seavus10 ($100 in chips) 
Seavus10: posts small blind $0.50
Supermegopro: posts big blind $1
*** HOLE CARDS ***
PORCELLI: folds 
ghc_2: folds 
Tibibacsi: folds 
Gaita_toien: folds 
Seavus10: folds 
Uncalled bet ($0.50) returned to Supermegopro
Supermegopro collected $1 from pot
Supermegopro: doesn't show hand 
*** SUMMARY ***
Total pot $1 | Rake $0 
Seat 1: Supermegopro (big blind) collected ($1)
Seat 2: PORCELLI folded before Flop (didn't bet)
Seat 3: ghc_2 folded before Flop (didn't bet)
Seat 4: Tibibacsi folded before Flop (didn't bet)
Seat 5: Gaita_toien (button) folded before Flop (didn't bet)
Seat 6: Seavus10 (small blind) folded before Flop



PokerStars Hand #254601231937:  Hold'em No Limit ($0.50/$1.00 USD) - 2025/01/28 1:33:56 WET [2025/01/28 20:33:56 ET]
Table 'Pictor' 6-max Seat #6 is the button
Seat 1: Supermegopro ($109.25 in chips) 
Seat 2: PORCELLI ($60.79 in chips) 
Seat 3: ghc_2 ($120.63 in chips) 
Seat 4: Tibibacsi ($100 in chips) 
Seat 5: Gaita_toien ($138.43 in chips) 
Seat 6: Seavus10 ($100 in chips) 
Supermegopro: posts small blind $0.50
PORCELLI: posts big blind $1
*** HOLE CARDS ***
ghc_2: raises $1 to $2
Tibibacsi: folds 
Gaita_toien: raises $5.20 to $7.20
Seavus10: folds 
Supermegopro: folds 
PORCELLI: folds 
ghc_2: folds 
Uncalled bet ($5.20) returned to Gaita_toien
Gaita_toien collected $5.50 from pot
Gaita_toien: doesn't show hand 
*** SUMMARY ***
Total pot $5.50 | Rake $0 
Seat 1: Supermegopro (small blind) folded before Flop
Seat 2: PORCELLI (big blind) folded before Flop
Seat 3: ghc_2 folded before Flop
Seat 4: Tibibacsi folded before Flop (didn't bet)
Seat 5: Gaita_toien collected ($5.50)
Seat 6: Seavus10 (button) folded before Flop (didn't bet)



PokerStars Hand #254601235222:  Hold'em No Limit ($0.50/$1.00 USD) - 2025/01/28 1:34:14 WET [2025/01/28 20:34:14 ET]
Table 'Pictor' 6-max Seat #1 is the button
Seat 1: Supermegopro ($108.75 in chips) 
Seat 2: PORCELLI ($59.79 in chips) 
Seat 3: ghc_2 ($118.63 in chips) 
Seat 4: Tibibacsi ($100 in chips) 
Seat 5: Gaita_toien ($141.93 in chips) 
Seat 6: Seavus10 ($100 in chips) 
PORCELLI: posts small blind $0.50
ghc_2: posts big blind $1
*** HOLE CARDS ***
Tibibacsi: folds 
Gaita_toien: folds 
Seavus10: folds 
Supermegopro: raises $1.50 to $2.50
PORCELLI: raises $5.50 to $8
ghc_2: folds 
Supermegopro: folds 
Uncalled bet ($5.50) returned to PORCELLI
PORCELLI collected $6 from pot
PORCELLI: doesn't show hand 
*** SUMMARY ***
Total pot $6 | Rake $0 
Seat 1: Supermegopro (button) folded before Flop
Seat 2: PORCELLI (small blind) collected ($6)
Seat 3: ghc_2 (big blind) folded before Flop
Seat 4: Tibibacsi folded before Flop (didn't bet)
Seat 5: Gaita_toien folded before Flop (didn't bet)
Seat 6: Seavus10 folded before Flop (didn't bet)



PokerStars Hand #254601242268:  Hold'em No Limit ($0.50/$1.00 USD) - 2025/01/28 1:34:55 WET [2025/01/28 20:34:55 ET]
Table 'Pictor' 6-max Seat #2 is the button
Seat 1: Supermegopro ($106.25 in chips) 
Seat 2: PORCELLI ($63.29 in chips) 
Seat 3: ghc_2 ($117.63 in chips) 
Seat 4: Tibibacsi ($100 in chips) 
Seat 5: Gaita_toien ($141.93 in chips) 
Seat 6: Seavus10 ($100 in chips) 
ghc_2: posts small blind $0.50
Tibibacsi: posts big blind $1
*** HOLE CARDS ***
Gaita_toien: folds 
Seavus10: folds 
Supermegopro: raises $1.50 to $2.50
PORCELLI: folds 
ghc_2: folds 
Tibibacsi: calls $1.50
*** FLOP *** [8d Jh Qc]
Tibibacsi: checks 
Supermegopro: bets $1.72
Tibibacsi: calls $1.72
*** TURN *** [8d Jh Qc] [5s]
Tibibacsi: checks 
Supermegopro: bets $10.61
Tibibacsi: calls $10.61
*** RIVER *** [8d Jh Qc 5s] [2c]
Tibibacsi: checks 
Supermegopro: checks 
*** SHOW DOWN ***
Tibibacsi: shows [Qd Js] (two pair, Queens and Jacks)
Supermegopro: mucks hand 
Tibibacsi collected $28.65 from pot
*** SUMMARY ***
Total pot $30.16 | Rake $1.51 
Board [8d Jh Qc 5s 2c]
Seat 1: Supermegopro mucked
Seat 2: PORCELLI (button) folded before Flop (didn't bet)
Seat 3: ghc_2 (small blind) folded before Flop
Seat 4: Tibibacsi (big blind) showed [Qd Js] and won ($28.65) with two pair, Queens and Jacks
Seat 5: Gaita_toien folded before Flop (didn't bet)
Seat 6: Seavus10 folded before Flop (didn't bet)



PokerStars Hand #254601254477:  Hold'em No Limit ($0.50/$1.00 USD) - 2025/01/28 1:36:05 WET [2025/01/28 20:36:05 ET]
Table 'Pictor' 6-max Seat #3 is the button
Seat 2: PORCELLI ($63.29 in chips) 
Seat 3: ghc_2 ($117.13 in chips) 
Seat 4: Tibibacsi ($113.82 in chips) 
Seat 5: Gaita_toien ($141.93 in chips) 
Seat 6: Seavus10 ($100 in chips) 
Tibibacsi: posts small blind $0.50
Supermegopro leaves the table
Gaita_toien: posts big blind $1
*** HOLE CARDS ***
Seavus10: raises $1.20 to $2.20
PORCELLI: folds 
ghc_2: folds 
Tibibacsi: folds 
Gaita_toien: folds 
Uncalled bet ($1.20) returned to Seavus10
Seavus10 collected $2.50 from pot
Seavus10: doesn't show hand 
*** SUMMARY ***
Total pot $2.50 | Rake $0 
Seat 2: PORCELLI folded before Flop (didn't bet)
Seat 3: ghc_2 (button) folded before Flop (didn't bet)
Seat 4: Tibibacsi (small blind) folded before Flop
Seat 5: Gaita_toien (big blind) folded before Flop
Seat 6: Seavus10 collected ($2.50)



PokerStars Hand #254601258120:  Hold'em No Limit ($0.50/$1.00 USD) - 2025/01/28 1:36:25 WET [2025/01/28 20:36:25 ET]
Table 'Pictor' 6-max Seat #4 is the button
Seat 2: PORCELLI ($63.29 in chips) 
Seat 3: ghc_2 ($117.13 in chips) 
Seat 4: Tibibacsi ($113.32 in chips) 
Seat 5: Gaita_toien ($140.93 in chips) 
Seat 6: Seavus10 ($101.50 in chips) 
Gaita_toien: posts small blind $0.50
Seavus10: posts big blind $1
*** HOLE CARDS ***
PORCELLI: folds 
ghc_2: folds 
Tibibacsi: folds 
Gaita_toien: raises $2 to $3
Seavus10: raises $6 to $9
Gaita_toien: folds 
Uncalled bet ($6) returned to Seavus10
Seavus10 collected $6 from pot
Seavus10: doesn't show hand 
*** SUMMARY ***
Total pot $6 | Rake $0 
Seat 2: PORCELLI folded before Flop (didn't bet)
Seat 3: ghc_2 folded before Flop (didn't bet)
Seat 4: Tibibacsi (button) folded before Flop (didn't bet)
Seat 5: Gaita_toien (small blind) folded before Flop
Seat 6: Seavus10 (big blind) collected ($6)



PokerStars Hand #254601262799:  Hold'em No Limit ($0.50/$1.00 USD) - 2025/01/28 1:36:51 WET [2025/01/28 20:36:51 ET]
Table 'Pictor' 6-max Seat #5 is the button
Seat 2: PORCELLI ($63.29 in chips) 
Seat 3: ghc_2 ($117.13 in chips) 
Seat 4: Tibibacsi ($113.32 in chips) 
Seat 5: Gaita_toien ($137.93 in chips) 
Seat 6: Seavus10 ($104.50 in chips) 
Seavus10: posts small blind $0.50
PORCELLI: posts big blind $1
*** HOLE CARDS ***
ghc_2: folds 
Tibibacsi: folds 
Gaita_toien: folds 
Seavus10: calls $0.50
PORCELLI: raises $7 to $8
Seavus10: folds 
Uncalled bet ($7) returned to PORCELLI
PORCELLI collected $2 from pot
PORCELLI: doesn't show hand 
*** SUMMARY ***
Total pot $2 | Rake $0 
Seat 2: PORCELLI (big blind) collected ($2)
Seat 3: ghc_2 folded before Flop (didn't bet)
Seat 4: Tibibacsi folded before Flop (didn't bet)
Seat 5: Gaita_toien (button) folded before Flop (didn't bet)
Seat 6: Seavus10 (small blind) folded before Flop



PokerStars Hand #254601266853:  Hold'em No Limit ($0.50/$1.00 USD) - 2025/01/28 1:37:15 WET [2025/01/28 20:37:15 ET]
Table 'Pictor' 6-max Seat #6 is the button
Seat 2: PORCELLI ($64.29 in chips) 
Seat 3: ghc_2 ($117.13 in chips) 
Seat 4: Tibibacsi ($113.32 in chips) 
Seat 5: Gaita_toien ($137.93 in chips) 
Seat 6: Seavus10 ($103.50 in chips) 
PORCELLI: posts small blind $0.50
ghc_2: posts big blind $1
*** HOLE CARDS ***
Tibibacsi: folds 
Gaita_toien: folds 
Seavus10: raises $1.50 to $2.50
PORCELLI: folds 
ghc_2: folds 
Uncalled bet ($1.50) returned to Seavus10
Seavus10 collected $2.50 from pot
Seavus10: doesn't show hand 
*** SUMMARY ***
Total pot $2.50 | Rake $0 
Seat 2: PORCELLI (small blind) folded before Flop
Seat 3: ghc_2 (big blind) folded before Flop
Seat 4: Tibibacsi folded before Flop (didn't bet)
Seat 5: Gaita_toien folded before Flop (didn't bet)
Seat 6: Seavus10 (button) collected ($2.50)



PokerStars Hand #254601271172:  Hold'em No Limit ($0.50/$1.00 USD) - 2025/01/28 1:37:40 WET [2025/01/28 20:37:40 ET]
Table 'Pictor' 6-max Seat #2 is the button
Seat 2: PORCELLI ($63.79 in chips) 
Seat 3: ghc_2 ($116.13 in chips) 
Seat 4: Tibibacsi ($113.32 in chips) 
Seat 5: Gaita_toien ($137.93 in chips) 
Seat 6: Seavus10 ($105 in chips) 
ghc_2: posts small blind $0.50
Tibibacsi: posts big blind $1
*** HOLE CARDS ***
Gaita_toien: folds 
timco03041993 joins the table at seat #1 
Seavus10: folds 
PORCELLI: raises $1 to $2
ghc_2: raises $6 to $8
Tibibacsi: folds 
PORCELLI: folds 
Uncalled bet ($6) returned to ghc_2
ghc_2 collected $5 from pot
ghc_2: doesn't show hand 
*** SUMMARY ***
Total pot $5 | Rake $0 
Seat 2: PORCELLI (button) folded before Flop
Seat 3: ghc_2 (small blind) collected ($5)
Seat 4: Tibibacsi (big blind) folded before Flop
Seat 5: Gaita_toien folded before Flop (didn't bet)
Seat 6: Seavus10 folded before Flop (didn't bet)



PokerStars Hand #254601275629:  Hold'em No Limit ($0.50/$1.00 USD) - 2025/01/28 1:38:05 WET [2025/01/28 20:38:05 ET]
Table 'Pictor' 6-max Seat #3 is the button
Seat 1: timco03041993 ($40 in chips) is sitting out
Seat 2: PORCELLI ($61.79 in chips) 
Seat 3: ghc_2 ($119.13 in chips) 
Seat 4: Tibibacsi ($112.32 in chips) 
Seat 5: Gaita_toien ($137.93 in chips) 
Seat 6: Seavus10 ($105 in chips) 
Tibibacsi: posts small blind $0.50
Gaita_toien: posts big blind $1
timco03041993: sits out 
*** HOLE CARDS ***
Seavus10: folds 
PORCELLI: folds 
ghc_2: raises $1.40 to $2.40
Tibibacsi: folds 
Gaita_toien: folds 
Uncalled bet ($1.40) returned to ghc_2
ghc_2 collected $2.50 from pot
ghc_2: doesn't show hand 
*** SUMMARY ***
Total pot $2.50 | Rake $0 
Seat 1: timco03041993
Seat 2: PORCELLI folded before Flop (didn't bet)
Seat 3: ghc_2 (button) collected ($2.50)
Seat 4: Tibibacsi (small blind) folded before Flop
Seat 5: Gaita_toien (big blind) folded before Flop
Seat 6: Seavus10 folded before Flop (didn't bet)



PokerStars Hand #254601278789:  Hold'em No Limit ($0.50/$1.00 USD) - 2025/01/28 1:38:23 WET [2025/01/28 20:38:23 ET]
Table 'Pictor' 6-max Seat #4 is the button
Seat 1: timco03041993 ($40 in chips) is sitting out
Seat 2: PORCELLI ($61.79 in chips) 
Seat 3: ghc_2 ($120.63 in chips) 
Seat 4: Tibibacsi ($111.82 in chips) 
Seat 5: Gaita_toien ($136.93 in chips) 
Seat 6: Seavus10 ($105 in chips) 
Gaita_toien: posts small blind $0.50
Seavus10: posts big blind $1
timco03041993: sits out 
*** HOLE CARDS ***
PORCELLI: folds 
ghc_2: folds 
Tibibacsi: folds 
Gaita_toien: folds 
Uncalled bet ($0.50) returned to Seavus10
Seavus10 collected $1 from pot
Seavus10: doesn't show hand 
*** SUMMARY ***
Total pot $1 | Rake $0 
Seat 1: timco03041993
Seat 2: PORCELLI folded before Flop (didn't bet)
Seat 3: ghc_2 folded before Flop (didn't bet)
Seat 4: Tibibacsi (button) folded before Flop (didn't bet)
Seat 5: Gaita_toien (small blind) folded before Flop
Seat 6: Seavus10 (big blind) collected ($1)



PokerStars Hand #254601281689:  Hold'em No Limit ($0.50/$1.00 USD) - 2025/01/28 1:38:40 WET [2025/01/28 20:38:40 ET]
Table 'Pictor' 6-max Seat #5 is the button
Seat 1: timco03041993 ($40 in chips) 
Seat 2: PORCELLI ($61.79 in chips) 
Seat 3: ghc_2 ($120.63 in chips) 
Seat 4: Tibibacsi ($111.82 in chips) 
Seat 5: Gaita_toien ($136.43 in chips) 
Seat 6: Seavus10 ($105.50 in chips) 
Seavus10: posts small blind $0.50
timco03041993: posts big blind $1
*** HOLE CARDS ***
PORCELLI: raises $3 to $4
ghc_2: folds 
Tibibacsi: folds 
Gaita_toien: folds 
Seavus10: folds 
timco03041993: folds 
Uncalled bet ($3) returned to PORCELLI
PORCELLI collected $2.50 from pot
PORCELLI: doesn't show hand 
*** SUMMARY ***
Total pot $2.50 | Rake $0 
Seat 1: timco03041993 (big blind) folded before Flop
Seat 2: PORCELLI collected ($2.50)
Seat 3: ghc_2 folded before Flop (didn't bet)
Seat 4: Tibibacsi folded before Flop (didn't bet)
Seat 5: Gaita_toien (button) folded before Flop (didn't bet)
Seat 6: Seavus10 (small blind) folded before Flop



PokerStars Hand #254601285782:  Hold'em No Limit ($0.50/$1.00 USD) - 2025/01/28 1:39:04 WET [2025/01/28 20:39:04 ET]
Table 'Pictor' 6-max Seat #6 is the button
Seat 1: timco03041993 ($39 in chips) 
Seat 2: PORCELLI ($63.29 in chips) 
Seat 3: ghc_2 ($120.63 in chips) 
Seat 4: Tibibacsi ($111.82 in chips) 
Seat 5: Gaita_toien ($136.43 in chips) 
Seat 6: Seavus10 ($105 in chips) 
timco03041993: posts small blind $0.50
PORCELLI: posts big blind $1
*** HOLE CARDS ***
ghc_2: folds 
Tibibacsi: raises $1.50 to $2.50
Gaita_toien: folds 
Seavus10: folds 
timco03041993: folds 
PORCELLI: folds 
Uncalled bet ($1.50) returned to Tibibacsi
Tibibacsi collected $2.50 from pot
Tibibacsi: doesn't show hand 
*** SUMMARY ***
Total pot $2.50 | Rake $0 
Seat 1: timco03041993 (small blind) folded before Flop
Seat 2: PORCELLI (big blind) folded before Flop
Seat 3: ghc_2 folded before Flop (didn't bet)
Seat 4: Tibibacsi collected ($2.50)
Seat 5: Gaita_toien folded before Flop (didn't bet)
Seat 6: Seavus10 (button) folded before Flop (didn't bet)



PokerStars Hand #254601290162:  Hold'em No Limit ($0.50/$1.00 USD) - 2025/01/28 1:39:29 WET [2025/01/28 20:39:29 ET]
Table 'Pictor' 6-max Seat #1 is the button
Seat 1: timco03041993 ($38.50 in chips) 
Seat 2: PORCELLI ($62.29 in chips) 
Seat 3: ghc_2 ($120.63 in chips) 
Seat 4: Tibibacsi ($113.32 in chips) 
Seat 5: Gaita_toien ($136.43 in chips) 
Seat 6: Seavus10 ($105 in chips) 
PORCELLI: posts small blind $0.50
ghc_2: posts big blind $1
*** HOLE CARDS ***
Tibibacsi: folds 
Gaita_toien: raises $1.20 to $2.20
Seavus10: raises $5.50 to $7.70
timco03041993: folds 
PORCELLI: folds 
ghc_2: folds 
Gaita_toien: folds 
Uncalled bet ($5.50) returned to Seavus10
Seavus10 collected $5.90 from pot
Seavus10: doesn't show hand 
*** SUMMARY ***
Total pot $5.90 | Rake $0 
Seat 1: timco03041993 (button) folded before Flop (didn't bet)
Seat 2: PORCELLI (small blind) folded before Flop
Seat 3: ghc_2 (big blind) folded before Flop
Seat 4: Tibibacsi folded before Flop (didn't bet)
Seat 5: Gaita_toien folded before Flop
Seat 6: Seavus10 collected ($5.90)



PokerStars Hand #254601295096:  Hold'em No Limit ($0.50/$1.00 USD) - 2025/01/28 1:39:58 WET [2025/01/28 20:39:58 ET]
Table 'Pictor' 6-max Seat #2 is the button
Seat 1: timco03041993 ($38.50 in chips) 
Seat 2: PORCELLI ($61.79 in chips) 
Seat 3: ghc_2 ($119.63 in chips) 
Seat 4: Tibibacsi ($113.32 in chips) 
Seat 5: Gaita_toien ($134.23 in chips) 
Seat 6: Seavus10 ($108.70 in chips) 
ghc_2: posts small blind $0.50
Tibibacsi: posts big blind $1
*** HOLE CARDS ***
Gaita_toien: folds 
Seavus10: folds 
timco03041993: folds 
PORCELLI: raises $1 to $2
ghc_2: folds 
Tibibacsi: folds 
Uncalled bet ($1) returned to PORCELLI
PORCELLI collected $2.50 from pot
PORCELLI: doesn't show hand 
*** SUMMARY ***
Total pot $2.50 | Rake $0 
Seat 1: timco03041993 folded before Flop (didn't bet)
Seat 2: PORCELLI (button) collected ($2.50)
Seat 3: ghc_2 (small blind) folded before Flop
Seat 4: Tibibacsi (big blind) folded before Flop
Seat 5: Gaita_toien folded before Flop (didn't bet)
Seat 6: Seavus10 folded before Flop (didn't bet)



PokerStars Hand #254601299748:  Hold'em No Limit ($0.50/$1.00 USD) - 2025/01/28 1:40:25 WET [2025/01/28 20:40:25 ET]
Table 'Pictor' 6-max Seat #3 is the button
Seat 1: timco03041993 ($38.50 in chips) 
Seat 2: PORCELLI ($63.29 in chips) 
Seat 3: ghc_2 ($119.13 in chips) 
Seat 4: Tibibacsi ($112.32 in chips) 
Seat 5: Gaita_toien ($134.23 in chips) 
Seat 6: Seavus10 ($108.70 in chips) 
Tibibacsi: posts small blind $0.50
Gaita_toien: posts big blind $1
*** HOLE CARDS ***
Seavus10: folds 
timco03041993: folds 
PORCELLI: raises $6 to $7
ghc_2: folds 
Tibibacsi: folds 
Gaita_toien: folds 
Uncalled bet ($6) returned to PORCELLI
PORCELLI collected $2.50 from pot
PORCELLI: doesn't show hand 
*** SUMMARY ***
Total pot $2.50 | Rake $0 
Seat 1: timco03041993 folded before Flop (didn't bet)
Seat 2: PORCELLI collected ($2.50)
Seat 3: ghc_2 (button) folded before Flop (didn't bet)
Seat 4: Tibibacsi (small blind) folded before Flop
Seat 5: Gaita_toien (big blind) folded before Flop
Seat 6: Seavus10 folded before Flop (didn't bet)



PokerStars Hand #254601305516:  Hold'em No Limit ($0.50/$1.00 USD) - 2025/01/28 1:40:59 WET [2025/01/28 20:40:59 ET]
Table 'Pictor' 6-max Seat #4 is the button
Seat 1: timco03041993 ($38.50 in chips) 
Seat 2: PORCELLI ($64.79 in chips) 
Seat 3: ghc_2 ($119.13 in chips) 
Seat 4: Tibibacsi ($111.82 in chips) 
Seat 5: Gaita_toien ($133.23 in chips) 
Seat 6: Seavus10 ($108.70 in chips) 
Gaita_toien: posts small blind $0.50
Seavus10: posts big blind $1
*** HOLE CARDS ***
timco03041993: folds 
PORCELLI: folds 
ghc_2: folds 
Tibibacsi: folds 
Gaita_toien: raises $2 to $3
Seavus10: calls $2
*** FLOP *** [6d 7c 8h]
Gaita_toien: checks 
Seavus10: bets $1.90
Gaita_toien: raises $8.17 to $10.07
Seavus10: calls $8.17
*** TURN *** [6d 7c 8h] [Js]
Gaita_toien: bets $21.35
Seavus10: folds 
Uncalled bet ($21.35) returned to Gaita_toien
Gaita_toien collected $24.83 from pot
Gaita_toien: doesn't show hand 
*** SUMMARY ***
Total pot $26.14 | Rake $1.31 
Board [6d 7c 8h Js]
Seat 1: timco03041993 folded before Flop (didn't bet)
Seat 2: PORCELLI folded before Flop (didn't bet)
Seat 3: ghc_2 folded before Flop (didn't bet)
Seat 4: Tibibacsi (button) folded before Flop (didn't bet)
Seat 5: Gaita_toien (small blind) collected ($24.83)
Seat 6: Seavus10 (big blind) folded on the Turn



PokerStars Hand #254601324241:  Hold'em No Limit ($0.50/$1.00 USD) - 2025/01/28 1:42:48 WET [2025/01/28 20:42:48 ET]
Table 'Pictor' 6-max Seat #5 is the button
Seat 1: timco03041993 ($38.50 in chips) 
Seat 2: PORCELLI ($64.79 in chips) 
Seat 3: ghc_2 ($119.13 in chips) 
Seat 4: Tibibacsi ($111.82 in chips) 
Seat 5: Gaita_toien ($144.99 in chips) 
Seat 6: Seavus10 ($95.63 in chips) 
Seavus10: posts small blind $0.50
timco03041993: posts big blind $1
*** HOLE CARDS ***
PORCELLI: raises $2 to $3
ghc_2: folds 
Tibibacsi: folds 
Gaita_toien: folds 
Seavus10: folds 
timco03041993: folds 
Uncalled bet ($2) returned to PORCELLI
PORCELLI collected $2.50 from pot
PORCELLI: doesn't show hand 
*** SUMMARY ***
Total pot $2.50 | Rake $0 
Seat 1: timco03041993 (big blind) folded before Flop
Seat 2: PORCELLI collected ($2.50)
Seat 3: ghc_2 folded before Flop (didn't bet)
Seat 4: Tibibacsi folded before Flop (didn't bet)
Seat 5: Gaita_toien (button) folded before Flop (didn't bet)
Seat 6: Seavus10 (small blind) folded before Flop



PokerStars Hand #254601326985:  Hold'em No Limit ($0.50/$1.00 USD) - 2025/01/28 1:43:05 WET [2025/01/28 20:43:05 ET]
Table 'Pictor' 6-max Seat #6 is the button
Seat 1: timco03041993 ($37.50 in chips) 
Seat 2: PORCELLI ($66.29 in chips) 
Seat 3: ghc_2 ($119.13 in chips) 
Seat 4: Tibibacsi ($111.82 in chips) 
Seat 5: Gaita_toien ($144.99 in chips) 
Seat 6: Seavus10 ($95.13 in chips) 
timco03041993: posts small blind $0.50
PORCELLI: posts big blind $1
*** HOLE CARDS ***
ghc_2: folds 
Tibibacsi: folds 
Gaita_toien: folds 
Seavus10: raises $1.50 to $2.50
timco03041993: folds 
PORCELLI: calls $1.50
*** FLOP *** [Jc 2s Js]
PORCELLI: checks 
Seavus10: bets $1.74
PORCELLI: calls $1.74
*** TURN *** [Jc 2s Js] [6c]
PORCELLI: checks 
Seavus10: checks 
*** RIVER *** [Jc 2s Js 6c] [Kd]
PORCELLI: checks 
Seavus10: bets $5.69
PORCELLI: folds 
Uncalled bet ($5.69) returned to Seavus10
Seavus10 collected $8.53 from pot
Seavus10: doesn't show hand 
*** SUMMARY ***
Total pot $8.98 | Rake $0.45 
Board [Jc 2s Js 6c Kd]
Seat 1: timco03041993 (small blind) folded before Flop
Seat 2: PORCELLI (big blind) folded on the River
Seat 3: ghc_2 folded before Flop (didn't bet)
Seat 4: Tibibacsi folded before Flop (didn't bet)
Seat 5: Gaita_toien folded before Flop (didn't bet)
Seat 6: Seavus10 (button) collected ($8.53)



PokerStars Hand #254601337917:  Hold'em No Limit ($0.50/$1.00 USD) - 2025/01/28 1:44:10 WET [2025/01/28 20:44:10 ET]
Table 'Pictor' 6-max Seat #1 is the button
Seat 1: timco03041993 ($37 in chips) 
Seat 2: PORCELLI ($62.05 in chips) 
Seat 3: ghc_2 ($119.13 in chips) 
Seat 4: Tibibacsi ($111.82 in chips) 
Seat 5: Gaita_toien ($144.99 in chips) 
Seat 6: Seavus10 ($99.42 in chips) 
PORCELLI: posts small blind $0.50
ghc_2: posts big blind $1
*** HOLE CARDS ***
Tibibacsi: folds 
Gaita_toien: raises $1 to $2
Seavus10: folds 
timco03041993: folds 
PORCELLI: calls $1.50
ghc_2: folds 
*** FLOP *** [6h 7h 7c]
PORCELLI: checks 
Gaita_toien: checks 
*** TURN *** [6h 7h 7c] [Qc]
PORCELLI: checks 
Gaita_toien: checks 
*** RIVER *** [6h 7h 7c Qc] [8c]
PORCELLI: checks 
Gaita_toien: checks 
*** SHOW DOWN ***
PORCELLI: shows [Js Tc] (a pair of Sevens)
Gaita_toien: shows [2h 2s] (two pair, Sevens and Deuces)
Gaita_toien collected $4.75 from pot
*** SUMMARY ***
Total pot $5 | Rake $0.25 
Board [6h 7h 7c Qc 8c]
Seat 1: timco03041993 (button) folded before Flop (didn't bet)
Seat 2: PORCELLI (small blind) showed [Js Tc] and lost with a pair of Sevens
Seat 3: ghc_2 (big blind) folded before Flop
Seat 4: Tibibacsi folded before Flop (didn't bet)
Seat 5: Gaita_toien showed [2h 2s] and won ($4.75) with two pair, Sevens and Deuces
Seat 6: Seavus10 folded before Flop (didn't bet)



PokerStars Hand #254601342654:  Hold'em No Limit ($0.50/$1.00 USD) - 2025/01/28 1:44:39 WET [2025/01/28 20:44:39 ET]
Table 'Pictor' 6-max Seat #2 is the button
Seat 1: timco03041993 ($37 in chips) 
Seat 2: PORCELLI ($60.05 in chips) 
Seat 3: ghc_2 ($118.13 in chips) 
Seat 4: Tibibacsi ($111.82 in chips) 
Seat 5: Gaita_toien ($147.74 in chips) 
Seat 6: Seavus10 ($99.42 in chips) 
ghc_2: posts small blind $0.50
Tibibacsi: posts big blind $1
*** HOLE CARDS ***
Gaita_toien: folds 
Seavus10: folds 
timco03041993: folds 
PORCELLI: raises $2 to $3
ghc_2: folds 
Tibibacsi: folds 
Uncalled bet ($2) returned to PORCELLI
PORCELLI collected $2.50 from pot
PORCELLI: doesn't show hand 
*** SUMMARY ***
Total pot $2.50 | Rake $0 
Seat 1: timco03041993 folded before Flop (didn't bet)
Seat 2: PORCELLI (button) collected ($2.50)
Seat 3: ghc_2 (small blind) folded before Flop
Seat 4: Tibibacsi (big blind) folded before Flop
Seat 5: Gaita_toien folded before Flop (didn't bet)
Seat 6: Seavus10 folded before Flop (didn't bet)



PokerStars Hand #254601345982:  Hold'em No Limit ($0.50/$1.00 USD) - 2025/01/28 1:44:59 WET [2025/01/28 20:44:59 ET]
Table 'Pictor' 6-max Seat #3 is the button
Seat 5: Gaita_toien ($147.74 in chips) is sitting out
Seat 1: timco03041993 ($37 in chips) 
Seat 2: PORCELLI ($61.55 in chips) 
Seat 3: ghc_2 ($117.63 in chips) 
Seat 4: Tibibacsi ($110.82 in chips) 
Seat 6: Seavus10 ($99.42 in chips) 
Tibibacsi: posts small blind $0.50
Gaita_toien: is sitting out 
Seavus10: posts big blind $1
*** HOLE CARDS ***
timco03041993: folds 
PORCELLI: folds 
ghc_2: raises $1.40 to $2.40
Tibibacsi: folds 
Seavus10: folds 
Uncalled bet ($1.40) returned to ghc_2
ghc_2 collected $2.50 from pot
ghc_2: doesn't show hand 
Gaita_toien leaves the table
*** SUMMARY ***
Total pot $2.50 | Rake $0 
Seat 5: Gaita_toien
Seat 1: timco03041993 folded before Flop (didn't bet)
Seat 2: PORCELLI folded before Flop (didn't bet)
Seat 3: ghc_2 (button) collected ($2.50)
Seat 4: Tibibacsi (small blind) folded before Flop
Seat 6: Seavus10 (big blind) folded before Flop



PokerStars Hand #254601347785:  Hold'em No Limit ($0.50/$1.00 USD) - 2025/01/28 1:45:10 WET [2025/01/28 20:45:10 ET]
Table 'Pictor' 6-max Seat #4 is the button
Seat 1: timco03041993 ($37 in chips) 
Seat 2: PORCELLI ($61.55 in chips) 
Seat 3: ghc_2 ($119.13 in chips) 
Seat 4: Tibibacsi ($110.32 in chips) 
Seat 6: Seavus10 ($98.42 in chips) 
Seavus10: posts small blind $0.50
timco03041993: posts big blind $1
*** HOLE CARDS ***
PORCELLI: raises $1 to $2
ghc_2: folds 
Mr_Dick666 joins the table at seat #5 
Tibibacsi: calls $2
Seavus10: folds 
timco03041993: calls $1
*** FLOP *** [8s As 2c]
timco03041993: checks 
PORCELLI: bets $3
Tibibacsi: folds 
timco03041993: calls $3
*** TURN *** [8s As 2c] [3s]
timco03041993: checks 
PORCELLI: checks 
*** RIVER *** [8s As 2c 3s] [Kc]
timco03041993: checks 
PORCELLI: checks 
*** SHOW DOWN ***
timco03041993: shows [8h Kh] (two pair, Kings and Eights)
PORCELLI: mucks hand 
timco03041993 collected $11.88 from pot
*** SUMMARY ***
Total pot $12.50 | Rake $0.62 
Board [8s As 2c 3s Kc]
Seat 1: timco03041993 (big blind) showed [8h Kh] and won ($11.88) with two pair, Kings and Eights
Seat 2: PORCELLI mucked
Seat 3: ghc_2 folded before Flop (didn't bet)
Seat 4: Tibibacsi (button) folded on the Flop
Seat 6: Seavus10 (small blind) folded before Flop



PokerStars Hand #254601355240:  Hold'em No Limit ($0.50/$1.00 USD) - 2025/01/28 1:45:54 WET [2025/01/28 20:45:54 ET]
Table 'Pictor' 6-max Seat #6 is the button
Seat 5: Mr_Dick666 ($100 in chips) is sitting out
Seat 1: timco03041993 ($43.88 in chips) 
Seat 2: PORCELLI ($56.55 in chips) 
Seat 3: ghc_2 ($119.13 in chips) 
Seat 4: Tibibacsi ($108.32 in chips) 
Seat 6: Seavus10 ($97.92 in chips) 
timco03041993: posts small blind $0.50
PORCELLI: posts big blind $1
Mr_Dick666: sits out 
*** HOLE CARDS ***
ghc_2: folds 
Tibibacsi: folds 
Seavus10: folds 
timco03041993: raises $1 to $2
PORCELLI: raises $6 to $8
timco03041993: folds 
Uncalled bet ($6) returned to PORCELLI
PORCELLI collected $4 from pot
PORCELLI: doesn't show hand 
*** SUMMARY ***
Total pot $4 | Rake $0 
Seat 5: Mr_Dick666
Seat 1: timco03041993 (small blind) folded before Flop
Seat 2: PORCELLI (big blind) collected ($4)
Seat 3: ghc_2 folded before Flop (didn't bet)
Seat 4: Tibibacsi folded before Flop (didn't bet)
Seat 6: Seavus10 (button) folded before Flop (didn't bet)



PokerStars Hand #254601358591:  Hold'em No Limit ($0.50/$1.00 USD) - 2025/01/28 1:46:14 WET [2025/01/28 20:46:14 ET]
Table 'Pictor' 6-max Seat #1 is the button
Seat 5: Mr_Dick666 ($100 in chips) is sitting out
Seat 1: timco03041993 ($41.88 in chips) 
Seat 2: PORCELLI ($58.55 in chips) 
Seat 3: ghc_2 ($119.13 in chips) 
Seat 4: Tibibacsi ($108.32 in chips) 
Seat 6: Seavus10 ($97.92 in chips) 
PORCELLI: posts small blind $0.50
ghc_2: posts big blind $1
Mr_Dick666: sits out 
*** HOLE CARDS ***
Tibibacsi: folds 
Seavus10: folds 
timco03041993: folds 
PORCELLI: raises $1 to $2
ghc_2: folds 
Uncalled bet ($1) returned to PORCELLI
PORCELLI collected $2 from pot
PORCELLI: doesn't show hand 
*** SUMMARY ***
Total pot $2 | Rake $0 
Seat 5: Mr_Dick666
Seat 1: timco03041993 (button) folded before Flop (didn't bet)
Seat 2: PORCELLI (small blind) collected ($2)
Seat 3: ghc_2 (big blind) folded before Flop
Seat 4: Tibibacsi folded before Flop (didn't bet)
Seat 6: Seavus10 folded before Flop (didn't bet)



PokerStars Hand #254601360674:  Hold'em No Limit ($0.50/$1.00 USD) - 2025/01/28 1:46:27 WET [2025/01/28 20:46:27 ET]
Table 'Pictor' 6-max Seat #2 is the button
Seat 5: Mr_Dick666 ($100 in chips) is sitting out
Seat 1: timco03041993 ($41.88 in chips) 
Seat 2: PORCELLI ($59.55 in chips) 
Seat 3: ghc_2 ($118.13 in chips) 
Seat 4: Tibibacsi ($108.32 in chips) 
Seat 6: Seavus10 ($97.92 in chips) 
ghc_2: posts small blind $0.50
Tibibacsi: posts big blind $1
Mr_Dick666: sits out 
*** HOLE CARDS ***
Seavus10: folds 
timco03041993: folds 
PORCELLI: raises $5 to $6
ghc_2: folds 
Tibibacsi: folds 
Uncalled bet ($5) returned to PORCELLI
PORCELLI collected $2.50 from pot
PORCELLI: doesn't show hand 
*** SUMMARY ***
Total pot $2.50 | Rake $0 
Seat 5: Mr_Dick666
Seat 1: timco03041993 folded before Flop (didn't bet)
Seat 2: PORCELLI (button) collected ($2.50)
Seat 3: ghc_2 (small blind) folded before Flop
Seat 4: Tibibacsi (big blind) folded before Flop
Seat 6: Seavus10 folded before Flop (didn't bet)



PokerStars Hand #254601363704:  Hold'em No Limit ($0.50/$1.00 USD) - 2025/01/28 1:46:45 WET [2025/01/28 20:46:45 ET]
Table 'Pictor' 6-max Seat #3 is the button
Seat 1: timco03041993 ($41.88 in chips) 
Seat 2: PORCELLI ($61.05 in chips) 
Seat 3: ghc_2 ($117.63 in chips) 
Seat 4: Tibibacsi ($107.32 in chips) 
Seat 5: Mr_Dick666 ($100 in chips) 
Seat 6: Seavus10 ($97.92 in chips) 
Tibibacsi: posts small blind $0.50
Mr_Dick666: posts big blind $1
*** HOLE CARDS ***
Seavus10: folds 
timco03041993: raises $1 to $2
PORCELLI: raises $5 to $7
ghc_2: folds 
Tibibacsi: folds 
Mr_Dick666: folds 
timco03041993: calls $5
*** FLOP *** [Kd Qh 7h]
timco03041993: checks 
PORCELLI: checks 
*** TURN *** [Kd Qh 7h] [6h]
timco03041993: bets $4
PORCELLI: raises $13 to $17
timco03041993: raises $17.88 to $34.88 and is all-in
PORCELLI: calls $17.88
*** RIVER *** [Kd Qh 7h 6h] [6d]
*** SHOW DOWN ***
timco03041993: shows [Kc Qd] (two pair, Kings and Queens)
PORCELLI: shows [Ah Ts] (a pair of Sixes)
timco03041993 collected $82.76 from pot
*** SUMMARY ***
Total pot $85.26 | Rake $2.50 
Board [Kd Qh 7h 6h 6d]
Seat 1: timco03041993 showed [Kc Qd] and won ($82.76) with two pair, Kings and Queens
Seat 2: PORCELLI showed [Ah Ts] and lost with a pair of Sixes
Seat 3: ghc_2 (button) folded before Flop (didn't bet)
Seat 4: Tibibacsi (small blind) folded before Flop
Seat 5: Mr_Dick666 (big blind) folded before Flop
Seat 6: Seavus10 folded before Flop (didn't bet)



PokerStars Hand #254601371366:  Hold'em No Limit ($0.50/$1.00 USD) - 2025/01/28 1:47:31 WET [2025/01/28 20:47:31 ET]
Table 'Pictor' 6-max Seat #4 is the button
Seat 1: timco03041993 ($82.76 in chips) 
Seat 2: PORCELLI ($19.17 in chips) 
Seat 3: ghc_2 ($117.63 in chips) 
Seat 4: Tibibacsi ($106.82 in chips) 
Seat 5: Mr_Dick666 ($100 in chips) 
Seat 6: Seavus10 ($97.92 in chips) 
Mr_Dick666: posts small blind $0.50
Seavus10: posts big blind $1
*** HOLE CARDS ***
timco03041993: folds 
PORCELLI: folds 
ghc_2: folds 
PORCELLI leaves the table
Tibibacsi: folds 
Mr_Dick666: folds 
Uncalled bet ($0.50) returned to Seavus10
Seavus10 collected $1 from pot
Seavus10: doesn't show hand 
*** SUMMARY ***
Total pot $1 | Rake $0 
Seat 1: timco03041993 folded before Flop (didn't bet)
Seat 2: PORCELLI folded before Flop (didn't bet)
Seat 3: ghc_2 folded before Flop (didn't bet)
Seat 4: Tibibacsi (button) folded before Flop (didn't bet)
Seat 5: Mr_Dick666 (small blind) folded before Flop
Seat 6: Seavus10 (big blind) collected ($1)



PokerStars Hand #254601374738:  Hold'em No Limit ($0.50/$1.00 USD) - 2025/01/28 1:47:51 WET [2025/01/28 20:47:51 ET]
Table 'Pictor' 6-max Seat #5 is the button
Seat 1: timco03041993 ($82.76 in chips) 
Seat 3: ghc_2 ($117.63 in chips) 
Seat 4: Tibibacsi ($106.82 in chips) 
Seat 5: Mr_Dick666 ($100 in chips) 
Seat 6: Seavus10 ($98.42 in chips) 
Seavus10: posts small blind $0.50
timco03041993: posts big blind $1
*** HOLE CARDS ***
Xenicide joins the table at seat #2 
ghc_2: folds 
Tibibacsi: folds 
Mr_Dick666: folds 
Seavus10: folds 
Uncalled bet ($0.50) returned to timco03041993
timco03041993 collected $1 from pot
timco03041993: doesn't show hand 
*** SUMMARY ***
Total pot $1 | Rake $0 
Seat 1: timco03041993 (big blind) collected ($1)
Seat 3: ghc_2 folded before Flop (didn't bet)
Seat 4: Tibibacsi folded before Flop (didn't bet)
Seat 5: Mr_Dick666 (button) folded before Flop (didn't bet)
Seat 6: Seavus10 (small blind) folded before Flop



PokerStars Hand #254601378116:  Hold'em No Limit ($0.50/$1.00 USD) - 2025/01/28 1:48:12 WET [2025/01/28 20:48:12 ET]
Table 'Pictor' 6-max Seat #6 is the button
Seat 5: Mr_Dick666 ($100 in chips) is sitting out
Seat 1: timco03041993 ($83.26 in chips) 
Seat 2: Xenicide ($100 in chips) 
Seat 3: ghc_2 ($117.63 in chips) 
Seat 4: Tibibacsi ($106.82 in chips) 
Seat 6: Seavus10 ($97.92 in chips) 
timco03041993: posts small blind $0.50
Xenicide: posts big blind $1
*** HOLE CARDS ***
Mr_Dick666 leaves the table
ghc_2: raises $1 to $2
Tibibacsi: folds 
Seavus10: calls $2
timco03041993: folds 
Xenicide: folds 
*** FLOP *** [Kd 2s Ac]
ghc_2: bets $1.31
timco03041993 leaves the table
Seavus10: calls $1.31
*** TURN *** [Kd 2s Ac] [7h]
ghc_2: bets $5.78
Seavus10: folds 
Uncalled bet ($5.78) returned to ghc_2
ghc_2 collected $7.71 from pot
ghc_2: doesn't show hand 
*** SUMMARY ***
Total pot $8.12 | Rake $0.41 
Board [Kd 2s Ac 7h]
Seat 5: Mr_Dick666
Seat 1: timco03041993 (small blind) folded before Flop
Seat 2: Xenicide (big blind) folded before Flop
Seat 3: ghc_2 collected ($7.71)
Seat 4: Tibibacsi folded before Flop (didn't bet)
Seat 6: Seavus10 (button) folded on the Turn



PokerStars Hand #254601389999:  Hold'em No Limit ($0.50/$1.00 USD) - 2025/01/28 1:49:24 WET [2025/01/28 20:49:24 ET]
Table 'Pictor' 6-max Seat #2 is the button
Seat 2: Xenicide ($100 in chips) 
Seat 3: ghc_2 ($122.03 in chips) 
Seat 4: Tibibacsi ($106.82 in chips) 
Seat 6: Seavus10 ($94.61 in chips) 
ghc_2: posts small blind $0.50
Tibibacsi: posts big blind $1
*** HOLE CARDS ***
Seavus10: folds 
Xenicide: raises $1.25 to $2.25
ghc_2: folds 
Tibibacsi: folds 
Uncalled bet ($1.25) returned to Xenicide
Xenicide collected $2.50 from pot
*** SUMMARY ***
Total pot $2.50 | Rake $0 
Seat 2: Xenicide (button) collected ($2.50)
Seat 3: ghc_2 (small blind) folded before Flop
Seat 4: Tibibacsi (big blind) folded before Flop
Seat 6: Seavus10 folded before Flop (didn't bet)



PokerStars Hand #254601392366:  Hold'em No Limit ($0.50/$1.00 USD) - 2025/01/28 1:49:38 WET [2025/01/28 20:49:38 ET]
Table 'Pictor' 6-max Seat #3 is the button
Seat 2: Xenicide ($101.50 in chips) 
Seat 3: ghc_2 ($121.53 in chips) 
Seat 4: Tibibacsi ($105.82 in chips) 
Seat 6: Seavus10 ($94.61 in chips) 
Tibibacsi: posts small blind $0.50
Seavus10: posts big blind $1
*** HOLE CARDS ***
Xenicide: folds 
ghc_2: folds 
Tibibacsi: folds 
Uncalled bet ($0.50) returned to Seavus10
Seavus10 collected $1 from pot
Seavus10: doesn't show hand 
*** SUMMARY ***
Total pot $1 | Rake $0 
Seat 2: Xenicide folded before Flop (didn't bet)
Seat 3: ghc_2 (button) folded before Flop (didn't bet)
Seat 4: Tibibacsi (small blind) folded before Flop
Seat 6: Seavus10 (big blind) collected ($1)



PokerStars Hand #254601393423:  Hold'em No Limit ($0.50/$1.00 USD) - 2025/01/28 1:49:44 WET [2025/01/28 20:49:44 ET]
Table 'Pictor' 6-max Seat #4 is the button
Seat 2: Xenicide ($101.50 in chips) is sitting out
Seat 3: ghc_2 ($121.53 in chips) 
Seat 4: Tibibacsi ($105.32 in chips) 
Seat 6: Seavus10 ($95.11 in chips) 
Seavus10: posts small blind $0.50
Xenicide: is sitting out 
ghc_2: posts big blind $1
*** HOLE CARDS ***
Tibibacsi: raises $1.50 to $2.50
Xenicide leaves the table
Seavus10: folds 
ghc_2: calls $1.50
*** FLOP *** [Ah 8d Jh]
ghc_2: checks 
Tibibacsi: bets $1.72
kobkob000 joins the table at seat #5 
pr0tecto joins the table at seat #1 
Seavus10 leaves the table
ghc_2: folds 
Uncalled bet ($1.72) returned to Tibibacsi
Tibibacsi collected $5.22 from pot
Tibibacsi: doesn't show hand 
*** SUMMARY ***
Total pot $5.50 | Rake $0.28 
Board [Ah 8d Jh]
Seat 2: Xenicide
Seat 3: ghc_2 (big blind) folded on the Flop
Seat 4: Tibibacsi (button) collected ($5.22)
Seat 6: Seavus10 (small blind) folded before Flop



PokerStars Hand #254601399979:  Hold'em No Limit ($0.50/$1.00 USD) - 2025/01/28 1:50:24 WET [2025/01/28 20:50:24 ET]
Table 'Pictor' 6-max Seat #3 is the button
Seat 1: pr0tecto ($100 in chips) is sitting out
Seat 3: ghc_2 ($119.03 in chips) 
Seat 4: Tibibacsi ($108.04 in chips) 
Seat 5: kobkob000 ($56.14 in chips) 
Tibibacsi: posts small blind $0.50
kobkob000: posts big blind $1
pr0tecto: sits out 
*** HOLE CARDS ***
ghc_2: folds 
rao999 joins the table at seat #6 
Tibibacsi: folds 
Uncalled bet ($0.50) returned to kobkob000
kobkob000 collected $1 from pot
kobkob000: doesn't show hand 
*** SUMMARY ***
Total pot $1 | Rake $0 
Seat 1: pr0tecto
Seat 3: ghc_2 (button) folded before Flop (didn't bet)
Seat 4: Tibibacsi (small blind) folded before Flop
Seat 5: kobkob000 (big blind) collected ($1)



PokerStars Hand #254601401528:  Hold'em No Limit ($0.50/$1.00 USD) - 2025/01/28 1:50:33 WET [2025/01/28 20:50:33 ET]
Table 'Pictor' 6-max Seat #4 is the button
Seat 1: pr0tecto ($100 in chips) is sitting out
Seat 3: ghc_2 ($119.03 in chips) 
Seat 4: Tibibacsi ($107.54 in chips) 
Seat 5: kobkob000 ($56.64 in chips) 
Seat 6: rao999 ($100 in chips) 
kobkob000: posts small blind $0.50
rao999: posts big blind $1
pr0tecto: sits out 
*** HOLE CARDS ***
ghc_2: folds 
Tibibacsi: raises $1.50 to $2.50
kobkob000: folds 
rao999: raises $9.50 to $12
Tibibacsi: folds 
Uncalled bet ($9.50) returned to rao999
rao999 collected $5.50 from pot
rao999: doesn't show hand 
*** SUMMARY ***
Total pot $5.50 | Rake $0 
Seat 1: pr0tecto
Seat 3: ghc_2 folded before Flop (didn't bet)
Seat 4: Tibibacsi (button) folded before Flop
Seat 5: kobkob000 (small blind) folded before Flop
Seat 6: rao999 (big blind) collected ($5.50)



PokerStars Hand #254601406089:  Hold'em No Limit ($0.50/$1.00 USD) - 2025/01/28 1:51:01 WET [2025/01/28 20:51:01 ET]
Table 'Pictor' 6-max Seat #5 is the button
Seat 1: pr0tecto ($100 in chips) 
Seat 3: ghc_2 ($119.03 in chips) 
Seat 4: Tibibacsi ($105.04 in chips) 
Seat 5: kobkob000 ($56.14 in chips) 
Seat 6: rao999 ($103 in chips) 
rao999: posts small blind $0.50
pr0tecto: posts big blind $1
*** HOLE CARDS ***
ghc_2: folds 
Tibibacsi: folds 
kobkob000: folds 
SorinS28 joins the table at seat #2 
rao999: raises $2 to $3
pr0tecto: calls $2
*** FLOP *** [Ks Js 6c]
rao999: checks 
pr0tecto: checks 
*** TURN *** [Ks Js 6c] [5s]
rao999: bets $3.76
pr0tecto: folds 
Uncalled bet ($3.76) returned to rao999
rao999 collected $5.70 from pot
rao999: doesn't show hand 
*** SUMMARY ***
Total pot $6 | Rake $0.30 
Board [Ks Js 6c 5s]
Seat 1: pr0tecto (big blind) folded on the Turn
Seat 3: ghc_2 folded before Flop (didn't bet)
Seat 4: Tibibacsi folded before Flop (didn't bet)
Seat 5: kobkob000 (button) folded before Flop (didn't bet)
Seat 6: rao999 (small blind) collected ($5.70)



PokerStars Hand #254601416972:  Hold'em No Limit ($0.50/$1.00 USD) - 2025/01/28 1:52:07 WET [2025/01/28 20:52:07 ET]
Table 'Pictor' 6-max Seat #6 is the button
Seat 1: pr0tecto ($100 in chips) 
Seat 2: SorinS28 ($100 in chips) 
Seat 3: ghc_2 ($119.03 in chips) 
Seat 4: Tibibacsi ($105.04 in chips) 
Seat 5: kobkob000 ($56.14 in chips) 
Seat 6: rao999 ($105.70 in chips) 
pr0tecto: posts small blind $0.50
SorinS28: posts big blind $1
*** HOLE CARDS ***
ghc_2: folds 
Tibibacsi: folds 
kobkob000: calls $1
rao999: raises $3 to $4
pr0tecto: folds 
SorinS28: folds 
kobkob000: calls $3
*** FLOP *** [4s 9h 9s]
kobkob000: checks 
rao999: bets $2.26
kobkob000: raises $13.54 to $15.80
rao999: folds 
Uncalled bet ($13.54) returned to kobkob000
kobkob000 collected $13.32 from pot
kobkob000: doesn't show hand 
*** SUMMARY ***
Total pot $14.02 | Rake $0.70 
Board [4s 9h 9s]
Seat 1: pr0tecto (small blind) folded before Flop
Seat 2: SorinS28 (big blind) folded before Flop
Seat 3: ghc_2 folded before Flop (didn't bet)
Seat 4: Tibibacsi folded before Flop (didn't bet)
Seat 5: kobkob000 collected ($13.32)
Seat 6: rao999 (button) folded on the Flop



PokerStars Hand #254601425178:  Hold'em No Limit ($0.50/$1.00 USD) - 2025/01/28 1:52:57 WET [2025/01/28 20:52:57 ET]
Table 'Pictor' 6-max Seat #1 is the button
Seat 1: pr0tecto ($99.50 in chips) 
Seat 2: SorinS28 ($100 in chips) 
Seat 3: ghc_2 ($119.03 in chips) 
Seat 4: Tibibacsi ($105.04 in chips) 
Seat 5: kobkob000 ($63.20 in chips) 
Seat 6: rao999 ($100 in chips) 
SorinS28: posts small blind $0.50
ghc_2: posts big blind $1
*** HOLE CARDS ***
Tibibacsi: folds 
kobkob000: calls $1
rao999: folds 
pr0tecto: folds 
SorinS28: raises $4 to $5
ghc_2: folds 
kobkob000: calls $4
*** FLOP *** [7h 2h Qh]
SorinS28: bets $2.93
kobkob000: calls $2.93
*** TURN *** [7h 2h Qh] [8d]
SorinS28: bets $12.02
kobkob000: folds 
Uncalled bet ($12.02) returned to SorinS28
SorinS28 collected $16.02 from pot
SorinS28: doesn't show hand 
*** SUMMARY ***
Total pot $16.86 | Rake $0.84 
Board [7h 2h Qh 8d]
Seat 1: pr0tecto (button) folded before Flop (didn't bet)
Seat 2: SorinS28 (small blind) collected ($16.02)
Seat 3: ghc_2 (big blind) folded before Flop
Seat 4: Tibibacsi folded before Flop (didn't bet)
Seat 5: kobkob000 folded on the Turn
Seat 6: rao999 folded before Flop (didn't bet)



PokerStars Hand #254601432407:  Hold'em No Limit ($0.50/$1.00 USD) - 2025/01/28 1:53:40 WET [2025/01/28 20:53:40 ET]
Table 'Pictor' 6-max Seat #2 is the button
Seat 1: pr0tecto ($99.50 in chips) 
Seat 2: SorinS28 ($108.09 in chips) 
Seat 3: ghc_2 ($118.03 in chips) 
Seat 4: Tibibacsi ($105.04 in chips) 
Seat 5: kobkob000 ($55.27 in chips) 
Seat 6: rao999 ($100 in chips) 
ghc_2: posts small blind $0.50
Tibibacsi: posts big blind $1
*** HOLE CARDS ***
kobkob000: calls $1
rao999: raises $2.50 to $3.50
pr0tecto: folds 
SorinS28: calls $3.50
ghc_2: folds 
Tibibacsi: folds 
kobkob000: calls $2.50
*** FLOP *** [Ah 5s 8h]
kobkob000: checks 
rao999: bets $3.76
SorinS28: calls $3.76
kobkob000: folds 
*** TURN *** [Ah 5s 8h] [5h]
rao999: checks 
SorinS28: bets $6.12
rao999: calls $6.12
*** RIVER *** [Ah 5s 8h 5h] [9s]
rao999: checks 
SorinS28: checks 
*** SHOW DOWN ***
rao999: shows [Ad Qs] (two pair, Aces and Fives)
SorinS28: mucks hand 
rao999 collected $30.17 from pot
*** SUMMARY ***
Total pot $31.76 | Rake $1.59 
Board [Ah 5s 8h 5h 9s]
Seat 1: pr0tecto folded before Flop (didn't bet)
Seat 2: SorinS28 (button) mucked
Seat 3: ghc_2 (small blind) folded before Flop
Seat 4: Tibibacsi (big blind) folded before Flop
Seat 5: kobkob000 folded on the Flop
Seat 6: rao999 showed [Ad Qs] and won ($30.17) with two pair, Aces and Fives



PokerStars Hand #254601442742:  Hold'em No Limit ($0.50/$1.00 USD) - 2025/01/28 1:54:43 WET [2025/01/28 20:54:43 ET]
Table 'Pictor' 6-max Seat #3 is the button
Seat 1: pr0tecto ($99.50 in chips) 
Seat 2: SorinS28 ($100 in chips) 
Seat 3: ghc_2 ($117.53 in chips) 
Seat 4: Tibibacsi ($104.04 in chips) 
Seat 5: kobkob000 ($51.77 in chips) 
Seat 6: rao999 ($116.79 in chips) 
Tibibacsi: posts small blind $0.50
kobkob000: posts big blind $1
*** HOLE CARDS ***
rao999: folds 
pr0tecto: folds 
SorinS28: folds 
ghc_2: folds 
Tibibacsi: calls $0.50
kobkob000: checks 
*** FLOP *** [Js Th Jh]
Tibibacsi: checks 
kobkob000: bets $1.90
Tibibacsi: folds 
Uncalled bet ($1.90) returned to kobkob000
kobkob000 collected $1.90 from pot
kobkob000: doesn't show hand 
*** SUMMARY ***
Total pot $2 | Rake $0.10 
Board [Js Th Jh]
Seat 1: pr0tecto folded before Flop (didn't bet)
Seat 2: SorinS28 folded before Flop (didn't bet)
Seat 3: ghc_2 (button) folded before Flop (didn't bet)
Seat 4: Tibibacsi (small blind) folded on the Flop
Seat 5: kobkob000 (big blind) collected ($1.90)
Seat 6: rao999 folded before Flop (didn't bet)



PokerStars Hand #254601449757:  Hold'em No Limit ($0.50/$1.00 USD) - 2025/01/28 1:55:32 WET [2025/01/28 20:55:32 ET]
Table 'Pictor' 6-max Seat #4 is the button
Seat 1: pr0tecto ($99.50 in chips) 
Seat 2: SorinS28 ($100 in chips) 
Seat 3: ghc_2 ($117.53 in chips) 
Seat 4: Tibibacsi ($103.04 in chips) 
Seat 5: kobkob000 ($52.67 in chips) 
Seat 6: rao999 ($116.79 in chips) 
kobkob000: posts small blind $0.50
rao999: posts big blind $1
*** HOLE CARDS ***
pr0tecto: folds 
SorinS28: raises $1.02 to $2.02
ghc_2: folds 
Tibibacsi: folds 
kobkob000: calls $1.52
rao999: folds 
*** FLOP *** [5c 7s 5h]
kobkob000: bets $4.79
SorinS28: calls $4.79
*** TURN *** [5c 7s 5h] [7h]
kobkob000: bets $13.89
SorinS28: calls $13.89
*** RIVER *** [5c 7s 5h 7h] [Qd]
kobkob000: bets $31.97 and is all-in
SorinS28: calls $31.97
*** SHOW DOWN ***
kobkob000: shows [Ks Ah] (two pair, Sevens and Fives)
SorinS28: shows [As Ac] (two pair, Aces and Sevens)
SorinS28 collected $103.84 from pot
*** SUMMARY ***
Total pot $106.34 | Rake $2.50 
Board [5c 7s 5h 7h Qd]
Seat 1: pr0tecto folded before Flop (didn't bet)
Seat 2: SorinS28 showed [As Ac] and won ($103.84) with two pair, Aces and Sevens
Seat 3: ghc_2 folded before Flop (didn't bet)
Seat 4: Tibibacsi (button) folded before Flop (didn't bet)
Seat 5: kobkob000 (small blind) showed [Ks Ah] and lost with two pair, Sevens and Fives
Seat 6: rao999 (big blind) folded before Flop



PokerStars Hand #254601459110:  Hold'em No Limit ($0.50/$1.00 USD) - 2025/01/28 1:56:46 WET [2025/01/28 20:56:46 ET]
Table 'Pictor' 6-max Seat #6 is the button
Seat 5: kobkob000 ($0 in chips) is sitting out
Seat 1: pr0tecto ($99.50 in chips) 
Seat 2: SorinS28 ($151.17 in chips) 
Seat 3: ghc_2 ($117.53 in chips) 
Seat 4: Tibibacsi ($103.04 in chips) 
Seat 6: rao999 ($115.79 in chips) 
pr0tecto: posts small blind $0.50
SorinS28: posts big blind $1
*** HOLE CARDS ***
ghc_2: folds 
Tibibacsi: folds 
rao999: raises $1.50 to $2.50
pr0tecto: raises $7.50 to $10
kobkob000 leaves the table
SorinS28: raises $12 to $22
rao999: folds 
pr0tecto: folds 
Uncalled bet ($12) returned to SorinS28
SorinS28 collected $22.50 from pot
SorinS28: doesn't show hand 
*** SUMMARY ***
Total pot $22.50 | Rake $0 
Seat 5: kobkob000
Seat 1: pr0tecto (small blind) folded before Flop
Seat 2: SorinS28 (big blind) collected ($22.50)
Seat 3: ghc_2 folded before Flop (didn't bet)
Seat 4: Tibibacsi folded before Flop (didn't bet)
Seat 6: rao999 (button) folded before Flop



PokerStars Hand #254601465665:  Hold'em No Limit ($0.50/$1.00 USD) - 2025/01/28 1:57:38 WET [2025/01/28 20:57:38 ET]
Table 'Pictor' 6-max Seat #1 is the button
Seat 1: pr0tecto ($100 in chips) 
Seat 2: SorinS28 ($163.67 in chips) 
Seat 3: ghc_2 ($117.53 in chips) 
Seat 4: Tibibacsi ($103.04 in chips) 
Seat 6: rao999 ($113.29 in chips) 
SorinS28: posts small blind $0.50
ghc_2: posts big blind $1
*** HOLE CARDS ***
Tibibacsi: folds 
Tibibacsi leaves the table
nastja336 joins the table at seat #4 
rao999: folds 
pr0tecto: folds 
SorinS28: raises $2 to $3
ghc_2: folds 
Uncalled bet ($2) returned to SorinS28
SorinS28 collected $2 from pot
SorinS28: doesn't show hand 
*** SUMMARY ***
Total pot $2 | Rake $0 
Seat 1: pr0tecto (button) folded before Flop (didn't bet)
Seat 2: SorinS28 (small blind) collected ($2)
Seat 3: ghc_2 (big blind) folded before Flop
Seat 4: Tibibacsi folded before Flop (didn't bet)
Seat 6: rao999 folded before Flop (didn't bet)



PokerStars Hand #254601468007:  Hold'em No Limit ($0.50/$1.00 USD) - 2025/01/28 1:57:57 WET [2025/01/28 20:57:57 ET]
Table 'Pictor' 6-max Seat #3 is the button
Seat 2: SorinS28 ($164.67 in chips) is sitting out
Seat 4: nastja336 ($150.49 in chips) is sitting out
Seat 1: pr0tecto ($100 in chips) 
Seat 3: ghc_2 ($116.53 in chips) 
Seat 6: rao999 ($113.29 in chips) 
rao999: posts small blind $0.50
pr0tecto: posts big blind $1
*** HOLE CARDS ***
SorinS28 leaves the table
ghc_2: folds 
rao999: folds 
Uncalled bet ($0.50) returned to pr0tecto
pr0tecto collected $1 from pot
pr0tecto: doesn't show hand 
*** SUMMARY ***
Total pot $1 | Rake $0 
Seat 2: SorinS28
Seat 4: nastja336
Seat 1: pr0tecto (big blind) collected ($1)
Seat 3: ghc_2 (button) folded before Flop (didn't bet)
Seat 6: rao999 (small blind) folded before Flop



PokerStars Hand #254601469588:  Hold'em No Limit ($0.50/$1.00 USD) - 2025/01/28 1:58:09 WET [2025/01/28 20:58:09 ET]
Table 'Pictor' 6-max Seat #6 is the button
Seat 4: nastja336 ($150.49 in chips) is sitting out
Seat 1: pr0tecto ($100.50 in chips) 
Seat 3: ghc_2 ($116.53 in chips) 
Seat 6: rao999 ($112.79 in chips) 
pr0tecto: posts small blind $0.50
ghc_2: posts big blind $1
nastja336: sits out 
*** HOLE CARDS ***
rao999: raises $1.50 to $2.50
pr0tecto: folds 
ghc_2: folds 
Uncalled bet ($1.50) returned to rao999
rao999 collected $2.50 from pot
rao999: doesn't show hand 
*** SUMMARY ***
Total pot $2.50 | Rake $0 
Seat 4: nastja336
Seat 1: pr0tecto (small blind) folded before Flop
Seat 3: ghc_2 (big blind) folded before Flop
Seat 6: rao999 (button) collected ($2.50)



PokerStars Hand #254601470916:  Hold'em No Limit ($0.50/$1.00 USD) - 2025/01/28 1:58:19 WET [2025/01/28 20:58:19 ET]
Table 'Pictor' 6-max Seat #1 is the button
Seat 1: pr0tecto ($100 in chips) 
Seat 3: ghc_2 ($115.53 in chips) 
Seat 4: nastja336 ($150.49 in chips) 
Seat 6: rao999 ($114.29 in chips) 
ghc_2: posts small blind $0.50
nastja336: posts big blind $1
*** HOLE CARDS ***
rao999: folds 
pr0tecto: folds 
ghc_2: raises $2 to $3
nastja336: folds 
Uncalled bet ($2) returned to ghc_2
ghc_2 collected $2 from pot
ghc_2: doesn't show hand 
*** SUMMARY ***
Total pot $2 | Rake $0 
Seat 1: pr0tecto (button) folded before Flop (didn't bet)
Seat 3: ghc_2 (small blind) collected ($2)
Seat 4: nastja336 (big blind) folded before Flop
Seat 6: rao999 folded before Flop (didn't bet)



PokerStars Hand #254601472615:  Hold'em No Limit ($0.50/$1.00 USD) - 2025/01/28 1:58:33 WET [2025/01/28 20:58:33 ET]
Table 'Pictor' 6-max Seat #4 is the button
Seat 1: pr0tecto ($100 in chips) is sitting out
Seat 6: rao999 ($114.29 in chips) is sitting out
Seat 3: ghc_2 ($116.53 in chips) 
Seat 4: nastja336 ($149.49 in chips) 
nastja336: posts small blind $0.50
rao999: is sitting out 
pr0tecto: is sitting out 
ghc_2: posts big blind $1
*** HOLE CARDS ***
pr0tecto leaves the table
nastja336: folds 
Uncalled bet ($0.50) returned to ghc_2
ghc_2 collected $1 from pot
ghc_2: doesn't show hand 
*** SUMMARY ***
Total pot $1 | Rake $0 
Seat 1: pr0tecto
Seat 6: rao999
Seat 3: ghc_2 (big blind) collected ($1)
Seat 4: nastja336 (button) (small blind) folded before Flop



PokerStars Hand #254601614921:  Hold'em No Limit ($0.50/$1.00 USD) - 2025/01/28 2:13:51 WET [2025/01/28 21:13:51 ET]
Table 'Pictor' 6-max Seat #5 is the button
Seat 1: ghc_2 ($117.03 in chips) 
Seat 4: B1GBankroll ($100 in chips) 
Seat 5: CallMeeeCraig ($100 in chips) 
ghc_2: posts small blind $0.50
B1GBankroll: posts big blind $1
*** HOLE CARDS ***
CallMeeeCraig: folds 
ghc_2: raises $2 to $3
B1GBankroll: calls $2
*** FLOP *** [Kh Jd Kc]
ghc_2: bets $1.43
B1GBankroll: calls $1.43
*** TURN *** [Kh Jd Kc] [2d]
ghc_2: bets $15.58
B1GBankroll: folds 
Uncalled bet ($15.58) returned to ghc_2
ghc_2 collected $8.42 from pot
ghc_2: doesn't show hand 
*** SUMMARY ***
Total pot $8.86 | Rake $0.44 
Board [Kh Jd Kc 2d]
Seat 1: ghc_2 (small blind) collected ($8.42)
Seat 4: B1GBankroll (big blind) folded on the Turn
Seat 5: CallMeeeCraig (button) folded before Flop (didn't bet)



PokerStars Hand #254601626233:  Hold'em No Limit ($0.50/$1.00 USD) - 2025/01/28 2:15:03 WET [2025/01/28 21:15:03 ET]
Table 'Pictor' 6-max Seat #1 is the button
Seat 1: ghc_2 ($121.02 in chips) 
Seat 4: B1GBankroll ($100 in chips) 
Seat 5: CallMeeeCraig ($100 in chips) 
B1GBankroll: posts small blind $0.50
CallMeeeCraig: posts big blind $1
*** HOLE CARDS ***
ghc_2: folds 
B1GBankroll: folds 
Uncalled bet ($0.50) returned to CallMeeeCraig
CallMeeeCraig collected $1 from pot
CallMeeeCraig: doesn't show hand 
*** SUMMARY ***
Total pot $1 | Rake $0 
Seat 1: ghc_2 (button) folded before Flop (didn't bet)
Seat 4: B1GBankroll (small blind) folded before Flop
Seat 5: CallMeeeCraig (big blind) collected ($1)



PokerStars Hand #254601628434:  Hold'em No Limit ($0.50/$1.00 USD) - 2025/01/28 2:15:17 WET [2025/01/28 21:15:17 ET]
Table 'Pictor' 6-max Seat #4 is the button
Seat 1: ghc_2 ($121.02 in chips) 
Seat 4: B1GBankroll ($100 in chips) 
Seat 5: CallMeeeCraig ($100.50 in chips) 
CallMeeeCraig: posts small blind $0.50
ghc_2: posts big blind $1
*** HOLE CARDS ***
B1GBankroll: folds 
B1GBankroll leaves the table
CallMeeeCraig: raises $2 to $3
ghc_2: raises $6 to $9
CallMeeeCraig: folds 
Uncalled bet ($6) returned to ghc_2
ghc_2 collected $6 from pot
ghc_2: doesn't show hand 
*** SUMMARY ***
Total pot $6 | Rake $0 
Seat 1: ghc_2 (big blind) collected ($6)
Seat 4: B1GBankroll (button) folded before Flop (didn't bet)
Seat 5: CallMeeeCraig (small blind) folded before Flop



PokerStars Hand #254601634109:  Hold'em No Limit ($0.50/$1.00 USD) - 2025/01/28 2:15:54 WET [2025/01/28 21:15:54 ET]
Table 'Pictor' 6-max Seat #1 is the button
Seat 1: ghc_2 ($124.02 in chips) 
Seat 5: CallMeeeCraig ($100 in chips) 
ghc_2: posts small blind $0.50
CallMeeeCraig: posts big blind $1
*** HOLE CARDS ***
ghc_2: raises $1.40 to $2.40
CallMeeeCraig: folds 
Uncalled bet ($1.40) returned to ghc_2
ghc_2 collected $2 from pot
ghc_2: doesn't show hand 
*** SUMMARY ***
Total pot $2 | Rake $0 
Seat 1: ghc_2 (button) (small blind) collected ($2)
Seat 5: CallMeeeCraig (big blind) folded before Flop



PokerStars Hand #254601704470:  Hold'em No Limit ($0.50/$1.00 USD) - 2025/01/28 2:23:38 WET [2025/01/28 21:23:38 ET]
Table 'Pictor' 6-max Seat #3 is the button
Seat 1: ghc_2 ($125.02 in chips) is sitting out
Seat 3: B1GBankroll ($100 in chips) 
Seat 5: BumHuntKing ($100 in chips) 
B1GBankroll: posts small blind $0.50
BumHuntKing: posts big blind $1
*** HOLE CARDS ***
B1GBankroll: raises $2 to $3
BumHuntKing: calls $2
*** FLOP *** [9s 7h 7d]
BumHuntKing: checks 
B1GBankroll: checks 
*** TURN *** [9s 7h 7d] [9d]
BumHuntKing: checks 
B1GBankroll: bets $1.94
BumHuntKing: calls $1.94
*** RIVER *** [9s 7h 7d 9d] [Kh]
BumHuntKing: checks 
B1GBankroll: bets $3.19
BumHuntKing: folds 
Uncalled bet ($3.19) returned to B1GBankroll
B1GBankroll collected $9.39 from pot
B1GBankroll: doesn't show hand 
*** SUMMARY ***
Total pot $9.88 | Rake $0.49 
Board [9s 7h 7d 9d Kh]
Seat 1: ghc_2
Seat 3: B1GBankroll (button) (small blind) collected ($9.39)
Seat 5: BumHuntKing (big blind) folded on the River



PokerStars Hand #254601711298:  Hold'em No Limit ($0.50/$1.00 USD) - 2025/01/28 2:24:24 WET [2025/01/28 21:24:24 ET]
Table 'Pictor' 6-max Seat #3 is the button
Seat 1: ghc_2 ($125.02 in chips) 
Seat 3: B1GBankroll ($104.45 in chips) 
Seat 5: BumHuntKing ($100 in chips) 
BumHuntKing: posts small blind $0.50
ghc_2: posts big blind $1
*** HOLE CARDS ***
B1GBankroll: folds 
BumHuntKing: raises $2 to $3
ghc_2: calls $2
*** FLOP *** [6c Jc 4s]
BumHuntKing: bets $1.88
ddyyjj joins the table at seat #4 
ghc_2: calls $1.88
*** TURN *** [6c Jc 4s] [3d]
BumHuntKing: checks 
ghc_2: bets $6.95
BumHuntKing: folds 
Uncalled bet ($6.95) returned to ghc_2
ghc_2 collected $9.27 from pot
ghc_2: doesn't show hand 
*** SUMMARY ***
Total pot $9.76 | Rake $0.49 
Board [6c Jc 4s 3d]
Seat 1: ghc_2 (big blind) collected ($9.27)
Seat 3: B1GBankroll (button) folded before Flop (didn't bet)
Seat 5: BumHuntKing (small blind) folded on the Turn



PokerStars Hand #254601717280:  Hold'em No Limit ($0.50/$1.00 USD) - 2025/01/28 2:25:03 WET [2025/01/28 21:25:03 ET]
Table 'Pictor' 6-max Seat #5 is the button
Seat 4: ddyyjj ($100 in chips) is sitting out
Seat 1: ghc_2 ($129.41 in chips) 
Seat 3: B1GBankroll ($104.45 in chips) 
Seat 5: BumHuntKing ($100 in chips) 
ghc_2: posts small blind $0.50
B1GBankroll: posts big blind $1
ddyyjj: sits out 
*** HOLE CARDS ***
BumHuntKing: raises $1.50 to $2.50
ghc_2: folds 
zhino joins the table at seat #2 
B1GBankroll: folds 
Uncalled bet ($1.50) returned to BumHuntKing
BumHuntKing collected $2.50 from pot
BumHuntKing: doesn't show hand 
*** SUMMARY ***
Total pot $2.50 | Rake $0 
Seat 4: ddyyjj
Seat 1: ghc_2 (small blind) folded before Flop
Seat 3: B1GBankroll (big blind) folded before Flop
Seat 5: BumHuntKing (button) collected ($2.50)



PokerStars Hand #254601719993:  Hold'em No Limit ($0.50/$1.00 USD) - 2025/01/28 2:25:21 WET [2025/01/28 21:25:21 ET]
Table 'Pictor' 6-max Seat #1 is the button
Seat 2: zhino ($100 in chips) is sitting out
Seat 1: ghc_2 ($128.91 in chips) 
Seat 3: B1GBankroll ($103.45 in chips) 
Seat 4: ddyyjj ($100 in chips) 
Seat 5: BumHuntKing ($101.50 in chips) 
B1GBankroll: posts small blind $0.50
ddyyjj: posts big blind $1
*** HOLE CARDS ***
BumHuntKing: folds 
ghc_2: raises $1.40 to $2.40
B1GBankroll: folds 
BumHuntKing leaves the table
ddyyjj: folds 
Uncalled bet ($1.40) returned to ghc_2
ghc_2 collected $2.50 from pot
ghc_2: doesn't show hand 
*** SUMMARY ***
Total pot $2.50 | Rake $0 
Seat 2: zhino
Seat 1: ghc_2 (button) collected ($2.50)
Seat 3: B1GBankroll (small blind) folded before Flop
Seat 4: ddyyjj (big blind) folded before Flop
Seat 5: BumHuntKing folded before Flop (didn't bet)



PokerStars Hand #254601723916:  Hold'em No Limit ($0.50/$1.00 USD) - 2025/01/28 2:25:47 WET [2025/01/28 21:25:47 ET]
Table 'Pictor' 6-max Seat #3 is the button
Seat 2: zhino ($100 in chips) is sitting out
Seat 1: ghc_2 ($130.41 in chips) 
Seat 3: B1GBankroll ($102.95 in chips) 
Seat 4: ddyyjj ($99 in chips) 
ddyyjj: posts small blind $0.50
ghc_2: posts big blind $1
zhino: sits out 
*** HOLE CARDS ***
B1GBankroll: folds 
ddyyjj: raises $2 to $3
ghc_2: raises $6 to $9
ddyyjj: folds 
Uncalled bet ($6) returned to ghc_2
ghc_2 collected $6 from pot
ghc_2: doesn't show hand 
*** SUMMARY ***
Total pot $6 | Rake $0 
Seat 2: zhino
Seat 1: ghc_2 (big blind) collected ($6)
Seat 3: B1GBankroll (button) folded before Flop (didn't bet)
Seat 4: ddyyjj (small blind) folded before Flop



PokerStars Hand #254601728492:  Hold'em No Limit ($0.50/$1.00 USD) - 2025/01/28 2:26:17 WET [2025/01/28 21:26:17 ET]
Table 'Pictor' 6-max Seat #1 is the button
Seat 2: zhino ($100 in chips) is sitting out
Seat 1: ghc_2 ($133.41 in chips) 
Seat 3: B1GBankroll ($102.95 in chips) 
ddyyjj leaves the table
ghc_2: posts small blind $0.50
B1GBankroll: posts big blind $1
*** HOLE CARDS ***
ghc_2: raises $1.40 to $2.40
B1GBankroll: folds 
Uncalled bet ($1.40) returned to ghc_2
ghc_2 collected $2 from pot
ghc_2: doesn't show hand 
*** SUMMARY ***
Total pot $2 | Rake $0 
Seat 2: zhino
Seat 1: ghc_2 (button) (small blind) collected ($2)
Seat 3: B1GBankroll (big blind) folded before Flop



PokerStars Hand #254601730233:  Hold'em No Limit ($0.50/$1.00 USD) - 2025/01/28 2:26:29 WET [2025/01/28 21:26:29 ET]
Table 'Pictor' 6-max Seat #3 is the button
Seat 1: ghc_2 ($134.41 in chips) 
Seat 2: zhino ($100 in chips) 
Seat 3: B1GBankroll ($101.95 in chips) 
ghc_2: posts small blind $0.50
zhino: posts big blind $1
*** HOLE CARDS ***
B1GBankroll: folds 
ghc_2: folds 
Uncalled bet ($0.50) returned to zhino
zhino collected $1 from pot
zhino: doesn't show hand 
*** SUMMARY ***
Total pot $1 | Rake $0 
Seat 1: ghc_2 (small blind) folded before Flop
Seat 2: zhino (big blind) collected ($1)
Seat 3: B1GBankroll (button) folded before Flop (didn't bet)



PokerStars Hand #254601888277:  Hold'em No Limit ($0.50/$1.00 USD) - 2025/01/28 2:44:40 WET [2025/01/28 21:44:40 ET]
Table 'Pictor' 6-max Seat #4 is the button
Seat 5: joaquin612 ($100 in chips) is sitting out
Seat 1: fobot21 ($100 in chips) 
Seat 3: Breno.del ($44.44 in chips) 
Seat 4: B1GBankroll ($101.95 in chips) 
Seat 6: pr0tecto ($100 in chips) 
pr0tecto: posts small blind $0.50
fobot21: posts big blind $1
*** HOLE CARDS ***
Breno.del: calls $1
B1GBankroll: raises $3 to $4
pr0tecto: folds 
fobot21: folds 
Breno.del: calls $3
*** FLOP *** [Jd Ac Jh]
Breno.del: checks 
B1GBankroll: checks 
*** TURN *** [Jd Ac Jh] [4h]
Breno.del: checks 
B1GBankroll: bets $3.07
Breno.del: calls $3.07
*** RIVER *** [Jd Ac Jh 4h] [Kc]
Breno.del: checks 
ars9 joins the table at seat #2 
ars9 is disconnected 
B1GBankroll: bets $5.05
Breno.del: calls $5.05
*** SHOW DOWN ***
B1GBankroll: shows [7h Ah] (two pair, Aces and Jacks)
Breno.del: shows [Js 7s] (three of a kind, Jacks)
Breno.del collected $24.74 from pot
*** SUMMARY ***
Total pot $25.74 | Rake $1 
Board [Jd Ac Jh 4h Kc]
Seat 5: joaquin612
Seat 1: fobot21 (big blind) folded before Flop
Seat 3: Breno.del showed [Js 7s] and won ($24.74) with three of a kind, Jacks
Seat 4: B1GBankroll (button) showed [7h Ah] and lost with two pair, Aces and Jacks
Seat 6: pr0tecto (small blind) folded before Flop



PokerStars Hand #254601896659:  Hold'em No Limit ($0.50/$1.00 USD) - 2025/01/28 2:45:40 WET [2025/01/28 21:45:40 ET]
Table 'Pictor' 6-max Seat #6 is the button
Seat 5: joaquin612 ($100 in chips) is sitting out
Seat 1: fobot21 ($100 in chips) 
Seat 2: ars9 ($43.89 in chips) 
Seat 3: Breno.del ($57.06 in chips) 
Seat 4: B1GBankroll ($100 in chips) 
Seat 6: pr0tecto ($99.50 in chips) 
fobot21: posts small blind $0.50
ars9: posts big blind $1
joaquin612: sits out 
*** HOLE CARDS ***
Breno.del: folds 
B1GBankroll: folds 
pr0tecto: raises $2 to $3
fobot21: folds 
ars9: folds 
Uncalled bet ($2) returned to pr0tecto
pr0tecto collected $2.50 from pot
pr0tecto: doesn't show hand 
*** SUMMARY ***
Total pot $2.50 | Rake $0 
Seat 5: joaquin612
Seat 1: fobot21 (small blind) folded before Flop
Seat 2: ars9 (big blind) folded before Flop
Seat 3: Breno.del folded before Flop (didn't bet)
Seat 4: B1GBankroll folded before Flop (didn't bet)
Seat 6: pr0tecto (button) collected ($2.50)



PokerStars Hand #254601900082:  Hold'em No Limit ($0.50/$1.00 USD) - 2025/01/28 2:46:04 WET [2025/01/28 21:46:04 ET]
Table 'Pictor' 6-max Seat #1 is the button
Seat 5: joaquin612 ($100 in chips) is sitting out
Seat 1: fobot21 ($100 in chips) 
Seat 2: ars9 ($42.89 in chips) 
Seat 3: Breno.del ($57.06 in chips) 
Seat 4: B1GBankroll ($100 in chips) 
Seat 6: pr0tecto ($101 in chips) 
ars9: posts small blind $0.50
Breno.del: posts big blind $1
joaquin612: sits out 
*** HOLE CARDS ***
B1GBankroll: folds 
pr0tecto: folds 
fobot21: raises $1.50 to $2.50
ars9: folds 
Breno.del has timed out
Breno.del: folds 
Uncalled bet ($1.50) returned to fobot21
fobot21 collected $2.50 from pot
fobot21: doesn't show hand 
*** SUMMARY ***
Total pot $2.50 | Rake $0 
Seat 5: joaquin612
Seat 1: fobot21 (button) collected ($2.50)
Seat 2: ars9 (small blind) folded before Flop
Seat 3: Breno.del (big blind) folded before Flop
Seat 4: B1GBankroll folded before Flop (didn't bet)
Seat 6: pr0tecto folded before Flop (didn't bet)



PokerStars Hand #254601906642:  Hold'em No Limit ($0.50/$1.00 USD) - 2025/01/28 2:46:50 WET [2025/01/28 21:46:50 ET]
Table 'Pictor' 6-max Seat #2 is the button
Seat 3: Breno.del ($56.06 in chips) is sitting out
Seat 1: fobot21 ($101.50 in chips) 
Seat 2: ars9 ($42.39 in chips) 
Seat 4: B1GBankroll ($100 in chips) 
Seat 5: joaquin612 ($100 in chips) 
Seat 6: pr0tecto ($101 in chips) 
B1GBankroll: posts small blind $0.50
joaquin612: posts big blind $1
*** HOLE CARDS ***
pr0tecto: folds 
fobot21: folds 
ars9: calls $1
B1GBankroll: raises $3.20 to $4.20
joaquin612: raises $10.30 to $14.50
ars9: folds 
B1GBankroll: folds 
Uncalled bet ($10.30) returned to joaquin612
joaquin612 collected $9.40 from pot
joaquin612: doesn't show hand 
*** SUMMARY ***
Total pot $9.40 | Rake $0 
Seat 3: Breno.del
Seat 1: fobot21 folded before Flop (didn't bet)
Seat 2: ars9 (button) folded before Flop
Seat 4: B1GBankroll (small blind) folded before Flop
Seat 5: joaquin612 (big blind) collected ($9.40)
Seat 6: pr0tecto folded before Flop (didn't bet)



PokerStars Hand #254601912586:  Hold'em No Limit ($0.50/$1.00 USD) - 2025/01/28 2:47:32 WET [2025/01/28 21:47:32 ET]
Table 'Pictor' 6-max Seat #4 is the button
Seat 1: fobot21 ($101.50 in chips) 
Seat 2: ars9 ($41.39 in chips) 
Seat 3: Breno.del ($56.06 in chips) 
Seat 4: B1GBankroll ($100 in chips) 
Seat 5: joaquin612 ($105.20 in chips) 
Seat 6: pr0tecto ($101 in chips) 
joaquin612: posts small blind $0.50
pr0tecto: posts big blind $1
Breno.del: posts small blind $0.50
*** HOLE CARDS ***
fobot21: folds 
ars9: raises $1 to $2
Breno.del: folds 
B1GBankroll: folds 
joaquin612: folds 
pr0tecto: folds 
Uncalled bet ($1) returned to ars9
ars9 collected $3 from pot
*** SUMMARY ***
Total pot $3 | Rake $0 
Seat 1: fobot21 folded before Flop (didn't bet)
Seat 2: ars9 collected ($3)
Seat 3: Breno.del folded before Flop (didn't bet)
Seat 4: B1GBankroll (button) folded before Flop (didn't bet)
Seat 5: joaquin612 (small blind) folded before Flop
Seat 6: pr0tecto (big blind) folded before Flop



PokerStars Hand #254601915076:  Hold'em No Limit ($0.50/$1.00 USD) - 2025/01/28 2:47:49 WET [2025/01/28 21:47:49 ET]
Table 'Pictor' 6-max Seat #5 is the button
Seat 1: fobot21 ($101.50 in chips) 
Seat 2: ars9 ($43.39 in chips) 
Seat 3: Breno.del ($55.56 in chips) 
Seat 4: B1GBankroll ($100 in chips) 
Seat 5: joaquin612 ($104.70 in chips) 
Seat 6: pr0tecto ($100 in chips) 
pr0tecto: posts small blind $0.50
fobot21: posts big blind $1
*** HOLE CARDS ***
ars9: folds 
Breno.del: calls $1
B1GBankroll: raises $3 to $4
joaquin612: folds 
pr0tecto: folds 
fobot21: raises $11 to $15
Breno.del: folds 
B1GBankroll: folds 
Uncalled bet ($11) returned to fobot21
fobot21 collected $9.50 from pot
fobot21: doesn't show hand 
*** SUMMARY ***
Total pot $9.50 | Rake $0 
Seat 1: fobot21 (big blind) collected ($9.50)
Seat 2: ars9 folded before Flop (didn't bet)
Seat 3: Breno.del folded before Flop
Seat 4: B1GBankroll folded before Flop
Seat 5: joaquin612 (button) folded before Flop (didn't bet)
Seat 6: pr0tecto (small blind) folded before Flop



PokerStars Hand #254601919406:  Hold'em No Limit ($0.50/$1.00 USD) - 2025/01/28 2:48:20 WET [2025/01/28 21:48:20 ET]
Table 'Pictor' 6-max Seat #6 is the button
Seat 1: fobot21 ($107 in chips) 
Seat 2: ars9 ($43.39 in chips) 
Seat 3: Breno.del ($54.56 in chips) 
Seat 4: B1GBankroll ($100 in chips) 
Seat 5: joaquin612 ($104.70 in chips) 
Seat 6: pr0tecto ($99.50 in chips) 
fobot21: posts small blind $0.50
ars9: posts big blind $1
*** HOLE CARDS ***
Breno.del: calls $1
B1GBankroll: raises $3 to $4
joaquin612: folds 
pr0tecto: folds 
fobot21: folds 
ars9: folds 
Breno.del: calls $3
*** FLOP *** [9c As 6d]
Breno.del: checks 
B1GBankroll: bets $4.42
Breno.del: calls $4.42
*** TURN *** [9c As 6d] [8s]
Breno.del: checks 
B1GBankroll: bets $12.89
Breno.del: calls $12.89
*** RIVER *** [9c As 6d 8s] [3c]
Breno.del: checks 
B1GBankroll: bets $78.69 and is all-in
Breno.del: calls $33.25 and is all-in
Uncalled bet ($45.44) returned to B1GBankroll
*** SHOW DOWN ***
B1GBankroll: shows [Js Qc] (high card Ace)
Breno.del: shows [Ah 5h] (a pair of Aces)
Breno.del collected $108.12 from pot
*** SUMMARY ***
Total pot $110.62 | Rake $2.50 
Board [9c As 6d 8s 3c]
Seat 1: fobot21 (small blind) folded before Flop
Seat 2: ars9 (big blind) folded before Flop
Seat 3: Breno.del showed [Ah 5h] and won ($108.12) with a pair of Aces
Seat 4: B1GBankroll showed [Js Qc] and lost with high card Ace
Seat 5: joaquin612 folded before Flop (didn't bet)
Seat 6: pr0tecto (button) folded before Flop (didn't bet)



PokerStars Hand #254601929252:  Hold'em No Limit ($0.50/$1.00 USD) - 2025/01/28 2:49:29 WET [2025/01/28 21:49:29 ET]
Table 'Pictor' 6-max Seat #1 is the button
Seat 1: fobot21 ($106.50 in chips) 
Seat 2: ars9 ($42.39 in chips) 
Seat 3: Breno.del ($108.12 in chips) 
Seat 4: B1GBankroll ($100 in chips) 
Seat 5: joaquin612 ($104.70 in chips) 
Seat 6: pr0tecto ($99.50 in chips) 
ars9: posts small blind $0.50
Breno.del: posts big blind $1
*** HOLE CARDS ***
B1GBankroll: raises $1.50 to $2.50
joaquin612: folds 
pr0tecto: folds 
fobot21: folds 
ars9: folds 
Breno.del: calls $1.50
*** FLOP *** [6c Ts 5c]
Breno.del: checks 
B1GBankroll: checks 
*** TURN *** [6c Ts 5c] [9h]
Breno.del: checks 
B1GBankroll: checks 
*** RIVER *** [6c Ts 5c 9h] [4d]
Breno.del: checks 
B1GBankroll: bets $4.65
Breno.del: folds 
Uncalled bet ($4.65) returned to B1GBankroll
B1GBankroll collected $5.22 from pot
B1GBankroll: doesn't show hand 
*** SUMMARY ***
Total pot $5.50 | Rake $0.28 
Board [6c Ts 5c 9h 4d]
Seat 1: fobot21 (button) folded before Flop (didn't bet)
Seat 2: ars9 (small blind) folded before Flop
Seat 3: Breno.del (big blind) folded on the River
Seat 4: B1GBankroll collected ($5.22)
Seat 5: joaquin612 folded before Flop (didn't bet)
Seat 6: pr0tecto folded before Flop (didn't bet)



PokerStars Hand #254601936878:  Hold'em No Limit ($0.50/$1.00 USD) - 2025/01/28 2:50:24 WET [2025/01/28 21:50:24 ET]
Table 'Pictor' 6-max Seat #2 is the button
Seat 1: fobot21 ($106.50 in chips) 
Seat 2: ars9 ($41.89 in chips) 
Seat 3: Breno.del ($105.62 in chips) 
Seat 4: B1GBankroll ($102.72 in chips) 
Seat 5: joaquin612 ($104.70 in chips) 
Seat 6: pr0tecto ($99.50 in chips) 
Breno.del: posts small blind $0.50
B1GBankroll: posts big blind $1
*** HOLE CARDS ***
joaquin612: raises $1.50 to $2.50
pr0tecto: folds 
fobot21: folds 
ars9: folds 
Breno.del: folds 
B1GBankroll: raises $10.75 to $13.25
joaquin612: folds 
Uncalled bet ($10.75) returned to B1GBankroll
B1GBankroll collected $5.50 from pot
B1GBankroll: doesn't show hand 
*** SUMMARY ***
Total pot $5.50 | Rake $0 
Seat 1: fobot21 folded before Flop (didn't bet)
Seat 2: ars9 (button) folded before Flop (didn't bet)
Seat 3: Breno.del (small blind) folded before Flop
Seat 4: B1GBankroll (big blind) collected ($5.50)
Seat 5: joaquin612 folded before Flop
Seat 6: pr0tecto folded before Flop (didn't bet)



PokerStars Hand #254601940449:  Hold'em No Limit ($0.50/$1.00 USD) - 2025/01/28 2:50:49 WET [2025/01/28 21:50:49 ET]
Table 'Pictor' 6-max Seat #3 is the button
Seat 1: fobot21 ($106.50 in chips) 
Seat 2: ars9 ($41.89 in chips) 
Seat 3: Breno.del ($105.12 in chips) 
Seat 4: B1GBankroll ($105.72 in chips) 
Seat 5: joaquin612 ($102.20 in chips) 
Seat 6: pr0tecto ($99.50 in chips) 
B1GBankroll: posts small blind $0.50
joaquin612: posts big blind $1
*** HOLE CARDS ***
pr0tecto: folds 
fobot21: folds 
ars9: folds 
Breno.del: folds 
B1GBankroll: folds 
Uncalled bet ($0.50) returned to joaquin612
joaquin612 collected $1 from pot
joaquin612: doesn't show hand 
*** SUMMARY ***
Total pot $1 | Rake $0 
Seat 1: fobot21 folded before Flop (didn't bet)
Seat 2: ars9 folded before Flop (didn't bet)
Seat 3: Breno.del (button) folded before Flop (didn't bet)
Seat 4: B1GBankroll (small blind) folded before Flop
Seat 5: joaquin612 (big blind) collected ($1)
Seat 6: pr0tecto folded before Flop (didn't bet)



PokerStars Hand #254601943268:  Hold'em No Limit ($0.50/$1.00 USD) - 2025/01/28 2:51:09 WET [2025/01/28 21:51:09 ET]
Table 'Pictor' 6-max Seat #4 is the button
Seat 1: fobot21 ($106.50 in chips) 
Seat 2: ars9 ($41.89 in chips) 
Seat 3: Breno.del ($105.12 in chips) 
Seat 4: B1GBankroll ($105.22 in chips) 
Seat 5: joaquin612 ($102.70 in chips) 
Seat 6: pr0tecto ($99.50 in chips) 
joaquin612: posts small blind $0.50
pr0tecto: posts big blind $1
*** HOLE CARDS ***
fobot21: raises $1 to $2
ars9: folds 
Breno.del: folds 
B1GBankroll: folds 
joaquin612: folds 
pr0tecto: folds 
Uncalled bet ($1) returned to fobot21
fobot21 collected $2.50 from pot
fobot21: doesn't show hand 
*** SUMMARY ***
Total pot $2.50 | Rake $0 
Seat 1: fobot21 collected ($2.50)
Seat 2: ars9 folded before Flop (didn't bet)
Seat 3: Breno.del folded before Flop (didn't bet)
Seat 4: B1GBankroll (button) folded before Flop (didn't bet)
Seat 5: joaquin612 (small blind) folded before Flop
Seat 6: pr0tecto (big blind) folded before Flop



PokerStars Hand #254601944968:  Hold'em No Limit ($0.50/$1.00 USD) - 2025/01/28 2:51:22 WET [2025/01/28 21:51:22 ET]
Table 'Pictor' 6-max Seat #5 is the button
Seat 1: fobot21 ($108 in chips) 
Seat 2: ars9 ($41.89 in chips) 
Seat 3: Breno.del ($105.12 in chips) 
Seat 4: B1GBankroll ($105.22 in chips) 
Seat 5: joaquin612 ($102.20 in chips) 
Seat 6: pr0tecto ($100 in chips) 
pr0tecto: posts small blind $0.50
fobot21: posts big blind $1
*** HOLE CARDS ***
ars9: folds 
Breno.del: folds 
B1GBankroll: folds 
joaquin612: raises $1.50 to $2.50
pr0tecto: folds 
fobot21: calls $1.50
*** FLOP *** [6d 5c Tc]
fobot21: checks 
joaquin612: checks 
*** TURN *** [6d 5c Tc] [Th]
fobot21: bets $3.97
joaquin612: folds 
Uncalled bet ($3.97) returned to fobot21
fobot21 collected $5.22 from pot
fobot21: doesn't show hand 
*** SUMMARY ***
Total pot $5.50 | Rake $0.28 
Board [6d 5c Tc Th]
Seat 1: fobot21 (big blind) collected ($5.22)
Seat 2: ars9 folded before Flop (didn't bet)
Seat 3: Breno.del folded before Flop (didn't bet)
Seat 4: B1GBankroll folded before Flop (didn't bet)
Seat 5: joaquin612 (button) folded on the Turn
Seat 6: pr0tecto (small blind) folded before Flop



PokerStars Hand #254601953422:  Hold'em No Limit ($0.50/$1.00 USD) - 2025/01/28 2:52:22 WET [2025/01/28 21:52:22 ET]
Table 'Pictor' 6-max Seat #6 is the button
Seat 1: fobot21 ($110.72 in chips) 
Seat 2: ars9 ($41.89 in chips) 
Seat 3: Breno.del ($105.12 in chips) 
Seat 4: B1GBankroll ($105.22 in chips) 
Seat 5: joaquin612 ($100 in chips) 
Seat 6: pr0tecto ($99.50 in chips) 
fobot21: posts small blind $0.50
ars9: posts big blind $1
*** HOLE CARDS ***
Breno.del: folds 
B1GBankroll: folds 
joaquin612: raises $1.50 to $2.50
pr0tecto: folds 
fobot21: folds 
ars9: folds 
Uncalled bet ($1.50) returned to joaquin612
joaquin612 collected $2.50 from pot
joaquin612: doesn't show hand 
*** SUMMARY ***
Total pot $2.50 | Rake $0 
Seat 1: fobot21 (small blind) folded before Flop
Seat 2: ars9 (big blind) folded before Flop
Seat 3: Breno.del folded before Flop (didn't bet)
Seat 4: B1GBankroll folded before Flop (didn't bet)
Seat 5: joaquin612 collected ($2.50)
Seat 6: pr0tecto (button) folded before Flop (didn't bet)



PokerStars Hand #254601956347:  Hold'em No Limit ($0.50/$1.00 USD) - 2025/01/28 2:52:44 WET [2025/01/28 21:52:44 ET]
Table 'Pictor' 6-max Seat #1 is the button
Seat 1: fobot21 ($110.22 in chips) 
Seat 2: ars9 ($40.89 in chips) 
Seat 3: Breno.del ($105.12 in chips) 
Seat 4: B1GBankroll ($105.22 in chips) 
Seat 5: joaquin612 ($101.50 in chips) 
Seat 6: pr0tecto ($99.50 in chips) 
ars9: posts small blind $0.50
Breno.del: posts big blind $1
*** HOLE CARDS ***
B1GBankroll: folds 
joaquin612: raises $1.50 to $2.50
pr0tecto: folds 
fobot21: folds 
ars9: folds 
Breno.del: folds 
Uncalled bet ($1.50) returned to joaquin612
joaquin612 collected $2.50 from pot
joaquin612: doesn't show hand 
*** SUMMARY ***
Total pot $2.50 | Rake $0 
Seat 1: fobot21 (button) folded before Flop (didn't bet)
Seat 2: ars9 (small blind) folded before Flop
Seat 3: Breno.del (big blind) folded before Flop
Seat 4: B1GBankroll folded before Flop (didn't bet)
Seat 5: joaquin612 collected ($2.50)
Seat 6: pr0tecto folded before Flop (didn't bet)



PokerStars Hand #254601958538:  Hold'em No Limit ($0.50/$1.00 USD) - 2025/01/28 2:53:00 WET [2025/01/28 21:53:00 ET]
Table 'Pictor' 6-max Seat #2 is the button
Seat 1: fobot21 ($110.22 in chips) 
Seat 2: ars9 ($40.39 in chips) 
Seat 3: Breno.del ($104.12 in chips) 
Seat 4: B1GBankroll ($105.22 in chips) 
Seat 5: joaquin612 ($103 in chips) 
Seat 6: pr0tecto ($99.50 in chips) 
Breno.del: posts small blind $0.50
B1GBankroll: posts big blind $1
*** HOLE CARDS ***
joaquin612: folds 
pr0tecto: folds 
fobot21: folds 
ars9: folds 
Breno.del: calls $0.50
B1GBankroll: raises $4 to $5
Breno.del: calls $4
*** FLOP *** [4h 7d 6h]
Breno.del: checks 
B1GBankroll: bets $8.46
Breno.del: folds 
Uncalled bet ($8.46) returned to B1GBankroll
B1GBankroll collected $9.50 from pot
B1GBankroll: doesn't show hand 
*** SUMMARY ***
Total pot $10 | Rake $0.50 
Board [4h 7d 6h]
Seat 1: fobot21 folded before Flop (didn't bet)
Seat 2: ars9 (button) folded before Flop (didn't bet)
Seat 3: Breno.del (small blind) folded on the Flop
Seat 4: B1GBankroll (big blind) collected ($9.50)
Seat 5: joaquin612 folded before Flop (didn't bet)
Seat 6: pr0tecto folded before Flop (didn't bet)



PokerStars Hand #254601963545:  Hold'em No Limit ($0.50/$1.00 USD) - 2025/01/28 2:53:36 WET [2025/01/28 21:53:36 ET]
Table 'Pictor' 6-max Seat #3 is the button
Seat 1: fobot21 ($110.22 in chips) 
Seat 2: ars9 ($40.39 in chips) 
Seat 3: Breno.del ($99.12 in chips) 
Seat 4: B1GBankroll ($109.72 in chips) 
Seat 5: joaquin612 ($103 in chips) 
Seat 6: pr0tecto ($99.50 in chips) 
B1GBankroll: posts small blind $0.50
joaquin612: posts big blind $1
*** HOLE CARDS ***
pr0tecto: folds 
fobot21: folds 
ars9: folds 
Breno.del: folds 
B1GBankroll: raises $2 to $3
joaquin612: calls $2
*** FLOP *** [7c Tc Kd]
B1GBankroll: checks 
joaquin612: checks 
*** TURN *** [7c Tc Kd] [Kh]
B1GBankroll: checks 
joaquin612: checks 
*** RIVER *** [7c Tc Kd Kh] [5d]
B1GBankroll: checks 
joaquin612: checks 
*** SHOW DOWN ***
B1GBankroll: shows [Ac 9s] (a pair of Kings)
joaquin612: mucks hand 
B1GBankroll collected $5.70 from pot
*** SUMMARY ***
Total pot $6 | Rake $0.30 
Board [7c Tc Kd Kh 5d]
Seat 1: fobot21 folded before Flop (didn't bet)
Seat 2: ars9 folded before Flop (didn't bet)
Seat 3: Breno.del (button) folded before Flop (didn't bet)
Seat 4: B1GBankroll (small blind) showed [Ac 9s] and won ($5.70) with a pair of Kings
Seat 5: joaquin612 (big blind) mucked
Seat 6: pr0tecto folded before Flop (didn't bet)



PokerStars Hand #254601970655:  Hold'em No Limit ($0.50/$1.00 USD) - 2025/01/28 2:54:28 WET [2025/01/28 21:54:28 ET]
Table 'Pictor' 6-max Seat #4 is the button
Seat 1: fobot21 ($110.22 in chips) 
Seat 2: ars9 ($40.39 in chips) 
Seat 3: Breno.del ($99.12 in chips) 
Seat 4: B1GBankroll ($112.42 in chips) 
Seat 5: joaquin612 ($100 in chips) 
Seat 6: pr0tecto ($99.50 in chips) 
joaquin612: posts small blind $0.50
pr0tecto: posts big blind $1
*** HOLE CARDS ***
fobot21: raises $1 to $2
ars9: folds 
Breno.del: calls $2
B1GBankroll: folds 
joaquin612: folds 
pr0tecto: folds 
*** FLOP *** [Qs 9d Jd]
fobot21: checks 
Breno.del: checks 
*** TURN *** [Qs 9d Jd] [Qd]
fobot21: bets $2.82
Breno.del: folds 
Uncalled bet ($2.82) returned to fobot21
fobot21 collected $5.22 from pot
fobot21: doesn't show hand 
*** SUMMARY ***
Total pot $5.50 | Rake $0.28 
Board [Qs 9d Jd Qd]
Seat 1: fobot21 collected ($5.22)
Seat 2: ars9 folded before Flop (didn't bet)
Seat 3: Breno.del folded on the Turn
Seat 4: B1GBankroll (button) folded before Flop (didn't bet)
Seat 5: joaquin612 (small blind) folded before Flop
Seat 6: pr0tecto (big blind) folded before Flop



PokerStars Hand #254601975806:  Hold'em No Limit ($0.50/$1.00 USD) - 2025/01/28 2:55:06 WET [2025/01/28 21:55:06 ET]
Table 'Pictor' 6-max Seat #5 is the button
Seat 1: fobot21 ($113.44 in chips) 
Seat 2: ars9 ($40.39 in chips) 
Seat 3: Breno.del ($97.12 in chips) 
Seat 4: B1GBankroll ($112.42 in chips) 
Seat 5: joaquin612 ($100 in chips) 
Seat 6: pr0tecto ($100 in chips) 
pr0tecto: posts small blind $0.50
fobot21: posts big blind $1
*** HOLE CARDS ***
ars9: calls $1
Breno.del: folds 
B1GBankroll: folds 
joaquin612: folds 
pr0tecto: folds 
fobot21: checks 
*** FLOP *** [7h Ah Jd]
fobot21: checks 
ars9: bets $1.19
fobot21: folds 
Uncalled bet ($1.19) returned to ars9
ars9 collected $2.38 from pot
*** SUMMARY ***
Total pot $2.50 | Rake $0.12 
Board [7h Ah Jd]
Seat 1: fobot21 (big blind) folded on the Flop
Seat 2: ars9 collected ($2.38)
Seat 3: Breno.del folded before Flop (didn't bet)
Seat 4: B1GBankroll folded before Flop (didn't bet)
Seat 5: joaquin612 (button) folded before Flop (didn't bet)
Seat 6: pr0tecto (small blind) folded before Flop



PokerStars Hand #254601978565:  Hold'em No Limit ($0.50/$1.00 USD) - 2025/01/28 2:55:32 WET [2025/01/28 21:55:32 ET]
Table 'Pictor' 6-max Seat #6 is the button
Seat 1: fobot21 ($112.44 in chips) 
Seat 2: ars9 ($41.77 in chips) 
Seat 3: Breno.del ($97.12 in chips) 
Seat 4: B1GBankroll ($112.42 in chips) 
Seat 5: joaquin612 ($100 in chips) 
Seat 6: pr0tecto ($99.50 in chips) 
fobot21: posts small blind $0.50
ars9: posts big blind $1
*** HOLE CARDS ***
Breno.del: folds 
B1GBankroll: folds 
joaquin612: folds 
pr0tecto: folds 
fobot21: raises $1.90 to $2.90
ars9: calls $1.90
*** FLOP *** [9h 7d 3c]
fobot21: checks 
ars9: checks 
*** TURN *** [9h 7d 3c] [Qh]
fobot21: bets $7
ars9: folds 
Uncalled bet ($7) returned to fobot21
fobot21 collected $5.51 from pot
fobot21: doesn't show hand 
*** SUMMARY ***
Total pot $5.80 | Rake $0.29 
Board [9h 7d 3c Qh]
Seat 1: fobot21 (small blind) collected ($5.51)
Seat 2: ars9 (big blind) folded on the Turn
Seat 3: Breno.del folded before Flop (didn't bet)
Seat 4: B1GBankroll folded before Flop (didn't bet)
Seat 5: joaquin612 folded before Flop (didn't bet)
Seat 6: pr0tecto (button) folded before Flop (didn't bet)



PokerStars Hand #254601982899:  Hold'em No Limit ($0.50/$1.00 USD) - 2025/01/28 2:56:13 WET [2025/01/28 21:56:13 ET]
Table 'Pictor' 6-max Seat #1 is the button
Seat 1: fobot21 ($115.05 in chips) 
Seat 2: ars9 ($38.87 in chips) 
Seat 3: Breno.del ($97.12 in chips) 
Seat 4: B1GBankroll ($112.42 in chips) 
Seat 5: joaquin612 ($100 in chips) 
Seat 6: pr0tecto ($99.50 in chips) 
ars9: posts small blind $0.50
Breno.del: posts big blind $1
*** HOLE CARDS ***
B1GBankroll: raises $1.50 to $2.50
joaquin612: folds 
pr0tecto: folds 
fobot21: folds 
ars9: raises $4.50 to $7
Breno.del: folds 
B1GBankroll: raises $10.50 to $17.50
ars9: calls $10.50
*** FLOP *** [7s 6c Qc]
ars9: checks 
B1GBankroll: bets $21.50
ars9: calls $21.37 and is all-in
Uncalled bet ($0.13) returned to B1GBankroll
*** TURN *** [7s 6c Qc] [5c]
*** RIVER *** [7s 6c Qc 5c] [9c]
*** SHOW DOWN ***
ars9: shows [Qh As] (a pair of Queens)
B1GBankroll: shows [Jd Js] (a pair of Jacks)
ars9 cashed out the hand for $68.16 | Cash Out Fee $1.39
*** SUMMARY ***
Total pot $78.74 | Rake $2.50 
Board [7s 6c Qc 5c 9c]
Seat 1: fobot21 (button) folded before Flop (didn't bet)
Seat 2: ars9 (small blind) showed [Qh As] and won ($76.24) with a pair of Queens (pot not awarded as player cashed out)
Seat 3: Breno.del (big blind) folded before Flop
Seat 4: B1GBankroll showed [Jd Js] and lost with a pair of Jacks
Seat 5: joaquin612 folded before Flop (didn't bet)
Seat 6: pr0tecto folded before Flop (didn't bet)



PokerStars Hand #254601989604:  Hold'em No Limit ($0.50/$1.00 USD) - 2025/01/28 2:57:16 WET [2025/01/28 21:57:16 ET]
Table 'Pictor' 6-max Seat #2 is the button
Seat 1: fobot21 ($115.05 in chips) 
Seat 2: ars9 ($68.16 in chips) 
Seat 3: Breno.del ($96.12 in chips) 
Seat 4: B1GBankroll ($100 in chips) 
Seat 5: joaquin612 ($100 in chips) 
Seat 6: pr0tecto ($99.50 in chips) 
Breno.del: posts small blind $0.50
B1GBankroll: posts big blind $1
*** HOLE CARDS ***
joaquin612: raises $1.50 to $2.50
pr0tecto: folds 
fobot21: folds 
ars9: folds 
Breno.del: folds 
B1GBankroll: folds 
Uncalled bet ($1.50) returned to joaquin612
joaquin612 collected $2.50 from pot
joaquin612: doesn't show hand 
*** SUMMARY ***
Total pot $2.50 | Rake $0 
Seat 1: fobot21 folded before Flop (didn't bet)
Seat 2: ars9 (button) folded before Flop (didn't bet)
Seat 3: Breno.del (small blind) folded before Flop
Seat 4: B1GBankroll (big blind) folded before Flop
Seat 5: joaquin612 collected ($2.50)
Seat 6: pr0tecto folded before Flop (didn't bet)



PokerStars Hand #254601992098:  Hold'em No Limit ($0.50/$1.00 USD) - 2025/01/28 2:57:39 WET [2025/01/28 21:57:39 ET]
Table 'Pictor' 6-max Seat #3 is the button
Seat 1: fobot21 ($115.05 in chips) 
Seat 2: ars9 ($68.16 in chips) 
Seat 3: Breno.del ($95.62 in chips) 
Seat 4: B1GBankroll ($100 in chips) 
Seat 5: joaquin612 ($101.50 in chips) 
Seat 6: pr0tecto ($99.50 in chips) 
B1GBankroll: posts small blind $0.50
joaquin612: posts big blind $1
*** HOLE CARDS ***
pr0tecto: folds 
fobot21: folds 
ars9: folds 
Breno.del: calls $1
B1GBankroll: raises $3.20 to $4.20
joaquin612: calls $3.20
Breno.del: calls $3.20
*** FLOP *** [Qc 8s 2d]
B1GBankroll: checks 
joaquin612: checks 
Breno.del: checks 
*** TURN *** [Qc 8s 2d] [5h]
B1GBankroll: checks 
joaquin612: checks 
Breno.del: bets $5.99
B1GBankroll: folds 
joaquin612: folds 
Uncalled bet ($5.99) returned to Breno.del
Breno.del collected $11.97 from pot
*** SUMMARY ***
Total pot $12.60 | Rake $0.63 
Board [Qc 8s 2d 5h]
Seat 1: fobot21 folded before Flop (didn't bet)
Seat 2: ars9 folded before Flop (didn't bet)
Seat 3: Breno.del (button) collected ($11.97)
Seat 4: B1GBankroll (small blind) folded on the Turn
Seat 5: joaquin612 (big blind) folded on the Turn
Seat 6: pr0tecto folded before Flop (didn't bet)



PokerStars Hand #254601998417:  Hold'em No Limit ($0.50/$1.00 USD) - 2025/01/28 2:58:38 WET [2025/01/28 21:58:38 ET]
Table 'Pictor' 6-max Seat #4 is the button
Seat 1: fobot21 ($115.05 in chips) 
Seat 2: ars9 ($68.16 in chips) 
Seat 3: Breno.del ($103.39 in chips) 
Seat 4: B1GBankroll ($100 in chips) 
Seat 5: joaquin612 ($100 in chips) 
Seat 6: pr0tecto ($99.50 in chips) 
joaquin612: posts small blind $0.50
pr0tecto: posts big blind $1
*** HOLE CARDS ***
fobot21: raises $1 to $2
ars9: folds 
Breno.del: folds 
B1GBankroll: raises $5.40 to $7.40
joaquin612: folds 
pr0tecto: folds 
fobot21: raises $13.32 to $20.72
B1GBankroll: calls $13.32
*** FLOP *** [Jh Qd 9d]
fobot21: checks 
B1GBankroll: checks 
*** TURN *** [Jh Qd 9d] [2s]
fobot21: bets $94.09
B1GBankroll: folds 
Uncalled bet ($94.09) returned to fobot21
fobot21 collected $40.79 from pot
fobot21: doesn't show hand 
*** SUMMARY ***
Total pot $42.94 | Rake $2.15 
Board [Jh Qd 9d 2s]
Seat 1: fobot21 collected ($40.79)
Seat 2: ars9 folded before Flop (didn't bet)
Seat 3: Breno.del folded before Flop (didn't bet)
Seat 4: B1GBankroll (button) folded on the Turn
Seat 5: joaquin612 (small blind) folded before Flop
Seat 6: pr0tecto (big blind) folded before Flop



PokerStars Hand #254602009340:  Hold'em No Limit ($0.50/$1.00 USD) - 2025/01/28 3:00:16 WET [2025/01/28 22:00:16 ET]
Table 'Pictor' 6-max Seat #5 is the button
Seat 1: fobot21 ($135.12 in chips) 
Seat 2: ars9 ($68.16 in chips) 
Seat 3: Breno.del ($103.39 in chips) 
Seat 4: B1GBankroll ($100 in chips) 
Seat 5: joaquin612 ($100 in chips) 
Seat 6: pr0tecto ($100 in chips) 
pr0tecto: posts small blind $0.50
fobot21: posts big blind $1
*** HOLE CARDS ***
ars9: calls $1
Breno.del: calls $1
B1GBankroll: folds 
joaquin612: raises $5 to $6
pr0tecto: folds 
fobot21: folds 
ars9: folds 
Breno.del: calls $5
*** FLOP *** [Tc Ad Qs]
Breno.del: checks 
joaquin612: bets $10.34
Breno.del: folds 
Uncalled bet ($10.34) returned to joaquin612
joaquin612 collected $13.78 from pot
joaquin612: doesn't show hand 
*** SUMMARY ***
Total pot $14.50 | Rake $0.72 
Board [Tc Ad Qs]
Seat 1: fobot21 (big blind) folded before Flop
Seat 2: ars9 folded before Flop
Seat 3: Breno.del folded on the Flop
Seat 4: B1GBankroll folded before Flop (didn't bet)
Seat 5: joaquin612 (button) collected ($13.78)
Seat 6: pr0tecto (small blind) folded before Flop



PokerStars Hand #254602013722:  Hold'em No Limit ($0.50/$1.00 USD) - 2025/01/28 3:00:51 WET [2025/01/28 22:00:51 ET]
Table 'Pictor' 6-max Seat #6 is the button
Seat 1: fobot21 ($134.12 in chips) 
Seat 2: ars9 ($67.16 in chips) 
Seat 3: Breno.del ($97.39 in chips) 
Seat 4: B1GBankroll ($100 in chips) 
Seat 5: joaquin612 ($107.78 in chips) 
Seat 6: pr0tecto ($99.50 in chips) 
fobot21: posts small blind $0.50
ars9: posts big blind $1
*** HOLE CARDS ***
Breno.del: folds 
B1GBankroll: raises $1.50 to $2.50
joaquin612: folds 
pr0tecto: folds 
fobot21: raises $9 to $11.50
ars9: folds 
B1GBankroll: calls $9
*** FLOP *** [5c 6h Jh]
fobot21: bets $6.84
B1GBankroll: folds 
Uncalled bet ($6.84) returned to fobot21
fobot21 collected $22.80 from pot
fobot21: doesn't show hand 
*** SUMMARY ***
Total pot $24 | Rake $1.20 
Board [5c 6h Jh]
Seat 1: fobot21 (small blind) collected ($22.80)
Seat 2: ars9 (big blind) folded before Flop
Seat 3: Breno.del folded before Flop (didn't bet)
Seat 4: B1GBankroll folded on the Flop
Seat 5: joaquin612 folded before Flop (didn't bet)
Seat 6: pr0tecto (button) folded before Flop (didn't bet)



PokerStars Hand #254602021666:  Hold'em No Limit ($0.50/$1.00 USD) - 2025/01/28 3:01:51 WET [2025/01/28 22:01:51 ET]
Table 'Pictor' 6-max Seat #1 is the button
Seat 1: fobot21 ($145.42 in chips) 
Seat 2: ars9 ($66.16 in chips) 
Seat 3: Breno.del ($97.39 in chips) 
Seat 4: B1GBankroll ($100 in chips) 
Seat 5: joaquin612 ($107.78 in chips) 
Seat 6: pr0tecto ($99.50 in chips) 
ars9: posts small blind $0.50
Breno.del: posts big blind $1
*** HOLE CARDS ***
B1GBankroll: folds 
joaquin612: folds 
pr0tecto: raises $1.20 to $2.20
fobot21: folds 
ars9: folds 
Breno.del: folds 
Uncalled bet ($1.20) returned to pr0tecto
pr0tecto collected $2.50 from pot
pr0tecto: doesn't show hand 
*** SUMMARY ***
Total pot $2.50 | Rake $0 
Seat 1: fobot21 (button) folded before Flop (didn't bet)
Seat 2: ars9 (small blind) folded before Flop
Seat 3: Breno.del (big blind) folded before Flop
Seat 4: B1GBankroll folded before Flop (didn't bet)
Seat 5: joaquin612 folded before Flop (didn't bet)
Seat 6: pr0tecto collected ($2.50)



PokerStars Hand #254602024185:  Hold'em No Limit ($0.50/$1.00 USD) - 2025/01/28 3:02:09 WET [2025/01/28 22:02:09 ET]
Table 'Pictor' 6-max Seat #2 is the button
Seat 1: fobot21 ($145.42 in chips) 
Seat 2: ars9 ($65.66 in chips) 
Seat 3: Breno.del ($96.39 in chips) 
Seat 4: B1GBankroll ($100 in chips) 
Seat 5: joaquin612 ($107.78 in chips) 
Seat 6: pr0tecto ($101 in chips) 
Breno.del: posts small blind $0.50
B1GBankroll: posts big blind $1
*** HOLE CARDS ***
joaquin612: raises $1.50 to $2.50
pr0tecto: folds 
fobot21: folds 
ars9: folds 
Breno.del: calls $2
B1GBankroll: folds 
*** FLOP *** [Qs Ah 9h]
Breno.del: checks 
joaquin612: checks 
*** TURN *** [Qs Ah 9h] [Js]
Breno.del: checks 
joaquin612: checks 
*** RIVER *** [Qs Ah 9h Js] [Kh]
Breno.del: checks 
joaquin612: checks 
*** SHOW DOWN ***
Breno.del: shows [Jc Kd] (two pair, Kings and Jacks)
joaquin612: mucks hand 
Breno.del collected $5.70 from pot
*** SUMMARY ***
Total pot $6 | Rake $0.30 
Board [Qs Ah 9h Js Kh]
Seat 1: fobot21 folded before Flop (didn't bet)
Seat 2: ars9 (button) folded before Flop (didn't bet)
Seat 3: Breno.del (small blind) showed [Jc Kd] and won ($5.70) with two pair, Kings and Jacks
Seat 4: B1GBankroll (big blind) folded before Flop
Seat 5: joaquin612 mucked
Seat 6: pr0tecto folded before Flop (didn't bet)



PokerStars Hand #254602030626:  Hold'em No Limit ($0.50/$1.00 USD) - 2025/01/28 3:02:56 WET [2025/01/28 22:02:56 ET]
Table 'Pictor' 6-max Seat #3 is the button
Seat 1: fobot21 ($145.42 in chips) 
Seat 2: ars9 ($65.66 in chips) 
Seat 3: Breno.del ($99.59 in chips) 
Seat 4: B1GBankroll ($100 in chips) 
Seat 5: joaquin612 ($105.28 in chips) 
Seat 6: pr0tecto ($101 in chips) 
B1GBankroll: posts small blind $0.50
joaquin612: posts big blind $1
*** HOLE CARDS ***
pr0tecto: folds 
fobot21: folds 
ars9: folds 
Breno.del: calls $1
B1GBankroll: folds 
joaquin612: checks 
*** FLOP *** [9d 8c 2d]
joaquin612: checks 
Breno.del: checks 
*** TURN *** [9d 8c 2d] [3d]
joaquin612: checks 
Breno.del: checks 
*** RIVER *** [9d 8c 2d 3d] [7d]
joaquin612: checks 
Breno.del: checks 
*** SHOW DOWN ***
joaquin612: shows [4d Qc] (a flush, Nine high)
Breno.del: mucks hand 
joaquin612 collected $2.38 from pot
*** SUMMARY ***
Total pot $2.50 | Rake $0.12 
Board [9d 8c 2d 3d 7d]
Seat 1: fobot21 folded before Flop (didn't bet)
Seat 2: ars9 folded before Flop (didn't bet)
Seat 3: Breno.del (button) mucked
Seat 4: B1GBankroll (small blind) folded before Flop
Seat 5: joaquin612 (big blind) showed [4d Qc] and won ($2.38) with a flush, Nine high
Seat 6: pr0tecto folded before Flop (didn't bet)



PokerStars Hand #254602034174:  Hold'em No Limit ($0.50/$1.00 USD) - 2025/01/28 3:03:23 WET [2025/01/28 22:03:23 ET]
Table 'Pictor' 6-max Seat #4 is the button
Seat 1: fobot21 ($145.42 in chips) 
Seat 2: ars9 ($65.66 in chips) 
Seat 3: Breno.del ($98.59 in chips) 
Seat 4: B1GBankroll ($100 in chips) 
Seat 5: joaquin612 ($106.66 in chips) 
Seat 6: pr0tecto ($101 in chips) 
joaquin612: posts small blind $0.50
pr0tecto: posts big blind $1
*** HOLE CARDS ***
fobot21: folds 
ars9: folds 
Breno.del: calls $1
B1GBankroll: folds 
joaquin612: calls $0.50
pr0tecto: raises $5 to $6
Breno.del: calls $5
joaquin612: calls $5
*** FLOP *** [4d 5d 3d]
joaquin612: checks 
pr0tecto: checks 
Breno.del: bets $8.55
joaquin612: raises $25.65 to $34.20
pr0tecto: folds 
Breno.del: calls $25.65
*** TURN *** [4d 5d 3d] [Qh]
joaquin612: bets $66.46 and is all-in
Breno.del: calls $58.39 and is all-in
Uncalled bet ($8.07) returned to joaquin612
*** RIVER *** [4d 5d 3d Qh] [Kd]
*** SHOW DOWN ***
joaquin612: shows [4h 4c] (three of a kind, Fours)
Breno.del: shows [Js Ad] (a flush, Ace high)
Breno.del collected $200.68 from pot
*** SUMMARY ***
Total pot $203.18 | Rake $2.50 
Board [4d 5d 3d Qh Kd]
Seat 1: fobot21 folded before Flop (didn't bet)
Seat 2: ars9 folded before Flop (didn't bet)
Seat 3: Breno.del showed [Js Ad] and won ($200.68) with a flush, Ace high
Seat 4: B1GBankroll (button) folded before Flop (didn't bet)
Seat 5: joaquin612 (small blind) showed [4h 4c] and lost with three of a kind, Fours
Seat 6: pr0tecto (big blind) folded on the Flop



PokerStars Hand #254602044645:  Hold'em No Limit ($0.50/$1.00 USD) - 2025/01/28 3:04:40 WET [2025/01/28 22:04:40 ET]
Table 'Pictor' 6-max Seat #5 is the button
Seat 1: fobot21 ($145.42 in chips) 
Seat 2: ars9 ($65.66 in chips) 
Seat 3: Breno.del ($200.68 in chips) 
Seat 4: B1GBankroll ($100 in chips) 
Seat 5: joaquin612 ($100 in chips) 
Seat 6: pr0tecto ($100 in chips) 
pr0tecto: posts small blind $0.50
fobot21: posts big blind $1
*** HOLE CARDS ***
ars9: folds 
Breno.del: folds 
B1GBankroll: folds 
joaquin612: raises $1.50 to $2.50
pr0tecto: folds 
fobot21: calls $1.50
*** FLOP *** [8h Ac 6h]
fobot21: checks 
joaquin612: bets $1.72
fobot21: raises $8.78 to $10.50
joaquin612: raises $16 to $26.50
fobot21: raises $116.42 to $142.92 and is all-in
joaquin612: folds 
Uncalled bet ($116.42) returned to fobot21
fobot21 collected $56 from pot
fobot21: doesn't show hand 
*** SUMMARY ***
Total pot $58.50 | Rake $2.50 
Board [8h Ac 6h]
Seat 1: fobot21 (big blind) collected ($56)
Seat 2: ars9 folded before Flop (didn't bet)
Seat 3: Breno.del folded before Flop (didn't bet)
Seat 4: B1GBankroll folded before Flop (didn't bet)
Seat 5: joaquin612 (button) folded on the Flop
Seat 6: pr0tecto (small blind) folded before Flop



PokerStars Hand #254602055227:  Hold'em No Limit ($0.50/$1.00 USD) - 2025/01/28 3:05:58 WET [2025/01/28 22:05:58 ET]
Table 'Pictor' 6-max Seat #6 is the button
Seat 1: fobot21 ($172.42 in chips) 
Seat 2: ars9 ($65.66 in chips) 
Seat 3: Breno.del ($200.68 in chips) 
Seat 4: B1GBankroll ($100 in chips) 
Seat 5: joaquin612 ($100 in chips) 
Seat 6: pr0tecto ($99.50 in chips) 
fobot21: posts small blind $0.50
ars9: posts big blind $1
*** HOLE CARDS ***
Breno.del: folds 
B1GBankroll: folds 
joaquin612: folds 
pr0tecto: raises $2 to $3
fobot21: folds 
ars9: calls $2
*** FLOP *** [8d 4d Td]
ars9: checks 
pr0tecto: bets $2.04
ars9: calls $2.04
*** TURN *** [8d 4d Td] [6s]
ars9: bets $1
pr0tecto: calls $1
*** RIVER *** [8d 4d Td 6s] [2s]
ars9: checks 
pr0tecto: checks 
*** SHOW DOWN ***
ars9: shows [5c 6c] (a pair of Sixes)
pr0tecto: mucks hand 
ars9 collected $11.95 from pot
*** SUMMARY ***
Total pot $12.58 | Rake $0.63 
Board [8d 4d Td 6s 2s]
Seat 1: fobot21 (small blind) folded before Flop
Seat 2: ars9 (big blind) showed [5c 6c] and won ($11.95) with a pair of Sixes
Seat 3: Breno.del folded before Flop (didn't bet)
Seat 4: B1GBankroll folded before Flop (didn't bet)
Seat 5: joaquin612 folded before Flop (didn't bet)
Seat 6: pr0tecto (button) mucked



PokerStars Hand #254602060571:  Hold'em No Limit ($0.50/$1.00 USD) - 2025/01/28 3:06:36 WET [2025/01/28 22:06:36 ET]
Table 'Pictor' 6-max Seat #1 is the button
Seat 1: fobot21 ($171.92 in chips) 
Seat 2: ars9 ($71.57 in chips) 
Seat 3: Breno.del ($200.68 in chips) 
Seat 4: B1GBankroll ($100 in chips) 
Seat 5: joaquin612 ($100 in chips) 
Seat 6: pr0tecto ($100 in chips) 
ars9: posts small blind $0.50
Breno.del: posts big blind $1
*** HOLE CARDS ***
B1GBankroll: folds 
joaquin612: raises $1.50 to $2.50
pr0tecto: folds 
fobot21: folds 
ars9: folds 
Breno.del: calls $1.50
*** FLOP *** [4s Kd 6d]
Breno.del: checks 
joaquin612: bets $1.72
Breno.del: calls $1.72
*** TURN *** [4s Kd 6d] [Jh]
Breno.del: checks 
joaquin612: bets $4
Breno.del: calls $4
*** RIVER *** [4s Kd 6d Jh] [9h]
Breno.del: bets $16.09
joaquin612: folds 
Uncalled bet ($16.09) returned to Breno.del
Breno.del collected $16.09 from pot
*** SUMMARY ***
Total pot $16.94 | Rake $0.85 
Board [4s Kd 6d Jh 9h]
Seat 1: fobot21 (button) folded before Flop (didn't bet)
Seat 2: ars9 (small blind) folded before Flop
Seat 3: Breno.del (big blind) collected ($16.09)
Seat 4: B1GBankroll folded before Flop (didn't bet)
Seat 5: joaquin612 folded on the River
Seat 6: pr0tecto folded before Flop (didn't bet)



PokerStars Hand #254602069650:  Hold'em No Limit ($0.50/$1.00 USD) - 2025/01/28 3:07:43 WET [2025/01/28 22:07:43 ET]
Table 'Pictor' 6-max Seat #2 is the button
Seat 1: fobot21 ($171.92 in chips) 
Seat 2: ars9 ($71.07 in chips) 
Seat 3: Breno.del ($208.55 in chips) 
Seat 4: B1GBankroll ($100 in chips) 
Seat 5: joaquin612 ($100 in chips) 
Seat 6: pr0tecto ($100 in chips) 
Breno.del: posts small blind $0.50
B1GBankroll: posts big blind $1
*** HOLE CARDS ***
joaquin612: folds 
pr0tecto: folds 
fobot21: raises $1.50 to $2.50
ars9: folds 
Breno.del: calls $2
B1GBankroll: calls $1.50
*** FLOP *** [Qs 7s 2s]
Breno.del: bets $7.12
B1GBankroll: folds 
fobot21: folds 
Uncalled bet ($7.12) returned to Breno.del
Breno.del collected $7.12 from pot
*** SUMMARY ***
Total pot $7.50 | Rake $0.38 
Board [Qs 7s 2s]
Seat 1: fobot21 folded on the Flop
Seat 2: ars9 (button) folded before Flop (didn't bet)
Seat 3: Breno.del (small blind) collected ($7.12)
Seat 4: B1GBankroll (big blind) folded on the Flop
Seat 5: joaquin612 folded before Flop (didn't bet)
Seat 6: pr0tecto folded before Flop (didn't bet)



