PokerStars Hand #254592580373:  Hold'em No Limit ($0.50/$1.00 USD) - 2025/01/28 18:01:35 WET [2025/01/28 13:01:35 ET]
Table 'Chantal' 6-max Seat #5 is the button
Seat 1: coeeeelho ($100 in chips) is sitting out
Seat 3: elcutez ($94.28 in chips) 
Seat 5: BoyLoc0 ($100 in chips) 
BoyLoc0: posts small blind $0.50
elcutez: posts big blind $1
*** HOLE CARDS ***
BoyLoc0: raises $1.50 to $2.50
elcutez: calls $1.50
*** FLOP *** [As Kc Ah]
elcutez: checks 
treds17 joins the table at seat #4 
BoyLoc0: checks 
*** TURN *** [As Kc Ah] [9d]
elcutez: bets $4.75
BoyLoc0: folds 
Uncalled bet ($4.75) returned to elcutez
elcutez collected $4.75 from pot
Ryantoland25 joins the table at seat #6 
Ryantoland25 is disconnected 
*** SUMMARY ***
Total pot $5 | Rake $0.25 
Board [As Kc Ah 9d]
Seat 1: coeeeelho
Seat 3: elcutez (big blind) collected ($4.75)
Seat 5: BoyLoc0 (button) (small blind) folded on the Turn



PokerStars Hand #254592592059:  Hold'em No Limit ($0.50/$1.00 USD) - 2025/01/28 18:02:16 WET [2025/01/28 13:02:16 ET]
Table 'Chantal' 6-max Seat #3 is the button
Seat 1: coeeeelho ($100 in chips) is sitting out
Seat 4: treds17 ($100 in chips) is sitting out
Seat 3: elcutez ($96.53 in chips) 
Seat 5: BoyLoc0 ($100 in chips) 
Seat 6: Ryantoland25 ($13.01 in chips) 
BoyLoc0: posts small blind $0.50
Ryantoland25: posts big blind $1
coeeeelho: sits out 
*** HOLE CARDS ***
elcutez: raises $2 to $3
z00mba joins the table at seat #2 
BoyLoc0: raises $9 to $12
Ryantoland25: folds 
elcutez: calls $9
*** FLOP *** [7s 5h 2c]
BoyLoc0: bets $16
elcutez: calls $16
*** TURN *** [7s 5h 2c] [8s]
BoyLoc0: bets $18.48
elcutez: folds 
Uncalled bet ($18.48) returned to BoyLoc0
BoyLoc0 collected $56 from pot
BoyLoc0: doesn't show hand 
*** SUMMARY ***
Total pot $57 | Rake $1 
Board [7s 5h 2c 8s]
Seat 1: coeeeelho
Seat 4: treds17
Seat 3: elcutez (button) folded on the Turn
Seat 5: BoyLoc0 (small blind) collected ($56)
Seat 6: Ryantoland25 (big blind) folded before Flop



PokerStars Hand #254592614878:  Hold'em No Limit ($0.50/$1.00 USD) - 2025/01/28 18:03:35 WET [2025/01/28 13:03:35 ET]
Table 'Chantal' 6-max Seat #5 is the button
Seat 2: z00mba ($100 in chips) is sitting out
Seat 4: treds17 ($100 in chips) is sitting out
Seat 1: coeeeelho ($100 in chips) 
Seat 3: elcutez ($68.53 in chips) 
Seat 5: BoyLoc0 ($128 in chips) 
Seat 6: Ryantoland25 ($12.01 in chips) 
Ryantoland25: posts small blind $0.50
coeeeelho: posts big blind $1
z00mba: sits out 
treds17: sits out 
*** HOLE CARDS ***
elcutez: calls $1
BoyLoc0: folds 
Ryantoland25: calls $0.50
coeeeelho: checks 
*** FLOP *** [4h 4c 3s]
Ryantoland25: bets $11.01 and is all-in
coeeeelho: folds 
elcutez: calls $11.01
*** TURN *** [4h 4c 3s] [6d]
*** RIVER *** [4h 4c 3s 6d] [8h]
*** SHOW DOWN ***
Ryantoland25: shows [Ad 7c] (a pair of Fours)
elcutez: shows [Kd Kh] (two pair, Kings and Fours)
elcutez collected $24.02 from pot
*** SUMMARY ***
Total pot $25.02 | Rake $1 
Board [4h 4c 3s 6d 8h]
Seat 2: z00mba
Seat 4: treds17
Seat 1: coeeeelho (big blind) folded on the Flop
Seat 3: elcutez showed [Kd Kh] and won ($24.02) with two pair, Kings and Fours
Seat 5: BoyLoc0 (button) folded before Flop (didn't bet)
Seat 6: Ryantoland25 (small blind) showed [Ad 7c] and lost with a pair of Fours



PokerStars Hand #254592624311:  Hold'em No Limit ($0.50/$1.00 USD) - 2025/01/28 18:04:08 WET [2025/01/28 13:04:08 ET]
Table 'Chantal' 6-max Seat #1 is the button
Seat 2: z00mba ($100 in chips) is sitting out
Seat 6: Ryantoland25 ($0 in chips) is sitting out
Seat 1: coeeeelho ($100 in chips) 
Seat 3: elcutez ($80.54 in chips) 
Seat 4: treds17 ($100 in chips) 
Seat 5: BoyLoc0 ($128 in chips) 
elcutez: posts small blind $0.50
treds17: posts big blind $1
*** HOLE CARDS ***
BoyLoc0: folds 
coeeeelho: folds 
elcutez: folds 
Uncalled bet ($0.50) returned to treds17
treds17 collected $1 from pot
treds17: doesn't show hand 
*** SUMMARY ***
Total pot $1 | Rake $0 
Seat 2: z00mba
Seat 6: Ryantoland25
Seat 1: coeeeelho (button) folded before Flop (didn't bet)
Seat 3: elcutez (small blind) folded before Flop
Seat 4: treds17 (big blind) collected ($1)
Seat 5: BoyLoc0 folded before Flop (didn't bet)



PokerStars Hand #254592629683:  Hold'em No Limit ($0.50/$1.00 USD) - 2025/01/28 18:04:25 WET [2025/01/28 13:04:25 ET]
Table 'Chantal' 6-max Seat #3 is the button
Seat 2: z00mba ($100 in chips) is sitting out
Seat 6: Ryantoland25 ($0 in chips) is sitting out
Seat 1: coeeeelho ($100 in chips) 
Seat 3: elcutez ($80.04 in chips) 
Seat 4: treds17 ($100.50 in chips) 
Seat 5: BoyLoc0 ($128 in chips) 
treds17: posts small blind $0.50
BoyLoc0: posts big blind $1
z00mba: sits out 
*** HOLE CARDS ***
coeeeelho: folds 
elcutez: raises $2 to $3
treds17: folds 
BoyLoc0: calls $2
*** FLOP *** [4h Ah Tc]
BoyLoc0: checks 
elcutez: checks 
*** TURN *** [4h Ah Tc] [5s]
BoyLoc0: bets $4.64
elcutez: calls $4.64
*** RIVER *** [4h Ah Tc 5s] [Ks]
BoyLoc0: checks 
elcutez: checks 
*** SHOW DOWN ***
BoyLoc0: shows [6h 8h] (high card Ace)
elcutez: shows [Jc Td] (a pair of Tens)
elcutez collected $14.99 from pot
*** SUMMARY ***
Total pot $15.78 | Rake $0.79 
Board [4h Ah Tc 5s Ks]
Seat 2: z00mba
Seat 6: Ryantoland25
Seat 1: coeeeelho folded before Flop (didn't bet)
Seat 3: elcutez (button) showed [Jc Td] and won ($14.99) with a pair of Tens
Seat 4: treds17 (small blind) folded before Flop
Seat 5: BoyLoc0 (big blind) showed [6h 8h] and lost with high card Ace



PokerStars Hand #254592642442:  Hold'em No Limit ($0.50/$1.00 USD) - 2025/01/28 18:05:09 WET [2025/01/28 13:05:09 ET]
Table 'Chantal' 6-max Seat #4 is the button
Seat 2: z00mba ($100 in chips) is sitting out
Seat 1: coeeeelho ($100 in chips) 
Seat 3: elcutez ($87.39 in chips) 
Seat 4: treds17 ($100 in chips) 
Seat 5: BoyLoc0 ($120.36 in chips) 
Seat 6: Ryantoland25 ($12.43 in chips) 
BoyLoc0: posts small blind $0.50
Ryantoland25: posts big blind $1
z00mba: sits out 
*** HOLE CARDS ***
coeeeelho: folds 
elcutez: folds 
treds17: folds 
BoyLoc0: folds 
Uncalled bet ($0.50) returned to Ryantoland25
Ryantoland25 collected $1 from pot
*** SUMMARY ***
Total pot $1 | Rake $0 
Seat 2: z00mba
Seat 1: coeeeelho folded before Flop (didn't bet)
Seat 3: elcutez folded before Flop (didn't bet)
Seat 4: treds17 (button) folded before Flop (didn't bet)
Seat 5: BoyLoc0 (small blind) folded before Flop
Seat 6: Ryantoland25 (big blind) collected ($1)



PokerStars Hand #254592647699:  Hold'em No Limit ($0.50/$1.00 USD) - 2025/01/28 18:05:27 WET [2025/01/28 13:05:27 ET]
Table 'Chantal' 6-max Seat #5 is the button
Seat 2: z00mba ($100 in chips) is sitting out
Seat 1: coeeeelho ($100 in chips) 
Seat 3: elcutez ($87.39 in chips) 
Seat 4: treds17 ($100 in chips) 
Seat 5: BoyLoc0 ($119.86 in chips) 
Seat 6: Ryantoland25 ($12.93 in chips) 
Ryantoland25: posts small blind $0.50
coeeeelho: posts big blind $1
z00mba: sits out 
*** HOLE CARDS ***
elcutez: folds 
treds17: folds 
BoyLoc0: folds 
Ryantoland25: folds 
Uncalled bet ($0.50) returned to coeeeelho
coeeeelho collected $1 from pot
*** SUMMARY ***
Total pot $1 | Rake $0 
Seat 2: z00mba
Seat 1: coeeeelho (big blind) collected ($1)
Seat 3: elcutez folded before Flop (didn't bet)
Seat 4: treds17 folded before Flop (didn't bet)
Seat 5: BoyLoc0 (button) folded before Flop (didn't bet)
Seat 6: Ryantoland25 (small blind) folded before Flop



PokerStars Hand #254592651559:  Hold'em No Limit ($0.50/$1.00 USD) - 2025/01/28 18:05:40 WET [2025/01/28 13:05:40 ET]
Table 'Chantal' 6-max Seat #6 is the button
Seat 1: coeeeelho ($100.50 in chips) 
Seat 2: z00mba ($100 in chips) 
Seat 3: elcutez ($87.39 in chips) 
Seat 4: treds17 ($100 in chips) 
Seat 5: BoyLoc0 ($119.86 in chips) 
Seat 6: Ryantoland25 ($12.43 in chips) 
coeeeelho: posts small blind $0.50
z00mba: posts big blind $1
*** HOLE CARDS ***
elcutez: calls $1
treds17: folds 
BoyLoc0: folds 
Ryantoland25: folds 
coeeeelho: folds 
z00mba: checks 
*** FLOP *** [Qh 8s Tc]
z00mba: checks 
elcutez: checks 
*** TURN *** [Qh 8s Tc] [3h]
z00mba: checks 
elcutez: checks 
*** RIVER *** [Qh 8s Tc 3h] [2h]
z00mba: bets $1.50
elcutez: folds 
Uncalled bet ($1.50) returned to z00mba
z00mba collected $2.38 from pot
z00mba: doesn't show hand 
*** SUMMARY ***
Total pot $2.50 | Rake $0.12 
Board [Qh 8s Tc 3h 2h]
Seat 1: coeeeelho (small blind) folded before Flop
Seat 2: z00mba (big blind) collected ($2.38)
Seat 3: elcutez folded on the River
Seat 4: treds17 folded before Flop (didn't bet)
Seat 5: BoyLoc0 folded before Flop (didn't bet)
Seat 6: Ryantoland25 (button) folded before Flop (didn't bet)



PokerStars Hand #254592663151:  Hold'em No Limit ($0.50/$1.00 USD) - 2025/01/28 18:06:21 WET [2025/01/28 13:06:21 ET]
Table 'Chantal' 6-max Seat #1 is the button
Seat 1: coeeeelho ($100 in chips) 
Seat 2: z00mba ($101.38 in chips) 
Seat 3: elcutez ($86.39 in chips) 
Seat 4: treds17 ($100 in chips) 
Seat 5: BoyLoc0 ($119.86 in chips) 
Seat 6: Ryantoland25 ($12.43 in chips) 
z00mba: posts small blind $0.50
elcutez: posts big blind $1
*** HOLE CARDS ***
treds17: folds 
BoyLoc0: folds 
Ryantoland25: folds 
coeeeelho: folds 
z00mba: folds 
Uncalled bet ($0.50) returned to elcutez
elcutez collected $1 from pot
*** SUMMARY ***
Total pot $1 | Rake $0 
Seat 1: coeeeelho (button) folded before Flop (didn't bet)
Seat 2: z00mba (small blind) folded before Flop
Seat 3: elcutez (big blind) collected ($1)
Seat 4: treds17 folded before Flop (didn't bet)
Seat 5: BoyLoc0 folded before Flop (didn't bet)
Seat 6: Ryantoland25 folded before Flop (didn't bet)



PokerStars Hand #254592667938:  Hold'em No Limit ($0.50/$1.00 USD) - 2025/01/28 18:06:37 WET [2025/01/28 13:06:37 ET]
Table 'Chantal' 6-max Seat #2 is the button
Seat 1: coeeeelho ($100 in chips) 
Seat 2: z00mba ($100.88 in chips) 
Seat 3: elcutez ($86.89 in chips) 
Seat 4: treds17 ($100 in chips) 
Seat 5: BoyLoc0 ($119.86 in chips) 
Seat 6: Ryantoland25 ($12.43 in chips) 
elcutez: posts small blind $0.50
treds17: posts big blind $1
*** HOLE CARDS ***
BoyLoc0: folds 
Ryantoland25: raises $1 to $2
coeeeelho: folds 
z00mba: folds 
elcutez: calls $1.50
treds17: calls $1
*** FLOP *** [2c 9c Ah]
elcutez: checks 
treds17: checks 
Ryantoland25: bets $2.85
elcutez: folds 
treds17: calls $2.85
*** TURN *** [2c 9c Ah] [7d]
treds17: checks 
Ryantoland25: bets $7.58 and is all-in
treds17: folds 
Uncalled bet ($7.58) returned to Ryantoland25
Ryantoland25 collected $11.12 from pot
*** SUMMARY ***
Total pot $11.70 | Rake $0.58 
Board [2c 9c Ah 7d]
Seat 1: coeeeelho folded before Flop (didn't bet)
Seat 2: z00mba (button) folded before Flop (didn't bet)
Seat 3: elcutez (small blind) folded on the Flop
Seat 4: treds17 (big blind) folded on the Turn
Seat 5: BoyLoc0 folded before Flop (didn't bet)
Seat 6: Ryantoland25 collected ($11.12)



PokerStars Hand #254592685121:  Hold'em No Limit ($0.50/$1.00 USD) - 2025/01/28 18:07:37 WET [2025/01/28 13:07:37 ET]
Table 'Chantal' 6-max Seat #3 is the button
Seat 1: coeeeelho ($100 in chips) 
Seat 2: z00mba ($100.88 in chips) 
Seat 3: elcutez ($84.89 in chips) 
Seat 4: treds17 ($100 in chips) 
Seat 5: BoyLoc0 ($119.86 in chips) 
Seat 6: Ryantoland25 ($18.70 in chips) 
treds17: posts small blind $0.50
BoyLoc0: posts big blind $1
*** HOLE CARDS ***
Ryantoland25: folds 
coeeeelho: folds 
z00mba: folds 
elcutez: folds 
treds17: folds 
Uncalled bet ($0.50) returned to BoyLoc0
BoyLoc0 collected $1 from pot
BoyLoc0: doesn't show hand 
*** SUMMARY ***
Total pot $1 | Rake $0 
Seat 1: coeeeelho folded before Flop (didn't bet)
Seat 2: z00mba folded before Flop (didn't bet)
Seat 3: elcutez (button) folded before Flop (didn't bet)
Seat 4: treds17 (small blind) folded before Flop
Seat 5: BoyLoc0 (big blind) collected ($1)
Seat 6: Ryantoland25 folded before Flop (didn't bet)



PokerStars Hand #254592691214:  Hold'em No Limit ($0.50/$1.00 USD) - 2025/01/28 18:07:57 WET [2025/01/28 13:07:57 ET]
Table 'Chantal' 6-max Seat #4 is the button
Seat 1: coeeeelho ($100 in chips) 
Seat 2: z00mba ($100.88 in chips) 
Seat 3: elcutez ($84.89 in chips) 
Seat 4: treds17 ($100 in chips) 
Seat 5: BoyLoc0 ($120.36 in chips) 
Seat 6: Ryantoland25 ($18.70 in chips) 
BoyLoc0: posts small blind $0.50
Ryantoland25: posts big blind $1
*** HOLE CARDS ***
coeeeelho: folds 
z00mba: folds 
elcutez: folds 
treds17: folds 
BoyLoc0: folds 
Uncalled bet ($0.50) returned to Ryantoland25
Ryantoland25 collected $1 from pot
*** SUMMARY ***
Total pot $1 | Rake $0 
Seat 1: coeeeelho folded before Flop (didn't bet)
Seat 2: z00mba folded before Flop (didn't bet)
Seat 3: elcutez folded before Flop (didn't bet)
Seat 4: treds17 (button) folded before Flop (didn't bet)
Seat 5: BoyLoc0 (small blind) folded before Flop
Seat 6: Ryantoland25 (big blind) collected ($1)



PokerStars Hand #254592696887:  Hold'em No Limit ($0.50/$1.00 USD) - 2025/01/28 18:08:17 WET [2025/01/28 13:08:17 ET]
Table 'Chantal' 6-max Seat #5 is the button
Seat 1: coeeeelho ($100 in chips) 
Seat 2: z00mba ($100.88 in chips) 
Seat 3: elcutez ($84.89 in chips) 
Seat 4: treds17 ($100 in chips) 
Seat 5: BoyLoc0 ($119.86 in chips) 
Seat 6: Ryantoland25 ($19.20 in chips) 
Ryantoland25: posts small blind $0.50
coeeeelho: posts big blind $1
*** HOLE CARDS ***
z00mba: folds 
elcutez: folds 
elcutez leaves the table
treds17: folds 
IREQO joins the table at seat #3 
BoyLoc0: raises $1.50 to $2.50
Ryantoland25: folds 
coeeeelho: folds 
Uncalled bet ($1.50) returned to BoyLoc0
BoyLoc0 collected $2.50 from pot
BoyLoc0: doesn't show hand 
*** SUMMARY ***
Total pot $2.50 | Rake $0 
Seat 1: coeeeelho (big blind) folded before Flop
Seat 2: z00mba folded before Flop (didn't bet)
Seat 3: elcutez folded before Flop (didn't bet)
Seat 4: treds17 folded before Flop (didn't bet)
Seat 5: BoyLoc0 (button) collected ($2.50)
Seat 6: Ryantoland25 (small blind) folded before Flop



PokerStars Hand #254592702707:  Hold'em No Limit ($0.50/$1.00 USD) - 2025/01/28 18:08:37 WET [2025/01/28 13:08:37 ET]
Table 'Chantal' 6-max Seat #6 is the button
Seat 3: IREQO ($100 in chips) is sitting out
Seat 1: coeeeelho ($100 in chips) 
Seat 2: z00mba ($100.88 in chips) 
Seat 4: treds17 ($100 in chips) 
Seat 5: BoyLoc0 ($121.36 in chips) 
Seat 6: Ryantoland25 ($18.70 in chips) 
coeeeelho: posts small blind $0.50
z00mba: posts big blind $1
IREQO: sits out 
*** HOLE CARDS ***
treds17: folds 
BoyLoc0: raises $1.50 to $2.50
Ryantoland25: folds 
coeeeelho: folds 
z00mba: folds 
Uncalled bet ($1.50) returned to BoyLoc0
BoyLoc0 collected $2.50 from pot
BoyLoc0: doesn't show hand 
*** SUMMARY ***
Total pot $2.50 | Rake $0 
Seat 3: IREQO
Seat 1: coeeeelho (small blind) folded before Flop
Seat 2: z00mba (big blind) folded before Flop
Seat 4: treds17 folded before Flop (didn't bet)
Seat 5: BoyLoc0 collected ($2.50)
Seat 6: Ryantoland25 (button) folded before Flop (didn't bet)



PokerStars Hand #254592708308:  Hold'em No Limit ($0.50/$1.00 USD) - 2025/01/28 18:08:56 WET [2025/01/28 13:08:56 ET]
Table 'Chantal' 6-max Seat #1 is the button
Seat 1: coeeeelho ($100 in chips) 
Seat 2: z00mba ($100 in chips) 
Seat 3: IREQO ($100 in chips) 
Seat 4: treds17 ($100 in chips) 
Seat 5: BoyLoc0 ($122.86 in chips) 
Seat 6: Ryantoland25 ($18.70 in chips) 
z00mba: posts small blind $0.50
IREQO: posts big blind $1
*** HOLE CARDS ***
treds17: folds 
BoyLoc0: folds 
Ryantoland25: raises $1 to $2
coeeeelho: folds 
z00mba: folds 
IREQO: folds 
Uncalled bet ($1) returned to Ryantoland25
Ryantoland25 collected $2.50 from pot
*** SUMMARY ***
Total pot $2.50 | Rake $0 
Seat 1: coeeeelho (button) folded before Flop (didn't bet)
Seat 2: z00mba (small blind) folded before Flop
Seat 3: IREQO (big blind) folded before Flop
Seat 4: treds17 folded before Flop (didn't bet)
Seat 5: BoyLoc0 folded before Flop (didn't bet)
Seat 6: Ryantoland25 collected ($2.50)



PokerStars Hand #254592717236:  Hold'em No Limit ($0.50/$1.00 USD) - 2025/01/28 18:09:27 WET [2025/01/28 13:09:27 ET]
Table 'Chantal' 6-max Seat #2 is the button
Seat 1: coeeeelho ($100 in chips) 
Seat 2: z00mba ($100 in chips) 
Seat 3: IREQO ($100 in chips) 
Seat 4: treds17 ($100 in chips) 
Seat 5: BoyLoc0 ($122.86 in chips) 
Seat 6: Ryantoland25 ($20.20 in chips) 
IREQO: posts small blind $0.50
treds17: posts big blind $1
*** HOLE CARDS ***
BoyLoc0: folds 
Ryantoland25: folds 
coeeeelho: folds 
coeeeelho leaves the table
z00mba: folds 
IREQO: folds 
Uncalled bet ($0.50) returned to treds17
treds17 collected $1 from pot
treds17: doesn't show hand 
*** SUMMARY ***
Total pot $1 | Rake $0 
Seat 1: coeeeelho folded before Flop (didn't bet)
Seat 2: z00mba (button) folded before Flop (didn't bet)
Seat 3: IREQO (small blind) folded before Flop
Seat 4: treds17 (big blind) collected ($1)
Seat 5: BoyLoc0 folded before Flop (didn't bet)
Seat 6: Ryantoland25 folded before Flop (didn't bet)



PokerStars Hand #254592723786:  Hold'em No Limit ($0.50/$1.00 USD) - 2025/01/28 18:09:50 WET [2025/01/28 13:09:50 ET]
Table 'Chantal' 6-max Seat #3 is the button
Seat 2: z00mba ($100 in chips) 
Seat 3: IREQO ($100 in chips) 
Seat 4: treds17 ($100.50 in chips) 
Seat 5: BoyLoc0 ($122.86 in chips) 
Seat 6: Ryantoland25 ($20.20 in chips) 
treds17: posts small blind $0.50
BoyLoc0: posts big blind $1
*** HOLE CARDS ***
Ryantoland25: raises $1 to $2
z00mba: folds 
Xenicide joins the table at seat #1 
IREQO: folds 
treds17: raises $6.50 to $8.50
BoyLoc0: folds 
Ryantoland25: folds 
Uncalled bet ($6.50) returned to treds17
treds17 collected $5 from pot
treds17: doesn't show hand 
*** SUMMARY ***
Total pot $5 | Rake $0 
Seat 2: z00mba folded before Flop (didn't bet)
Seat 3: IREQO (button) folded before Flop (didn't bet)
Seat 4: treds17 (small blind) collected ($5)
Seat 5: BoyLoc0 (big blind) folded before Flop
Seat 6: Ryantoland25 folded before Flop



PokerStars Hand #254592731076:  Hold'em No Limit ($0.50/$1.00 USD) - 2025/01/28 18:10:15 WET [2025/01/28 13:10:15 ET]
Table 'Chantal' 6-max Seat #4 is the button
Seat 1: Xenicide ($100 in chips) is sitting out
Seat 2: z00mba ($100 in chips) 
Seat 3: IREQO ($100 in chips) 
Seat 4: treds17 ($103.50 in chips) 
Seat 5: BoyLoc0 ($121.86 in chips) 
Seat 6: Ryantoland25 ($18.20 in chips) 
BoyLoc0: posts small blind $0.50
Ryantoland25: posts big blind $1
Xenicide: sits out 
*** HOLE CARDS ***
z00mba: raises $1.50 to $2.50
IREQO: folds 
treds17: folds 
BoyLoc0: folds 
Ryantoland25: folds 
Uncalled bet ($1.50) returned to z00mba
z00mba collected $2.50 from pot
z00mba: doesn't show hand 
*** SUMMARY ***
Total pot $2.50 | Rake $0 
Seat 1: Xenicide
Seat 2: z00mba collected ($2.50)
Seat 3: IREQO folded before Flop (didn't bet)
Seat 4: treds17 (button) folded before Flop (didn't bet)
Seat 5: BoyLoc0 (small blind) folded before Flop
Seat 6: Ryantoland25 (big blind) folded before Flop



PokerStars Hand #254592736103:  Hold'em No Limit ($0.50/$1.00 USD) - 2025/01/28 18:10:32 WET [2025/01/28 13:10:32 ET]
Table 'Chantal' 6-max Seat #5 is the button
Seat 1: Xenicide ($100 in chips) 
Seat 2: z00mba ($101.50 in chips) 
Seat 3: IREQO ($100 in chips) 
Seat 4: treds17 ($103.50 in chips) 
Seat 5: BoyLoc0 ($121.36 in chips) 
Seat 6: Ryantoland25 ($17.20 in chips) 
Ryantoland25: posts small blind $0.50
Xenicide: posts big blind $1
*** HOLE CARDS ***
z00mba: folds 
IREQO: folds 
treds17: raises $1.30 to $2.30
BoyLoc0: folds 
Ryantoland25: calls $1.80
Xenicide: raises $10.20 to $12.50
treds17: calls $10.20
Ryantoland25: folds 
*** FLOP *** [Ac 5s Qc]
Xenicide: bets $6.49
treds17: folds 
Uncalled bet ($6.49) returned to Xenicide
Xenicide collected $25.94 from pot
*** SUMMARY ***
Total pot $27.30 | Rake $1.36 
Board [Ac 5s Qc]
Seat 1: Xenicide (big blind) collected ($25.94)
Seat 2: z00mba folded before Flop (didn't bet)
Seat 3: IREQO folded before Flop (didn't bet)
Seat 4: treds17 folded on the Flop
Seat 5: BoyLoc0 (button) folded before Flop (didn't bet)
Seat 6: Ryantoland25 (small blind) folded before Flop



PokerStars Hand #254592758964:  Hold'em No Limit ($0.50/$1.00 USD) - 2025/01/28 18:11:49 WET [2025/01/28 13:11:49 ET]
Table 'Chantal' 6-max Seat #6 is the button
Seat 1: Xenicide ($113.44 in chips) 
Seat 2: z00mba ($101.50 in chips) 
Seat 3: IREQO ($100 in chips) 
Seat 4: treds17 ($100 in chips) 
Seat 5: BoyLoc0 ($121.36 in chips) 
Seat 6: Ryantoland25 ($14.90 in chips) 
Xenicide: posts small blind $0.50
z00mba: posts big blind $1
*** HOLE CARDS ***
IREQO: folds 
treds17: folds 
BoyLoc0: folds 
Ryantoland25: folds 
Xenicide: folds 
Uncalled bet ($0.50) returned to z00mba
z00mba collected $1 from pot
z00mba: doesn't show hand 
*** SUMMARY ***
Total pot $1 | Rake $0 
Seat 1: Xenicide (small blind) folded before Flop
Seat 2: z00mba (big blind) collected ($1)
Seat 3: IREQO folded before Flop (didn't bet)
Seat 4: treds17 folded before Flop (didn't bet)
Seat 5: BoyLoc0 folded before Flop (didn't bet)
Seat 6: Ryantoland25 (button) folded before Flop (didn't bet)



PokerStars Hand #254592765853:  Hold'em No Limit ($0.50/$1.00 USD) - 2025/01/28 18:12:13 WET [2025/01/28 13:12:13 ET]
Table 'Chantal' 6-max Seat #1 is the button
Seat 1: Xenicide ($112.94 in chips) 
Seat 2: z00mba ($102 in chips) 
Seat 3: IREQO ($100 in chips) 
Seat 4: treds17 ($100 in chips) 
Seat 5: BoyLoc0 ($121.36 in chips) 
Seat 6: Ryantoland25 ($14.90 in chips) 
z00mba: posts small blind $0.50
IREQO: posts big blind $1
*** HOLE CARDS ***
treds17: folds 
BoyLoc0: folds 
Ryantoland25: folds 
Xenicide: folds 
z00mba: raises $2 to $3
IREQO: calls $2
*** FLOP *** [Td As 6h]
z00mba: checks 
IREQO: checks 
*** TURN *** [Td As 6h] [Th]
z00mba: checks 
IREQO: checks 
*** RIVER *** [Td As 6h Th] [Jh]
z00mba: checks 
IREQO: checks 
*** SHOW DOWN ***
z00mba: shows [Ah 3c] (two pair, Aces and Tens)
IREQO: mucks hand 
z00mba collected $5.70 from pot
*** SUMMARY ***
Total pot $6 | Rake $0.30 
Board [Td As 6h Th Jh]
Seat 1: Xenicide (button) folded before Flop (didn't bet)
Seat 2: z00mba (small blind) showed [Ah 3c] and won ($5.70) with two pair, Aces and Tens
Seat 3: IREQO (big blind) mucked
Seat 4: treds17 folded before Flop (didn't bet)
Seat 5: BoyLoc0 folded before Flop (didn't bet)
Seat 6: Ryantoland25 folded before Flop (didn't bet)



PokerStars Hand #254592788244:  Hold'em No Limit ($0.50/$1.00 USD) - 2025/01/28 18:13:28 WET [2025/01/28 13:13:28 ET]
Table 'Chantal' 6-max Seat #2 is the button
Seat 1: Xenicide ($112.94 in chips) 
Seat 2: z00mba ($104.70 in chips) 
Seat 3: IREQO ($100 in chips) 
Seat 4: treds17 ($100 in chips) 
Seat 5: BoyLoc0 ($121.36 in chips) 
Seat 6: Ryantoland25 ($14.90 in chips) 
IREQO: posts small blind $0.50
treds17: posts big blind $1
*** HOLE CARDS ***
BoyLoc0: folds 
Ryantoland25: folds 
Xenicide: folds 
z00mba: folds 
IREQO: raises $1.50 to $2.50
treds17: folds 
Uncalled bet ($1.50) returned to IREQO
IREQO collected $2 from pot
IREQO: doesn't show hand 
*** SUMMARY ***
Total pot $2 | Rake $0 
Seat 1: Xenicide folded before Flop (didn't bet)
Seat 2: z00mba (button) folded before Flop (didn't bet)
Seat 3: IREQO (small blind) collected ($2)
Seat 4: treds17 (big blind) folded before Flop
Seat 5: BoyLoc0 folded before Flop (didn't bet)
Seat 6: Ryantoland25 folded before Flop (didn't bet)



PokerStars Hand #254592794484:  Hold'em No Limit ($0.50/$1.00 USD) - 2025/01/28 18:13:49 WET [2025/01/28 13:13:49 ET]
Table 'Chantal' 6-max Seat #3 is the button
Seat 1: Xenicide ($112.94 in chips) 
Seat 2: z00mba ($104.70 in chips) 
Seat 3: IREQO ($101 in chips) 
Seat 4: treds17 ($100 in chips) 
Seat 5: BoyLoc0 ($121.36 in chips) 
Seat 6: Ryantoland25 ($14.90 in chips) 
treds17: posts small blind $0.50
BoyLoc0: posts big blind $1
*** HOLE CARDS ***
Ryantoland25: folds 
Xenicide: folds 
z00mba: raises $1.50 to $2.50
IREQO: folds 
treds17: folds 
BoyLoc0: folds 
Uncalled bet ($1.50) returned to z00mba
z00mba collected $2.50 from pot
z00mba: doesn't show hand 
*** SUMMARY ***
Total pot $2.50 | Rake $0 
Seat 1: Xenicide folded before Flop (didn't bet)
Seat 2: z00mba collected ($2.50)
Seat 3: IREQO (button) folded before Flop (didn't bet)
Seat 4: treds17 (small blind) folded before Flop
Seat 5: BoyLoc0 (big blind) folded before Flop
Seat 6: Ryantoland25 folded before Flop (didn't bet)



PokerStars Hand #254592800163:  Hold'em No Limit ($0.50/$1.00 USD) - 2025/01/28 18:14:09 WET [2025/01/28 13:14:09 ET]
Table 'Chantal' 6-max Seat #4 is the button
Seat 1: Xenicide ($112.94 in chips) 
Seat 2: z00mba ($106.20 in chips) 
Seat 3: IREQO ($101 in chips) 
Seat 4: treds17 ($100 in chips) 
Seat 5: BoyLoc0 ($120.36 in chips) 
Seat 6: Ryantoland25 ($14.90 in chips) 
BoyLoc0: posts small blind $0.50
Ryantoland25: posts big blind $1
*** HOLE CARDS ***
Xenicide: folds 
z00mba: folds 
IREQO: folds 
treds17: folds 
BoyLoc0: raises $14 to $15
Ryantoland25: calls $13.90 and is all-in
Uncalled bet ($0.10) returned to BoyLoc0
*** FLOP *** [Ks 9h Jh]
*** TURN *** [Ks 9h Jh] [Th]
*** RIVER *** [Ks 9h Jh Th] [7c]
*** SHOW DOWN ***
BoyLoc0: shows [4d 4h] (a pair of Fours)
Ryantoland25: shows [Ah Qd] (a straight, Ten to Ace)
Ryantoland25 collected $28.31 from pot
*** SUMMARY ***
Total pot $29.80 | Rake $1.49 
Board [Ks 9h Jh Th 7c]
Seat 1: Xenicide folded before Flop (didn't bet)
Seat 2: z00mba folded before Flop (didn't bet)
Seat 3: IREQO folded before Flop (didn't bet)
Seat 4: treds17 (button) folded before Flop (didn't bet)
Seat 5: BoyLoc0 (small blind) showed [4d 4h] and lost with a pair of Fours
Seat 6: Ryantoland25 (big blind) showed [Ah Qd] and won ($28.31) with a straight, Ten to Ace



PokerStars Hand #254592808943:  Hold'em No Limit ($0.50/$1.00 USD) - 2025/01/28 18:14:38 WET [2025/01/28 13:14:38 ET]
Table 'Chantal' 6-max Seat #5 is the button
Seat 1: Xenicide ($112.94 in chips) 
Seat 2: z00mba ($106.20 in chips) 
Seat 3: IREQO ($101 in chips) 
Seat 4: treds17 ($100 in chips) 
Seat 5: BoyLoc0 ($105.46 in chips) 
Seat 6: Ryantoland25 ($28.31 in chips) 
Ryantoland25: posts small blind $0.50
Xenicide: posts big blind $1
*** HOLE CARDS ***
z00mba: folds 
IREQO: folds 
treds17: folds 
BoyLoc0: raises $1.50 to $2.50
Ryantoland25: folds 
Xenicide: folds 
Uncalled bet ($1.50) returned to BoyLoc0
BoyLoc0 collected $2.50 from pot
BoyLoc0: doesn't show hand 
*** SUMMARY ***
Total pot $2.50 | Rake $0 
Seat 1: Xenicide (big blind) folded before Flop
Seat 2: z00mba folded before Flop (didn't bet)
Seat 3: IREQO folded before Flop (didn't bet)
Seat 4: treds17 folded before Flop (didn't bet)
Seat 5: BoyLoc0 (button) collected ($2.50)
Seat 6: Ryantoland25 (small blind) folded before Flop



PokerStars Hand #254592814776:  Hold'em No Limit ($0.50/$1.00 USD) - 2025/01/28 18:14:59 WET [2025/01/28 13:14:59 ET]
Table 'Chantal' 6-max Seat #6 is the button
Seat 2: z00mba ($106.20 in chips) is sitting out
Seat 1: Xenicide ($111.94 in chips) 
Seat 3: IREQO ($101 in chips) 
Seat 4: treds17 ($100 in chips) 
Seat 5: BoyLoc0 ($106.96 in chips) 
Seat 6: Ryantoland25 ($27.81 in chips) 
Xenicide: posts small blind $0.50
z00mba: is sitting out 
IREQO: posts big blind $1
*** HOLE CARDS ***
treds17: raises $1.20 to $2.20
BoyLoc0: folds 
Ryantoland25: folds 
Xenicide: folds 
IREQO: folds 
Uncalled bet ($1.20) returned to treds17
treds17 collected $2.50 from pot
treds17: doesn't show hand 
*** SUMMARY ***
Total pot $2.50 | Rake $0 
Seat 2: z00mba
Seat 1: Xenicide (small blind) folded before Flop
Seat 3: IREQO (big blind) folded before Flop
Seat 4: treds17 collected ($2.50)
Seat 5: BoyLoc0 folded before Flop (didn't bet)
Seat 6: Ryantoland25 (button) folded before Flop (didn't bet)



PokerStars Hand #254592955164:  Hold'em No Limit ($0.50/$1.00 USD) - 2025/01/28 18:22:55 WET [2025/01/28 13:22:55 ET]
Table 'Chantal' 6-max Seat #5 is the button
Seat 4: blistein ($100 in chips) is sitting out
Seat 2: franbasualdo10 ($28.92 in chips) 
Seat 3: jujupipa27 ($22.12 in chips) 
Seat 5: coeeeelho ($104.60 in chips) 
franbasualdo10: posts small blind $0.50
jujupipa27: posts big blind $1
blistein: sits out 
*** HOLE CARDS ***
rao999 joins the table at seat #1 
coeeeelho: folds 
franbasualdo10: raises $1 to $2
jujupipa27: folds 
Uncalled bet ($1) returned to franbasualdo10
franbasualdo10 collected $2 from pot
*** SUMMARY ***
Total pot $2 | Rake $0 
Seat 4: blistein
Seat 2: franbasualdo10 (small blind) collected ($2)
Seat 3: jujupipa27 (big blind) folded before Flop
Seat 5: coeeeelho (button) folded before Flop (didn't bet)



PokerStars Hand #254592959608:  Hold'em No Limit ($0.50/$1.00 USD) - 2025/01/28 18:23:10 WET [2025/01/28 13:23:10 ET]
Table 'Chantal' 6-max Seat #2 is the button
Seat 1: rao999 ($100 in chips) is sitting out
Seat 2: franbasualdo10 ($29.92 in chips) 
Seat 3: jujupipa27 ($21.12 in chips) 
Seat 4: blistein ($100 in chips) 
Seat 5: coeeeelho ($104.60 in chips) 
jujupipa27: posts small blind $0.50
blistein: posts big blind $1
rao999: sits out 
*** HOLE CARDS ***
coeeeelho: folds 
franbasualdo10: folds 
jujupipa27: raises $20.12 to $21.12 and is all-in
Megaways joins the table at seat #6 
Megaways is disconnected 
blistein: folds 
Uncalled bet ($20.12) returned to jujupipa27
jujupipa27 collected $2 from pot
*** SUMMARY ***
Total pot $2 | Rake $0 
Seat 1: rao999
Seat 2: franbasualdo10 (button) folded before Flop (didn't bet)
Seat 3: jujupipa27 (small blind) collected ($2)
Seat 4: blistein (big blind) folded before Flop
Seat 5: coeeeelho folded before Flop (didn't bet)



PokerStars Hand #254592962957:  Hold'em No Limit ($0.50/$1.00 USD) - 2025/01/28 18:23:21 WET [2025/01/28 13:23:21 ET]
Table 'Chantal' 6-max Seat #3 is the button
Seat 1: rao999 ($100 in chips) is sitting out
Seat 6: Megaways ($52.74 in chips) is sitting out
Seat 2: franbasualdo10 ($29.92 in chips) 
Seat 3: jujupipa27 ($22.12 in chips) 
Seat 4: blistein ($100 in chips) 
Seat 5: coeeeelho ($104.60 in chips) 
blistein: posts small blind $0.50
coeeeelho: posts big blind $1
Megaways: sits out 
rao999: sits out 
*** HOLE CARDS ***
franbasualdo10: calls $1
jujupipa27: raises $21.12 to $22.12 and is all-in
blistein: folds 
coeeeelho: folds 
franbasualdo10: folds 
Uncalled bet ($21.12) returned to jujupipa27
jujupipa27 collected $3.50 from pot
*** SUMMARY ***
Total pot $3.50 | Rake $0 
Seat 1: rao999
Seat 6: Megaways
Seat 2: franbasualdo10 folded before Flop
Seat 3: jujupipa27 (button) collected ($3.50)
Seat 4: blistein (small blind) folded before Flop
Seat 5: coeeeelho (big blind) folded before Flop



PokerStars Hand #254592967479:  Hold'em No Limit ($0.50/$1.00 USD) - 2025/01/28 18:23:37 WET [2025/01/28 13:23:37 ET]
Table 'Chantal' 6-max Seat #4 is the button
Seat 1: rao999 ($100 in chips) is sitting out
Seat 2: franbasualdo10 ($28.92 in chips) 
Seat 3: jujupipa27 ($24.62 in chips) 
Seat 4: blistein ($100 in chips) 
Seat 5: coeeeelho ($103.60 in chips) 
Seat 6: Megaways ($52.74 in chips) 
coeeeelho: posts small blind $0.50
Megaways: posts big blind $1
rao999: sits out 
*** HOLE CARDS ***
franbasualdo10: folds 
jujupipa27: folds 
blistein: raises $1.50 to $2.50
coeeeelho: folds 
Megaways: folds 
Uncalled bet ($1.50) returned to blistein
blistein collected $2.50 from pot
blistein: doesn't show hand 
*** SUMMARY ***
Total pot $2.50 | Rake $0 
Seat 1: rao999
Seat 2: franbasualdo10 folded before Flop (didn't bet)
Seat 3: jujupipa27 folded before Flop (didn't bet)
Seat 4: blistein (button) collected ($2.50)
Seat 5: coeeeelho (small blind) folded before Flop
Seat 6: Megaways (big blind) folded before Flop



PokerStars Hand #254592971385:  Hold'em No Limit ($0.50/$1.00 USD) - 2025/01/28 18:23:50 WET [2025/01/28 13:23:50 ET]
Table 'Chantal' 6-max Seat #5 is the button
Seat 1: rao999 ($100 in chips) 
Seat 2: franbasualdo10 ($28.92 in chips) 
Seat 3: jujupipa27 ($24.62 in chips) 
Seat 4: blistein ($101.50 in chips) 
Seat 5: coeeeelho ($103.10 in chips) 
Seat 6: Megaways ($51.74 in chips) 
Megaways: posts small blind $0.50
rao999: posts big blind $1
*** HOLE CARDS ***
franbasualdo10: folds 
jujupipa27: folds 
blistein: folds 
coeeeelho: raises $1.20 to $2.20
Megaways: folds 
rao999: raises $10.80 to $13
coeeeelho: folds 
Uncalled bet ($10.80) returned to rao999
rao999 collected $4.90 from pot
rao999: doesn't show hand 
*** SUMMARY ***
Total pot $4.90 | Rake $0 
Seat 1: rao999 (big blind) collected ($4.90)
Seat 2: franbasualdo10 folded before Flop (didn't bet)
Seat 3: jujupipa27 folded before Flop (didn't bet)
Seat 4: blistein folded before Flop (didn't bet)
Seat 5: coeeeelho (button) folded before Flop
Seat 6: Megaways (small blind) folded before Flop



PokerStars Hand #254592977840:  Hold'em No Limit ($0.50/$1.00 USD) - 2025/01/28 18:24:11 WET [2025/01/28 13:24:11 ET]
Table 'Chantal' 6-max Seat #6 is the button
Seat 1: rao999 ($102.70 in chips) 
Seat 2: franbasualdo10 ($28.92 in chips) 
Seat 3: jujupipa27 ($24.62 in chips) 
Seat 4: blistein ($101.50 in chips) 
Seat 5: coeeeelho ($100.90 in chips) 
Seat 6: Megaways ($51.24 in chips) 
rao999: posts small blind $0.50
franbasualdo10: posts big blind $1
*** HOLE CARDS ***
jujupipa27: folds 
blistein: folds 
coeeeelho: folds 
Megaways: calls $1
rao999: calls $0.50
franbasualdo10: checks 
*** FLOP *** [7c 3h Js]
rao999: checks 
franbasualdo10: bets $1
Megaways: calls $1
rao999: calls $1
*** TURN *** [7c 3h Js] [Kd]
rao999: checks 
franbasualdo10: checks 
Megaways: checks 
*** RIVER *** [7c 3h Js Kd] [6s]
rao999: checks 
franbasualdo10: checks 
Megaways: bets $5.70
rao999: folds 
franbasualdo10: calls $5.70
*** SHOW DOWN ***
Megaways: shows [7s 6d] (two pair, Sevens and Sixes)
franbasualdo10: mucks hand 
Megaways collected $16.53 from pot
*** SUMMARY ***
Total pot $17.40 | Rake $0.87 
Board [7c 3h Js Kd 6s]
Seat 1: rao999 (small blind) folded on the River
Seat 2: franbasualdo10 (big blind) mucked
Seat 3: jujupipa27 folded before Flop (didn't bet)
Seat 4: blistein folded before Flop (didn't bet)
Seat 5: coeeeelho folded before Flop (didn't bet)
Seat 6: Megaways (button) showed [7s 6d] and won ($16.53) with two pair, Sevens and Sixes



PokerStars Hand #254592994156:  Hold'em No Limit ($0.50/$1.00 USD) - 2025/01/28 18:25:06 WET [2025/01/28 13:25:06 ET]
Table 'Chantal' 6-max Seat #1 is the button
Seat 1: rao999 ($100.70 in chips) 
Seat 2: franbasualdo10 ($21.22 in chips) 
Seat 3: jujupipa27 ($24.62 in chips) 
Seat 4: blistein ($101.50 in chips) 
Seat 5: coeeeelho ($100.90 in chips) 
Seat 6: Megaways ($60.07 in chips) 
franbasualdo10: posts small blind $0.50
jujupipa27: posts big blind $1
*** HOLE CARDS ***
blistein: folds 
blistein leaves the table
coeeeelho: folds 
Megaways: raises $2 to $3
alexandr699 joins the table at seat #4 
rao999: folds 
franbasualdo10: folds 
jujupipa27: folds 
Uncalled bet ($2) returned to Megaways
Megaways collected $2.50 from pot
*** SUMMARY ***
Total pot $2.50 | Rake $0 
Seat 1: rao999 (button) folded before Flop (didn't bet)
Seat 2: franbasualdo10 (small blind) folded before Flop
Seat 3: jujupipa27 (big blind) folded before Flop
Seat 4: blistein folded before Flop (didn't bet)
Seat 5: coeeeelho folded before Flop (didn't bet)
Seat 6: Megaways collected ($2.50)



PokerStars Hand #254592999379:  Hold'em No Limit ($0.50/$1.00 USD) - 2025/01/28 18:25:23 WET [2025/01/28 13:25:23 ET]
Table 'Chantal' 6-max Seat #2 is the button
Seat 1: rao999 ($100.70 in chips) 
Seat 2: franbasualdo10 ($20.72 in chips) 
Seat 3: jujupipa27 ($23.62 in chips) 
Seat 4: alexandr699 ($100 in chips) 
Seat 5: coeeeelho ($100.90 in chips) 
Seat 6: Megaways ($61.57 in chips) 
jujupipa27: posts small blind $0.50
alexandr699: posts big blind $1
*** HOLE CARDS ***
coeeeelho: folds 
Megaways: folds 
rao999: raises $1.50 to $2.50
franbasualdo10: folds 
jujupipa27: folds 
alexandr699: folds 
Uncalled bet ($1.50) returned to rao999
rao999 collected $2.50 from pot
rao999: doesn't show hand 
*** SUMMARY ***
Total pot $2.50 | Rake $0 
Seat 1: rao999 collected ($2.50)
Seat 2: franbasualdo10 (button) folded before Flop (didn't bet)
Seat 3: jujupipa27 (small blind) folded before Flop
Seat 4: alexandr699 (big blind) folded before Flop
Seat 5: coeeeelho folded before Flop (didn't bet)
Seat 6: Megaways folded before Flop (didn't bet)



PokerStars Hand #254593004567:  Hold'em No Limit ($0.50/$1.00 USD) - 2025/01/28 18:25:41 WET [2025/01/28 13:25:41 ET]
Table 'Chantal' 6-max Seat #3 is the button
Seat 1: rao999 ($102.20 in chips) 
Seat 2: franbasualdo10 ($20.72 in chips) 
Seat 3: jujupipa27 ($23.12 in chips) 
Seat 4: alexandr699 ($100 in chips) 
Seat 5: coeeeelho ($100.90 in chips) 
Seat 6: Megaways ($61.57 in chips) 
alexandr699: posts small blind $0.50
coeeeelho: posts big blind $1
*** HOLE CARDS ***
Megaways: calls $1
rao999: folds 
franbasualdo10: folds 
jujupipa27: folds 
alexandr699: folds 
coeeeelho: checks 
*** FLOP *** [7s Ts 4s]
coeeeelho: checks 
Megaways: bets $2
coeeeelho: calls $2
*** TURN *** [7s Ts 4s] [8s]
coeeeelho: checks 
Megaways: checks 
*** RIVER *** [7s Ts 4s 8s] [7d]
coeeeelho: bets $4.63
Megaways: raises $15.44 to $20.07
coeeeelho: folds 
Uncalled bet ($15.44) returned to Megaways
Megaways collected $14.97 from pot
*** SUMMARY ***
Total pot $15.76 | Rake $0.79 
Board [7s Ts 4s 8s 7d]
Seat 1: rao999 folded before Flop (didn't bet)
Seat 2: franbasualdo10 folded before Flop (didn't bet)
Seat 3: jujupipa27 (button) folded before Flop (didn't bet)
Seat 4: alexandr699 (small blind) folded before Flop
Seat 5: coeeeelho (big blind) folded on the River
Seat 6: Megaways collected ($14.97)



PokerStars Hand #254593022320:  Hold'em No Limit ($0.50/$1.00 USD) - 2025/01/28 18:26:39 WET [2025/01/28 13:26:39 ET]
Table 'Chantal' 6-max Seat #4 is the button
Seat 1: rao999 ($102.20 in chips) 
Seat 2: franbasualdo10 ($20.72 in chips) 
Seat 3: jujupipa27 ($23.12 in chips) 
Seat 4: alexandr699 ($100 in chips) 
Seat 5: coeeeelho ($100 in chips) 
Seat 6: Megaways ($68.91 in chips) 
coeeeelho: posts small blind $0.50
Megaways: posts big blind $1
*** HOLE CARDS ***
rao999: raises $1.50 to $2.50
franbasualdo10: folds 
jujupipa27: folds 
alexandr699: folds 
coeeeelho: folds 
Megaways: calls $1.50
*** FLOP *** [5h Ad Ks]
Megaways: checks 
rao999: bets $1.31
Megaways: folds 
Uncalled bet ($1.31) returned to rao999
rao999 collected $5.22 from pot
rao999: doesn't show hand 
*** SUMMARY ***
Total pot $5.50 | Rake $0.28 
Board [5h Ad Ks]
Seat 1: rao999 collected ($5.22)
Seat 2: franbasualdo10 folded before Flop (didn't bet)
Seat 3: jujupipa27 folded before Flop (didn't bet)
Seat 4: alexandr699 (button) folded before Flop (didn't bet)
Seat 5: coeeeelho (small blind) folded before Flop
Seat 6: Megaways (big blind) folded on the Flop



PokerStars Hand #254593029996:  Hold'em No Limit ($0.50/$1.00 USD) - 2025/01/28 18:27:04 WET [2025/01/28 13:27:04 ET]
Table 'Chantal' 6-max Seat #5 is the button
Seat 1: rao999 ($104.92 in chips) 
Seat 2: franbasualdo10 ($20.72 in chips) 
Seat 3: jujupipa27 ($23.12 in chips) 
Seat 4: alexandr699 ($100 in chips) 
Seat 5: coeeeelho ($100 in chips) 
Seat 6: Megaways ($66.41 in chips) 
Megaways: posts small blind $0.50
rao999: posts big blind $1
*** HOLE CARDS ***
franbasualdo10: folds 
jujupipa27: raises $22.12 to $23.12 and is all-in
alexandr699: calls $23.12
coeeeelho: folds 
Megaways: folds 
rao999: folds 
*** FLOP *** [6d 8d 4s]
*** TURN *** [6d 8d 4s] [9s]
*** RIVER *** [6d 8d 4s 9s] [Ks]
*** SHOW DOWN ***
jujupipa27: shows [3s As] (a flush, Ace high)
alexandr699: shows [Ad Ac] (a pair of Aces)
jujupipa27 cashed out the hand for $5.57 | Cash Out Fee $0.11
*** SUMMARY ***
Total pot $47.74 | Rake $2.39 
Board [6d 8d 4s 9s Ks]
Seat 1: rao999 (big blind) folded before Flop
Seat 2: franbasualdo10 folded before Flop (didn't bet)
Seat 3: jujupipa27 showed [3s As] and won ($45.35) with a flush, Ace high (pot not awarded as player cashed out)
Seat 4: alexandr699 showed [Ad Ac] and lost with a pair of Aces
Seat 5: coeeeelho (button) folded before Flop (didn't bet)
Seat 6: Megaways (small blind) folded before Flop



PokerStars Hand #254593042022:  Hold'em No Limit ($0.50/$1.00 USD) - 2025/01/28 18:27:44 WET [2025/01/28 13:27:44 ET]
Table 'Chantal' 6-max Seat #6 is the button
Seat 1: rao999 ($103.92 in chips) 
Seat 2: franbasualdo10 ($20.72 in chips) 
Seat 3: jujupipa27 ($5.57 in chips) 
Seat 4: alexandr699 ($100 in chips) 
Seat 5: coeeeelho ($100 in chips) 
Seat 6: Megaways ($65.91 in chips) 
rao999: posts small blind $0.50
franbasualdo10: posts big blind $1
*** HOLE CARDS ***
jujupipa27: folds 
alexandr699: folds 
coeeeelho: raises $1.30 to $2.30
Megaways: folds 
rao999: folds 
franbasualdo10: calls $1.30
*** FLOP *** [3s Ah 5h]
franbasualdo10: checks 
coeeeelho: bets $1.60
franbasualdo10: folds 
Uncalled bet ($1.60) returned to coeeeelho
coeeeelho collected $4.84 from pot
*** SUMMARY ***
Total pot $5.10 | Rake $0.26 
Board [3s Ah 5h]
Seat 1: rao999 (small blind) folded before Flop
Seat 2: franbasualdo10 (big blind) folded on the Flop
Seat 3: jujupipa27 folded before Flop (didn't bet)
Seat 4: alexandr699 folded before Flop (didn't bet)
Seat 5: coeeeelho collected ($4.84)
Seat 6: Megaways (button) folded before Flop (didn't bet)



PokerStars Hand #254593053019:  Hold'em No Limit ($0.50/$1.00 USD) - 2025/01/28 18:28:21 WET [2025/01/28 13:28:21 ET]
Table 'Chantal' 6-max Seat #1 is the button
Seat 3: jujupipa27 ($5.57 in chips) is sitting out
Seat 1: rao999 ($103.42 in chips) 
Seat 2: franbasualdo10 ($18.42 in chips) 
Seat 4: alexandr699 ($100 in chips) 
Seat 5: coeeeelho ($102.54 in chips) 
Seat 6: Megaways ($65.91 in chips) 
franbasualdo10: posts small blind $0.50
alexandr699: posts big blind $1
*** HOLE CARDS ***
coeeeelho: folds 
Megaways: calls $1
rao999: folds 
franbasualdo10: folds 
jujupipa27 leaves the table
alexandr699: checks 
*** FLOP *** [2h 2d Ks]
alexandr699: checks 
Megaways: bets $1
alexandr699: calls $1
*** TURN *** [2h 2d Ks] [Jc]
alexandr699: checks 
paramourx joins the table at seat #3 
Megaways: checks 
*** RIVER *** [2h 2d Ks Jc] [8s]
alexandr699: checks 
Megaways: bets $4.28
alexandr699: raises $6.42 to $10.70
Megaways: folds 
Uncalled bet ($6.42) returned to alexandr699
alexandr699 collected $12.41 from pot
alexandr699: doesn't show hand 
*** SUMMARY ***
Total pot $13.06 | Rake $0.65 
Board [2h 2d Ks Jc 8s]
Seat 3: jujupipa27
Seat 1: rao999 (button) folded before Flop (didn't bet)
Seat 2: franbasualdo10 (small blind) folded before Flop
Seat 4: alexandr699 (big blind) collected ($12.41)
Seat 5: coeeeelho folded before Flop (didn't bet)
Seat 6: Megaways folded on the River



PokerStars Hand #254593073685:  Hold'em No Limit ($0.50/$1.00 USD) - 2025/01/28 18:29:29 WET [2025/01/28 13:29:29 ET]
Table 'Chantal' 6-max Seat #2 is the button
Seat 3: paramourx ($100 in chips) is sitting out
Seat 1: rao999 ($103.42 in chips) 
Seat 2: franbasualdo10 ($17.92 in chips) 
Seat 4: alexandr699 ($106.13 in chips) 
Seat 5: coeeeelho ($102.54 in chips) 
Seat 6: Megaways ($59.63 in chips) 
alexandr699: posts small blind $0.50
coeeeelho: posts big blind $1
*** HOLE CARDS ***
Megaways: calls $1
rao999: folds 
franbasualdo10: folds 
alexandr699: calls $0.50
coeeeelho: checks 
*** FLOP *** [9h Qd Kh]
alexandr699: checks 
coeeeelho: checks 
Megaways: bets $1
alexandr699: folds 
coeeeelho: folds 
Uncalled bet ($1) returned to Megaways
Megaways collected $2.85 from pot
*** SUMMARY ***
Total pot $3 | Rake $0.15 
Board [9h Qd Kh]
Seat 3: paramourx
Seat 1: rao999 folded before Flop (didn't bet)
Seat 2: franbasualdo10 (button) folded before Flop (didn't bet)
Seat 4: alexandr699 (small blind) folded on the Flop
Seat 5: coeeeelho (big blind) folded on the Flop
Seat 6: Megaways collected ($2.85)



PokerStars Hand #254593089084:  Hold'em No Limit ($0.50/$1.00 USD) - 2025/01/28 18:30:19 WET [2025/01/28 13:30:19 ET]
Table 'Chantal' 6-max Seat #4 is the button
Seat 3: paramourx ($100 in chips) is sitting out
Seat 1: rao999 ($103.42 in chips) 
Seat 2: franbasualdo10 ($17.92 in chips) 
Seat 4: alexandr699 ($105.13 in chips) 
Seat 5: coeeeelho ($101.54 in chips) 
Seat 6: Megaways ($61.48 in chips) 
coeeeelho: posts small blind $0.50
Megaways: posts big blind $1
paramourx: sits out 
*** HOLE CARDS ***
rao999: folds 
franbasualdo10: folds 
alexandr699: raises $1.98 to $2.98
franbasualdo10 leaves the table
coeeeelho: folds 
Megaways: calls $1.98
*** FLOP *** [6s Jd 3c]
BoyLoc0 joins the table at seat #2 
Megaways: checks 
alexandr699: bets $5.22
Megaways: calls $5.22
*** TURN *** [6s Jd 3c] [Ts]
Megaways: checks 
alexandr699: bets $13.65
Megaways: raises $39.63 to $53.28 and is all-in
alexandr699: calls $39.63
*** RIVER *** [6s Jd 3c Ts] [9c]
*** SHOW DOWN ***
Megaways: shows [2h 6h] (a pair of Sixes)
alexandr699: shows [Tc Th] (three of a kind, Tens)
alexandr699 collected $120.96 from pot
*** SUMMARY ***
Total pot $123.46 | Rake $2.50 
Board [6s Jd 3c Ts 9c]
Seat 3: paramourx
Seat 1: rao999 folded before Flop (didn't bet)
Seat 2: franbasualdo10 folded before Flop (didn't bet)
Seat 4: alexandr699 (button) showed [Tc Th] and won ($120.96) with three of a kind, Tens
Seat 5: coeeeelho (small blind) folded before Flop
Seat 6: Megaways (big blind) showed [2h 6h] and lost with a pair of Sixes



PokerStars Hand #254593108083:  Hold'em No Limit ($0.50/$1.00 USD) - 2025/01/28 18:31:20 WET [2025/01/28 13:31:20 ET]
Table 'Chantal' 6-max Seat #5 is the button
Seat 3: paramourx ($100 in chips) is sitting out
Seat 6: Megaways ($0 in chips) is sitting out
Seat 1: rao999 ($103.42 in chips) 
Seat 2: BoyLoc0 ($114.79 in chips) 
Seat 4: alexandr699 ($164.61 in chips) 
Seat 5: coeeeelho ($101.04 in chips) 
rao999: posts small blind $0.50
BoyLoc0: posts big blind $1
paramourx: sits out 
*** HOLE CARDS ***
alexandr699: folds 
coeeeelho: raises $1.50 to $2.50
rao999: folds 
Megaways leaves the table
BoyLoc0: calls $1.50
*** FLOP *** [2d 3h 4d]
BoyLoc0: checks 
coeeeelho: checks 
*** TURN *** [2d 3h 4d] [2h]
BoyLoc0: bets $3.92
coeeeelho: calls $3.92
*** RIVER *** [2d 3h 4d 2h] [6c]
BoyLoc0: checks 
coeeeelho: checks 
*** SHOW DOWN ***
BoyLoc0: shows [3d 7d] (two pair, Threes and Deuces)
coeeeelho: mucks hand 
BoyLoc0 collected $12.67 from pot
Gjeneral66 joins the table at seat #6 
Gjeneral66 is disconnected 
*** SUMMARY ***
Total pot $13.34 | Rake $0.67 
Board [2d 3h 4d 2h 6c]
Seat 3: paramourx
Seat 6: Megaways
Seat 1: rao999 (small blind) folded before Flop
Seat 2: BoyLoc0 (big blind) showed [3d 7d] and won ($12.67) with two pair, Threes and Deuces
Seat 4: alexandr699 folded before Flop (didn't bet)
Seat 5: coeeeelho (button) mucked



PokerStars Hand #254593133964:  Hold'em No Limit ($0.50/$1.00 USD) - 2025/01/28 18:32:45 WET [2025/01/28 13:32:45 ET]
Table 'Chantal' 6-max Seat #1 is the button
Seat 6: Gjeneral66 ($49.12 in chips) is sitting out
Seat 1: rao999 ($102.92 in chips) 
Seat 2: BoyLoc0 ($121.04 in chips) 
Seat 3: paramourx ($100 in chips) 
Seat 4: alexandr699 ($164.61 in chips) 
Seat 5: coeeeelho ($100 in chips) 
BoyLoc0: posts small blind $0.50
paramourx: posts big blind $1
Gjeneral66: sits out 
*** HOLE CARDS ***
alexandr699: folds 
alexandr699 leaves the table
coeeeelho: raises $1.20 to $2.20
rao999: folds 
BoyLoc0: folds 
paramourx: folds 
Uncalled bet ($1.20) returned to coeeeelho
coeeeelho collected $2.50 from pot
kvcsszblcs joins the table at seat #4 
*** SUMMARY ***
Total pot $2.50 | Rake $0 
Seat 6: Gjeneral66
Seat 1: rao999 (button) folded before Flop (didn't bet)
Seat 2: BoyLoc0 (small blind) folded before Flop
Seat 3: paramourx (big blind) folded before Flop
Seat 4: alexandr699 folded before Flop (didn't bet)
Seat 5: coeeeelho collected ($2.50)



PokerStars Hand #254593142493:  Hold'em No Limit ($0.50/$1.00 USD) - 2025/01/28 18:33:12 WET [2025/01/28 13:33:12 ET]
Table 'Chantal' 6-max Seat #2 is the button
Seat 1: rao999 ($102.92 in chips) 
Seat 2: BoyLoc0 ($120.54 in chips) 
Seat 3: paramourx ($100 in chips) 
Seat 4: kvcsszblcs ($100 in chips) 
Seat 5: coeeeelho ($101.50 in chips) 
Seat 6: Gjeneral66 ($49.12 in chips) 
paramourx: posts small blind $0.50
kvcsszblcs: posts big blind $1
Gjeneral66: posts big blind $1
*** HOLE CARDS ***
coeeeelho: raises $3.20 to $4.20
Gjeneral66: folds 
rao999: folds 
BoyLoc0: folds 
paramourx: raises $10.30 to $14.50
kvcsszblcs: folds 
coeeeelho: calls $10.30
*** FLOP *** [Jh Ks 5d]
paramourx: bets $14.73
coeeeelho: folds 
Uncalled bet ($14.73) returned to paramourx
coeeeelho leaves the table
paramourx collected $29.45 from pot
paramourx: doesn't show hand 
*** SUMMARY ***
Total pot $31 | Rake $1.55 
Board [Jh Ks 5d]
Seat 1: rao999 folded before Flop (didn't bet)
Seat 2: BoyLoc0 (button) folded before Flop (didn't bet)
Seat 3: paramourx (small blind) collected ($29.45)
Seat 4: kvcsszblcs (big blind) folded before Flop
Seat 5: coeeeelho folded on the Flop
Seat 6: Gjeneral66 folded before Flop (didn't bet)



PokerStars Hand #254593163705:  Hold'em No Limit ($0.50/$1.00 USD) - 2025/01/28 18:34:20 WET [2025/01/28 13:34:20 ET]
Table 'Chantal' 6-max Seat #3 is the button
Seat 1: rao999 ($102.92 in chips) 
Seat 2: BoyLoc0 ($120.54 in chips) 
Seat 3: paramourx ($114.95 in chips) 
Seat 4: kvcsszblcs ($100 in chips) 
Seat 6: Gjeneral66 ($48.12 in chips) 
kvcsszblcs: posts small blind $0.50
Gjeneral66: posts big blind $1
*** HOLE CARDS ***
rao999: raises $1.50 to $2.50
BoyLoc0: folds 
paramourx: folds 
kvcsszblcs: folds 
Gjeneral66: folds 
Uncalled bet ($1.50) returned to rao999
rao999 collected $2.50 from pot
rao999: doesn't show hand 
*** SUMMARY ***
Total pot $2.50 | Rake $0 
Seat 1: rao999 collected ($2.50)
Seat 2: BoyLoc0 folded before Flop (didn't bet)
Seat 3: paramourx (button) folded before Flop (didn't bet)
Seat 4: kvcsszblcs (small blind) folded before Flop
Seat 6: Gjeneral66 (big blind) folded before Flop



PokerStars Hand #254593170814:  Hold'em No Limit ($0.50/$1.00 USD) - 2025/01/28 18:34:43 WET [2025/01/28 13:34:43 ET]
Table 'Chantal' 6-max Seat #4 is the button
Seat 1: rao999 ($104.42 in chips) is sitting out
Seat 2: BoyLoc0 ($120.54 in chips) 
Seat 3: paramourx ($114.95 in chips) 
Seat 4: kvcsszblcs ($100 in chips) 
Seat 6: Gjeneral66 ($47.12 in chips) 
Gjeneral66: posts small blind $0.50
rao999: is sitting out 
BoyLoc0: posts big blind $1
*** HOLE CARDS ***
paramourx: folds 
kvcsszblcs: raises $1.25 to $2.25
Gjeneral66: calls $1.75
BoyLoc0: calls $1.25
*** FLOP *** [5h 7s As]
Gjeneral66: checks 
BoyLoc0: checks 
kvcsszblcs: checks 
*** TURN *** [5h 7s As] [Th]
Gjeneral66: bets $3.21
BoyLoc0: calls $3.21
Paco19bn joins the table at seat #5 
kvcsszblcs: folds 
*** RIVER *** [5h 7s As Th] [6c]
Gjeneral66: checks 
BoyLoc0: checks 
*** SHOW DOWN ***
Gjeneral66: shows [Ah 3h] (a pair of Aces)
BoyLoc0: shows [Ac 2d] (a pair of Aces)
Gjeneral66 collected $6.26 from pot
BoyLoc0 collected $6.25 from pot
*** SUMMARY ***
Total pot $13.17 | Rake $0.66 
Board [5h 7s As Th 6c]
Seat 1: rao999
Seat 2: BoyLoc0 (big blind) showed [Ac 2d] and won ($6.25) with a pair of Aces
Seat 3: paramourx folded before Flop (didn't bet)
Seat 4: kvcsszblcs (button) folded on the Turn
Seat 6: Gjeneral66 (small blind) showed [Ah 3h] and won ($6.26) with a pair of Aces



PokerStars Hand #254593192652:  Hold'em No Limit ($0.50/$1.00 USD) - 2025/01/28 18:35:53 WET [2025/01/28 13:35:53 ET]
Table 'Chantal' 6-max Seat #6 is the button
Seat 1: rao999 ($104.42 in chips) is sitting out
Seat 5: Paco19bn ($100 in chips) is sitting out
Seat 2: BoyLoc0 ($121.33 in chips) 
Seat 3: paramourx ($114.95 in chips) 
Seat 4: kvcsszblcs ($100 in chips) 
Seat 6: Gjeneral66 ($47.92 in chips) 
BoyLoc0: posts small blind $0.50
paramourx: posts big blind $1
Paco19bn: sits out 
*** HOLE CARDS ***
rao999 leaves the table
kvcsszblcs: folds 
imhungarian8 joins the table at seat #1 
Gjeneral66: raises $1.50 to $2.50
BoyLoc0: raises $6.50 to $9
paramourx: folds 
Gjeneral66: calls $6.50
*** FLOP *** [Qs 8d Th]
BoyLoc0: bets $13.54
Gjeneral66: raises $25.38 to $38.92 and is all-in
BoyLoc0: calls $25.38
*** TURN *** [Qs 8d Th] [2d]
*** RIVER *** [Qs 8d Th 2d] [3h]
*** SHOW DOWN ***
BoyLoc0: shows [Jh Qc] (a pair of Queens)
Gjeneral66: shows [Ad Qh] (a pair of Queens - Ace kicker)
Gjeneral66 collected $95.84 from pot
*** SUMMARY ***
Total pot $96.84 | Rake $1 
Board [Qs 8d Th 2d 3h]
Seat 1: rao999
Seat 5: Paco19bn
Seat 2: BoyLoc0 (small blind) showed [Jh Qc] and lost with a pair of Queens
Seat 3: paramourx (big blind) folded before Flop
Seat 4: kvcsszblcs folded before Flop (didn't bet)
Seat 6: Gjeneral66 (button) showed [Ad Qh] and won ($95.84) with a pair of Queens



PokerStars Hand #254593211355:  Hold'em No Limit ($0.50/$1.00 USD) - 2025/01/28 18:36:53 WET [2025/01/28 13:36:53 ET]
Table 'Chantal' 6-max Seat #2 is the button
Seat 1: imhungarian8 ($100 in chips) is sitting out
Seat 5: Paco19bn ($100 in chips) is sitting out
Seat 2: BoyLoc0 ($100 in chips) 
Seat 3: paramourx ($113.95 in chips) 
Seat 4: kvcsszblcs ($100 in chips) 
Seat 6: Gjeneral66 ($95.84 in chips) 
paramourx: posts small blind $0.50
kvcsszblcs: posts big blind $1
Paco19bn: sits out 
imhungarian8: sits out 
*** HOLE CARDS ***
Gjeneral66: folds 
BoyLoc0: folds 
paramourx: raises $2 to $3
kvcsszblcs: folds 
Uncalled bet ($2) returned to paramourx
Gjeneral66 leaves the table
paramourx collected $2 from pot
paramourx: doesn't show hand 
*** SUMMARY ***
Total pot $2 | Rake $0 
Seat 1: imhungarian8
Seat 5: Paco19bn
Seat 2: BoyLoc0 (button) folded before Flop (didn't bet)
Seat 3: paramourx (small blind) collected ($2)
Seat 4: kvcsszblcs (big blind) folded before Flop
Seat 6: Gjeneral66 folded before Flop (didn't bet)



PokerStars Hand #254593219087:  Hold'em No Limit ($0.50/$1.00 USD) - 2025/01/28 18:37:18 WET [2025/01/28 13:37:18 ET]
Table 'Chantal' 6-max Seat #3 is the button
Seat 1: imhungarian8 ($100 in chips) is sitting out
Seat 2: BoyLoc0 ($100 in chips) 
Seat 3: paramourx ($114.95 in chips) 
Seat 4: kvcsszblcs ($100 in chips) 
Seat 5: Paco19bn ($100 in chips) 
kvcsszblcs: posts small blind $0.50
Paco19bn: posts big blind $1
imhungarian8: sits out 
*** HOLE CARDS ***
BoyLoc0: raises $1.50 to $2.50
paramourx: folds 
imhungarian8 leaves the table
kvcsszblcs: raises $8.50 to $11
Paco19bn: raises $13.50 to $24.50
BoyLoc0: folds 
kvcsszblcs: folds 
Uncalled bet ($13.50) returned to Paco19bn
BoyLoc0 leaves the table
Paco19bn collected $24.50 from pot
Paco19bn: doesn't show hand 
*** SUMMARY ***
Total pot $24.50 | Rake $0 
Seat 1: imhungarian8
Seat 2: BoyLoc0 folded before Flop
Seat 3: paramourx (button) folded before Flop (didn't bet)
Seat 4: kvcsszblcs (small blind) folded before Flop
Seat 5: Paco19bn (big blind) collected ($24.50)



PokerStars Hand #254593237897:  Hold'em No Limit ($0.50/$1.00 USD) - 2025/01/28 18:38:18 WET [2025/01/28 13:38:18 ET]
Table 'Chantal' 6-max Seat #4 is the button
Seat 3: paramourx ($114.95 in chips) 
Seat 4: kvcsszblcs ($100 in chips) 
Seat 5: Paco19bn ($113.50 in chips) 
Paco19bn: posts small blind $0.50
paramourx: posts big blind $1
*** HOLE CARDS ***
kvcsszblcs: folds 
Paco19bn: folds 
Uncalled bet ($0.50) returned to paramourx
paramourx collected $1 from pot
paramourx: doesn't show hand 
*** SUMMARY ***
Total pot $1 | Rake $0 
Seat 3: paramourx (big blind) collected ($1)
Seat 4: kvcsszblcs (button) folded before Flop (didn't bet)
Seat 5: Paco19bn (small blind) folded before Flop



PokerStars Hand #254593240330:  Hold'em No Limit ($0.50/$1.00 USD) - 2025/01/28 18:38:26 WET [2025/01/28 13:38:26 ET]
Table 'Chantal' 6-max Seat #5 is the button
Seat 3: paramourx ($115.45 in chips) 
Seat 4: kvcsszblcs ($100 in chips) 
Seat 5: Paco19bn ($113 in chips) 
paramourx: posts small blind $0.50
kvcsszblcs: posts big blind $1
*** HOLE CARDS ***
Paco19bn: folds 
paramourx: folds 
Uncalled bet ($0.50) returned to kvcsszblcs
kvcsszblcs collected $1 from pot
kvcsszblcs: doesn't show hand 
*** SUMMARY ***
Total pot $1 | Rake $0 
Seat 3: paramourx (small blind) folded before Flop
Seat 4: kvcsszblcs (big blind) collected ($1)
Seat 5: Paco19bn (button) folded before Flop (didn't bet)



PokerStars Hand #254593317052:  Hold'em No Limit ($0.50/$1.00 USD) - 2025/01/28 18:42:31 WET [2025/01/28 13:42:31 ET]
Table 'Chantal' 6-max Seat #6 is the button
Seat 1: Paco19bn ($113 in chips) 
Seat 2: 7BillionLuck ($75.82 in chips) 
Seat 3: Poker9803 ($100 in chips) 
Seat 4: rao999 ($104.42 in chips) 
Seat 5: paramourx ($114.95 in chips) 
Seat 6: CichiChanMarian ($100 in chips) 
Paco19bn: posts small blind $0.50
7BillionLuck: posts big blind $1
*** HOLE CARDS ***
Poker9803: folds 
rao999: folds 
paramourx: raises $2 to $3
CichiChanMarian: folds 
Paco19bn: folds 
7BillionLuck: calls $2
*** FLOP *** [Qh 9h 4h]
7BillionLuck: checks 
paramourx: bets $1.92
7BillionLuck: raises $1.92 to $3.84
paramourx: calls $1.92
*** TURN *** [Qh 9h 4h] [8d]
7BillionLuck: bets $6.74
paramourx: calls $6.74
*** RIVER *** [Qh 9h 4h 8d] [3c]
7BillionLuck: checks 
paramourx: checks 
*** SHOW DOWN ***
7BillionLuck: shows [6h 9c] (a pair of Nines)
paramourx: shows [Kc Qc] (a pair of Queens)
paramourx collected $26.28 from pot
*** SUMMARY ***
Total pot $27.66 | Rake $1.38 
Board [Qh 9h 4h 8d 3c]
Seat 1: Paco19bn (small blind) folded before Flop
Seat 2: 7BillionLuck (big blind) showed [6h 9c] and lost with a pair of Nines
Seat 3: Poker9803 folded before Flop (didn't bet)
Seat 4: rao999 folded before Flop (didn't bet)
Seat 5: paramourx showed [Kc Qc] and won ($26.28) with a pair of Queens
Seat 6: CichiChanMarian (button) folded before Flop (didn't bet)



PokerStars Hand #254593339674:  Hold'em No Limit ($0.50/$1.00 USD) - 2025/01/28 18:43:43 WET [2025/01/28 13:43:43 ET]
Table 'Chantal' 6-max Seat #1 is the button
Seat 1: Paco19bn ($112.50 in chips) 
Seat 2: 7BillionLuck ($62.24 in chips) 
Seat 3: Poker9803 ($100 in chips) 
Seat 4: rao999 ($104.42 in chips) 
Seat 5: paramourx ($127.65 in chips) 
Seat 6: CichiChanMarian ($100 in chips) 
7BillionLuck: posts small blind $0.50
Poker9803: posts big blind $1
*** HOLE CARDS ***
rao999: folds 
paramourx: folds 
CichiChanMarian: raises $1.50 to $2.50
Paco19bn: folds 
7BillionLuck: folds 
Poker9803: folds 
Uncalled bet ($1.50) returned to CichiChanMarian
CichiChanMarian collected $2.50 from pot
CichiChanMarian: doesn't show hand 
*** SUMMARY ***
Total pot $2.50 | Rake $0 
Seat 1: Paco19bn (button) folded before Flop (didn't bet)
Seat 2: 7BillionLuck (small blind) folded before Flop
Seat 3: Poker9803 (big blind) folded before Flop
Seat 4: rao999 folded before Flop (didn't bet)
Seat 5: paramourx folded before Flop (didn't bet)
Seat 6: CichiChanMarian collected ($2.50)



PokerStars Hand #254593347049:  Hold'em No Limit ($0.50/$1.00 USD) - 2025/01/28 18:44:06 WET [2025/01/28 13:44:06 ET]
Table 'Chantal' 6-max Seat #2 is the button
Seat 1: Paco19bn ($112.50 in chips) 
Seat 2: 7BillionLuck ($61.74 in chips) 
Seat 3: Poker9803 ($100 in chips) 
Seat 4: rao999 ($104.42 in chips) 
Seat 5: paramourx ($127.65 in chips) 
Seat 6: CichiChanMarian ($101.50 in chips) 
Poker9803: posts small blind $0.50
rao999: posts big blind $1
*** HOLE CARDS ***
paramourx: folds 
CichiChanMarian: folds 
Paco19bn: folds 
7BillionLuck: folds 
Poker9803: folds 
Uncalled bet ($0.50) returned to rao999
rao999 collected $1 from pot
rao999: doesn't show hand 
*** SUMMARY ***
Total pot $1 | Rake $0 
Seat 1: Paco19bn folded before Flop (didn't bet)
Seat 2: 7BillionLuck (button) folded before Flop (didn't bet)
Seat 3: Poker9803 (small blind) folded before Flop
Seat 4: rao999 (big blind) collected ($1)
Seat 5: paramourx folded before Flop (didn't bet)
Seat 6: CichiChanMarian folded before Flop (didn't bet)



PokerStars Hand #254593352275:  Hold'em No Limit ($0.50/$1.00 USD) - 2025/01/28 18:44:23 WET [2025/01/28 13:44:23 ET]
Table 'Chantal' 6-max Seat #3 is the button
Seat 1: Paco19bn ($112.50 in chips) 
Seat 2: 7BillionLuck ($61.74 in chips) 
Seat 3: Poker9803 ($100 in chips) 
Seat 4: rao999 ($104.92 in chips) 
Seat 5: paramourx ($127.65 in chips) 
Seat 6: CichiChanMarian ($101.50 in chips) 
rao999: posts small blind $0.50
paramourx: posts big blind $1
*** HOLE CARDS ***
CichiChanMarian: folds 
Paco19bn: folds 
7BillionLuck: raises $1 to $2
Poker9803: folds 
rao999: folds 
paramourx: calls $1
*** FLOP *** [6d Jc Jh]
paramourx: checks 
7BillionLuck: bets $2
paramourx: raises $4 to $6
7BillionLuck: calls $4
*** TURN *** [6d Jc Jh] [Kc]
paramourx: checks 
7BillionLuck: bets $5
paramourx: raises $12.84 to $17.84
7BillionLuck: calls $12.84
*** RIVER *** [6d Jc Jh Kc] [4s]
paramourx: bets $38.75
7BillionLuck: folds 
Uncalled bet ($38.75) returned to paramourx
paramourx collected $49.68 from pot
paramourx: doesn't show hand 
*** SUMMARY ***
Total pot $52.18 | Rake $2.50 
Board [6d Jc Jh Kc 4s]
Seat 1: Paco19bn folded before Flop (didn't bet)
Seat 2: 7BillionLuck folded on the River
Seat 3: Poker9803 (button) folded before Flop (didn't bet)
Seat 4: rao999 (small blind) folded before Flop
Seat 5: paramourx (big blind) collected ($49.68)
Seat 6: CichiChanMarian folded before Flop (didn't bet)



PokerStars Hand #254593380572:  Hold'em No Limit ($0.50/$1.00 USD) - 2025/01/28 18:45:53 WET [2025/01/28 13:45:53 ET]
Table 'Chantal' 6-max Seat #4 is the button
Seat 1: Paco19bn ($112.50 in chips) 
Seat 2: 7BillionLuck ($35.90 in chips) 
Seat 3: Poker9803 ($100 in chips) 
Seat 4: rao999 ($104.42 in chips) 
Seat 5: paramourx ($151.49 in chips) 
Seat 6: CichiChanMarian ($101.50 in chips) 
paramourx: posts small blind $0.50
CichiChanMarian: posts big blind $1
*** HOLE CARDS ***
Paco19bn: raises $1 to $2
7BillionLuck: raises $5.50 to $7.50
Poker9803: folds 
rao999: folds 
paramourx: folds 
CichiChanMarian: folds 
Paco19bn: calls $5.50
*** FLOP *** [6d 9c Ac]
Paco19bn: checks 
7BillionLuck: bets $28.40 and is all-in
Paco19bn: calls $28.40
*** TURN *** [6d 9c Ac] [Jd]
*** RIVER *** [6d 9c Ac Jd] [3h]
*** SHOW DOWN ***
Paco19bn: shows [Tc Kc] (high card Ace)
7BillionLuck: shows [2c Ad] (a pair of Aces)
7BillionLuck cashed out the hand for $44.64 | Cash Out Fee $0.91
*** SUMMARY ***
Total pot $73.30 | Rake $2.50 
Board [6d 9c Ac Jd 3h]
Seat 1: Paco19bn showed [Tc Kc] and lost with high card Ace
Seat 2: 7BillionLuck showed [2c Ad] and won ($70.80) with a pair of Aces (pot not awarded as player cashed out)
Seat 3: Poker9803 folded before Flop (didn't bet)
Seat 4: rao999 (button) folded before Flop (didn't bet)
Seat 5: paramourx (small blind) folded before Flop
Seat 6: CichiChanMarian (big blind) folded before Flop



PokerStars Hand #254593398228:  Hold'em No Limit ($0.50/$1.00 USD) - 2025/01/28 18:46:50 WET [2025/01/28 13:46:50 ET]
Table 'Chantal' 6-max Seat #5 is the button
Seat 1: Paco19bn ($100 in chips) 
Seat 2: 7BillionLuck ($44.64 in chips) 
Seat 3: Poker9803 ($100 in chips) 
Seat 4: rao999 ($104.42 in chips) 
Seat 5: paramourx ($150.99 in chips) 
Seat 6: CichiChanMarian ($100.50 in chips) 
CichiChanMarian: posts small blind $0.50
Paco19bn: posts big blind $1
*** HOLE CARDS ***
7BillionLuck: calls $1
Poker9803: folds 
rao999: folds 
paramourx: folds 
CichiChanMarian: folds 
Paco19bn: raises $3.50 to $4.50
7BillionLuck: raises $40.14 to $44.64 and is all-in
Paco19bn: calls $40.14
*** FLOP *** [6h 6c 8s]
*** TURN *** [6h 6c 8s] [2c]
*** RIVER *** [6h 6c 8s 2c] [6s]
*** SHOW DOWN ***
Paco19bn: shows [9c 9s] (a full house, Sixes full of Nines)
7BillionLuck: shows [Ks Ah] (three of a kind, Sixes)
Paco19bn collected $87.28 from pot
*** SUMMARY ***
Total pot $89.78 | Rake $2.50 
Board [6h 6c 8s 2c 6s]
Seat 1: Paco19bn (big blind) showed [9c 9s] and won ($87.28) with a full house, Sixes full of Nines
Seat 2: 7BillionLuck showed [Ks Ah] and lost with three of a kind, Sixes
Seat 3: Poker9803 folded before Flop (didn't bet)
Seat 4: rao999 folded before Flop (didn't bet)
Seat 5: paramourx (button) folded before Flop (didn't bet)
Seat 6: CichiChanMarian (small blind) folded before Flop



PokerStars Hand #254593409615:  Hold'em No Limit ($0.50/$1.00 USD) - 2025/01/28 18:47:26 WET [2025/01/28 13:47:26 ET]
Table 'Chantal' 6-max Seat #6 is the button
Seat 2: 7BillionLuck ($0 in chips) is sitting out
Seat 1: Paco19bn ($142.64 in chips) 
Seat 3: Poker9803 ($100 in chips) 
Seat 4: rao999 ($104.42 in chips) 
Seat 5: paramourx ($150.99 in chips) 
Seat 6: CichiChanMarian ($100 in chips) 
Paco19bn: posts small blind $0.50
Poker9803: posts big blind $1
*** HOLE CARDS ***
rao999: raises $1.50 to $2.50
7BillionLuck is disconnected 
paramourx: folds 
CichiChanMarian: folds 
Paco19bn: folds 
Poker9803: folds 
Uncalled bet ($1.50) returned to rao999
rao999 collected $2.50 from pot
rao999: doesn't show hand 
*** SUMMARY ***
Total pot $2.50 | Rake $0 
Seat 2: 7BillionLuck
Seat 1: Paco19bn (small blind) folded before Flop
Seat 3: Poker9803 (big blind) folded before Flop
Seat 4: rao999 collected ($2.50)
Seat 5: paramourx folded before Flop (didn't bet)
Seat 6: CichiChanMarian (button) folded before Flop (didn't bet)



PokerStars Hand #254593413699:  Hold'em No Limit ($0.50/$1.00 USD) - 2025/01/28 18:47:40 WET [2025/01/28 13:47:40 ET]
Table 'Chantal' 6-max Seat #1 is the button
Seat 2: 7BillionLuck ($0 in chips) is sitting out
Seat 1: Paco19bn ($142.14 in chips) 
Seat 3: Poker9803 ($100 in chips) 
Seat 4: rao999 ($105.92 in chips) 
Seat 5: paramourx ($150.99 in chips) 
Seat 6: CichiChanMarian ($100 in chips) 
Poker9803: posts small blind $0.50
rao999: posts big blind $1
*** HOLE CARDS ***
paramourx: folds 
CichiChanMarian: folds 
Paco19bn: folds 
Poker9803: folds 
Uncalled bet ($0.50) returned to rao999
rao999 collected $1 from pot
rao999: doesn't show hand 
*** SUMMARY ***
Total pot $1 | Rake $0 
Seat 2: 7BillionLuck
Seat 1: Paco19bn (button) folded before Flop (didn't bet)
Seat 3: Poker9803 (small blind) folded before Flop
Seat 4: rao999 (big blind) collected ($1)
Seat 5: paramourx folded before Flop (didn't bet)
Seat 6: CichiChanMarian folded before Flop (didn't bet)



PokerStars Hand #254593418195:  Hold'em No Limit ($0.50/$1.00 USD) - 2025/01/28 18:47:54 WET [2025/01/28 13:47:54 ET]
Table 'Chantal' 6-max Seat #3 is the button
Seat 2: 7BillionLuck ($0 in chips) is sitting out
Seat 1: Paco19bn ($142.14 in chips) 
Seat 3: Poker9803 ($100 in chips) 
Seat 4: rao999 ($106.42 in chips) 
Seat 5: paramourx ($150.99 in chips) 
Seat 6: CichiChanMarian ($100 in chips) 
rao999: posts small blind $0.50
paramourx: posts big blind $1
*** HOLE CARDS ***
CichiChanMarian: folds 
Paco19bn: folds 
Poker9803: folds 
rao999: folds 
Uncalled bet ($0.50) returned to paramourx
paramourx collected $1 from pot
paramourx: doesn't show hand 
*** SUMMARY ***
Total pot $1 | Rake $0 
Seat 2: 7BillionLuck
Seat 1: Paco19bn folded before Flop (didn't bet)
Seat 3: Poker9803 (button) folded before Flop (didn't bet)
Seat 4: rao999 (small blind) folded before Flop
Seat 5: paramourx (big blind) collected ($1)
Seat 6: CichiChanMarian folded before Flop (didn't bet)



PokerStars Hand #254593427743:  Hold'em No Limit ($0.50/$1.00 USD) - 2025/01/28 18:48:25 WET [2025/01/28 13:48:25 ET]
Table 'Chantal' 6-max Seat #4 is the button
Seat 2: 7BillionLuck ($0 in chips) is sitting out
Seat 1: Paco19bn ($142.14 in chips) 
Seat 3: Poker9803 ($100 in chips) 
Seat 4: rao999 ($105.92 in chips) 
Seat 5: paramourx ($151.49 in chips) 
Seat 6: CichiChanMarian ($100 in chips) 
paramourx: posts small blind $0.50
CichiChanMarian: posts big blind $1
*** HOLE CARDS ***
Paco19bn: raises $1 to $2
Poker9803: folds 
rao999: folds 
paramourx: folds 
CichiChanMarian: raises $8.80 to $10.80
Paco19bn: folds 
Uncalled bet ($8.80) returned to CichiChanMarian
CichiChanMarian collected $4.50 from pot
CichiChanMarian: doesn't show hand 
*** SUMMARY ***
Total pot $4.50 | Rake $0 
Seat 2: 7BillionLuck
Seat 1: Paco19bn folded before Flop
Seat 3: Poker9803 folded before Flop (didn't bet)
Seat 4: rao999 (button) folded before Flop (didn't bet)
Seat 5: paramourx (small blind) folded before Flop
Seat 6: CichiChanMarian (big blind) collected ($4.50)



PokerStars Hand #254593433436:  Hold'em No Limit ($0.50/$1.00 USD) - 2025/01/28 18:48:43 WET [2025/01/28 13:48:43 ET]
Table 'Chantal' 6-max Seat #5 is the button
Seat 2: 7BillionLuck ($0 in chips) is sitting out
Seat 1: Paco19bn ($140.14 in chips) 
Seat 3: Poker9803 ($100 in chips) 
Seat 4: rao999 ($105.92 in chips) 
Seat 5: paramourx ($150.99 in chips) 
Seat 6: CichiChanMarian ($102.50 in chips) 
CichiChanMarian: posts small blind $0.50
Paco19bn: posts big blind $1
*** HOLE CARDS ***
Poker9803: raises $1.50 to $2.50
rao999: raises $5 to $7.50
paramourx: folds 
CichiChanMarian: folds 
Paco19bn: folds 
Poker9803: raises $12.75 to $20.25
rao999: folds 
Uncalled bet ($12.75) returned to Poker9803
Poker9803 collected $16.50 from pot
Poker9803: doesn't show hand 
*** SUMMARY ***
Total pot $16.50 | Rake $0 
Seat 2: 7BillionLuck
Seat 1: Paco19bn (big blind) folded before Flop
Seat 3: Poker9803 collected ($16.50)
Seat 4: rao999 folded before Flop
Seat 5: paramourx (button) folded before Flop (didn't bet)
Seat 6: CichiChanMarian (small blind) folded before Flop



PokerStars Hand #254593440958:  Hold'em No Limit ($0.50/$1.00 USD) - 2025/01/28 18:49:08 WET [2025/01/28 13:49:08 ET]
Table 'Chantal' 6-max Seat #6 is the button
Seat 2: 7BillionLuck ($0 in chips) is sitting out
Seat 3: Poker9803 ($109 in chips) is sitting out
Seat 4: rao999 ($100 in chips) is sitting out
Seat 1: Paco19bn ($139.14 in chips) 
Seat 5: paramourx ($150.99 in chips) 
Seat 6: CichiChanMarian ($102 in chips) 
Paco19bn: posts small blind $0.50
Poker9803: is sitting out 
rao999: is sitting out 
paramourx: posts big blind $1
*** HOLE CARDS ***
Poker9803 leaves the table
CichiChanMarian: folds 
Paco19bn: raises $2 to $3
Pippa83 joins the table at seat #3 
paramourx: calls $2
*** FLOP *** [Ah 6h Th]
Paco19bn: checks 
paramourx: checks 
*** TURN *** [Ah 6h Th] [4c]
Paco19bn: checks 
paramourx: checks 
*** RIVER *** [Ah 6h Th 4c] [6c]
Paco19bn: checks 
paramourx: checks 
*** SHOW DOWN ***
Paco19bn: shows [Ks 3s] (a pair of Sixes)
paramourx: shows [8h Kd] (a pair of Sixes)
Paco19bn collected $2.85 from pot
paramourx collected $2.85 from pot
*** SUMMARY ***
Total pot $6 | Rake $0.30 
Board [Ah 6h Th 4c 6c]
Seat 2: 7BillionLuck
Seat 3: Poker9803
Seat 4: rao999
Seat 1: Paco19bn (small blind) showed [Ks 3s] and won ($2.85) with a pair of Sixes
Seat 5: paramourx (big blind) showed [8h Kd] and won ($2.85) with a pair of Sixes
Seat 6: CichiChanMarian (button) folded before Flop (didn't bet)



PokerStars Hand #254593458879:  Hold'em No Limit ($0.50/$1.00 USD) - 2025/01/28 18:50:05 WET [2025/01/28 13:50:05 ET]
Table 'Chantal' 6-max Seat #5 is the button
Seat 2: 7BillionLuck ($0 in chips) is sitting out
Seat 3: Pippa83 ($100 in chips) is sitting out
Seat 4: rao999 ($100 in chips) is sitting out
Seat 6: CichiChanMarian ($102 in chips) is sitting out
Seat 1: Paco19bn ($138.99 in chips) 
Seat 5: paramourx ($150.84 in chips) 
paramourx: posts small blind $0.50
CichiChanMarian: is sitting out 
Paco19bn: posts big blind $1
*** HOLE CARDS ***
paramourx: raises $2 to $3
Paco19bn: folds 
Uncalled bet ($2) returned to paramourx
paramourx collected $2 from pot
paramourx: doesn't show hand 
*** SUMMARY ***
Total pot $2 | Rake $0 
Seat 2: 7BillionLuck
Seat 3: Pippa83
Seat 4: rao999
Seat 6: CichiChanMarian
Seat 1: Paco19bn (big blind) folded before Flop
Seat 5: paramourx (button) (small blind) collected ($2)



PokerStars Hand #254593462078:  Hold'em No Limit ($0.50/$1.00 USD) - 2025/01/28 18:50:16 WET [2025/01/28 13:50:16 ET]
Table 'Chantal' 6-max Seat #5 is the button
Seat 2: 7BillionLuck ($0 in chips) is sitting out
Seat 4: rao999 ($100 in chips) is sitting out
Seat 6: CichiChanMarian ($102 in chips) is sitting out
Seat 1: Paco19bn ($137.99 in chips) 
Seat 3: Pippa83 ($100 in chips) 
Seat 5: paramourx ($151.84 in chips) 
Paco19bn: posts small blind $0.50
Pippa83: posts big blind $1
*** HOLE CARDS ***
CichiChanMarian leaves the table
paramourx: folds 
Paco19bn: folds 
Uncalled bet ($0.50) returned to Pippa83
Pippa83 collected $1 from pot
Pippa83: doesn't show hand 
*** SUMMARY ***
Total pot $1 | Rake $0 
Seat 2: 7BillionLuck
Seat 4: rao999
Seat 6: CichiChanMarian
Seat 1: Paco19bn (small blind) folded before Flop
Seat 3: Pippa83 (big blind) collected ($1)
Seat 5: paramourx (button) folded before Flop (didn't bet)



PokerStars Hand #254593464423:  Hold'em No Limit ($0.50/$1.00 USD) - 2025/01/28 18:50:23 WET [2025/01/28 13:50:23 ET]
Table 'Chantal' 6-max Seat #3 is the button
Seat 2: 7BillionLuck ($0 in chips) is sitting out
Seat 4: rao999 ($100 in chips) is sitting out
Seat 5: paramourx ($151.84 in chips) is sitting out
Seat 1: Paco19bn ($137.49 in chips) 
Seat 3: Pippa83 ($100.50 in chips) 
Pippa83: posts small blind $0.50
paramourx: is sitting out 
Paco19bn: posts big blind $1
*** HOLE CARDS ***
Pippa83: raises $1.50 to $2.50
paramourx leaves the table
Paco19bn: raises $7.75 to $10.25
Pippa83: folds 
Uncalled bet ($7.75) returned to Paco19bn
Paco19bn collected $5 from pot
7BillionLuck leaves the table
Paco19bn: doesn't show hand 
*** SUMMARY ***
Total pot $5 | Rake $0 
Seat 2: 7BillionLuck
Seat 4: rao999
Seat 5: paramourx
Seat 1: Paco19bn (big blind) collected ($5)
Seat 3: Pippa83 (button) (small blind) folded before Flop



PokerStars Hand #254593469996:  Hold'em No Limit ($0.50/$1.00 USD) - 2025/01/28 18:50:41 WET [2025/01/28 13:50:41 ET]
Table 'Chantal' 6-max Seat #1 is the button
Seat 4: rao999 ($100 in chips) is sitting out
Seat 1: Paco19bn ($139.99 in chips) 
Seat 3: Pippa83 ($100 in chips) 
Paco19bn: posts small blind $0.50
Pippa83: posts big blind $1
*** HOLE CARDS ***
Paco19bn: folds 
Uncalled bet ($0.50) returned to Pippa83
Pippa83 collected $1 from pot
Pippa83: doesn't show hand 
*** SUMMARY ***
Total pot $1 | Rake $0 
Seat 4: rao999
Seat 1: Paco19bn (button) (small blind) folded before Flop
Seat 3: Pippa83 (big blind) collected ($1)



PokerStars Hand #254593471902:  Hold'em No Limit ($0.50/$1.00 USD) - 2025/01/28 18:50:47 WET [2025/01/28 13:50:47 ET]
Table 'Chantal' 6-max Seat #3 is the button
Seat 4: rao999 ($100 in chips) is sitting out
Seat 1: Paco19bn ($139.49 in chips) 
Seat 3: Pippa83 ($100.50 in chips) 
Pippa83: posts small blind $0.50
Paco19bn: posts big blind $1
*** HOLE CARDS ***
Pippa83: folds 
Uncalled bet ($0.50) returned to Paco19bn
Paco19bn collected $1 from pot
Paco19bn: doesn't show hand 
Pippa83 leaves the table
*** SUMMARY ***
Total pot $1 | Rake $0 
Seat 4: rao999
Seat 1: Paco19bn (big blind) collected ($1)
Seat 3: Pippa83 (button) (small blind) folded before Flop



PokerStars Hand #254593987852:  Hold'em No Limit ($0.50/$1.00 USD) - 2025/01/28 19:13:26 WET [2025/01/28 14:13:26 ET]
Table 'Chantal' 6-max Seat #1 is the button
Seat 4: rao999 ($100 in chips) is sitting out
Seat 1: AlexPinsk1 ($100 in chips) 
Seat 2: mariofcd ($93.70 in chips) 
Seat 3: chinokevin13 ($100 in chips) 
mariofcd: posts small blind $0.50
chinokevin13: posts big blind $1
*** HOLE CARDS ***
AlexPinsk1: raises $1.50 to $2.50
mariofcd: folds 
chinokevin13: folds 
Uncalled bet ($1.50) returned to AlexPinsk1
AlexPinsk1 collected $2.50 from pot
AlexPinsk1: doesn't show hand 
*** SUMMARY ***
Total pot $2.50 | Rake $0 
Seat 4: rao999
Seat 1: AlexPinsk1 (button) collected ($2.50)
Seat 2: mariofcd (small blind) folded before Flop
Seat 3: chinokevin13 (big blind) folded before Flop



PokerStars Hand #254593993250:  Hold'em No Limit ($0.50/$1.00 USD) - 2025/01/28 19:13:39 WET [2025/01/28 14:13:39 ET]
Table 'Chantal' 6-max Seat #2 is the button
Seat 4: rao999 ($100 in chips) is sitting out
Seat 1: AlexPinsk1 ($101.50 in chips) 
Seat 2: mariofcd ($100 in chips) 
Seat 3: chinokevin13 ($100 in chips) 
chinokevin13: posts small blind $0.50
AlexPinsk1: posts big blind $1
*** HOLE CARDS ***
mariofcd: raises $1.45 to $2.45
chinokevin13: folds 
AlexPinsk1: folds 
Uncalled bet ($1.45) returned to mariofcd
mariofcd collected $2.50 from pot
mariofcd: doesn't show hand 
*** SUMMARY ***
Total pot $2.50 | Rake $0 
Seat 4: rao999
Seat 1: AlexPinsk1 (big blind) folded before Flop
Seat 2: mariofcd (button) collected ($2.50)
Seat 3: chinokevin13 (small blind) folded before Flop



PokerStars Hand #254594000069:  Hold'em No Limit ($0.50/$1.00 USD) - 2025/01/28 19:13:57 WET [2025/01/28 14:13:57 ET]
Table 'Chantal' 6-max Seat #3 is the button
Seat 4: rao999 ($100 in chips) is sitting out
Seat 1: AlexPinsk1 ($100.50 in chips) 
Seat 2: mariofcd ($101.50 in chips) 
Seat 3: chinokevin13 ($100 in chips) 
AlexPinsk1: posts small blind $0.50
mariofcd: posts big blind $1
*** HOLE CARDS ***
chinokevin13: raises $1.50 to $2.50
AlexPinsk1: folds 
mariofcd: folds 
Uncalled bet ($1.50) returned to chinokevin13
chinokevin13 collected $2.50 from pot
chinokevin13: doesn't show hand 
*** SUMMARY ***
Total pot $2.50 | Rake $0 
Seat 4: rao999
Seat 1: AlexPinsk1 (small blind) folded before Flop
Seat 2: mariofcd (big blind) folded before Flop
Seat 3: chinokevin13 (button) collected ($2.50)



PokerStars Hand #254594005593:  Hold'em No Limit ($0.50/$1.00 USD) - 2025/01/28 19:14:11 WET [2025/01/28 14:14:11 ET]
Table 'Chantal' 6-max Seat #1 is the button
Seat 1: AlexPinsk1 ($100 in chips) 
Seat 2: mariofcd ($100.50 in chips) 
Seat 3: chinokevin13 ($101.50 in chips) 
rao999 leaves the table
mariofcd: posts small blind $0.50
chinokevin13: posts big blind $1
*** HOLE CARDS ***
AlexPinsk1: folds 
mariofcd: raises $2 to $3
chinokevin13: calls $2
*** FLOP *** [Qh 2c 6d]
kvcsszblcs joins the table at seat #5 
mariofcd: checks 
chinokevin13: bets $2.85
mariofcd: folds 
Uncalled bet ($2.85) returned to chinokevin13
chinokevin13 collected $5.70 from pot
chinokevin13: doesn't show hand 
*** SUMMARY ***
Total pot $6 | Rake $0.30 
Board [Qh 2c 6d]
Seat 1: AlexPinsk1 (button) folded before Flop (didn't bet)
Seat 2: mariofcd (small blind) folded on the Flop
Seat 3: chinokevin13 (big blind) collected ($5.70)



PokerStars Hand #254594022868:  Hold'em No Limit ($0.50/$1.00 USD) - 2025/01/28 19:14:58 WET [2025/01/28 14:14:58 ET]
Table 'Chantal' 6-max Seat #2 is the button
Seat 1: AlexPinsk1 ($100 in chips) 
Seat 2: mariofcd ($97.50 in chips) 
Seat 3: chinokevin13 ($104.20 in chips) 
Seat 5: kvcsszblcs ($100.50 in chips) 
chinokevin13: posts small blind $0.50
kvcsszblcs: posts big blind $1
*** HOLE CARDS ***
AlexPinsk1: folds 
mariofcd: raises $1 to $2
chinokevin13: folds 
kvcsszblcs: calls $1
*** FLOP *** [Jc 5d 5c]
TCK2 joins the table at seat #6 
kvcsszblcs: checks 
mariofcd: bets $1.28
kvcsszblcs: calls $1.28
*** TURN *** [Jc 5d 5c] [5s]
kvcsszblcs: checks 
mariofcd: bets $11.81
avstero joins the table at seat #4 
kvcsszblcs: calls $11.81
*** RIVER *** [Jc 5d 5c 5s] [3c]
kvcsszblcs: checks 
mariofcd: bets $29.68
kvcsszblcs: calls $29.68
*** SHOW DOWN ***
mariofcd: shows [Js Ad] (a full house, Fives full of Jacks)
kvcsszblcs: shows [Jh 4h] (a full house, Fives full of Jacks)
kvcsszblcs collected $44.52 from pot
mariofcd collected $44.52 from pot
*** SUMMARY ***
Total pot $90.04 | Rake $1 
Board [Jc 5d 5c 5s 3c]
Seat 1: AlexPinsk1 folded before Flop (didn't bet)
Seat 2: mariofcd (button) showed [Js Ad] and won ($44.52) with a full house, Fives full of Jacks
Seat 3: chinokevin13 (small blind) folded before Flop
Seat 5: kvcsszblcs (big blind) showed [Jh 4h] and won ($44.52) with a full house, Fives full of Jacks



PokerStars Hand #254594048484:  Hold'em No Limit ($0.50/$1.00 USD) - 2025/01/28 19:16:05 WET [2025/01/28 14:16:05 ET]
Table 'Chantal' 6-max Seat #3 is the button
Seat 4: avstero ($100 in chips) is sitting out
Seat 1: AlexPinsk1 ($100 in chips) 
Seat 2: mariofcd ($97.25 in chips) 
Seat 3: chinokevin13 ($103.70 in chips) 
Seat 5: kvcsszblcs ($100.25 in chips) 
Seat 6: TCK2 ($10 in chips) 
kvcsszblcs: posts small blind $0.50
TCK2: posts big blind $1
*** HOLE CARDS ***
AlexPinsk1: raises $1.50 to $2.50
mariofcd: folds 
chinokevin13: folds 
kvcsszblcs: folds 
mariofcd leaves the table
TCK2: folds 
Uncalled bet ($1.50) returned to AlexPinsk1
AlexPinsk1 collected $2.50 from pot
AlexPinsk1: doesn't show hand 
*** SUMMARY ***
Total pot $2.50 | Rake $0 
Seat 4: avstero
Seat 1: AlexPinsk1 collected ($2.50)
Seat 2: mariofcd folded before Flop (didn't bet)
Seat 3: chinokevin13 (button) folded before Flop (didn't bet)
Seat 5: kvcsszblcs (small blind) folded before Flop
Seat 6: TCK2 (big blind) folded before Flop



PokerStars Hand #254594557896:  Hold'em No Limit ($0.50/$1.00 USD) - 2025/01/28 19:16:30 WET [2025/01/28 14:16:30 ET]
Table 'Chantal' 6-max Seat #5 is the button
Seat 1: AlexPinsk1 ($101.50 in chips) is sitting out
Seat 3: chinokevin13 ($103.70 in chips) is sitting out
Seat 4: avstero ($100 in chips) 
Seat 5: kvcsszblcs ($100 in chips) 
Seat 6: TCK2 ($9 in chips) 
TCK2: posts small blind $0.50
AlexPinsk1: is sitting out 
chinokevin13: is sitting out 
avstero: posts big blind $1
*** HOLE CARDS ***
bjmack902 joins the table at seat #2 
bjmack902 is disconnected 
kvcsszblcs: folds 
TCK2: raises $8 to $9 and is all-in
avstero: folds 
Uncalled bet ($8) returned to TCK2
TCK2 collected $2 from pot
*** SUMMARY ***
Total pot $2 | Rake $0 
Seat 1: AlexPinsk1
Seat 3: chinokevin13
Seat 4: avstero (big blind) folded before Flop
Seat 5: kvcsszblcs (button) folded before Flop (didn't bet)
Seat 6: TCK2 (small blind) collected ($2)



PokerStars Hand #254594563032:  Hold'em No Limit ($0.50/$1.00 USD) - 2025/01/28 19:16:44 WET [2025/01/28 14:16:44 ET]
Table 'Chantal' 6-max Seat #6 is the button
Seat 1: AlexPinsk1 ($101.50 in chips) is sitting out
Seat 2: bjmack902 ($14.82 in chips) is sitting out
Seat 3: chinokevin13 ($103.70 in chips) is sitting out
Seat 4: avstero ($99 in chips) 
Seat 5: kvcsszblcs ($100 in chips) 
Seat 6: TCK2 ($10 in chips) 
avstero: posts small blind $0.50
kvcsszblcs: posts big blind $1
*** HOLE CARDS ***
TCK2: folds 
avstero: folds 
Uncalled bet ($0.50) returned to kvcsszblcs
kvcsszblcs collected $1 from pot
kvcsszblcs: doesn't show hand 
*** SUMMARY ***
Total pot $1 | Rake $0 
Seat 1: AlexPinsk1
Seat 2: bjmack902
Seat 3: chinokevin13
Seat 4: avstero (small blind) folded before Flop
Seat 5: kvcsszblcs (big blind) collected ($1)
Seat 6: TCK2 (button) folded before Flop (didn't bet)



PokerStars Hand #254594567745:  Hold'em No Limit ($0.50/$1.00 USD) - 2025/01/28 19:16:56 WET [2025/01/28 14:16:56 ET]
Table 'Chantal' 6-max Seat #4 is the button
Seat 1: AlexPinsk1 ($101.50 in chips) is sitting out
Seat 3: chinokevin13 ($103.70 in chips) is sitting out
Seat 2: bjmack902 ($14.82 in chips) 
Seat 4: avstero ($100 in chips) 
Seat 5: kvcsszblcs ($100.50 in chips) 
Seat 6: TCK2 ($10 in chips) 
kvcsszblcs: posts small blind $0.50
TCK2: posts big blind $1
AlexPinsk1: sits out 
bjmack902: posts big blind $1
chinokevin13: sits out 
*** HOLE CARDS ***
bjmack902: checks 
avstero: folds 
kvcsszblcs: calls $0.50
TCK2: raises $9 to $10 and is all-in
bjmack902: raises $4.82 to $14.82 and is all-in
kvcsszblcs: folds 
Uncalled bet ($4.82) returned to bjmack902
*** FLOP *** [7c 9h Jc]
*** TURN *** [7c 9h Jc] [Tc]
*** RIVER *** [7c 9h Jc Tc] [3h]
*** SHOW DOWN ***
TCK2: shows [6c 6h] (a pair of Sixes)
bjmack902: shows [As 2s] (high card Ace)
TCK2 collected $20 from pot
*** SUMMARY ***
Total pot $21 | Rake $1 
Board [7c 9h Jc Tc 3h]
Seat 1: AlexPinsk1
Seat 3: chinokevin13
Seat 2: bjmack902 showed [As 2s] and lost with high card Ace
Seat 4: avstero (button) folded before Flop (didn't bet)
Seat 5: kvcsszblcs (small blind) folded before Flop
Seat 6: TCK2 (big blind) showed [6c 6h] and won ($20) with a pair of Sixes



PokerStars Hand #254594579667:  Hold'em No Limit ($0.50/$1.00 USD) - 2025/01/28 19:17:29 WET [2025/01/28 14:17:29 ET]
Table 'Chantal' 6-max Seat #5 is the button
Seat 3: chinokevin13 ($103.70 in chips) is sitting out
Seat 1: AlexPinsk1 ($101.50 in chips) 
Seat 2: bjmack902 ($4.82 in chips) 
Seat 4: avstero ($100 in chips) 
Seat 5: kvcsszblcs ($100 in chips) 
Seat 6: TCK2 ($20 in chips) 
TCK2: posts small blind $0.50
AlexPinsk1: posts big blind $1
chinokevin13: sits out 
*** HOLE CARDS ***
bjmack902: raises $3.82 to $4.82 and is all-in
avstero: folds 
kvcsszblcs: folds 
TCK2: folds 
AlexPinsk1: folds 
Uncalled bet ($3.82) returned to bjmack902
bjmack902 collected $2.50 from pot
*** SUMMARY ***
Total pot $2.50 | Rake $0 
Seat 3: chinokevin13
Seat 1: AlexPinsk1 (big blind) folded before Flop
Seat 2: bjmack902 collected ($2.50)
Seat 4: avstero folded before Flop (didn't bet)
Seat 5: kvcsszblcs (button) folded before Flop (didn't bet)
Seat 6: TCK2 (small blind) folded before Flop



PokerStars Hand #254594590311:  Hold'em No Limit ($0.50/$1.00 USD) - 2025/01/28 19:17:58 WET [2025/01/28 14:17:58 ET]
Table 'Chantal' 6-max Seat #6 is the button
Seat 3: chinokevin13 ($103.70 in chips) is sitting out
Seat 1: AlexPinsk1 ($100.50 in chips) 
Seat 2: bjmack902 ($6.32 in chips) 
Seat 4: avstero ($100 in chips) 
Seat 5: kvcsszblcs ($100 in chips) 
Seat 6: TCK2 ($19.50 in chips) 
AlexPinsk1: posts small blind $0.50
bjmack902: posts big blind $1
chinokevin13: sits out 
*** HOLE CARDS ***
avstero: raises $1.20 to $2.20
kvcsszblcs: folds 
TCK2: folds 
AlexPinsk1: folds 
bjmack902: calls $1.20
*** FLOP *** [8h Kc 3d]
bjmack902: checks 
avstero: checks 
*** TURN *** [8h Kc 3d] [Jd]
bjmack902: bets $4.12 and is all-in
avstero: calls $4.12
*** RIVER *** [8h Kc 3d Jd] [2d]
*** SHOW DOWN ***
bjmack902: shows [6s 9c] (high card King)
avstero: shows [Ts Qd] (high card King - Queen kicker)
avstero collected $12.48 from pot
*** SUMMARY ***
Total pot $13.14 | Rake $0.66 
Board [8h Kc 3d Jd 2d]
Seat 3: chinokevin13
Seat 1: AlexPinsk1 (small blind) folded before Flop
Seat 2: bjmack902 (big blind) showed [6s 9c] and lost with high card King
Seat 4: avstero showed [Ts Qd] and won ($12.48) with high card King
Seat 5: kvcsszblcs folded before Flop (didn't bet)
Seat 6: TCK2 (button) folded before Flop (didn't bet)



PokerStars Hand #254594610581:  Hold'em No Limit ($0.50/$1.00 USD) - 2025/01/28 19:18:54 WET [2025/01/28 14:18:54 ET]
Table 'Chantal' 6-max Seat #1 is the button
Seat 2: bjmack902 ($0 in chips) is sitting out
Seat 3: chinokevin13 ($103.70 in chips) is sitting out
Seat 1: AlexPinsk1 ($100 in chips) 
Seat 4: avstero ($106.16 in chips) 
Seat 5: kvcsszblcs ($100 in chips) 
Seat 6: TCK2 ($19.50 in chips) 
avstero: posts small blind $0.50
kvcsszblcs: posts big blind $1
*** HOLE CARDS ***
bjmack902 leaves the table
TCK2: folds 
AlexPinsk1: raises $1.50 to $2.50
avstero: folds 
kvcsszblcs: folds 
Uncalled bet ($1.50) returned to AlexPinsk1
AlexPinsk1 collected $2.50 from pot
AlexPinsk1: doesn't show hand 
*** SUMMARY ***
Total pot $2.50 | Rake $0 
Seat 2: bjmack902
Seat 3: chinokevin13
Seat 1: AlexPinsk1 (button) collected ($2.50)
Seat 4: avstero (small blind) folded before Flop
Seat 5: kvcsszblcs (big blind) folded before Flop
Seat 6: TCK2 folded before Flop (didn't bet)



PokerStars Hand #254594618964:  Hold'em No Limit ($0.50/$1.00 USD) - 2025/01/28 19:19:18 WET [2025/01/28 14:19:18 ET]
Table 'Chantal' 6-max Seat #4 is the button
Seat 1: AlexPinsk1 ($101.50 in chips) is sitting out
Seat 6: TCK2 ($19.50 in chips) is sitting out
Seat 3: chinokevin13 ($103.70 in chips) 
Seat 4: avstero ($105.66 in chips) 
Seat 5: kvcsszblcs ($100 in chips) 
kvcsszblcs: posts small blind $0.50
TCK2: is sitting out 
AlexPinsk1: is sitting out 
chinokevin13: posts big blind $1
*** HOLE CARDS ***
avstero: folds 
kvcsszblcs: folds 
Uncalled bet ($0.50) returned to chinokevin13
TCK2 leaves the table
chinokevin13 collected $1 from pot
chinokevin13: doesn't show hand 
*** SUMMARY ***
Total pot $1 | Rake $0 
Seat 1: AlexPinsk1
Seat 6: TCK2
Seat 3: chinokevin13 (big blind) collected ($1)
Seat 4: avstero (button) folded before Flop (didn't bet)
Seat 5: kvcsszblcs (small blind) folded before Flop



PokerStars Hand #254594625165:  Hold'em No Limit ($0.50/$1.00 USD) - 2025/01/28 19:19:35 WET [2025/01/28 14:19:35 ET]
Table 'Chantal' 6-max Seat #5 is the button
Seat 1: AlexPinsk1 ($101.50 in chips) is sitting out
Seat 3: chinokevin13 ($104.20 in chips) 
Seat 4: avstero ($105.66 in chips) 
Seat 5: kvcsszblcs ($100 in chips) 
chinokevin13: posts small blind $0.50
avstero: posts big blind $1
*** HOLE CARDS ***
kvcsszblcs: folds 
AlexPinsk1 leaves the table
chinokevin13: folds 
Uncalled bet ($0.50) returned to avstero
avstero collected $1 from pot
avstero: doesn't show hand 
*** SUMMARY ***
Total pot $1 | Rake $0 
Seat 1: AlexPinsk1
Seat 3: chinokevin13 (small blind) folded before Flop
Seat 4: avstero (big blind) collected ($1)
Seat 5: kvcsszblcs (button) folded before Flop (didn't bet)



PokerStars Hand #254594631084:  Hold'em No Limit ($0.50/$1.00 USD) - 2025/01/28 19:19:52 WET [2025/01/28 14:19:52 ET]
Table 'Chantal' 6-max Seat #4 is the button
Seat 5: kvcsszblcs ($100 in chips) is sitting out
Seat 3: chinokevin13 ($103.70 in chips) 
Seat 4: avstero ($106.16 in chips) 
avstero: posts small blind $0.50
kvcsszblcs: is sitting out 
chinokevin13: posts big blind $1
*** HOLE CARDS ***
avstero: raises $1.20 to $2.20
kvcsszblcs leaves the table
chinokevin13: raises $9.30 to $11.50
avstero: folds 
Uncalled bet ($9.30) returned to chinokevin13
chinokevin13 collected $4.40 from pot
chinokevin13: doesn't show hand 
*** SUMMARY ***
Total pot $4.40 | Rake $0 
Seat 5: kvcsszblcs
Seat 3: chinokevin13 (big blind) collected ($4.40)
Seat 4: avstero (button) (small blind) folded before Flop



