PokerStars Hand #254591456992:  Hold'em No Limit ($0.50/$1.00 USD) - 2025/01/28 9:12:09 WET [2025/01/28 4:12:09 ET]
Table 'Jubilatrix IV' 6-max Seat #4 is the button
Seat 1: pepelino19 ($99.50 in chips) 
Seat 2: Poker9803 ($101.50 in chips) 
Seat 4: akbloger ($100 in chips) 
Seat 6: Pippa83 ($100 in chips) 
Pippa83: posts small blind $0.50
pepelino19: posts big blind $1
*** HOLE CARDS ***
Poker9803: folds 
akbloger: raises $1.50 to $2.50
Pippa83: folds 
pepelino19: calls $1.50
*** FLOP *** [3h Tc Qd]
pepelino19: bets $3.61
akbloger: folds 
Uncalled bet ($3.61) returned to pepelino19
Paco19bn joins the table at seat #3 
pepelino19 collected $5.22 from pot
*** SUMMARY ***
Total pot $5.50 | Rake $0.28 
Board [3h Tc Qd]
Seat 1: pepelino19 (big blind) collected ($5.22)
Seat 2: Poker9803 folded before Flop (didn't bet)
Seat 4: akbloger (button) folded on the Flop
Seat 6: Pippa83 (small blind) folded before Flop



PokerStars Hand #254591459058:  Hold'em No Limit ($0.50/$1.00 USD) - 2025/01/28 9:12:35 WET [2025/01/28 4:12:35 ET]
Table 'Jubilatrix IV' 6-max Seat #6 is the button
Seat 3: Paco19bn ($100 in chips) is sitting out
Seat 1: pepelino19 ($102.22 in chips) 
Seat 2: Poker9803 ($101.50 in chips) 
Seat 4: akbloger ($100 in chips) 
Seat 6: Pippa83 ($100 in chips) 
pepelino19: posts small blind $0.50
Poker9803: posts big blind $1
Paco19bn: sits out 
*** HOLE CARDS ***
akbloger: folds 
Pippa83: folds 
pepelino19: raises $2 to $3
Poker9803: calls $2
*** FLOP *** [Js 6c 4c]
pepelino19: bets $3.85
Poker9803: folds 
Uncalled bet ($3.85) returned to pepelino19
pepelino19 collected $5.70 from pot
Kreayshawn joins the table at seat #5 
*** SUMMARY ***
Total pot $6 | Rake $0.30 
Board [Js 6c 4c]
Seat 3: Paco19bn
Seat 1: pepelino19 (small blind) collected ($5.70)
Seat 2: Poker9803 (big blind) folded on the Flop
Seat 4: akbloger folded before Flop (didn't bet)
Seat 6: Pippa83 (button) folded before Flop (didn't bet)



PokerStars Hand #254591462190:  Hold'em No Limit ($0.50/$1.00 USD) - 2025/01/28 9:13:14 WET [2025/01/28 4:13:14 ET]
Table 'Jubilatrix IV' 6-max Seat #1 is the button
Seat 5: Kreayshawn ($100 in chips) is sitting out
Seat 1: pepelino19 ($104.92 in chips) 
Seat 2: Poker9803 ($100 in chips) 
Seat 3: Paco19bn ($100 in chips) 
Seat 4: akbloger ($100 in chips) 
Seat 6: Pippa83 ($100 in chips) 
Poker9803: posts small blind $0.50
Paco19bn: posts big blind $1
Kreayshawn: sits out 
*** HOLE CARDS ***
akbloger: raises $1.50 to $2.50
Pippa83: folds 
pepelino19: calls $2.50
Poker9803: folds 
Paco19bn: folds 
*** FLOP *** [8d 3d Jc]
akbloger: bets $2.04
pepelino19: calls $2.04
*** TURN *** [8d 3d Jc] [4h]
akbloger: bets $3.32
pepelino19: calls $3.32
*** RIVER *** [8d 3d Jc 4h] [9h]
akbloger: checks 
pepelino19: checks 
*** SHOW DOWN ***
akbloger: shows [Tc Ts] (a pair of Tens)
pepelino19: shows [Th Td] (a pair of Tens)
akbloger collected $8.18 from pot
pepelino19 collected $8.18 from pot
*** SUMMARY ***
Total pot $17.22 | Rake $0.86 
Board [8d 3d Jc 4h 9h]
Seat 5: Kreayshawn
Seat 1: pepelino19 (button) showed [Th Td] and won ($8.18) with a pair of Tens
Seat 2: Poker9803 (small blind) folded before Flop
Seat 3: Paco19bn (big blind) folded before Flop
Seat 4: akbloger showed [Tc Ts] and won ($8.18) with a pair of Tens
Seat 6: Pippa83 folded before Flop (didn't bet)



PokerStars Hand #254591466037:  Hold'em No Limit ($0.50/$1.00 USD) - 2025/01/28 9:14:02 WET [2025/01/28 4:14:02 ET]
Table 'Jubilatrix IV' 6-max Seat #2 is the button
Seat 5: Kreayshawn ($100 in chips) is sitting out
Seat 1: pepelino19 ($105.24 in chips) 
Seat 2: Poker9803 ($100 in chips) 
Seat 3: Paco19bn ($100 in chips) 
Seat 4: akbloger ($100.32 in chips) 
Seat 6: Pippa83 ($100 in chips) 
Paco19bn: posts small blind $0.50
akbloger: posts big blind $1
Kreayshawn: sits out 
*** HOLE CARDS ***
Pippa83: raises $1.20 to $2.20
pepelino19: folds 
Poker9803: folds 
Paco19bn: folds 
akbloger: folds 
Uncalled bet ($1.20) returned to Pippa83
Pippa83 collected $2.50 from pot
Pippa83: doesn't show hand 
*** SUMMARY ***
Total pot $2.50 | Rake $0 
Seat 5: Kreayshawn
Seat 1: pepelino19 folded before Flop (didn't bet)
Seat 2: Poker9803 (button) folded before Flop (didn't bet)
Seat 3: Paco19bn (small blind) folded before Flop
Seat 4: akbloger (big blind) folded before Flop
Seat 6: Pippa83 collected ($2.50)



PokerStars Hand #254591467041:  Hold'em No Limit ($0.50/$1.00 USD) - 2025/01/28 9:14:15 WET [2025/01/28 4:14:15 ET]
Table 'Jubilatrix IV' 6-max Seat #3 is the button
Seat 1: pepelino19 ($105.24 in chips) 
Seat 2: Poker9803 ($100 in chips) 
Seat 3: Paco19bn ($100 in chips) 
Seat 4: akbloger ($100 in chips) 
Seat 5: Kreayshawn ($100 in chips) 
Seat 6: Pippa83 ($101.50 in chips) 
akbloger: posts small blind $0.50
Kreayshawn: posts big blind $1
*** HOLE CARDS ***
Pippa83: folds 
pepelino19: raises $1 to $2
Poker9803: folds 
Paco19bn: folds 
akbloger: folds 
Kreayshawn: calls $1
*** FLOP *** [7s Th Jc]
Kreayshawn: checks 
pepelino19: checks 
*** TURN *** [7s Th Jc] [2h]
Kreayshawn: checks 
pepelino19: bets $3.14
Kreayshawn: calls $3.14
*** RIVER *** [7s Th Jc 2h] [Td]
Kreayshawn: checks 
pepelino19: bets $12.24
Kreayshawn: folds 
Uncalled bet ($12.24) returned to pepelino19
pepelino19 collected $10.24 from pot
*** SUMMARY ***
Total pot $10.78 | Rake $0.54 
Board [7s Th Jc 2h Td]
Seat 1: pepelino19 collected ($10.24)
Seat 2: Poker9803 folded before Flop (didn't bet)
Seat 3: Paco19bn (button) folded before Flop (didn't bet)
Seat 4: akbloger (small blind) folded before Flop
Seat 5: Kreayshawn (big blind) folded on the River
Seat 6: Pippa83 folded before Flop (didn't bet)



PokerStars Hand #254591470649:  Hold'em No Limit ($0.50/$1.00 USD) - 2025/01/28 9:14:58 WET [2025/01/28 4:14:58 ET]
Table 'Jubilatrix IV' 6-max Seat #4 is the button
Seat 1: pepelino19 ($110.34 in chips) 
Seat 2: Poker9803 ($100 in chips) 
Seat 3: Paco19bn ($100 in chips) 
Seat 4: akbloger ($100 in chips) 
Seat 5: Kreayshawn ($100 in chips) 
Seat 6: Pippa83 ($101.50 in chips) 
Kreayshawn: posts small blind $0.50
Pippa83: posts big blind $1
*** HOLE CARDS ***
pepelino19: folds 
Poker9803: raises $1.50 to $2.50
Paco19bn: folds 
akbloger: folds 
Kreayshawn: folds 
Pippa83: folds 
Uncalled bet ($1.50) returned to Poker9803
Poker9803 collected $2.50 from pot
Poker9803: doesn't show hand 
*** SUMMARY ***
Total pot $2.50 | Rake $0 
Seat 1: pepelino19 folded before Flop (didn't bet)
Seat 2: Poker9803 collected ($2.50)
Seat 3: Paco19bn folded before Flop (didn't bet)
Seat 4: akbloger (button) folded before Flop (didn't bet)
Seat 5: Kreayshawn (small blind) folded before Flop
Seat 6: Pippa83 (big blind) folded before Flop



PokerStars Hand #254591471866:  Hold'em No Limit ($0.50/$1.00 USD) - 2025/01/28 9:15:13 WET [2025/01/28 4:15:13 ET]
Table 'Jubilatrix IV' 6-max Seat #5 is the button
Seat 1: pepelino19 ($110.34 in chips) 
Seat 2: Poker9803 ($101.50 in chips) 
Seat 3: Paco19bn ($100 in chips) 
Seat 4: akbloger ($100 in chips) 
Seat 5: Kreayshawn ($100 in chips) 
Seat 6: Pippa83 ($100.50 in chips) 
Pippa83: posts small blind $0.50
pepelino19: posts big blind $1
*** HOLE CARDS ***
Poker9803: folds 
Paco19bn: raises $1 to $2
akbloger: folds 
Kreayshawn: folds 
Pippa83: folds 
pepelino19: calls $1
*** FLOP *** [Jh 3d Tc]
pepelino19: checks 
Paco19bn: bets $2.18
pepelino19: calls $2.18
*** TURN *** [Jh 3d Tc] [4h]
pepelino19: checks 
Paco19bn: bets $14.73
pepelino19: folds 
Uncalled bet ($14.73) returned to Paco19bn
Paco19bn collected $8.42 from pot
Paco19bn: doesn't show hand 
*** SUMMARY ***
Total pot $8.86 | Rake $0.44 
Board [Jh 3d Tc 4h]
Seat 1: pepelino19 (big blind) folded on the Turn
Seat 2: Poker9803 folded before Flop (didn't bet)
Seat 3: Paco19bn collected ($8.42)
Seat 4: akbloger folded before Flop (didn't bet)
Seat 5: Kreayshawn (button) folded before Flop (didn't bet)
Seat 6: Pippa83 (small blind) folded before Flop



PokerStars Hand #254591475337:  Hold'em No Limit ($0.50/$1.00 USD) - 2025/01/28 9:15:56 WET [2025/01/28 4:15:56 ET]
Table 'Jubilatrix IV' 6-max Seat #6 is the button
Seat 1: pepelino19 ($106.16 in chips) 
Seat 2: Poker9803 ($101.50 in chips) 
Seat 3: Paco19bn ($104.24 in chips) 
Seat 4: akbloger ($100 in chips) 
Seat 5: Kreayshawn ($100 in chips) 
Seat 6: Pippa83 ($100 in chips) 
pepelino19: posts small blind $0.50
Poker9803: posts big blind $1
*** HOLE CARDS ***
Paco19bn: raises $1 to $2
akbloger: folds 
Kreayshawn: folds 
Pippa83: folds 
pepelino19: calls $1.50
Poker9803: folds 
*** FLOP *** [Js 8h Qc]
pepelino19: checks 
Paco19bn: bets $8.31
pepelino19: calls $8.31
*** TURN *** [Js 8h Qc] [Jd]
pepelino19: checks 
Paco19bn: bets $6.78
pepelino19: calls $6.78
*** RIVER *** [Js 8h Qc Jd] [Ac]
pepelino19: checks 
Paco19bn: bets $58.48
pepelino19: folds 
Uncalled bet ($58.48) returned to Paco19bn
Paco19bn collected $33.42 from pot
Paco19bn: doesn't show hand 
*** SUMMARY ***
Total pot $35.18 | Rake $1.76 
Board [Js 8h Qc Jd Ac]
Seat 1: pepelino19 (small blind) folded on the River
Seat 2: Poker9803 (big blind) folded before Flop
Seat 3: Paco19bn collected ($33.42)
Seat 4: akbloger folded before Flop (didn't bet)
Seat 5: Kreayshawn folded before Flop (didn't bet)
Seat 6: Pippa83 (button) folded before Flop (didn't bet)



PokerStars Hand #254591481330:  Hold'em No Limit ($0.50/$1.00 USD) - 2025/01/28 9:17:09 WET [2025/01/28 4:17:09 ET]
Table 'Jubilatrix IV' 6-max Seat #1 is the button
Seat 1: pepelino19 ($89.07 in chips) 
Seat 2: Poker9803 ($100.50 in chips) 
Seat 3: Paco19bn ($120.57 in chips) 
Seat 4: akbloger ($100 in chips) 
Seat 5: Kreayshawn ($100 in chips) 
Seat 6: Pippa83 ($100 in chips) 
Poker9803: posts small blind $0.50
Paco19bn: posts big blind $1
*** HOLE CARDS ***
akbloger: folds 
Kreayshawn: folds 
akbloger leaves the table
Pippa83: folds 
pepelino19: folds 
Poker9803: folds 
Uncalled bet ($0.50) returned to Paco19bn
Paco19bn collected $1 from pot
Paco19bn: doesn't show hand 
*** SUMMARY ***
Total pot $1 | Rake $0 
Seat 1: pepelino19 (button) folded before Flop (didn't bet)
Seat 2: Poker9803 (small blind) folded before Flop
Seat 3: Paco19bn (big blind) collected ($1)
Seat 4: akbloger folded before Flop (didn't bet)
Seat 5: Kreayshawn folded before Flop (didn't bet)
Seat 6: Pippa83 folded before Flop (didn't bet)



PokerStars Hand #254591481951:  Hold'em No Limit ($0.50/$1.00 USD) - 2025/01/28 9:17:17 WET [2025/01/28 4:17:17 ET]
Table 'Jubilatrix IV' 6-max Seat #2 is the button
Seat 1: pepelino19 ($89.07 in chips) 
Seat 2: Poker9803 ($100 in chips) 
Seat 3: Paco19bn ($121.07 in chips) 
Seat 5: Kreayshawn ($100 in chips) 
Seat 6: Pippa83 ($100 in chips) 
Paco19bn: posts small blind $0.50
Kreayshawn: posts big blind $1
*** HOLE CARDS ***
Pippa83: folds 
pepelino19: calls $1
Poker9803: folds 
Paco19bn: calls $0.50
Kreayshawn: checks 
*** FLOP *** [7s 6s 3d]
Paco19bn: checks 
Kreayshawn: checks 
pepelino19: bets $1.43
Paco19bn: folds 
Kreayshawn: folds 
Uncalled bet ($1.43) returned to pepelino19
pepelino19 collected $2.85 from pot
pepelino19: doesn't show hand 
*** SUMMARY ***
Total pot $3 | Rake $0.15 
Board [7s 6s 3d]
Seat 1: pepelino19 collected ($2.85)
Seat 2: Poker9803 (button) folded before Flop (didn't bet)
Seat 3: Paco19bn (small blind) folded on the Flop
Seat 5: Kreayshawn (big blind) folded on the Flop
Seat 6: Pippa83 folded before Flop (didn't bet)



PokerStars Hand #254591485621:  Hold'em No Limit ($0.50/$1.00 USD) - 2025/01/28 9:18:02 WET [2025/01/28 4:18:02 ET]
Table 'Jubilatrix IV' 6-max Seat #3 is the button
Seat 1: pepelino19 ($90.92 in chips) 
Seat 2: Poker9803 ($100 in chips) 
Seat 3: Paco19bn ($120.07 in chips) 
Seat 5: Kreayshawn ($100 in chips) 
Seat 6: Pippa83 ($100 in chips) 
Kreayshawn: posts small blind $0.50
Pippa83: posts big blind $1
*** HOLE CARDS ***
pepelino19: calls $1
Poker9803: folds 
MaRKiToScoK joins the table at seat #4 
Paco19bn: raises $3 to $4
Kreayshawn: folds 
Pippa83: raises $10.50 to $14.50
pepelino19: folds 
Paco19bn: calls $10.50
*** FLOP *** [Kd Qc 9d]
Pippa83: checks 
Paco19bn: bets $14.78
Pippa83: calls $14.78
*** TURN *** [Kd Qc 9d] [6c]
Pippa83: checks 
Paco19bn: bets $32.50
Pippa83: folds 
Uncalled bet ($32.50) returned to Paco19bn
Paco19bn collected $57.56 from pot
Paco19bn: doesn't show hand 
*** SUMMARY ***
Total pot $60.06 | Rake $2.50 
Board [Kd Qc 9d 6c]
Seat 1: pepelino19 folded before Flop
Seat 2: Poker9803 folded before Flop (didn't bet)
Seat 3: Paco19bn (button) collected ($57.56)
Seat 5: Kreayshawn (small blind) folded before Flop
Seat 6: Pippa83 (big blind) folded on the Turn



PokerStars Hand #254591493413:  Hold'em No Limit ($0.50/$1.00 USD) - 2025/01/28 9:19:34 WET [2025/01/28 4:19:34 ET]
Table 'Jubilatrix IV' 6-max Seat #5 is the button
Seat 4: MaRKiToScoK ($100 in chips) is sitting out
Seat 1: pepelino19 ($89.92 in chips) 
Seat 2: Poker9803 ($100 in chips) 
Seat 3: Paco19bn ($148.35 in chips) 
Seat 5: Kreayshawn ($100 in chips) 
Seat 6: Pippa83 ($100 in chips) 
Pippa83: posts small blind $0.50
pepelino19: posts big blind $1
MaRKiToScoK: sits out 
*** HOLE CARDS ***
Poker9803: folds 
Paco19bn: folds 
Kreayshawn: raises $1.50 to $2.50
Pippa83: raises $8.50 to $11
pepelino19: folds 
Kreayshawn: calls $8.50
*** FLOP *** [5s Qc 3h]
Pippa83: bets $7.21
Kreayshawn: folds 
Uncalled bet ($7.21) returned to Pippa83
Pippa83 collected $21.85 from pot
Pippa83: doesn't show hand 
*** SUMMARY ***
Total pot $23 | Rake $1.15 
Board [5s Qc 3h]
Seat 4: MaRKiToScoK
Seat 1: pepelino19 (big blind) folded before Flop
Seat 2: Poker9803 folded before Flop (didn't bet)
Seat 3: Paco19bn folded before Flop (didn't bet)
Seat 5: Kreayshawn (button) folded on the Flop
Seat 6: Pippa83 (small blind) collected ($21.85)



PokerStars Hand #254591496974:  Hold'em No Limit ($0.50/$1.00 USD) - 2025/01/28 9:20:18 WET [2025/01/28 4:20:18 ET]
Table 'Jubilatrix IV' 6-max Seat #6 is the button
Seat 4: MaRKiToScoK ($100 in chips) is sitting out
Seat 1: pepelino19 ($88.92 in chips) 
Seat 2: Poker9803 ($100 in chips) 
Seat 3: Paco19bn ($148.35 in chips) 
Seat 5: Kreayshawn ($100 in chips) 
Seat 6: Pippa83 ($110.85 in chips) 
pepelino19: posts small blind $0.50
Poker9803: posts big blind $1
MaRKiToScoK: sits out 
*** HOLE CARDS ***
Paco19bn: raises $1 to $2
Kreayshawn: folds 
Pippa83: folds 
pepelino19: calls $1.50
Poker9803: folds 
*** FLOP *** [9s 6s 9h]
pepelino19: checks 
Paco19bn: bets $1.57
pepelino19: calls $1.57
*** TURN *** [9s 6s 9h] [Th]
pepelino19: checks 
Paco19bn: bets $3.94
pepelino19: calls $3.94
*** RIVER *** [9s 6s 9h Th] [4d]
pepelino19: bets $7
Paco19bn: calls $7
*** SHOW DOWN ***
pepelino19: shows [9c Jd] (three of a kind, Nines)
Paco19bn: mucks hand 
pepelino19 collected $28.52 from pot
*** SUMMARY ***
Total pot $30.02 | Rake $1.50 
Board [9s 6s 9h Th 4d]
Seat 4: MaRKiToScoK
Seat 1: pepelino19 (small blind) showed [9c Jd] and won ($28.52) with three of a kind, Nines
Seat 2: Poker9803 (big blind) folded before Flop
Seat 3: Paco19bn mucked
Seat 5: Kreayshawn folded before Flop (didn't bet)
Seat 6: Pippa83 (button) folded before Flop (didn't bet)



PokerStars Hand #254591500834:  Hold'em No Limit ($0.50/$1.00 USD) - 2025/01/28 9:21:04 WET [2025/01/28 4:21:04 ET]
Table 'Jubilatrix IV' 6-max Seat #1 is the button
Seat 4: MaRKiToScoK ($100 in chips) is sitting out
Seat 1: pepelino19 ($102.93 in chips) 
Seat 2: Poker9803 ($100 in chips) 
Seat 3: Paco19bn ($133.84 in chips) 
Seat 5: Kreayshawn ($100 in chips) 
Seat 6: Pippa83 ($110.85 in chips) 
Poker9803: posts small blind $0.50
Paco19bn: posts big blind $1
MaRKiToScoK: sits out 
*** HOLE CARDS ***
Kreayshawn: folds 
Pippa83: raises $1.50 to $2.50
pepelino19: calls $2.50
Poker9803: raises $11.50 to $14
Paco19bn: folds 
Pippa83: folds 
pepelino19: folds 
Uncalled bet ($11.50) returned to Poker9803
Poker9803 collected $8.50 from pot
Poker9803: doesn't show hand 
*** SUMMARY ***
Total pot $8.50 | Rake $0 
Seat 4: MaRKiToScoK
Seat 1: pepelino19 (button) folded before Flop
Seat 2: Poker9803 (small blind) collected ($8.50)
Seat 3: Paco19bn (big blind) folded before Flop
Seat 5: Kreayshawn folded before Flop (didn't bet)
Seat 6: Pippa83 folded before Flop



PokerStars Hand #254591503158:  Hold'em No Limit ($0.50/$1.00 USD) - 2025/01/28 9:21:32 WET [2025/01/28 4:21:32 ET]
Table 'Jubilatrix IV' 6-max Seat #2 is the button
Seat 1: pepelino19 ($100.43 in chips) 
Seat 2: Poker9803 ($106 in chips) 
Seat 3: Paco19bn ($132.84 in chips) 
Seat 4: MaRKiToScoK ($100 in chips) 
Seat 5: Kreayshawn ($100 in chips) 
Seat 6: Pippa83 ($108.35 in chips) 
Paco19bn: posts small blind $0.50
MaRKiToScoK: posts big blind $1
*** HOLE CARDS ***
Kreayshawn: raises $1.50 to $2.50
Pippa83: folds 
pepelino19: calls $2.50
Poker9803: folds 
Paco19bn: folds 
MaRKiToScoK: calls $1.50
*** FLOP *** [9c 7c 3h]
MaRKiToScoK: checks 
Kreayshawn: checks 
pepelino19: bets $4.80
MaRKiToScoK: folds 
Kreayshawn: calls $4.80
*** TURN *** [9c 7c 3h] [8d]
Kreayshawn: checks 
pepelino19: bets $9.36
Kreayshawn: folds 
Uncalled bet ($9.36) returned to pepelino19
pepelino19 collected $16.72 from pot
*** SUMMARY ***
Total pot $17.60 | Rake $0.88 
Board [9c 7c 3h 8d]
Seat 1: pepelino19 collected ($16.72)
Seat 2: Poker9803 (button) folded before Flop (didn't bet)
Seat 3: Paco19bn (small blind) folded before Flop
Seat 4: MaRKiToScoK (big blind) folded on the Flop
Seat 5: Kreayshawn folded on the Turn
Seat 6: Pippa83 folded before Flop (didn't bet)



PokerStars Hand #254591508724:  Hold'em No Limit ($0.50/$1.00 USD) - 2025/01/28 9:22:38 WET [2025/01/28 4:22:38 ET]
Table 'Jubilatrix IV' 6-max Seat #3 is the button
Seat 1: pepelino19 ($109.85 in chips) 
Seat 2: Poker9803 ($106 in chips) 
Seat 3: Paco19bn ($132.34 in chips) 
Seat 4: MaRKiToScoK ($100 in chips) 
Seat 5: Kreayshawn ($100 in chips) 
Seat 6: Pippa83 ($108.35 in chips) 
MaRKiToScoK: posts small blind $0.50
Kreayshawn: posts big blind $1
*** HOLE CARDS ***
Pippa83: folds 
pepelino19: folds 
Poker9803: raises $1.50 to $2.50
Paco19bn: raises $5.03 to $7.53
MaRKiToScoK: folds 
Kreayshawn: folds 
Poker9803: folds 
Uncalled bet ($5.03) returned to Paco19bn
Paco19bn collected $6.50 from pot
Paco19bn: doesn't show hand 
*** SUMMARY ***
Total pot $6.50 | Rake $0 
Seat 1: pepelino19 folded before Flop (didn't bet)
Seat 2: Poker9803 folded before Flop
Seat 3: Paco19bn (button) collected ($6.50)
Seat 4: MaRKiToScoK (small blind) folded before Flop
Seat 5: Kreayshawn (big blind) folded before Flop
Seat 6: Pippa83 folded before Flop (didn't bet)



PokerStars Hand #254591510923:  Hold'em No Limit ($0.50/$1.00 USD) - 2025/01/28 9:23:04 WET [2025/01/28 4:23:04 ET]
Table 'Jubilatrix IV' 6-max Seat #4 is the button
Seat 1: pepelino19 ($109.85 in chips) 
Seat 2: Poker9803 ($103.50 in chips) 
Seat 3: Paco19bn ($136.34 in chips) 
Seat 4: MaRKiToScoK ($100 in chips) 
Seat 5: Kreayshawn ($100 in chips) 
Seat 6: Pippa83 ($108.35 in chips) 
Kreayshawn: posts small blind $0.50
Pippa83: posts big blind $1
*** HOLE CARDS ***
pepelino19: folds 
Poker9803: folds 
Paco19bn: folds 
MaRKiToScoK: folds 
Kreayshawn: folds 
Uncalled bet ($0.50) returned to Pippa83
Pippa83 collected $1 from pot
Pippa83: doesn't show hand 
*** SUMMARY ***
Total pot $1 | Rake $0 
Seat 1: pepelino19 folded before Flop (didn't bet)
Seat 2: Poker9803 folded before Flop (didn't bet)
Seat 3: Paco19bn folded before Flop (didn't bet)
Seat 4: MaRKiToScoK (button) folded before Flop (didn't bet)
Seat 5: Kreayshawn (small blind) folded before Flop
Seat 6: Pippa83 (big blind) collected ($1)



PokerStars Hand #254591511940:  Hold'em No Limit ($0.50/$1.00 USD) - 2025/01/28 9:23:16 WET [2025/01/28 4:23:16 ET]
Table 'Jubilatrix IV' 6-max Seat #5 is the button
Seat 1: pepelino19 ($109.85 in chips) 
Seat 2: Poker9803 ($103.50 in chips) 
Seat 3: Paco19bn ($136.34 in chips) 
Seat 4: MaRKiToScoK ($100 in chips) 
Seat 5: Kreayshawn ($100 in chips) 
Seat 6: Pippa83 ($108.85 in chips) 
Pippa83: posts small blind $0.50
pepelino19: posts big blind $1
*** HOLE CARDS ***
Poker9803: folds 
Paco19bn: raises $1 to $2
MaRKiToScoK: calls $2
Kreayshawn: folds 
Pippa83: folds 
pepelino19: calls $1
*** FLOP *** [Tc Jc Jd]
pepelino19: checks 
Paco19bn: bets $4
MaRKiToScoK: folds 
pepelino19: folds 
Uncalled bet ($4) returned to Paco19bn
Paco19bn collected $6.18 from pot
Paco19bn: doesn't show hand 
*** SUMMARY ***
Total pot $6.50 | Rake $0.32 
Board [Tc Jc Jd]
Seat 1: pepelino19 (big blind) folded on the Flop
Seat 2: Poker9803 folded before Flop (didn't bet)
Seat 3: Paco19bn collected ($6.18)
Seat 4: MaRKiToScoK folded on the Flop
Seat 5: Kreayshawn (button) folded before Flop (didn't bet)
Seat 6: Pippa83 (small blind) folded before Flop



PokerStars Hand #254591516081:  Hold'em No Limit ($0.50/$1.00 USD) - 2025/01/28 9:24:06 WET [2025/01/28 4:24:06 ET]
Table 'Jubilatrix IV' 6-max Seat #6 is the button
Seat 1: pepelino19 ($107.85 in chips) 
Seat 2: Poker9803 ($103.50 in chips) 
Seat 3: Paco19bn ($140.52 in chips) 
Seat 4: MaRKiToScoK ($100 in chips) 
Seat 5: Kreayshawn ($100 in chips) 
Seat 6: Pippa83 ($108.35 in chips) 
pepelino19: posts small blind $0.50
Poker9803: posts big blind $1
*** HOLE CARDS ***
Paco19bn: folds 
MaRKiToScoK: folds 
Paco19bn leaves the table
Kreayshawn: raises $1.50 to $2.50
Pippa83: folds 
pepelino19: folds 
Poker9803: folds 
Uncalled bet ($1.50) returned to Kreayshawn
Kreayshawn collected $2.50 from pot
Maximysss85 joins the table at seat #3 
*** SUMMARY ***
Total pot $2.50 | Rake $0 
Seat 1: pepelino19 (small blind) folded before Flop
Seat 2: Poker9803 (big blind) folded before Flop
Seat 3: Paco19bn folded before Flop (didn't bet)
Seat 4: MaRKiToScoK folded before Flop (didn't bet)
Seat 5: Kreayshawn collected ($2.50)
Seat 6: Pippa83 (button) folded before Flop (didn't bet)



PokerStars Hand #254591518718:  Hold'em No Limit ($0.50/$1.00 USD) - 2025/01/28 9:24:38 WET [2025/01/28 4:24:38 ET]
Table 'Jubilatrix IV' 6-max Seat #1 is the button
Seat 1: pepelino19 ($107.35 in chips) 
Seat 2: Poker9803 ($102.50 in chips) 
Seat 3: Maximysss85 ($100 in chips) 
Seat 4: MaRKiToScoK ($100 in chips) 
Seat 5: Kreayshawn ($101.50 in chips) 
Seat 6: Pippa83 ($108.35 in chips) 
Poker9803: posts small blind $0.50
Maximysss85: posts big blind $1
*** HOLE CARDS ***
MaRKiToScoK: raises $1 to $2
Kreayshawn: folds 
Pippa83: folds 
pepelino19: calls $2
Poker9803: folds 
Maximysss85: folds 
*** FLOP *** [8c Jc 3s]
MaRKiToScoK: checks 
pepelino19: bets $1.61
MaRKiToScoK: calls $1.61
*** TURN *** [8c Jc 3s] [Ah]
MaRKiToScoK: checks 
pepelino19: bets $3.14
MaRKiToScoK: folds 
Uncalled bet ($3.14) returned to pepelino19
pepelino19 collected $8.28 from pot
pepelino19: doesn't show hand 
*** SUMMARY ***
Total pot $8.72 | Rake $0.44 
Board [8c Jc 3s Ah]
Seat 1: pepelino19 (button) collected ($8.28)
Seat 2: Poker9803 (small blind) folded before Flop
Seat 3: Maximysss85 (big blind) folded before Flop
Seat 4: MaRKiToScoK folded on the Turn
Seat 5: Kreayshawn folded before Flop (didn't bet)
Seat 6: Pippa83 folded before Flop (didn't bet)



PokerStars Hand #254591522197:  Hold'em No Limit ($0.50/$1.00 USD) - 2025/01/28 9:25:19 WET [2025/01/28 4:25:19 ET]
Table 'Jubilatrix IV' 6-max Seat #2 is the button
Seat 1: pepelino19 ($112.02 in chips) 
Seat 2: Poker9803 ($102 in chips) 
Seat 3: Maximysss85 ($100 in chips) 
Seat 4: MaRKiToScoK ($100 in chips) 
Seat 5: Kreayshawn ($101.50 in chips) 
Seat 6: Pippa83 ($108.35 in chips) 
Maximysss85: posts small blind $0.50
MaRKiToScoK: posts big blind $1
*** HOLE CARDS ***
Kreayshawn: folds 
Pippa83: raises $1.20 to $2.20
pepelino19: folds 
Poker9803: raises $5.28 to $7.48
Maximysss85: folds 
MaRKiToScoK: folds 
Pippa83: raises $13.02 to $20.50
Poker9803: calls $13.02
*** FLOP *** [8h 3s 8s]
Pippa83: bets $13.33
Poker9803: calls $13.33
*** TURN *** [8h 3s 8s] [Th]
Pippa83: bets $22
Poker9803: folds 
Uncalled bet ($22) returned to Pippa83
Pippa83 collected $66.66 from pot
Pippa83: doesn't show hand 
*** SUMMARY ***
Total pot $69.16 | Rake $2.50 
Board [8h 3s 8s Th]
Seat 1: pepelino19 folded before Flop (didn't bet)
Seat 2: Poker9803 (button) folded on the Turn
Seat 3: Maximysss85 (small blind) folded before Flop
Seat 4: MaRKiToScoK (big blind) folded before Flop
Seat 5: Kreayshawn folded before Flop (didn't bet)
Seat 6: Pippa83 collected ($66.66)



PokerStars Hand #254591529166:  Hold'em No Limit ($0.50/$1.00 USD) - 2025/01/28 9:26:41 WET [2025/01/28 4:26:41 ET]
Table 'Jubilatrix IV' 6-max Seat #3 is the button
Seat 1: pepelino19 ($112.02 in chips) 
Seat 2: Poker9803 ($100 in chips) 
Seat 3: Maximysss85 ($100 in chips) 
Seat 4: MaRKiToScoK ($100 in chips) 
Seat 5: Kreayshawn ($101.50 in chips) 
Seat 6: Pippa83 ($141.18 in chips) 
MaRKiToScoK: posts small blind $0.50
Kreayshawn: posts big blind $1
*** HOLE CARDS ***
Pippa83: folds 
pepelino19: calls $1
Poker9803: folds 
Maximysss85: folds 
MaRKiToScoK: calls $0.50
Kreayshawn: checks 
*** FLOP *** [Kd 4d 6s]
MaRKiToScoK: checks 
Kreayshawn: checks 
pepelino19: bets $1.43
MaRKiToScoK: calls $1.43
Kreayshawn: calls $1.43
*** TURN *** [Kd 4d 6s] [Jh]
MaRKiToScoK: checks 
Kreayshawn: bets $2.29
pepelino19: calls $2.29
MaRKiToScoK: folds 
*** RIVER *** [Kd 4d 6s Jh] [Kc]
Kreayshawn: bets $8
pepelino19: raises $27.28 to $35.28
Kreayshawn: calls $27.28
*** SHOW DOWN ***
pepelino19: shows [Jd Kh] (a full house, Kings full of Jacks)
Kreayshawn: mucks hand 
pepelino19 collected $79.93 from pot
*** SUMMARY ***
Total pot $82.43 | Rake $2.50 
Board [Kd 4d 6s Jh Kc]
Seat 1: pepelino19 showed [Jd Kh] and won ($79.93) with a full house, Kings full of Jacks
Seat 2: Poker9803 folded before Flop (didn't bet)
Seat 3: Maximysss85 (button) folded before Flop (didn't bet)
Seat 4: MaRKiToScoK (small blind) folded on the Turn
Seat 5: Kreayshawn (big blind) mucked
Seat 6: Pippa83 folded before Flop (didn't bet)



PokerStars Hand #254591537301:  Hold'em No Limit ($0.50/$1.00 USD) - 2025/01/28 9:28:18 WET [2025/01/28 4:28:18 ET]
Table 'Jubilatrix IV' 6-max Seat #4 is the button
Seat 1: pepelino19 ($151.95 in chips) 
Seat 2: Poker9803 ($100 in chips) 
Seat 3: Maximysss85 ($100 in chips) 
Seat 4: MaRKiToScoK ($100 in chips) 
Seat 5: Kreayshawn ($100 in chips) 
Seat 6: Pippa83 ($141.18 in chips) 
Kreayshawn: posts small blind $0.50
Pippa83: posts big blind $1
*** HOLE CARDS ***
pepelino19: folds 
Poker9803: folds 
Maximysss85: raises $1.50 to $2.50
MaRKiToScoK: folds 
Kreayshawn: folds 
Pippa83: folds 
Uncalled bet ($1.50) returned to Maximysss85
Maximysss85 collected $2.50 from pot
Maximysss85: doesn't show hand 
*** SUMMARY ***
Total pot $2.50 | Rake $0 
Seat 1: pepelino19 folded before Flop (didn't bet)
Seat 2: Poker9803 folded before Flop (didn't bet)
Seat 3: Maximysss85 collected ($2.50)
Seat 4: MaRKiToScoK (button) folded before Flop (didn't bet)
Seat 5: Kreayshawn (small blind) folded before Flop
Seat 6: Pippa83 (big blind) folded before Flop



PokerStars Hand #254591538521:  Hold'em No Limit ($0.50/$1.00 USD) - 2025/01/28 9:28:32 WET [2025/01/28 4:28:32 ET]
Table 'Jubilatrix IV' 6-max Seat #5 is the button
Seat 1: pepelino19 ($151.95 in chips) 
Seat 2: Poker9803 ($100 in chips) 
Seat 3: Maximysss85 ($101.50 in chips) 
Seat 4: MaRKiToScoK ($100 in chips) 
Seat 5: Kreayshawn ($100 in chips) 
Seat 6: Pippa83 ($140.18 in chips) 
Pippa83: posts small blind $0.50
pepelino19: posts big blind $1
*** HOLE CARDS ***
Poker9803: folds 
Maximysss85: folds 
MaRKiToScoK: folds 
Kreayshawn: raises $1.50 to $2.50
Pippa83: folds 
pepelino19: folds 
Uncalled bet ($1.50) returned to Kreayshawn
Kreayshawn collected $2.50 from pot
*** SUMMARY ***
Total pot $2.50 | Rake $0 
Seat 1: pepelino19 (big blind) folded before Flop
Seat 2: Poker9803 folded before Flop (didn't bet)
Seat 3: Maximysss85 folded before Flop (didn't bet)
Seat 4: MaRKiToScoK folded before Flop (didn't bet)
Seat 5: Kreayshawn (button) collected ($2.50)
Seat 6: Pippa83 (small blind) folded before Flop



PokerStars Hand #254591540042:  Hold'em No Limit ($0.50/$1.00 USD) - 2025/01/28 9:28:50 WET [2025/01/28 4:28:50 ET]
Table 'Jubilatrix IV' 6-max Seat #6 is the button
Seat 1: pepelino19 ($150.95 in chips) 
Seat 2: Poker9803 ($100 in chips) 
Seat 3: Maximysss85 ($101.50 in chips) 
Seat 4: MaRKiToScoK ($100 in chips) 
Seat 5: Kreayshawn ($101.50 in chips) 
Seat 6: Pippa83 ($139.68 in chips) 
pepelino19: posts small blind $0.50
Poker9803: posts big blind $1
*** HOLE CARDS ***
Maximysss85: folds 
MaRKiToScoK: raises $1 to $2
Kreayshawn: folds 
Pippa83: folds 
pepelino19: calls $1.50
Poker9803: folds 
*** FLOP *** [Th Ah Kd]
pepelino19: checks 
MaRKiToScoK: bets $1.57
pepelino19: calls $1.57
*** TURN *** [Th Ah Kd] [Qd]
pepelino19: checks 
MaRKiToScoK: checks 
*** RIVER *** [Th Ah Kd Qd] [Ad]
pepelino19: checks 
MaRKiToScoK: bets $9.50
pepelino19: folds 
Uncalled bet ($9.50) returned to MaRKiToScoK
MaRKiToScoK collected $7.73 from pot
*** SUMMARY ***
Total pot $8.14 | Rake $0.41 
Board [Th Ah Kd Qd Ad]
Seat 1: pepelino19 (small blind) folded on the River
Seat 2: Poker9803 (big blind) folded before Flop
Seat 3: Maximysss85 folded before Flop (didn't bet)
Seat 4: MaRKiToScoK collected ($7.73)
Seat 5: Kreayshawn folded before Flop (didn't bet)
Seat 6: Pippa83 (button) folded before Flop (didn't bet)



PokerStars Hand #254591556788:  Hold'em No Limit ($0.50/$1.00 USD) - 2025/01/28 9:32:07 WET [2025/01/28 4:32:07 ET]
Table 'Jubilatrix IV' 6-max Seat #6 is the button
Seat 1: pepelino19 ($146.38 in chips) 
Seat 2: Poker9803 ($100 in chips) 
Seat 3: Maximysss85 ($100 in chips) 
Seat 4: MaRKiToScoK ($111.61 in chips) 
Seat 5: Kreayshawn ($100 in chips) 
Seat 6: Pippa83 ($141.48 in chips) 
pepelino19: posts small blind $0.50
Poker9803: posts big blind $1
*** HOLE CARDS ***
Maximysss85: folds 
MaRKiToScoK: raises $1 to $2
Kreayshawn: calls $2
Pippa83: folds 
pepelino19: folds 
Poker9803: folds 
*** FLOP *** [Ah 4s 3h]
MaRKiToScoK: bets $1.72
Kreayshawn: folds 
Uncalled bet ($1.72) returned to MaRKiToScoK
MaRKiToScoK collected $5.22 from pot
*** SUMMARY ***
Total pot $5.50 | Rake $0.28 
Board [Ah 4s 3h]
Seat 1: pepelino19 (small blind) folded before Flop
Seat 2: Poker9803 (big blind) folded before Flop
Seat 3: Maximysss85 folded before Flop (didn't bet)
Seat 4: MaRKiToScoK collected ($5.22)
Seat 5: Kreayshawn folded on the Flop
Seat 6: Pippa83 (button) folded before Flop (didn't bet)



PokerStars Hand #254591558748:  Hold'em No Limit ($0.50/$1.00 USD) - 2025/01/28 9:32:29 WET [2025/01/28 4:32:29 ET]
Table 'Jubilatrix IV' 6-max Seat #1 is the button
Seat 1: pepelino19 ($145.88 in chips) 
Seat 2: Poker9803 ($100 in chips) 
Seat 3: Maximysss85 ($100 in chips) 
Seat 4: MaRKiToScoK ($114.83 in chips) 
Seat 5: Kreayshawn ($100 in chips) 
Seat 6: Pippa83 ($141.48 in chips) 
Poker9803: posts small blind $0.50
Maximysss85: posts big blind $1
*** HOLE CARDS ***
MaRKiToScoK: folds 
Kreayshawn: folds 
Pippa83: folds 
pepelino19: folds 
Poker9803: folds 
Uncalled bet ($0.50) returned to Maximysss85
Maximysss85 collected $1 from pot
Maximysss85: doesn't show hand 
*** SUMMARY ***
Total pot $1 | Rake $0 
Seat 1: pepelino19 (button) folded before Flop (didn't bet)
Seat 2: Poker9803 (small blind) folded before Flop
Seat 3: Maximysss85 (big blind) collected ($1)
Seat 4: MaRKiToScoK folded before Flop (didn't bet)
Seat 5: Kreayshawn folded before Flop (didn't bet)
Seat 6: Pippa83 folded before Flop (didn't bet)



PokerStars Hand #254591559932:  Hold'em No Limit ($0.50/$1.00 USD) - 2025/01/28 9:32:43 WET [2025/01/28 4:32:43 ET]
Table 'Jubilatrix IV' 6-max Seat #2 is the button
Seat 1: pepelino19 ($145.88 in chips) 
Seat 2: Poker9803 ($100 in chips) 
Seat 3: Maximysss85 ($100.50 in chips) 
Seat 4: MaRKiToScoK ($114.83 in chips) 
Seat 5: Kreayshawn ($100 in chips) 
Seat 6: Pippa83 ($141.48 in chips) 
Maximysss85: posts small blind $0.50
MaRKiToScoK: posts big blind $1
*** HOLE CARDS ***
Kreayshawn: folds 
Pippa83: raises $1.20 to $2.20
pepelino19: folds 
Poker9803: folds 
Maximysss85: folds 
MaRKiToScoK: folds 
Uncalled bet ($1.20) returned to Pippa83
Pippa83 collected $2.50 from pot
Pippa83: doesn't show hand 
*** SUMMARY ***
Total pot $2.50 | Rake $0 
Seat 1: pepelino19 folded before Flop (didn't bet)
Seat 2: Poker9803 (button) folded before Flop (didn't bet)
Seat 3: Maximysss85 (small blind) folded before Flop
Seat 4: MaRKiToScoK (big blind) folded before Flop
Seat 5: Kreayshawn folded before Flop (didn't bet)
Seat 6: Pippa83 collected ($2.50)



PokerStars Hand #254591561642:  Hold'em No Limit ($0.50/$1.00 USD) - 2025/01/28 9:33:03 WET [2025/01/28 4:33:03 ET]
Table 'Jubilatrix IV' 6-max Seat #3 is the button
Seat 1: pepelino19 ($145.88 in chips) 
Seat 2: Poker9803 ($100 in chips) 
Seat 3: Maximysss85 ($100 in chips) 
Seat 4: MaRKiToScoK ($113.83 in chips) 
Seat 5: Kreayshawn ($100 in chips) 
Seat 6: Pippa83 ($142.98 in chips) 
MaRKiToScoK: posts small blind $0.50
Kreayshawn: posts big blind $1
*** HOLE CARDS ***
Pippa83: raises $1.20 to $2.20
pepelino19: folds 
Poker9803: folds 
Maximysss85: folds 
MaRKiToScoK: calls $1.70
Kreayshawn: folds 
*** FLOP *** [4s Qs 6d]
MaRKiToScoK: checks 
Pippa83: checks 
*** TURN *** [4s Qs 6d] [Js]
MaRKiToScoK: checks 
Pippa83: bets $2.50
MaRKiToScoK: calls $2.50
*** RIVER *** [4s Qs 6d Js] [9h]
MaRKiToScoK: checks 
Pippa83: bets $14.82
MaRKiToScoK: calls $14.82
*** SHOW DOWN ***
Pippa83: shows [Ah 7h] (high card Ace)
MaRKiToScoK: shows [4d 4h] (three of a kind, Fours)
MaRKiToScoK collected $38.04 from pot
*** SUMMARY ***
Total pot $40.04 | Rake $2 
Board [4s Qs 6d Js 9h]
Seat 1: pepelino19 folded before Flop (didn't bet)
Seat 2: Poker9803 folded before Flop (didn't bet)
Seat 3: Maximysss85 (button) folded before Flop (didn't bet)
Seat 4: MaRKiToScoK (small blind) showed [4d 4h] and won ($38.04) with three of a kind, Fours
Seat 5: Kreayshawn (big blind) folded before Flop
Seat 6: Pippa83 showed [Ah 7h] and lost with high card Ace



PokerStars Hand #254591566427:  Hold'em No Limit ($0.50/$1.00 USD) - 2025/01/28 9:34:00 WET [2025/01/28 4:34:00 ET]
Table 'Jubilatrix IV' 6-max Seat #4 is the button
Seat 1: pepelino19 ($145.88 in chips) 
Seat 2: Poker9803 ($100 in chips) 
Seat 3: Maximysss85 ($100 in chips) 
Seat 4: MaRKiToScoK ($132.35 in chips) 
Seat 5: Kreayshawn ($100 in chips) 
Seat 6: Pippa83 ($123.46 in chips) 
Kreayshawn: posts small blind $0.50
Pippa83: posts big blind $1
*** HOLE CARDS ***
pepelino19: calls $1
Poker9803: raises $2.50 to $3.50
Maximysss85: raises $7.41 to $10.91
MaRKiToScoK: folds 
Kreayshawn: folds 
Pippa83: folds 
pepelino19: folds 
Poker9803: folds 
Uncalled bet ($7.41) returned to Maximysss85
Maximysss85 collected $9.50 from pot
Maximysss85: doesn't show hand 
*** SUMMARY ***
Total pot $9.50 | Rake $0 
Seat 1: pepelino19 folded before Flop
Seat 2: Poker9803 folded before Flop
Seat 3: Maximysss85 collected ($9.50)
Seat 4: MaRKiToScoK (button) folded before Flop (didn't bet)
Seat 5: Kreayshawn (small blind) folded before Flop
Seat 6: Pippa83 (big blind) folded before Flop



PokerStars Hand #254591568036:  Hold'em No Limit ($0.50/$1.00 USD) - 2025/01/28 9:34:19 WET [2025/01/28 4:34:19 ET]
Table 'Jubilatrix IV' 6-max Seat #5 is the button
Seat 1: pepelino19 ($144.88 in chips) 
Seat 2: Poker9803 ($100 in chips) 
Seat 3: Maximysss85 ($106 in chips) 
Seat 4: MaRKiToScoK ($132.35 in chips) 
Seat 5: Kreayshawn ($100 in chips) 
Seat 6: Pippa83 ($122.46 in chips) 
Pippa83: posts small blind $0.50
pepelino19: posts big blind $1
*** HOLE CARDS ***
Poker9803: folds 
Maximysss85: folds 
MaRKiToScoK: folds 
Kreayshawn: raises $1.50 to $2.50
Pippa83: raises $8.50 to $11
pepelino19: folds 
Kreayshawn: folds 
Uncalled bet ($8.50) returned to Pippa83
Pippa83 collected $6 from pot
Pippa83: doesn't show hand 
*** SUMMARY ***
Total pot $6 | Rake $0 
Seat 1: pepelino19 (big blind) folded before Flop
Seat 2: Poker9803 folded before Flop (didn't bet)
Seat 3: Maximysss85 folded before Flop (didn't bet)
Seat 4: MaRKiToScoK folded before Flop (didn't bet)
Seat 5: Kreayshawn (button) folded before Flop
Seat 6: Pippa83 (small blind) collected ($6)



PokerStars Hand #254591570310:  Hold'em No Limit ($0.50/$1.00 USD) - 2025/01/28 9:34:45 WET [2025/01/28 4:34:45 ET]
Table 'Jubilatrix IV' 6-max Seat #6 is the button
Seat 1: pepelino19 ($143.88 in chips) 
Seat 2: Poker9803 ($100 in chips) 
Seat 3: Maximysss85 ($106 in chips) 
Seat 4: MaRKiToScoK ($132.35 in chips) 
Seat 5: Kreayshawn ($100 in chips) 
Seat 6: Pippa83 ($125.96 in chips) 
pepelino19: posts small blind $0.50
Poker9803: posts big blind $1
*** HOLE CARDS ***
Maximysss85: folds 
MaRKiToScoK: folds 
Kreayshawn: folds 
Pippa83: raises $1.50 to $2.50
pepelino19: calls $2
Poker9803: folds 
*** FLOP *** [As Js Kc]
pepelino19: checks 
Pippa83: checks 
*** TURN *** [As Js Kc] [Td]
pepelino19: checks 
Pippa83: bets $4
pepelino19: folds 
Uncalled bet ($4) returned to Pippa83
Pippa83 collected $5.70 from pot
Pippa83: doesn't show hand 
*** SUMMARY ***
Total pot $6 | Rake $0.30 
Board [As Js Kc Td]
Seat 1: pepelino19 (small blind) folded on the Turn
Seat 2: Poker9803 (big blind) folded before Flop
Seat 3: Maximysss85 folded before Flop (didn't bet)
Seat 4: MaRKiToScoK folded before Flop (didn't bet)
Seat 5: Kreayshawn folded before Flop (didn't bet)
Seat 6: Pippa83 (button) collected ($5.70)



PokerStars Hand #254591573502:  Hold'em No Limit ($0.50/$1.00 USD) - 2025/01/28 9:35:23 WET [2025/01/28 4:35:23 ET]
Table 'Jubilatrix IV' 6-max Seat #1 is the button
Seat 1: pepelino19 ($141.38 in chips) 
Seat 2: Poker9803 ($100 in chips) 
Seat 3: Maximysss85 ($106 in chips) 
Seat 4: MaRKiToScoK ($132.35 in chips) 
Seat 5: Kreayshawn ($100 in chips) 
Seat 6: Pippa83 ($129.16 in chips) 
Poker9803: posts small blind $0.50
Maximysss85: posts big blind $1
*** HOLE CARDS ***
MaRKiToScoK: folds 
Kreayshawn: raises $1.50 to $2.50
Pippa83: folds 
pepelino19: folds 
Poker9803: folds 
Maximysss85: raises $9.50 to $12
Kreayshawn: raises $88 to $100 and is all-in
Maximysss85: calls $88
*** FLOP *** [Td 7d Jh]
*** TURN *** [Td 7d Jh] [Kc]
*** RIVER *** [Td 7d Jh Kc] [4c]
*** SHOW DOWN ***
Maximysss85: shows [Ac Ks] (a pair of Kings)
Kreayshawn: shows [Kh Kd] (three of a kind, Kings)
Kreayshawn collected $198 from pot
*** SUMMARY ***
Total pot $200.50 | Rake $2.50 
Board [Td 7d Jh Kc 4c]
Seat 1: pepelino19 (button) folded before Flop (didn't bet)
Seat 2: Poker9803 (small blind) folded before Flop
Seat 3: Maximysss85 (big blind) showed [Ac Ks] and lost with a pair of Kings
Seat 4: MaRKiToScoK folded before Flop (didn't bet)
Seat 5: Kreayshawn showed [Kh Kd] and won ($198) with three of a kind, Kings
Seat 6: Pippa83 folded before Flop (didn't bet)



PokerStars Hand #254591577792:  Hold'em No Limit ($0.50/$1.00 USD) - 2025/01/28 9:36:14 WET [2025/01/28 4:36:14 ET]
Table 'Jubilatrix IV' 6-max Seat #2 is the button
Seat 1: pepelino19 ($141.38 in chips) 
Seat 2: Poker9803 ($100 in chips) 
Seat 3: Maximysss85 ($100 in chips) 
Seat 4: MaRKiToScoK ($132.35 in chips) 
Seat 5: Kreayshawn ($198 in chips) 
Seat 6: Pippa83 ($129.16 in chips) 
Maximysss85: posts small blind $0.50
MaRKiToScoK: posts big blind $1
*** HOLE CARDS ***
Kreayshawn: folds 
Pippa83: raises $1.20 to $2.20
pepelino19: calls $2.20
Poker9803: folds 
Maximysss85: raises $11.40 to $13.60
MaRKiToScoK: folds 
Pippa83: folds 
pepelino19: folds 
Uncalled bet ($11.40) returned to Maximysss85
Maximysss85 collected $7.60 from pot
Maximysss85: doesn't show hand 
*** SUMMARY ***
Total pot $7.60 | Rake $0 
Seat 1: pepelino19 folded before Flop
Seat 2: Poker9803 (button) folded before Flop (didn't bet)
Seat 3: Maximysss85 (small blind) collected ($7.60)
Seat 4: MaRKiToScoK (big blind) folded before Flop
Seat 5: Kreayshawn folded before Flop (didn't bet)
Seat 6: Pippa83 folded before Flop



PokerStars Hand #254591579711:  Hold'em No Limit ($0.50/$1.00 USD) - 2025/01/28 9:36:36 WET [2025/01/28 4:36:36 ET]
Table 'Jubilatrix IV' 6-max Seat #3 is the button
Seat 1: pepelino19 ($139.18 in chips) 
Seat 2: Poker9803 ($100 in chips) 
Seat 3: Maximysss85 ($105.40 in chips) 
Seat 4: MaRKiToScoK ($131.35 in chips) 
Seat 5: Kreayshawn ($198 in chips) 
Seat 6: Pippa83 ($126.96 in chips) 
MaRKiToScoK: posts small blind $0.50
Kreayshawn: posts big blind $1
*** HOLE CARDS ***
Pippa83: folds 
pepelino19: folds 
Poker9803: folds 
Maximysss85: folds 
MaRKiToScoK: folds 
Uncalled bet ($0.50) returned to Kreayshawn
Kreayshawn collected $1 from pot
*** SUMMARY ***
Total pot $1 | Rake $0 
Seat 1: pepelino19 folded before Flop (didn't bet)
Seat 2: Poker9803 folded before Flop (didn't bet)
Seat 3: Maximysss85 (button) folded before Flop (didn't bet)
Seat 4: MaRKiToScoK (small blind) folded before Flop
Seat 5: Kreayshawn (big blind) collected ($1)
Seat 6: Pippa83 folded before Flop (didn't bet)



PokerStars Hand #254591580595:  Hold'em No Limit ($0.50/$1.00 USD) - 2025/01/28 9:36:47 WET [2025/01/28 4:36:47 ET]
Table 'Jubilatrix IV' 6-max Seat #4 is the button
Seat 1: pepelino19 ($139.18 in chips) 
Seat 2: Poker9803 ($100 in chips) 
Seat 3: Maximysss85 ($105.40 in chips) 
Seat 4: MaRKiToScoK ($130.85 in chips) 
Seat 5: Kreayshawn ($198.50 in chips) 
Seat 6: Pippa83 ($126.96 in chips) 
Kreayshawn: posts small blind $0.50
Pippa83: posts big blind $1
*** HOLE CARDS ***
pepelino19: calls $1
Poker9803: folds 
Maximysss85: folds 
MaRKiToScoK: raises $5 to $6
Kreayshawn: folds 
Pippa83: folds 
pepelino19: folds 
Uncalled bet ($5) returned to MaRKiToScoK
MaRKiToScoK collected $3.50 from pot
*** SUMMARY ***
Total pot $3.50 | Rake $0 
Seat 1: pepelino19 folded before Flop
Seat 2: Poker9803 folded before Flop (didn't bet)
Seat 3: Maximysss85 folded before Flop (didn't bet)
Seat 4: MaRKiToScoK (button) collected ($3.50)
Seat 5: Kreayshawn (small blind) folded before Flop
Seat 6: Pippa83 (big blind) folded before Flop



PokerStars Hand #254591582304:  Hold'em No Limit ($0.50/$1.00 USD) - 2025/01/28 9:37:07 WET [2025/01/28 4:37:07 ET]
Table 'Jubilatrix IV' 6-max Seat #5 is the button
Seat 1: pepelino19 ($138.18 in chips) 
Seat 2: Poker9803 ($100 in chips) 
Seat 3: Maximysss85 ($105.40 in chips) 
Seat 4: MaRKiToScoK ($133.35 in chips) 
Seat 5: Kreayshawn ($198 in chips) 
Seat 6: Pippa83 ($125.96 in chips) 
Pippa83: posts small blind $0.50
pepelino19: posts big blind $1
*** HOLE CARDS ***
Poker9803: raises $1.50 to $2.50
Maximysss85: folds 
MaRKiToScoK: folds 
Kreayshawn: folds 
Pippa83: folds 
pepelino19: folds 
Uncalled bet ($1.50) returned to Poker9803
Poker9803 collected $2.50 from pot
Poker9803: doesn't show hand 
*** SUMMARY ***
Total pot $2.50 | Rake $0 
Seat 1: pepelino19 (big blind) folded before Flop
Seat 2: Poker9803 collected ($2.50)
Seat 3: Maximysss85 folded before Flop (didn't bet)
Seat 4: MaRKiToScoK folded before Flop (didn't bet)
Seat 5: Kreayshawn (button) folded before Flop (didn't bet)
Seat 6: Pippa83 (small blind) folded before Flop



PokerStars Hand #254591584230:  Hold'em No Limit ($0.50/$1.00 USD) - 2025/01/28 9:37:30 WET [2025/01/28 4:37:30 ET]
Table 'Jubilatrix IV' 6-max Seat #6 is the button
Seat 1: pepelino19 ($137.18 in chips) 
Seat 2: Poker9803 ($101.50 in chips) 
Seat 3: Maximysss85 ($105.40 in chips) 
Seat 4: MaRKiToScoK ($133.35 in chips) 
Seat 5: Kreayshawn ($198 in chips) 
Seat 6: Pippa83 ($125.46 in chips) 
pepelino19: posts small blind $0.50
Poker9803: posts big blind $1
*** HOLE CARDS ***
Maximysss85: folds 
MaRKiToScoK: folds 
Kreayshawn: folds 
Pippa83: folds 
pepelino19: raises $1 to $2
Poker9803: calls $1
*** FLOP *** [Qc 5h Ah]
pepelino19: checks 
Poker9803: bets $1.25
pepelino19: calls $1.25
*** TURN *** [Qc 5h Ah] [2h]
pepelino19: bets $3.09
Poker9803: folds 
Uncalled bet ($3.09) returned to pepelino19
pepelino19 collected $6.18 from pot
pepelino19: doesn't show hand 
*** SUMMARY ***
Total pot $6.50 | Rake $0.32 
Board [Qc 5h Ah 2h]
Seat 1: pepelino19 (small blind) collected ($6.18)
Seat 2: Poker9803 (big blind) folded on the Turn
Seat 3: Maximysss85 folded before Flop (didn't bet)
Seat 4: MaRKiToScoK folded before Flop (didn't bet)
Seat 5: Kreayshawn folded before Flop (didn't bet)
Seat 6: Pippa83 (button) folded before Flop (didn't bet)



PokerStars Hand #254591587944:  Hold'em No Limit ($0.50/$1.00 USD) - 2025/01/28 9:38:14 WET [2025/01/28 4:38:14 ET]
Table 'Jubilatrix IV' 6-max Seat #1 is the button
Seat 1: pepelino19 ($140.11 in chips) 
Seat 2: Poker9803 ($100 in chips) 
Seat 3: Maximysss85 ($105.40 in chips) 
Seat 4: MaRKiToScoK ($133.35 in chips) 
Seat 5: Kreayshawn ($198 in chips) 
Seat 6: Pippa83 ($125.46 in chips) 
Poker9803: posts small blind $0.50
Maximysss85: posts big blind $1
*** HOLE CARDS ***
MaRKiToScoK: folds 
Kreayshawn: folds 
Pippa83: folds 
pepelino19: folds 
Poker9803: folds 
Uncalled bet ($0.50) returned to Maximysss85
Maximysss85 collected $1 from pot
Maximysss85: doesn't show hand 
*** SUMMARY ***
Total pot $1 | Rake $0 
Seat 1: pepelino19 (button) folded before Flop (didn't bet)
Seat 2: Poker9803 (small blind) folded before Flop
Seat 3: Maximysss85 (big blind) collected ($1)
Seat 4: MaRKiToScoK folded before Flop (didn't bet)
Seat 5: Kreayshawn folded before Flop (didn't bet)
Seat 6: Pippa83 folded before Flop (didn't bet)



PokerStars Hand #254591588618:  Hold'em No Limit ($0.50/$1.00 USD) - 2025/01/28 9:38:21 WET [2025/01/28 4:38:21 ET]
Table 'Jubilatrix IV' 6-max Seat #2 is the button
Seat 1: pepelino19 ($140.11 in chips) 
Seat 2: Poker9803 ($100 in chips) 
Seat 3: Maximysss85 ($105.90 in chips) 
Seat 4: MaRKiToScoK ($133.35 in chips) 
Seat 5: Kreayshawn ($198 in chips) 
Seat 6: Pippa83 ($125.46 in chips) 
Maximysss85: posts small blind $0.50
MaRKiToScoK: posts big blind $1
*** HOLE CARDS ***
Kreayshawn: folds 
Pippa83: folds 
pepelino19: folds 
Poker9803: raises $1.50 to $2.50
Maximysss85: folds 
MaRKiToScoK: folds 
Uncalled bet ($1.50) returned to Poker9803
Poker9803 collected $2.50 from pot
Poker9803: doesn't show hand 
*** SUMMARY ***
Total pot $2.50 | Rake $0 
Seat 1: pepelino19 folded before Flop (didn't bet)
Seat 2: Poker9803 (button) collected ($2.50)
Seat 3: Maximysss85 (small blind) folded before Flop
Seat 4: MaRKiToScoK (big blind) folded before Flop
Seat 5: Kreayshawn folded before Flop (didn't bet)
Seat 6: Pippa83 folded before Flop (didn't bet)



PokerStars Hand #254591589853:  Hold'em No Limit ($0.50/$1.00 USD) - 2025/01/28 9:38:35 WET [2025/01/28 4:38:35 ET]
Table 'Jubilatrix IV' 6-max Seat #3 is the button
Seat 1: pepelino19 ($140.11 in chips) 
Seat 2: Poker9803 ($101.50 in chips) 
Seat 3: Maximysss85 ($105.40 in chips) 
Seat 4: MaRKiToScoK ($132.35 in chips) 
Seat 5: Kreayshawn ($198 in chips) 
Seat 6: Pippa83 ($125.46 in chips) 
MaRKiToScoK: posts small blind $0.50
Kreayshawn: posts big blind $1
*** HOLE CARDS ***
Pippa83: raises $1.20 to $2.20
pepelino19: folds 
Poker9803: folds 
Maximysss85: folds 
MaRKiToScoK: folds 
Kreayshawn: folds 
Uncalled bet ($1.20) returned to Pippa83
Pippa83 collected $2.50 from pot
Pippa83: doesn't show hand 
*** SUMMARY ***
Total pot $2.50 | Rake $0 
Seat 1: pepelino19 folded before Flop (didn't bet)
Seat 2: Poker9803 folded before Flop (didn't bet)
Seat 3: Maximysss85 (button) folded before Flop (didn't bet)
Seat 4: MaRKiToScoK (small blind) folded before Flop
Seat 5: Kreayshawn (big blind) folded before Flop
Seat 6: Pippa83 collected ($2.50)



PokerStars Hand #254591590894:  Hold'em No Limit ($0.50/$1.00 USD) - 2025/01/28 9:38:48 WET [2025/01/28 4:38:48 ET]
Table 'Jubilatrix IV' 6-max Seat #4 is the button
Seat 1: pepelino19 ($140.11 in chips) 
Seat 2: Poker9803 ($101.50 in chips) 
Seat 3: Maximysss85 ($105.40 in chips) 
Seat 4: MaRKiToScoK ($131.85 in chips) 
Seat 5: Kreayshawn ($197 in chips) 
Seat 6: Pippa83 ($126.96 in chips) 
Kreayshawn: posts small blind $0.50
Pippa83: posts big blind $1
*** HOLE CARDS ***
pepelino19: folds 
pepelino19 leaves the table
Poker9803: folds 
Maximysss85: folds 
MaRKiToScoK: folds 
Kreayshawn: raises $2 to $3
Pippa83: calls $2
*** FLOP *** [7c Qs 4d]
Poker9803 leaves the table
Kreayshawn: bets $1.88
Pippa83: raises $3.62 to $5.50
CashfishT joins the table at seat #1 
Kreayshawn: folds 
Uncalled bet ($3.62) returned to Pippa83
Pippa83 collected $9.27 from pot
Pippa83: doesn't show hand 
*** SUMMARY ***
Total pot $9.76 | Rake $0.49 
Board [7c Qs 4d]
Seat 1: pepelino19 folded before Flop (didn't bet)
Seat 2: Poker9803 folded before Flop (didn't bet)
Seat 3: Maximysss85 folded before Flop (didn't bet)
Seat 4: MaRKiToScoK (button) folded before Flop (didn't bet)
Seat 5: Kreayshawn (small blind) folded on the Flop
Seat 6: Pippa83 (big blind) collected ($9.27)



PokerStars Hand #254591597756:  Hold'em No Limit ($0.50/$1.00 USD) - 2025/01/28 9:40:08 WET [2025/01/28 4:40:08 ET]
Table 'Jubilatrix IV' 6-max Seat #6 is the button
Seat 1: CashfishT ($100 in chips) 
Seat 2: ChuckNorrisQ ($100 in chips) 
Seat 6: Ankorwat777 ($40 in chips) 
CashfishT: posts small blind $0.50
ChuckNorrisQ: posts big blind $1
*** HOLE CARDS ***
Ankorwat777: folds 
CashfishT: raises $2 to $3
Pon4uk.ua joins the table at seat #4 
ChuckNorrisQ: raises $6 to $9
BronsonJC joins the table at seat #3 
CashfishT: folds 
Uncalled bet ($6) returned to ChuckNorrisQ
ChuckNorrisQ collected $6 from pot
ChuckNorrisQ: doesn't show hand 
*** SUMMARY ***
Total pot $6 | Rake $0 
Seat 1: CashfishT (small blind) folded before Flop
Seat 2: ChuckNorrisQ (big blind) collected ($6)
Seat 6: Ankorwat777 (button) folded before Flop (didn't bet)



PokerStars Hand #254591600639:  Hold'em No Limit ($0.50/$1.00 USD) - 2025/01/28 9:40:43 WET [2025/01/28 4:40:43 ET]
Table 'Jubilatrix IV' 6-max Seat #1 is the button
Seat 4: Pon4uk.ua ($100 in chips) is sitting out
Seat 1: CashfishT ($100 in chips) 
Seat 2: ChuckNorrisQ ($103 in chips) 
Seat 3: BronsonJC ($100 in chips) 
Seat 6: Ankorwat777 ($40 in chips) 
ChuckNorrisQ: posts small blind $0.50
BronsonJC: posts big blind $1
Pon4uk.ua: sits out 
*** HOLE CARDS ***
Sheva9191 joins the table at seat #5 
Ankorwat777: folds 
Sheva9191 is disconnected 
CashfishT: raises $1.20 to $2.20
ChuckNorrisQ: folds 
BronsonJC: calls $1.20
*** FLOP *** [5c 8d 7s]
BronsonJC: checks 
Sheva9191 leaves the table
CashfishT: bets $1.54
BronsonJC: raises $3.46 to $5
CashfishT: calls $3.46
*** TURN *** [5c 8d 7s] [5h]
BronsonJC: bets $4.67
CashfishT: calls $4.67
*** RIVER *** [5c 8d 7s 5h] [As]
BronsonJC: checks 
CashfishT: checks 
*** SHOW DOWN ***
BronsonJC: shows [Tc 8h] (two pair, Eights and Fives)
CashfishT: mucks hand 
BronsonJC collected $23.24 from pot
*** SUMMARY ***
Total pot $24.24 | Rake $1 
Board [5c 8d 7s 5h As]
Seat 4: Pon4uk.ua
Seat 1: CashfishT (button) mucked
Seat 2: ChuckNorrisQ (small blind) folded before Flop
Seat 3: BronsonJC (big blind) showed [Tc 8h] and won ($23.24) with two pair, Eights and Fives
Seat 6: Ankorwat777 folded before Flop (didn't bet)



PokerStars Hand #254591606881:  Hold'em No Limit ($0.50/$1.00 USD) - 2025/01/28 9:41:56 WET [2025/01/28 4:41:56 ET]
Table 'Jubilatrix IV' 6-max Seat #2 is the button
Seat 1: CashfishT ($100 in chips) 
Seat 2: ChuckNorrisQ ($102.50 in chips) 
Seat 3: BronsonJC ($111.37 in chips) 
Seat 4: Pon4uk.ua ($100 in chips) 
Seat 6: Ankorwat777 ($40 in chips) 
BronsonJC: posts small blind $0.50
Pon4uk.ua: posts big blind $1
*** HOLE CARDS ***
Ankorwat777: folds 
CashfishT: raises $1.20 to $2.20
ChuckNorrisQ: folds 
BronsonJC: folds 
Pon4uk.ua: calls $1.20
*** FLOP *** [Ac 5s 4s]
Pon4uk.ua: checks 
CashfishT: bets $1.54
Pon4uk.ua: raises $4.46 to $6
CashfishT: calls $4.46
*** TURN *** [Ac 5s 4s] [3c]
Pon4uk.ua: bets $5.30
CashfishT: calls $5.30
*** RIVER *** [Ac 5s 4s 3c] [6h]
Fogati joins the table at seat #5 
Pon4uk.ua: checks 
CashfishT: checks 
*** SHOW DOWN ***
Pon4uk.ua: shows [Js As] (a pair of Aces)
CashfishT: mucks hand 
Pon4uk.ua collected $26.12 from pot
*** SUMMARY ***
Total pot $27.50 | Rake $1.38 
Board [Ac 5s 4s 3c 6h]
Seat 1: CashfishT mucked
Seat 2: ChuckNorrisQ (button) folded before Flop (didn't bet)
Seat 3: BronsonJC (small blind) folded before Flop
Seat 4: Pon4uk.ua (big blind) showed [Js As] and won ($26.12) with a pair of Aces
Seat 6: Ankorwat777 folded before Flop (didn't bet)



PokerStars Hand #254591613009:  Hold'em No Limit ($0.50/$1.00 USD) - 2025/01/28 9:43:08 WET [2025/01/28 4:43:08 ET]
Table 'Jubilatrix IV' 6-max Seat #3 is the button
Seat 1: CashfishT ($100 in chips) 
Seat 2: ChuckNorrisQ ($102.50 in chips) 
Seat 3: BronsonJC ($110.87 in chips) 
Seat 4: Pon4uk.ua ($112.62 in chips) 
Seat 5: Fogati ($45 in chips) 
Seat 6: Ankorwat777 ($40 in chips) 
Pon4uk.ua: posts small blind $0.50
Fogati: posts big blind $1
*** HOLE CARDS ***
Ankorwat777: folds 
CashfishT: folds 
ChuckNorrisQ: raises $1.30 to $2.30
BronsonJC: folds 
Pon4uk.ua: folds 
Fogati: calls $1.30
*** FLOP *** [5s 4c Td]
Fogati: checks 
ChuckNorrisQ: bets $2.42
Fogati: folds 
Uncalled bet ($2.42) returned to ChuckNorrisQ
ChuckNorrisQ collected $4.84 from pot
ChuckNorrisQ: doesn't show hand 
*** SUMMARY ***
Total pot $5.10 | Rake $0.26 
Board [5s 4c Td]
Seat 1: CashfishT folded before Flop (didn't bet)
Seat 2: ChuckNorrisQ collected ($4.84)
Seat 3: BronsonJC (button) folded before Flop (didn't bet)
Seat 4: Pon4uk.ua (small blind) folded before Flop
Seat 5: Fogati (big blind) folded on the Flop
Seat 6: Ankorwat777 folded before Flop (didn't bet)



PokerStars Hand #254591615716:  Hold'em No Limit ($0.50/$1.00 USD) - 2025/01/28 9:43:40 WET [2025/01/28 4:43:40 ET]
Table 'Jubilatrix IV' 6-max Seat #4 is the button
Seat 1: CashfishT ($100 in chips) 
Seat 2: ChuckNorrisQ ($105.04 in chips) 
Seat 3: BronsonJC ($110.87 in chips) 
Seat 4: Pon4uk.ua ($112.12 in chips) 
Seat 5: Fogati ($42.70 in chips) 
Seat 6: Ankorwat777 ($40 in chips) 
Fogati: posts small blind $0.50
Ankorwat777: posts big blind $1
*** HOLE CARDS ***
CashfishT: folds 
ChuckNorrisQ: raises $1 to $2
BronsonJC: folds 
Pon4uk.ua: folds 
Fogati: folds 
Ankorwat777: folds 
Uncalled bet ($1) returned to ChuckNorrisQ
ChuckNorrisQ collected $2.50 from pot
ChuckNorrisQ: doesn't show hand 
*** SUMMARY ***
Total pot $2.50 | Rake $0 
Seat 1: CashfishT folded before Flop (didn't bet)
Seat 2: ChuckNorrisQ collected ($2.50)
Seat 3: BronsonJC folded before Flop (didn't bet)
Seat 4: Pon4uk.ua (button) folded before Flop (didn't bet)
Seat 5: Fogati (small blind) folded before Flop
Seat 6: Ankorwat777 (big blind) folded before Flop



PokerStars Hand #254591617430:  Hold'em No Limit ($0.50/$1.00 USD) - 2025/01/28 9:43:59 WET [2025/01/28 4:43:59 ET]
Table 'Jubilatrix IV' 6-max Seat #5 is the button
Seat 1: CashfishT ($100 in chips) 
Seat 2: ChuckNorrisQ ($106.54 in chips) 
Seat 3: BronsonJC ($110.87 in chips) 
Seat 4: Pon4uk.ua ($112.12 in chips) 
Seat 5: Fogati ($42.20 in chips) 
Seat 6: Ankorwat777 ($39 in chips) 
Ankorwat777: posts small blind $0.50
CashfishT: posts big blind $1
*** HOLE CARDS ***
ChuckNorrisQ: folds 
BronsonJC: folds 
Pon4uk.ua: folds 
Fogati: folds 
Ankorwat777: raises $2 to $3
CashfishT: raises $7 to $10
Ankorwat777: folds 
Uncalled bet ($7) returned to CashfishT
CashfishT collected $6 from pot
CashfishT: doesn't show hand 
*** SUMMARY ***
Total pot $6 | Rake $0 
Seat 1: CashfishT (big blind) collected ($6)
Seat 2: ChuckNorrisQ folded before Flop (didn't bet)
Seat 3: BronsonJC folded before Flop (didn't bet)
Seat 4: Pon4uk.ua folded before Flop (didn't bet)
Seat 5: Fogati (button) folded before Flop (didn't bet)
Seat 6: Ankorwat777 (small blind) folded before Flop



PokerStars Hand #254591620887:  Hold'em No Limit ($0.50/$1.00 USD) - 2025/01/28 9:44:39 WET [2025/01/28 4:44:39 ET]
Table 'Jubilatrix IV' 6-max Seat #6 is the button
Seat 1: CashfishT ($103 in chips) 
Seat 2: ChuckNorrisQ ($106.54 in chips) 
Seat 3: BronsonJC ($110.87 in chips) 
Seat 4: Pon4uk.ua ($112.12 in chips) 
Seat 5: Fogati ($42.20 in chips) 
Seat 6: Ankorwat777 ($36 in chips) 
CashfishT: posts small blind $0.50
ChuckNorrisQ: posts big blind $1
*** HOLE CARDS ***
BronsonJC: raises $2 to $3
Pon4uk.ua: folds 
Fogati: raises $2 to $5
Ankorwat777: folds 
CashfishT: folds 
ChuckNorrisQ: folds 
BronsonJC: raises $10.50 to $15.50
Fogati: calls $10.50
*** FLOP *** [8c 4c Ks]
BronsonJC: bets $7.72
Fogati: raises $7.72 to $15.44
BronsonJC: raises $77.20 to $92.64
Fogati: calls $11.26 and is all-in
Uncalled bet ($65.94) returned to BronsonJC
*** TURN *** [8c 4c Ks] [9c]
*** RIVER *** [8c 4c Ks 9c] [6c]
*** SHOW DOWN ***
BronsonJC: shows [As Ad] (a pair of Aces)
Fogati: shows [Jc Kc] (a flush, King high)
Fogati collected $83.40 from pot
*** SUMMARY ***
Total pot $85.90 | Rake $2.50 
Board [8c 4c Ks 9c 6c]
Seat 1: CashfishT (small blind) folded before Flop
Seat 2: ChuckNorrisQ (big blind) folded before Flop
Seat 3: BronsonJC showed [As Ad] and lost with a pair of Aces
Seat 4: Pon4uk.ua folded before Flop (didn't bet)
Seat 5: Fogati showed [Jc Kc] and won ($83.40) with a flush, King high
Seat 6: Ankorwat777 (button) folded before Flop (didn't bet)



PokerStars Hand #254591625771:  Hold'em No Limit ($0.50/$1.00 USD) - 2025/01/28 9:45:35 WET [2025/01/28 4:45:35 ET]
Table 'Jubilatrix IV' 6-max Seat #1 is the button
Seat 3: BronsonJC ($100 in chips) is sitting out
Seat 1: CashfishT ($102.50 in chips) 
Seat 2: ChuckNorrisQ ($105.54 in chips) 
Seat 4: Pon4uk.ua ($112.12 in chips) 
Seat 5: Fogati ($83.40 in chips) 
Seat 6: Ankorwat777 ($36 in chips) 
ChuckNorrisQ: posts small blind $0.50
BronsonJC: is sitting out 
Pon4uk.ua: posts big blind $1
*** HOLE CARDS ***
BronsonJC leaves the table
ARCTlCkiss joins the table at seat #3 
Fogati: folds 
Ankorwat777: raises $2 to $3
CashfishT: raises $5 to $8
ChuckNorrisQ: folds 
Pon4uk.ua: folds 
Ankorwat777: raises $28 to $36 and is all-in
CashfishT: folds 
Uncalled bet ($28) returned to Ankorwat777
Ankorwat777 collected $17.50 from pot
Ankorwat777: doesn't show hand 
*** SUMMARY ***
Total pot $17.50 | Rake $0 
Seat 3: BronsonJC
Seat 1: CashfishT (button) folded before Flop
Seat 2: ChuckNorrisQ (small blind) folded before Flop
Seat 4: Pon4uk.ua (big blind) folded before Flop
Seat 5: Fogati folded before Flop (didn't bet)
Seat 6: Ankorwat777 collected ($17.50)



PokerStars Hand #254591630090:  Hold'em No Limit ($0.50/$1.00 USD) - 2025/01/28 9:46:25 WET [2025/01/28 4:46:25 ET]
Table 'Jubilatrix IV' 6-max Seat #2 is the button
Seat 3: ARCTlCkiss ($100 in chips) is sitting out
Seat 1: CashfishT ($100 in chips) 
Seat 2: ChuckNorrisQ ($105.04 in chips) 
Seat 4: Pon4uk.ua ($111.12 in chips) 
Seat 5: Fogati ($83.40 in chips) 
Seat 6: Ankorwat777 ($45.50 in chips) 
Pon4uk.ua: posts small blind $0.50
Fogati: posts big blind $1
*** HOLE CARDS ***
Ankorwat777: calls $1
CashfishT: folds 
ChuckNorrisQ: folds 
Pon4uk.ua: folds 
Fogati: checks 
*** FLOP *** [Qd 7s 8s]
Fogati: checks 
Ankorwat777: bets $2.38
Fogati: folds 
Uncalled bet ($2.38) returned to Ankorwat777
Ankorwat777 collected $2.38 from pot
Ankorwat777: doesn't show hand 
*** SUMMARY ***
Total pot $2.50 | Rake $0.12 
Board [Qd 7s 8s]
Seat 3: ARCTlCkiss
Seat 1: CashfishT folded before Flop (didn't bet)
Seat 2: ChuckNorrisQ (button) folded before Flop (didn't bet)
Seat 4: Pon4uk.ua (small blind) folded before Flop
Seat 5: Fogati (big blind) folded on the Flop
Seat 6: Ankorwat777 collected ($2.38)



PokerStars Hand #254591633332:  Hold'em No Limit ($0.50/$1.00 USD) - 2025/01/28 9:47:03 WET [2025/01/28 4:47:03 ET]
Table 'Jubilatrix IV' 6-max Seat #4 is the button
Seat 3: ARCTlCkiss ($100 in chips) is sitting out
Seat 1: CashfishT ($100 in chips) 
Seat 2: ChuckNorrisQ ($105.04 in chips) 
Seat 4: Pon4uk.ua ($110.62 in chips) 
Seat 5: Fogati ($82.40 in chips) 
Seat 6: Ankorwat777 ($46.88 in chips) 
Fogati: posts small blind $0.50
Ankorwat777: posts big blind $1
ARCTlCkiss: sits out 
*** HOLE CARDS ***
CashfishT: folds 
ChuckNorrisQ: folds 
Pon4uk.ua: raises $1.50 to $2.50
Fogati: folds 
Ankorwat777: folds 
Uncalled bet ($1.50) returned to Pon4uk.ua
Pon4uk.ua collected $2.50 from pot
Pon4uk.ua: doesn't show hand 
*** SUMMARY ***
Total pot $2.50 | Rake $0 
Seat 3: ARCTlCkiss
Seat 1: CashfishT folded before Flop (didn't bet)
Seat 2: ChuckNorrisQ folded before Flop (didn't bet)
Seat 4: Pon4uk.ua (button) collected ($2.50)
Seat 5: Fogati (small blind) folded before Flop
Seat 6: Ankorwat777 (big blind) folded before Flop



PokerStars Hand #254591635128:  Hold'em No Limit ($0.50/$1.00 USD) - 2025/01/28 9:47:24 WET [2025/01/28 4:47:24 ET]
Table 'Jubilatrix IV' 6-max Seat #5 is the button
Seat 3: ARCTlCkiss ($100 in chips) is sitting out
Seat 1: CashfishT ($100 in chips) 
Seat 2: ChuckNorrisQ ($105.04 in chips) 
Seat 4: Pon4uk.ua ($112.12 in chips) 
Seat 5: Fogati ($81.90 in chips) 
Seat 6: Ankorwat777 ($45.88 in chips) 
Ankorwat777: posts small blind $0.50
CashfishT: posts big blind $1
ARCTlCkiss: sits out 
*** HOLE CARDS ***
ChuckNorrisQ: raises $1 to $2
Pon4uk.ua: folds 
Fogati: folds 
Ankorwat777: folds 
CashfishT: calls $1
*** FLOP *** [6d 3c 5s]
CashfishT: checks 
ChuckNorrisQ: checks 
*** TURN *** [6d 3c 5s] [Ts]
CashfishT: bets $2.14
ChuckNorrisQ: calls $2.14
*** RIVER *** [6d 3c 5s Ts] [Th]
CashfishT: checks 
ChuckNorrisQ: checks 
*** SHOW DOWN ***
CashfishT: shows [9d Ah] (a pair of Tens)
ChuckNorrisQ: shows [Ks As] (a pair of Tens - Ace+King kicker)
ChuckNorrisQ collected $8.34 from pot
*** SUMMARY ***
Total pot $8.78 | Rake $0.44 
Board [6d 3c 5s Ts Th]
Seat 3: ARCTlCkiss
Seat 1: CashfishT (big blind) showed [9d Ah] and lost with a pair of Tens
Seat 2: ChuckNorrisQ showed [Ks As] and won ($8.34) with a pair of Tens
Seat 4: Pon4uk.ua folded before Flop (didn't bet)
Seat 5: Fogati (button) folded before Flop (didn't bet)
Seat 6: Ankorwat777 (small blind) folded before Flop



PokerStars Hand #254591638948:  Hold'em No Limit ($0.50/$1.00 USD) - 2025/01/28 9:48:08 WET [2025/01/28 4:48:08 ET]
Table 'Jubilatrix IV' 6-max Seat #6 is the button
Seat 3: ARCTlCkiss ($100 in chips) is sitting out
Seat 1: CashfishT ($100 in chips) 
Seat 2: ChuckNorrisQ ($109.24 in chips) 
Seat 4: Pon4uk.ua ($112.12 in chips) 
Seat 5: Fogati ($81.90 in chips) 
Seat 6: Ankorwat777 ($45.38 in chips) 
CashfishT: posts small blind $0.50
ChuckNorrisQ: posts big blind $1
ARCTlCkiss: sits out 
*** HOLE CARDS ***
Pon4uk.ua: folds 
Fogati: folds 
Ankorwat777: folds 
CashfishT: folds 
Uncalled bet ($0.50) returned to ChuckNorrisQ
ChuckNorrisQ collected $1 from pot
ChuckNorrisQ: doesn't show hand 
*** SUMMARY ***
Total pot $1 | Rake $0 
Seat 3: ARCTlCkiss
Seat 1: CashfishT (small blind) folded before Flop
Seat 2: ChuckNorrisQ (big blind) collected ($1)
Seat 4: Pon4uk.ua folded before Flop (didn't bet)
Seat 5: Fogati folded before Flop (didn't bet)
Seat 6: Ankorwat777 (button) folded before Flop (didn't bet)



PokerStars Hand #254591639716:  Hold'em No Limit ($0.50/$1.00 USD) - 2025/01/28 9:48:17 WET [2025/01/28 4:48:17 ET]
Table 'Jubilatrix IV' 6-max Seat #1 is the button
Seat 1: CashfishT ($100 in chips) 
Seat 2: ChuckNorrisQ ($109.74 in chips) 
Seat 3: ARCTlCkiss ($100 in chips) 
Seat 4: Pon4uk.ua ($112.12 in chips) 
Seat 5: Fogati ($81.90 in chips) 
Seat 6: Ankorwat777 ($45.38 in chips) 
ChuckNorrisQ: posts small blind $0.50
ARCTlCkiss: posts big blind $1
*** HOLE CARDS ***
Pon4uk.ua: raises $1 to $2
Fogati: folds 
Ankorwat777: folds 
CashfishT: folds 
ChuckNorrisQ: folds 
ARCTlCkiss: calls $1
*** FLOP *** [8s 7h 9s]
ARCTlCkiss: checks 
Pon4uk.ua: checks 
*** TURN *** [8s 7h 9s] [7c]
ARCTlCkiss: bets $3.34
Pon4uk.ua: calls $3.34
*** RIVER *** [8s 7h 9s 7c] [9c]
ARCTlCkiss: bets $3.22
Pon4uk.ua: calls $3.22
*** SHOW DOWN ***
ARCTlCkiss: shows [Tc Jc] (a straight, Seven to Jack)
Pon4uk.ua: mucks hand 
ARCTlCkiss collected $16.74 from pot
*** SUMMARY ***
Total pot $17.62 | Rake $0.88 
Board [8s 7h 9s 7c 9c]
Seat 1: CashfishT (button) folded before Flop (didn't bet)
Seat 2: ChuckNorrisQ (small blind) folded before Flop
Seat 3: ARCTlCkiss (big blind) showed [Tc Jc] and won ($16.74) with a straight, Seven to Jack
Seat 4: Pon4uk.ua mucked
Seat 5: Fogati folded before Flop (didn't bet)
Seat 6: Ankorwat777 folded before Flop (didn't bet)



PokerStars Hand #254591644618:  Hold'em No Limit ($0.50/$1.00 USD) - 2025/01/28 9:49:13 WET [2025/01/28 4:49:13 ET]
Table 'Jubilatrix IV' 6-max Seat #2 is the button
Seat 1: CashfishT ($100 in chips) 
Seat 2: ChuckNorrisQ ($109.24 in chips) 
Seat 3: ARCTlCkiss ($108.18 in chips) 
Seat 4: Pon4uk.ua ($103.56 in chips) 
Seat 5: Fogati ($81.90 in chips) 
Seat 6: Ankorwat777 ($45.38 in chips) 
ARCTlCkiss: posts small blind $0.50
Pon4uk.ua: posts big blind $1
*** HOLE CARDS ***
Fogati: folds 
Ankorwat777: folds 
CashfishT: folds 
ChuckNorrisQ: raises $1.50 to $2.50
ARCTlCkiss: folds 
Pon4uk.ua: folds 
Uncalled bet ($1.50) returned to ChuckNorrisQ
ChuckNorrisQ collected $2.50 from pot
ChuckNorrisQ: doesn't show hand 
*** SUMMARY ***
Total pot $2.50 | Rake $0 
Seat 1: CashfishT folded before Flop (didn't bet)
Seat 2: ChuckNorrisQ (button) collected ($2.50)
Seat 3: ARCTlCkiss (small blind) folded before Flop
Seat 4: Pon4uk.ua (big blind) folded before Flop
Seat 5: Fogati folded before Flop (didn't bet)
Seat 6: Ankorwat777 folded before Flop (didn't bet)



PokerStars Hand #254591646351:  Hold'em No Limit ($0.50/$1.00 USD) - 2025/01/28 9:49:33 WET [2025/01/28 4:49:33 ET]
Table 'Jubilatrix IV' 6-max Seat #3 is the button
Seat 1: CashfishT ($100 in chips) 
Seat 2: ChuckNorrisQ ($110.74 in chips) 
Seat 3: ARCTlCkiss ($107.68 in chips) 
Seat 4: Pon4uk.ua ($102.56 in chips) 
Seat 5: Fogati ($81.90 in chips) 
Seat 6: Ankorwat777 ($45.38 in chips) 
Pon4uk.ua: posts small blind $0.50
Fogati: posts big blind $1
*** HOLE CARDS ***
Ankorwat777: folds 
CashfishT: folds 
ChuckNorrisQ: folds 
ARCTlCkiss: folds 
Pon4uk.ua: raises $1.75 to $2.75
Fogati: folds 
Uncalled bet ($1.75) returned to Pon4uk.ua
Pon4uk.ua collected $2 from pot
Pon4uk.ua: doesn't show hand 
*** SUMMARY ***
Total pot $2 | Rake $0 
Seat 1: CashfishT folded before Flop (didn't bet)
Seat 2: ChuckNorrisQ folded before Flop (didn't bet)
Seat 3: ARCTlCkiss (button) folded before Flop (didn't bet)
Seat 4: Pon4uk.ua (small blind) collected ($2)
Seat 5: Fogati (big blind) folded before Flop
Seat 6: Ankorwat777 folded before Flop (didn't bet)



PokerStars Hand #254591647915:  Hold'em No Limit ($0.50/$1.00 USD) - 2025/01/28 9:49:51 WET [2025/01/28 4:49:51 ET]
Table 'Jubilatrix IV' 6-max Seat #4 is the button
Seat 1: CashfishT ($100 in chips) 
Seat 2: ChuckNorrisQ ($110.74 in chips) 
Seat 3: ARCTlCkiss ($107.68 in chips) 
Seat 4: Pon4uk.ua ($103.56 in chips) 
Seat 5: Fogati ($80.90 in chips) 
Seat 6: Ankorwat777 ($45.38 in chips) 
Fogati: posts small blind $0.50
Ankorwat777: posts big blind $1
*** HOLE CARDS ***
CashfishT: folds 
ChuckNorrisQ: folds 
ARCTlCkiss: folds 
Pon4uk.ua: folds 
Fogati: folds 
Uncalled bet ($0.50) returned to Ankorwat777
Ankorwat777 collected $1 from pot
Ankorwat777: doesn't show hand 
*** SUMMARY ***
Total pot $1 | Rake $0 
Seat 1: CashfishT folded before Flop (didn't bet)
Seat 2: ChuckNorrisQ folded before Flop (didn't bet)
Seat 3: ARCTlCkiss folded before Flop (didn't bet)
Seat 4: Pon4uk.ua (button) folded before Flop (didn't bet)
Seat 5: Fogati (small blind) folded before Flop
Seat 6: Ankorwat777 (big blind) collected ($1)



PokerStars Hand #254591649706:  Hold'em No Limit ($0.50/$1.00 USD) - 2025/01/28 9:50:12 WET [2025/01/28 4:50:12 ET]
Table 'Jubilatrix IV' 6-max Seat #5 is the button
Seat 1: CashfishT ($100 in chips) 
Seat 2: ChuckNorrisQ ($110.74 in chips) 
Seat 3: ARCTlCkiss ($107.68 in chips) 
Seat 4: Pon4uk.ua ($103.56 in chips) 
Seat 5: Fogati ($80.40 in chips) 
Seat 6: Ankorwat777 ($45.88 in chips) 
Ankorwat777: posts small blind $0.50
CashfishT: posts big blind $1
*** HOLE CARDS ***
ChuckNorrisQ: folds 
ARCTlCkiss: folds 
Pon4uk.ua: folds 
Fogati: folds 
Ankorwat777: calls $0.50
CashfishT: raises $3.50 to $4.50
Ankorwat777: folds 
Uncalled bet ($3.50) returned to CashfishT
CashfishT collected $2 from pot
CashfishT: doesn't show hand 
*** SUMMARY ***
Total pot $2 | Rake $0 
Seat 1: CashfishT (big blind) collected ($2)
Seat 2: ChuckNorrisQ folded before Flop (didn't bet)
Seat 3: ARCTlCkiss folded before Flop (didn't bet)
Seat 4: Pon4uk.ua folded before Flop (didn't bet)
Seat 5: Fogati (button) folded before Flop (didn't bet)
Seat 6: Ankorwat777 (small blind) folded before Flop



PokerStars Hand #254591651741:  Hold'em No Limit ($0.50/$1.00 USD) - 2025/01/28 9:50:37 WET [2025/01/28 4:50:37 ET]
Table 'Jubilatrix IV' 6-max Seat #6 is the button
Seat 1: CashfishT ($101 in chips) 
Seat 2: ChuckNorrisQ ($110.74 in chips) 
Seat 3: ARCTlCkiss ($107.68 in chips) 
Seat 4: Pon4uk.ua ($103.56 in chips) 
Seat 5: Fogati ($80.40 in chips) 
Seat 6: Ankorwat777 ($44.88 in chips) 
CashfishT: posts small blind $0.50
ChuckNorrisQ: posts big blind $1
*** HOLE CARDS ***
ARCTlCkiss: raises $1.53 to $2.53
Pon4uk.ua: folds 
Fogati: folds 
Ankorwat777: calls $2.53
CashfishT: folds 
ChuckNorrisQ: folds 
*** FLOP *** [2c 4s Ks]
ARCTlCkiss: bets $1.74
Ankorwat777: raises $1.74 to $3.48
ARCTlCkiss: calls $1.74
*** TURN *** [2c 4s Ks] [6d]
ARCTlCkiss: checks 
Ankorwat777: bets $6.42
ARCTlCkiss: calls $6.42
*** RIVER *** [2c 4s Ks 6d] [8h]
ARCTlCkiss: checks 
Ankorwat777: checks 
*** SHOW DOWN ***
ARCTlCkiss: shows [Ac Kc] (a pair of Kings)
Ankorwat777: mucks hand 
ARCTlCkiss collected $25.04 from pot
*** SUMMARY ***
Total pot $26.36 | Rake $1.32 
Board [2c 4s Ks 6d 8h]
Seat 1: CashfishT (small blind) folded before Flop
Seat 2: ChuckNorrisQ (big blind) folded before Flop
Seat 3: ARCTlCkiss showed [Ac Kc] and won ($25.04) with a pair of Kings
Seat 4: Pon4uk.ua folded before Flop (didn't bet)
Seat 5: Fogati folded before Flop (didn't bet)
Seat 6: Ankorwat777 (button) mucked



PokerStars Hand #254591656431:  Hold'em No Limit ($0.50/$1.00 USD) - 2025/01/28 9:51:31 WET [2025/01/28 4:51:31 ET]
Table 'Jubilatrix IV' 6-max Seat #1 is the button
Seat 1: CashfishT ($100.50 in chips) 
Seat 2: ChuckNorrisQ ($109.74 in chips) 
Seat 3: ARCTlCkiss ($120.29 in chips) 
Seat 4: Pon4uk.ua ($103.56 in chips) 
Seat 5: Fogati ($80.40 in chips) 
Seat 6: Ankorwat777 ($32.45 in chips) 
ChuckNorrisQ: posts small blind $0.50
ARCTlCkiss: posts big blind $1
*** HOLE CARDS ***
Pon4uk.ua: folds 
Fogati: folds 
Ankorwat777: folds 
CashfishT: folds 
ChuckNorrisQ: raises $2 to $3
ARCTlCkiss: calls $2
*** FLOP *** [Ad Js Qh]
ChuckNorrisQ: bets $1.88
ARCTlCkiss: calls $1.88
*** TURN *** [Ad Js Qh] [Kh]
ChuckNorrisQ: checks 
ARCTlCkiss: checks 
*** RIVER *** [Ad Js Qh Kh] [7d]
ChuckNorrisQ: bets $3.06
ARCTlCkiss: folds 
Uncalled bet ($3.06) returned to ChuckNorrisQ
ChuckNorrisQ collected $9.27 from pot
ChuckNorrisQ: doesn't show hand 
*** SUMMARY ***
Total pot $9.76 | Rake $0.49 
Board [Ad Js Qh Kh 7d]
Seat 1: CashfishT (button) folded before Flop (didn't bet)
Seat 2: ChuckNorrisQ (small blind) collected ($9.27)
Seat 3: ARCTlCkiss (big blind) folded on the River
Seat 4: Pon4uk.ua folded before Flop (didn't bet)
Seat 5: Fogati folded before Flop (didn't bet)
Seat 6: Ankorwat777 folded before Flop (didn't bet)



PokerStars Hand #254591661527:  Hold'em No Limit ($0.50/$1.00 USD) - 2025/01/28 9:52:32 WET [2025/01/28 4:52:32 ET]
Table 'Jubilatrix IV' 6-max Seat #2 is the button
Seat 1: CashfishT ($100.50 in chips) 
Seat 2: ChuckNorrisQ ($114.13 in chips) 
Seat 3: ARCTlCkiss ($115.41 in chips) 
Seat 4: Pon4uk.ua ($103.56 in chips) 
Seat 5: Fogati ($80.40 in chips) 
Seat 6: Ankorwat777 ($32.45 in chips) 
ARCTlCkiss: posts small blind $0.50
Pon4uk.ua: posts big blind $1
*** HOLE CARDS ***
Fogati: folds 
Ankorwat777: folds 
CashfishT: folds 
ChuckNorrisQ: raises $1.50 to $2.50
ARCTlCkiss: raises $8.50 to $11
Pon4uk.ua: folds 
ChuckNorrisQ: folds 
Uncalled bet ($8.50) returned to ARCTlCkiss
ARCTlCkiss collected $6 from pot
ARCTlCkiss: doesn't show hand 
*** SUMMARY ***
Total pot $6 | Rake $0 
Seat 1: CashfishT folded before Flop (didn't bet)
Seat 2: ChuckNorrisQ (button) folded before Flop
Seat 3: ARCTlCkiss (small blind) collected ($6)
Seat 4: Pon4uk.ua (big blind) folded before Flop
Seat 5: Fogati folded before Flop (didn't bet)
Seat 6: Ankorwat777 folded before Flop (didn't bet)



PokerStars Hand #254591664186:  Hold'em No Limit ($0.50/$1.00 USD) - 2025/01/28 9:53:03 WET [2025/01/28 4:53:03 ET]
Table 'Jubilatrix IV' 6-max Seat #3 is the button
Seat 1: CashfishT ($100.50 in chips) 
Seat 2: ChuckNorrisQ ($111.63 in chips) 
Seat 3: ARCTlCkiss ($118.91 in chips) 
Seat 4: Pon4uk.ua ($102.56 in chips) 
Seat 5: Fogati ($80.40 in chips) 
Seat 6: Ankorwat777 ($32.45 in chips) 
Pon4uk.ua: posts small blind $0.50
Fogati: posts big blind $1
*** HOLE CARDS ***
Ankorwat777: folds 
CashfishT: raises $1.20 to $2.20
ChuckNorrisQ: calls $2.20
ARCTlCkiss: folds 
Pon4uk.ua: raises $12.30 to $14.50
Fogati: folds 
CashfishT: folds 
ChuckNorrisQ: folds 
Uncalled bet ($12.30) returned to Pon4uk.ua
Pon4uk.ua collected $7.60 from pot
Pon4uk.ua: doesn't show hand 
*** SUMMARY ***
Total pot $7.60 | Rake $0 
Seat 1: CashfishT folded before Flop
Seat 2: ChuckNorrisQ folded before Flop
Seat 3: ARCTlCkiss (button) folded before Flop (didn't bet)
Seat 4: Pon4uk.ua (small blind) collected ($7.60)
Seat 5: Fogati (big blind) folded before Flop
Seat 6: Ankorwat777 folded before Flop (didn't bet)



PokerStars Hand #254591667343:  Hold'em No Limit ($0.50/$1.00 USD) - 2025/01/28 9:53:40 WET [2025/01/28 4:53:40 ET]
Table 'Jubilatrix IV' 6-max Seat #4 is the button
Seat 1: CashfishT ($100 in chips) 
Seat 2: ChuckNorrisQ ($109.43 in chips) 
Seat 3: ARCTlCkiss ($118.91 in chips) 
Seat 4: Pon4uk.ua ($107.96 in chips) 
Seat 5: Fogati ($79.40 in chips) 
Seat 6: Ankorwat777 ($32.45 in chips) 
Fogati: posts small blind $0.50
Ankorwat777: posts big blind $1
*** HOLE CARDS ***
CashfishT: raises $1.20 to $2.20
ChuckNorrisQ: folds 
ARCTlCkiss: folds 
Pon4uk.ua: folds 
Fogati: folds 
Ankorwat777: raises $30.25 to $32.45 and is all-in
CashfishT: calls $30.25
*** FLOP *** [2d 9c 3s]
*** TURN *** [2d 9c 3s] [4d]
*** RIVER *** [2d 9c 3s 4d] [5c]
*** SHOW DOWN ***
Ankorwat777: shows [8h 8s] (a pair of Eights)
CashfishT: shows [Jd Js] (a pair of Jacks)
CashfishT collected $62.90 from pot
*** SUMMARY ***
Total pot $65.40 | Rake $2.50 
Board [2d 9c 3s 4d 5c]
Seat 1: CashfishT showed [Jd Js] and won ($62.90) with a pair of Jacks
Seat 2: ChuckNorrisQ folded before Flop (didn't bet)
Seat 3: ARCTlCkiss folded before Flop (didn't bet)
Seat 4: Pon4uk.ua (button) folded before Flop (didn't bet)
Seat 5: Fogati (small blind) folded before Flop
Seat 6: Ankorwat777 (big blind) showed [8h 8s] and lost with a pair of Eights



PokerStars Hand #254591670585:  Hold'em No Limit ($0.50/$1.00 USD) - 2025/01/28 9:54:19 WET [2025/01/28 4:54:19 ET]
Table 'Jubilatrix IV' 6-max Seat #5 is the button
Seat 6: Ankorwat777 ($0 in chips) is sitting out
Seat 1: CashfishT ($130.45 in chips) 
Seat 2: ChuckNorrisQ ($109.43 in chips) 
Seat 3: ARCTlCkiss ($118.91 in chips) 
Seat 4: Pon4uk.ua ($107.96 in chips) 
Seat 5: Fogati ($78.90 in chips) 
CashfishT: posts small blind $0.50
ChuckNorrisQ: posts big blind $1
*** HOLE CARDS ***
ARCTlCkiss: folds 
Pon4uk.ua: folds 
Fogati: folds 
CashfishT: raises $2 to $3
ChuckNorrisQ: calls $2
*** FLOP *** [Kd Qd 5d]
CashfishT: checks 
ChuckNorrisQ: checks 
*** TURN *** [Kd Qd 5d] [3d]
CashfishT: checks 
ChuckNorrisQ: checks 
*** RIVER *** [Kd Qd 5d 3d] [Js]
CashfishT: checks 
ChuckNorrisQ: checks 
*** SHOW DOWN ***
CashfishT: shows [Ac Jc] (a pair of Jacks)
ChuckNorrisQ: mucks hand 
CashfishT collected $5.70 from pot
*** SUMMARY ***
Total pot $6 | Rake $0.30 
Board [Kd Qd 5d 3d Js]
Seat 6: Ankorwat777
Seat 1: CashfishT (small blind) showed [Ac Jc] and won ($5.70) with a pair of Jacks
Seat 2: ChuckNorrisQ (big blind) mucked
Seat 3: ARCTlCkiss folded before Flop (didn't bet)
Seat 4: Pon4uk.ua folded before Flop (didn't bet)
Seat 5: Fogati (button) folded before Flop (didn't bet)



PokerStars Hand #254591675351:  Hold'em No Limit ($0.50/$1.00 USD) - 2025/01/28 9:55:15 WET [2025/01/28 4:55:15 ET]
Table 'Jubilatrix IV' 6-max Seat #1 is the button
Seat 1: CashfishT ($133.15 in chips) 
Seat 2: ChuckNorrisQ ($106.43 in chips) 
Seat 3: ARCTlCkiss ($118.91 in chips) 
Seat 4: Pon4uk.ua ($107.96 in chips) 
Seat 5: Fogati ($78.90 in chips) 
Seat 6: Ankorwat777 ($50.39 in chips) 
ChuckNorrisQ: posts small blind $0.50
ARCTlCkiss: posts big blind $1
Ankorwat777: posts small blind $0.50
*** HOLE CARDS ***
Pon4uk.ua: folds 
Fogati: folds 
Ankorwat777: folds 
CashfishT: folds 
ChuckNorrisQ: raises $2 to $3
ARCTlCkiss: calls $2
*** FLOP *** [3c Qh 2s]
ChuckNorrisQ: checks 
ARCTlCkiss: bets $1.98
ChuckNorrisQ: calls $1.98
*** TURN *** [3c Qh 2s] [8d]
ChuckNorrisQ: checks 
ARCTlCkiss: checks 
*** RIVER *** [3c Qh 2s 8d] [4d]
ChuckNorrisQ: bets $15
ARCTlCkiss: folds 
Uncalled bet ($15) returned to ChuckNorrisQ
ChuckNorrisQ collected $9.94 from pot
ChuckNorrisQ: doesn't show hand 
*** SUMMARY ***
Total pot $10.46 | Rake $0.52 
Board [3c Qh 2s 8d 4d]
Seat 1: CashfishT (button) folded before Flop (didn't bet)
Seat 2: ChuckNorrisQ (small blind) collected ($9.94)
Seat 3: ARCTlCkiss (big blind) folded on the River
Seat 4: Pon4uk.ua folded before Flop (didn't bet)
Seat 5: Fogati folded before Flop (didn't bet)
Seat 6: Ankorwat777 folded before Flop (didn't bet)



PokerStars Hand #254591681533:  Hold'em No Limit ($0.50/$1.00 USD) - 2025/01/28 9:56:28 WET [2025/01/28 4:56:28 ET]
Table 'Jubilatrix IV' 6-max Seat #2 is the button
Seat 1: CashfishT ($133.15 in chips) 
Seat 2: ChuckNorrisQ ($111.39 in chips) 
Seat 3: ARCTlCkiss ($113.93 in chips) 
Seat 4: Pon4uk.ua ($107.96 in chips) 
Seat 5: Fogati ($78.90 in chips) 
Seat 6: Ankorwat777 ($49.89 in chips) 
ARCTlCkiss: posts small blind $0.50
Pon4uk.ua: posts big blind $1
*** HOLE CARDS ***
Fogati: folds 
Ankorwat777: folds 
CashfishT: folds 
ChuckNorrisQ: raises $1.50 to $2.50
ARCTlCkiss: folds 
Pon4uk.ua: calls $1.50
*** FLOP *** [6h Ac 9d]
Pon4uk.ua: checks 
ChuckNorrisQ: bets $3.92
Pon4uk.ua: calls $3.92
*** TURN *** [6h Ac 9d] [Kd]
Pon4uk.ua: checks 
ChuckNorrisQ: checks 
*** RIVER *** [6h Ac 9d Kd] [9h]
Pon4uk.ua: bets $9.50
ChuckNorrisQ: folds 
Uncalled bet ($9.50) returned to Pon4uk.ua
Pon4uk.ua collected $12.67 from pot
Pon4uk.ua: doesn't show hand 
*** SUMMARY ***
Total pot $13.34 | Rake $0.67 
Board [6h Ac 9d Kd 9h]
Seat 1: CashfishT folded before Flop (didn't bet)
Seat 2: ChuckNorrisQ (button) folded on the River
Seat 3: ARCTlCkiss (small blind) folded before Flop
Seat 4: Pon4uk.ua (big blind) collected ($12.67)
Seat 5: Fogati folded before Flop (didn't bet)
Seat 6: Ankorwat777 folded before Flop (didn't bet)



PokerStars Hand #254591688140:  Hold'em No Limit ($0.50/$1.00 USD) - 2025/01/28 9:57:46 WET [2025/01/28 4:57:46 ET]
Table 'Jubilatrix IV' 6-max Seat #3 is the button
Seat 1: CashfishT ($133.15 in chips) 
Seat 2: ChuckNorrisQ ($104.97 in chips) 
Seat 3: ARCTlCkiss ($113.43 in chips) 
Seat 4: Pon4uk.ua ($114.21 in chips) 
Seat 5: Fogati ($78.90 in chips) 
Seat 6: Ankorwat777 ($49.89 in chips) 
Pon4uk.ua: posts small blind $0.50
Fogati: posts big blind $1
*** HOLE CARDS ***
Ankorwat777: folds 
CashfishT: folds 
ChuckNorrisQ: raises $1.30 to $2.30
ARCTlCkiss: folds 
Pon4uk.ua: folds 
Fogati: folds 
Uncalled bet ($1.30) returned to ChuckNorrisQ
ChuckNorrisQ collected $2.50 from pot
ChuckNorrisQ: doesn't show hand 
*** SUMMARY ***
Total pot $2.50 | Rake $0 
Seat 1: CashfishT folded before Flop (didn't bet)
Seat 2: ChuckNorrisQ collected ($2.50)
Seat 3: ARCTlCkiss (button) folded before Flop (didn't bet)
Seat 4: Pon4uk.ua (small blind) folded before Flop
Seat 5: Fogati (big blind) folded before Flop
Seat 6: Ankorwat777 folded before Flop (didn't bet)



PokerStars Hand #254591689989:  Hold'em No Limit ($0.50/$1.00 USD) - 2025/01/28 9:58:08 WET [2025/01/28 4:58:08 ET]
Table 'Jubilatrix IV' 6-max Seat #4 is the button
Seat 1: CashfishT ($133.15 in chips) 
Seat 2: ChuckNorrisQ ($106.47 in chips) 
Seat 3: ARCTlCkiss ($113.43 in chips) 
Seat 4: Pon4uk.ua ($113.71 in chips) 
Seat 5: Fogati ($77.90 in chips) 
Seat 6: Ankorwat777 ($49.89 in chips) 
Fogati: posts small blind $0.50
Ankorwat777: posts big blind $1
*** HOLE CARDS ***
CashfishT: folds 
ChuckNorrisQ: folds 
ARCTlCkiss: folds 
Pon4uk.ua: raises $1.50 to $2.50
Fogati: raises $6 to $8.50
Ankorwat777: folds 
Pon4uk.ua: calls $6
*** FLOP *** [3c 5c 4s]
Fogati: checks 
Pon4uk.ua: checks 
*** TURN *** [3c 5c 4s] [Qd]
Fogati: checks 
Pon4uk.ua: bets $8.55
Fogati: folds 
Uncalled bet ($8.55) returned to Pon4uk.ua
Pon4uk.ua collected $17.10 from pot
Pon4uk.ua: doesn't show hand 
*** SUMMARY ***
Total pot $18 | Rake $0.90 
Board [3c 5c 4s Qd]
Seat 1: CashfishT folded before Flop (didn't bet)
Seat 2: ChuckNorrisQ folded before Flop (didn't bet)
Seat 3: ARCTlCkiss folded before Flop (didn't bet)
Seat 4: Pon4uk.ua (button) collected ($17.10)
Seat 5: Fogati (small blind) folded on the Turn
Seat 6: Ankorwat777 (big blind) folded before Flop



PokerStars Hand #254591696003:  Hold'em No Limit ($0.50/$1.00 USD) - 2025/01/28 9:59:21 WET [2025/01/28 4:59:21 ET]
Table 'Jubilatrix IV' 6-max Seat #5 is the button
Seat 1: CashfishT ($133.15 in chips) 
Seat 2: ChuckNorrisQ ($106.47 in chips) 
Seat 3: ARCTlCkiss ($113.43 in chips) 
Seat 4: Pon4uk.ua ($122.31 in chips) 
Seat 5: Fogati ($69.40 in chips) 
Seat 6: Ankorwat777 ($48.89 in chips) 
Ankorwat777: posts small blind $0.50
CashfishT: posts big blind $1
*** HOLE CARDS ***
ChuckNorrisQ: folds 
ARCTlCkiss: folds 
Pon4uk.ua: folds 
Fogati: folds 
Ankorwat777: calls $0.50
CashfishT: raises $3.50 to $4.50
Ankorwat777: folds 
Uncalled bet ($3.50) returned to CashfishT
CashfishT collected $2 from pot
CashfishT: doesn't show hand 
*** SUMMARY ***
Total pot $2 | Rake $0 
Seat 1: CashfishT (big blind) collected ($2)
Seat 2: ChuckNorrisQ folded before Flop (didn't bet)
Seat 3: ARCTlCkiss folded before Flop (didn't bet)
Seat 4: Pon4uk.ua folded before Flop (didn't bet)
Seat 5: Fogati (button) folded before Flop (didn't bet)
Seat 6: Ankorwat777 (small blind) folded before Flop



PokerStars Hand #254591698266:  Hold'em No Limit ($0.50/$1.00 USD) - 2025/01/28 9:59:51 WET [2025/01/28 4:59:51 ET]
Table 'Jubilatrix IV' 6-max Seat #6 is the button
Seat 1: CashfishT ($134.15 in chips) 
Seat 2: ChuckNorrisQ ($106.47 in chips) 
Seat 3: ARCTlCkiss ($113.43 in chips) 
Seat 4: Pon4uk.ua ($122.31 in chips) 
Seat 5: Fogati ($69.40 in chips) 
Seat 6: Ankorwat777 ($47.89 in chips) 
CashfishT: posts small blind $0.50
ChuckNorrisQ: posts big blind $1
*** HOLE CARDS ***
ARCTlCkiss: raises $1.53 to $2.53
Pon4uk.ua: folds 
Fogati: folds 
Ankorwat777: calls $2.53
CashfishT: calls $2.03
ChuckNorrisQ: folds 
*** FLOP *** [4s Td 3s]
CashfishT: checks 
ARCTlCkiss: bets $2.28
Ankorwat777: calls $2.28
CashfishT: folds 
*** TURN *** [4s Td 3s] [5s]
ARCTlCkiss: checks 
Ankorwat777: bets $12.49
ARCTlCkiss: calls $12.49
*** RIVER *** [4s Td 3s 5s] [6d]
ARCTlCkiss: checks 
Ankorwat777: bets $18.11
ARCTlCkiss: calls $18.11
*** SHOW DOWN ***
Ankorwat777: shows [Js Ah] (high card Ace)
ARCTlCkiss: shows [Jh Jd] (a pair of Jacks)
ARCTlCkiss collected $71.85 from pot
*** SUMMARY ***
Total pot $74.35 | Rake $2.50 
Board [4s Td 3s 5s 6d]
Seat 1: CashfishT (small blind) folded on the Flop
Seat 2: ChuckNorrisQ (big blind) folded before Flop
Seat 3: ARCTlCkiss showed [Jh Jd] and won ($71.85) with a pair of Jacks
Seat 4: Pon4uk.ua folded before Flop (didn't bet)
Seat 5: Fogati folded before Flop (didn't bet)
Seat 6: Ankorwat777 (button) showed [Js Ah] and lost with high card Ace



PokerStars Hand #254591703866:  Hold'em No Limit ($0.50/$1.00 USD) - 2025/01/28 10:01:12 WET [2025/01/28 5:01:12 ET]
Table 'Jubilatrix IV' 6-max Seat #1 is the button
Seat 3: ARCTlCkiss ($149.87 in chips) is sitting out
Seat 1: CashfishT ($131.62 in chips) 
Seat 2: ChuckNorrisQ ($105.47 in chips) 
Seat 4: Pon4uk.ua ($122.31 in chips) 
Seat 5: Fogati ($69.40 in chips) 
Seat 6: Ankorwat777 ($12.48 in chips) 
ChuckNorrisQ: posts small blind $0.50
ARCTlCkiss: is sitting out 
Pon4uk.ua: posts big blind $1
*** HOLE CARDS ***
Fogati: folds 
Ankorwat777: folds 
CashfishT: raises $1.20 to $2.20
ARCTlCkiss leaves the table
ChuckNorrisQ: folds 
Pon4uk.ua: calls $1.20
*** FLOP *** [Td 2s 8h]
jeffy27dt1 joins the table at seat #3 
Pon4uk.ua: checks 
CashfishT: bets $1.54
Pon4uk.ua: folds 
Uncalled bet ($1.54) returned to CashfishT
CashfishT collected $4.66 from pot
CashfishT: doesn't show hand 
*** SUMMARY ***
Total pot $4.90 | Rake $0.24 
Board [Td 2s 8h]
Seat 3: ARCTlCkiss
Seat 1: CashfishT (button) collected ($4.66)
Seat 2: ChuckNorrisQ (small blind) folded before Flop
Seat 4: Pon4uk.ua (big blind) folded on the Flop
Seat 5: Fogati folded before Flop (didn't bet)
Seat 6: Ankorwat777 folded before Flop (didn't bet)



PokerStars Hand #254591705418:  Hold'em No Limit ($0.50/$1.00 USD) - 2025/01/28 10:01:38 WET [2025/01/28 5:01:38 ET]
Table 'Jubilatrix IV' 6-max Seat #2 is the button
Seat 3: jeffy27dt1 ($100 in chips) is sitting out
Seat 1: CashfishT ($134.08 in chips) 
Seat 2: ChuckNorrisQ ($104.97 in chips) 
Seat 4: Pon4uk.ua ($120.11 in chips) 
Seat 5: Fogati ($69.40 in chips) 
Seat 6: Ankorwat777 ($12.48 in chips) 
Pon4uk.ua: posts small blind $0.50
Fogati: posts big blind $1
*** HOLE CARDS ***
Ankorwat777: folds 
CashfishT: folds 
ChuckNorrisQ: folds 
Pon4uk.ua: folds 
Uncalled bet ($0.50) returned to Fogati
Fogati collected $1 from pot
Fogati: doesn't show hand 
*** SUMMARY ***
Total pot $1 | Rake $0 
Seat 3: jeffy27dt1
Seat 1: CashfishT folded before Flop (didn't bet)
Seat 2: ChuckNorrisQ (button) folded before Flop (didn't bet)
Seat 4: Pon4uk.ua (small blind) folded before Flop
Seat 5: Fogati (big blind) collected ($1)
Seat 6: Ankorwat777 folded before Flop (didn't bet)



PokerStars Hand #254591706553:  Hold'em No Limit ($0.50/$1.00 USD) - 2025/01/28 10:01:58 WET [2025/01/28 5:01:58 ET]
Table 'Jubilatrix IV' 6-max Seat #4 is the button
Seat 3: jeffy27dt1 ($100 in chips) is sitting out
Seat 1: CashfishT ($134.08 in chips) 
Seat 2: ChuckNorrisQ ($104.97 in chips) 
Seat 4: Pon4uk.ua ($119.61 in chips) 
Seat 5: Fogati ($69.90 in chips) 
Seat 6: Ankorwat777 ($12.48 in chips) 
Fogati: posts small blind $0.50
Ankorwat777: posts big blind $1
jeffy27dt1: sits out 
*** HOLE CARDS ***
CashfishT: folds 
ChuckNorrisQ: folds 
Pon4uk.ua: folds 
Fogati: calls $0.50
Ankorwat777: raises $3 to $4
Fogati: calls $3
*** FLOP *** [7s 2d 5d]
Fogati: bets $3.80
Ankorwat777: raises $4.68 to $8.48 and is all-in
Fogati: calls $4.68
*** TURN *** [7s 2d 5d] [7d]
*** RIVER *** [7s 2d 5d 7d] [Qc]
*** SHOW DOWN ***
Fogati: shows [Kc Qd] (two pair, Queens and Sevens)
Ankorwat777: shows [Tc Th] (two pair, Tens and Sevens)
Fogati collected $23.71 from pot
*** SUMMARY ***
Total pot $24.96 | Rake $1.25 
Board [7s 2d 5d 7d Qc]
Seat 3: jeffy27dt1
Seat 1: CashfishT folded before Flop (didn't bet)
Seat 2: ChuckNorrisQ folded before Flop (didn't bet)
Seat 4: Pon4uk.ua (button) folded before Flop (didn't bet)
Seat 5: Fogati (small blind) showed [Kc Qd] and won ($23.71) with two pair, Queens and Sevens
Seat 6: Ankorwat777 (big blind) showed [Tc Th] and lost with two pair, Tens and Sevens



PokerStars Hand #254591708555:  Hold'em No Limit ($0.50/$1.00 USD) - 2025/01/28 10:02:33 WET [2025/01/28 5:02:33 ET]
Table 'Jubilatrix IV' 6-max Seat #5 is the button
Seat 3: jeffy27dt1 ($100 in chips) is sitting out
Seat 6: Ankorwat777 ($0 in chips) is sitting out
Seat 1: CashfishT ($134.08 in chips) 
Seat 2: ChuckNorrisQ ($104.97 in chips) 
Seat 4: Pon4uk.ua ($119.61 in chips) 
Seat 5: Fogati ($81.13 in chips) 
CashfishT: posts small blind $0.50
ChuckNorrisQ: posts big blind $1
jeffy27dt1: sits out 
*** HOLE CARDS ***
Pon4uk.ua: raises $1.50 to $2.50
Fogati: folds 
Ankorwat777 leaves the table
CashfishT: folds 
ChuckNorrisQ: calls $1.50
*** FLOP *** [7h Ks 9c]
DL1B joins the table at seat #6 
ChuckNorrisQ: checks 
Pon4uk.ua: bets $2.61
ChuckNorrisQ: calls $2.61
*** TURN *** [7h Ks 9c] [7d]
ChuckNorrisQ: checks 
Pon4uk.ua: checks 
*** RIVER *** [7h Ks 9c 7d] [Ts]
ChuckNorrisQ: bets $25
Pon4uk.ua: folds 
Uncalled bet ($25) returned to ChuckNorrisQ
ChuckNorrisQ collected $10.18 from pot
ChuckNorrisQ: doesn't show hand 
*** SUMMARY ***
Total pot $10.72 | Rake $0.54 
Board [7h Ks 9c 7d Ts]
Seat 3: jeffy27dt1
Seat 6: Ankorwat777
Seat 1: CashfishT (small blind) folded before Flop
Seat 2: ChuckNorrisQ (big blind) collected ($10.18)
Seat 4: Pon4uk.ua folded on the River
Seat 5: Fogati (button) folded before Flop (didn't bet)



PokerStars Hand #254591712149:  Hold'em No Limit ($0.50/$1.00 USD) - 2025/01/28 10:03:45 WET [2025/01/28 5:03:45 ET]
Table 'Jubilatrix IV' 6-max Seat #1 is the button
Seat 6: DL1B ($100 in chips) is sitting out
Seat 1: CashfishT ($133.58 in chips) 
Seat 2: ChuckNorrisQ ($110.04 in chips) 
Seat 3: jeffy27dt1 ($100 in chips) 
Seat 4: Pon4uk.ua ($114.50 in chips) 
Seat 5: Fogati ($81.13 in chips) 
ChuckNorrisQ: posts small blind $0.50
jeffy27dt1: posts big blind $1
DL1B: sits out 
*** HOLE CARDS ***
Pon4uk.ua: folds 
Fogati: folds 
CashfishT: raises $1.20 to $2.20
ChuckNorrisQ: folds 
jeffy27dt1: folds 
Uncalled bet ($1.20) returned to CashfishT
CashfishT collected $2.50 from pot
CashfishT: doesn't show hand 
*** SUMMARY ***
Total pot $2.50 | Rake $0 
Seat 6: DL1B
Seat 1: CashfishT (button) collected ($2.50)
Seat 2: ChuckNorrisQ (small blind) folded before Flop
Seat 3: jeffy27dt1 (big blind) folded before Flop
Seat 4: Pon4uk.ua folded before Flop (didn't bet)
Seat 5: Fogati folded before Flop (didn't bet)



PokerStars Hand #254591712996:  Hold'em No Limit ($0.50/$1.00 USD) - 2025/01/28 10:04:02 WET [2025/01/28 5:04:02 ET]
Table 'Jubilatrix IV' 6-max Seat #2 is the button
Seat 6: DL1B ($100 in chips) is sitting out
Seat 1: CashfishT ($135.08 in chips) 
Seat 2: ChuckNorrisQ ($109.54 in chips) 
Seat 3: jeffy27dt1 ($100 in chips) 
Seat 4: Pon4uk.ua ($114.50 in chips) 
Seat 5: Fogati ($81.13 in chips) 
jeffy27dt1: posts small blind $0.50
Pon4uk.ua: posts big blind $1
DL1B: sits out 
*** HOLE CARDS ***
Fogati: folds 
CashfishT: folds 
ChuckNorrisQ: raises $1.50 to $2.50
jeffy27dt1: folds 
Pon4uk.ua: folds 
Uncalled bet ($1.50) returned to ChuckNorrisQ
ChuckNorrisQ collected $2.50 from pot
ChuckNorrisQ: doesn't show hand 
*** SUMMARY ***
Total pot $2.50 | Rake $0 
Seat 6: DL1B
Seat 1: CashfishT folded before Flop (didn't bet)
Seat 2: ChuckNorrisQ (button) collected ($2.50)
Seat 3: jeffy27dt1 (small blind) folded before Flop
Seat 4: Pon4uk.ua (big blind) folded before Flop
Seat 5: Fogati folded before Flop (didn't bet)



PokerStars Hand #254591713999:  Hold'em No Limit ($0.50/$1.00 USD) - 2025/01/28 10:04:25 WET [2025/01/28 5:04:25 ET]
Table 'Jubilatrix IV' 6-max Seat #3 is the button
Seat 6: DL1B ($100 in chips) is sitting out
Seat 1: CashfishT ($135.08 in chips) 
Seat 2: ChuckNorrisQ ($111.04 in chips) 
Seat 3: jeffy27dt1 ($100 in chips) 
Seat 4: Pon4uk.ua ($113.50 in chips) 
Seat 5: Fogati ($81.13 in chips) 
Pon4uk.ua: posts small blind $0.50
Fogati: posts big blind $1
DL1B: sits out 
*** HOLE CARDS ***
CashfishT: raises $1.20 to $2.20
ChuckNorrisQ: folds 
jeffy27dt1: folds 
Pon4uk.ua: folds 
Fogati: calls $1.20
*** FLOP *** [6c 3c Js]
Fogati: bets $4.66
Pon4uk.ua leaves the table
CashfishT: folds 
Uncalled bet ($4.66) returned to Fogati
Fogati collected $4.66 from pot
Fogati: doesn't show hand 
*** SUMMARY ***
Total pot $4.90 | Rake $0.24 
Board [6c 3c Js]
Seat 6: DL1B
Seat 1: CashfishT folded on the Flop
Seat 2: ChuckNorrisQ folded before Flop (didn't bet)
Seat 3: jeffy27dt1 (button) folded before Flop (didn't bet)
Seat 4: Pon4uk.ua (small blind) folded before Flop
Seat 5: Fogati (big blind) collected ($4.66)



PokerStars Hand #254591715325:  Hold'em No Limit ($0.50/$1.00 USD) - 2025/01/28 10:04:56 WET [2025/01/28 5:04:56 ET]
Table 'Jubilatrix IV' 6-max Seat #5 is the button
Seat 6: DL1B ($100 in chips) is sitting out
Seat 1: CashfishT ($132.88 in chips) 
Seat 2: ChuckNorrisQ ($111.04 in chips) 
Seat 3: jeffy27dt1 ($100 in chips) 
Seat 5: Fogati ($83.59 in chips) 
CashfishT: posts small blind $0.50
ChuckNorrisQ: posts big blind $1
*** HOLE CARDS ***
jeffy27dt1: folds 
Fogati: folds 
CashfishT: folds 
Uncalled bet ($0.50) returned to ChuckNorrisQ
ChuckNorrisQ collected $1 from pot
ChuckNorrisQ: doesn't show hand 
*** SUMMARY ***
Total pot $1 | Rake $0 
Seat 6: DL1B
Seat 1: CashfishT (small blind) folded before Flop
Seat 2: ChuckNorrisQ (big blind) collected ($1)
Seat 3: jeffy27dt1 folded before Flop (didn't bet)
Seat 5: Fogati (button) folded before Flop (didn't bet)



PokerStars Hand #254591716015:  Hold'em No Limit ($0.50/$1.00 USD) - 2025/01/28 10:05:13 WET [2025/01/28 5:05:13 ET]
Table 'Jubilatrix IV' 6-max Seat #1 is the button
Seat 6: DL1B ($100 in chips) is sitting out
Seat 1: CashfishT ($132.38 in chips) 
Seat 2: ChuckNorrisQ ($111.54 in chips) 
Seat 3: jeffy27dt1 ($100 in chips) 
Seat 5: Fogati ($83.59 in chips) 
ChuckNorrisQ: posts small blind $0.50
jeffy27dt1: posts big blind $1
DL1B: sits out 
*** HOLE CARDS ***
Fogati: folds 
CashfishT: raises $1.20 to $2.20
ChuckNorrisQ: folds 
jeffy27dt1: folds 
Uncalled bet ($1.20) returned to CashfishT
CashfishT collected $2.50 from pot
CashfishT: doesn't show hand 
*** SUMMARY ***
Total pot $2.50 | Rake $0 
Seat 6: DL1B
Seat 1: CashfishT (button) collected ($2.50)
Seat 2: ChuckNorrisQ (small blind) folded before Flop
Seat 3: jeffy27dt1 (big blind) folded before Flop
Seat 5: Fogati folded before Flop (didn't bet)



PokerStars Hand #254591716510:  Hold'em No Limit ($0.50/$1.00 USD) - 2025/01/28 10:05:26 WET [2025/01/28 5:05:26 ET]
Table 'Jubilatrix IV' 6-max Seat #2 is the button
Seat 6: DL1B ($100 in chips) is sitting out
Seat 1: CashfishT ($133.88 in chips) 
Seat 2: ChuckNorrisQ ($111.04 in chips) 
Seat 3: jeffy27dt1 ($100 in chips) 
Seat 5: Fogati ($83.59 in chips) 
jeffy27dt1: posts small blind $0.50
Fogati: posts big blind $1
DL1B: sits out 
*** HOLE CARDS ***
CashfishT: folds 
ChuckNorrisQ: folds 
jeffy27dt1: folds 
Uncalled bet ($0.50) returned to Fogati
Fogati collected $1 from pot
Fogati: doesn't show hand 
*** SUMMARY ***
Total pot $1 | Rake $0 
Seat 6: DL1B
Seat 1: CashfishT folded before Flop (didn't bet)
Seat 2: ChuckNorrisQ (button) folded before Flop (didn't bet)
Seat 3: jeffy27dt1 (small blind) folded before Flop
Seat 5: Fogati (big blind) collected ($1)



PokerStars Hand #254591717132:  Hold'em No Limit ($0.50/$1.00 USD) - 2025/01/28 10:05:41 WET [2025/01/28 5:05:41 ET]
Table 'Jubilatrix IV' 6-max Seat #3 is the button
Seat 1: CashfishT ($133.88 in chips) 
Seat 2: ChuckNorrisQ ($111.04 in chips) 
Seat 3: jeffy27dt1 ($100 in chips) 
Seat 5: Fogati ($84.09 in chips) 
Seat 6: DL1B ($100 in chips) 
Fogati: posts small blind $0.50
DL1B: posts big blind $1
*** HOLE CARDS ***
CashfishT: folds 
ChuckNorrisQ: folds 
jeffy27dt1: raises $1.50 to $2.50
Fogati: folds 
DL1B: folds 
Uncalled bet ($1.50) returned to jeffy27dt1
jeffy27dt1 collected $2.50 from pot
jeffy27dt1: doesn't show hand 
*** SUMMARY ***
Total pot $2.50 | Rake $0 
Seat 1: CashfishT folded before Flop (didn't bet)
Seat 2: ChuckNorrisQ folded before Flop (didn't bet)
Seat 3: jeffy27dt1 (button) collected ($2.50)
Seat 5: Fogati (small blind) folded before Flop
Seat 6: DL1B (big blind) folded before Flop



PokerStars Hand #254591718051:  Hold'em No Limit ($0.50/$1.00 USD) - 2025/01/28 10:06:04 WET [2025/01/28 5:06:04 ET]
Table 'Jubilatrix IV' 6-max Seat #5 is the button
Seat 1: CashfishT ($133.88 in chips) 
Seat 2: ChuckNorrisQ ($111.04 in chips) 
Seat 3: jeffy27dt1 ($101.50 in chips) 
Seat 5: Fogati ($83.59 in chips) 
Seat 6: DL1B ($100 in chips) 
DL1B: posts small blind $0.50
CashfishT: posts big blind $1
*** HOLE CARDS ***
ChuckNorrisQ: folds 
jeffy27dt1: folds 
Fogati: folds 
DL1B: folds 
Uncalled bet ($0.50) returned to CashfishT
CashfishT collected $1 from pot
CashfishT: doesn't show hand 
*** SUMMARY ***
Total pot $1 | Rake $0 
Seat 1: CashfishT (big blind) collected ($1)
Seat 2: ChuckNorrisQ folded before Flop (didn't bet)
Seat 3: jeffy27dt1 folded before Flop (didn't bet)
Seat 5: Fogati (button) folded before Flop (didn't bet)
Seat 6: DL1B (small blind) folded before Flop



PokerStars Hand #254591718521:  Hold'em No Limit ($0.50/$1.00 USD) - 2025/01/28 10:06:17 WET [2025/01/28 5:06:17 ET]
Table 'Jubilatrix IV' 6-max Seat #6 is the button
Seat 1: CashfishT ($134.38 in chips) 
Seat 2: ChuckNorrisQ ($111.04 in chips) 
Seat 3: jeffy27dt1 ($101.50 in chips) 
Seat 5: Fogati ($83.59 in chips) 
Seat 6: DL1B ($100 in chips) 
CashfishT: posts small blind $0.50
ChuckNorrisQ: posts big blind $1
*** HOLE CARDS ***
jeffy27dt1: folds 
Fogati: folds 
DL1B: raises $1.50 to $2.50
CashfishT: folds 
Pippa83 joins the table at seat #4 
ChuckNorrisQ: raises $10.50 to $13
DL1B: raises $14 to $27
ChuckNorrisQ: folds 
Uncalled bet ($14) returned to DL1B
DL1B collected $26.50 from pot
DL1B: doesn't show hand 
*** SUMMARY ***
Total pot $26.50 | Rake $0 
Seat 1: CashfishT (small blind) folded before Flop
Seat 2: ChuckNorrisQ (big blind) folded before Flop
Seat 3: jeffy27dt1 folded before Flop (didn't bet)
Seat 5: Fogati folded before Flop (didn't bet)
Seat 6: DL1B (button) collected ($26.50)



PokerStars Hand #254591720091:  Hold'em No Limit ($0.50/$1.00 USD) - 2025/01/28 10:06:57 WET [2025/01/28 5:06:57 ET]
Table 'Jubilatrix IV' 6-max Seat #1 is the button
Seat 4: Pippa83 ($131.35 in chips) is sitting out
Seat 1: CashfishT ($133.88 in chips) 
Seat 2: ChuckNorrisQ ($100 in chips) 
Seat 3: jeffy27dt1 ($101.50 in chips) 
Seat 5: Fogati ($83.59 in chips) 
Seat 6: DL1B ($113.50 in chips) 
ChuckNorrisQ: posts small blind $0.50
jeffy27dt1: posts big blind $1
Pippa83: sits out 
*** HOLE CARDS ***
Fogati: folds 
DL1B: folds 
CashfishT: raises $1.20 to $2.20
ChuckNorrisQ: folds 
jeffy27dt1: folds 
Uncalled bet ($1.20) returned to CashfishT
CashfishT collected $2.50 from pot
CashfishT: doesn't show hand 
*** SUMMARY ***
Total pot $2.50 | Rake $0 
Seat 4: Pippa83
Seat 1: CashfishT (button) collected ($2.50)
Seat 2: ChuckNorrisQ (small blind) folded before Flop
Seat 3: jeffy27dt1 (big blind) folded before Flop
Seat 5: Fogati folded before Flop (didn't bet)
Seat 6: DL1B folded before Flop (didn't bet)



PokerStars Hand #254591720889:  Hold'em No Limit ($0.50/$1.00 USD) - 2025/01/28 10:07:18 WET [2025/01/28 5:07:18 ET]
Table 'Jubilatrix IV' 6-max Seat #2 is the button
Seat 1: CashfishT ($135.38 in chips) 
Seat 2: ChuckNorrisQ ($100 in chips) 
Seat 3: jeffy27dt1 ($100.50 in chips) 
Seat 4: Pippa83 ($131.35 in chips) 
Seat 5: Fogati ($83.59 in chips) 
Seat 6: DL1B ($113.50 in chips) 
jeffy27dt1: posts small blind $0.50
Pippa83: posts big blind $1
*** HOLE CARDS ***
Fogati: folds 
DL1B: folds 
CashfishT: raises $1.20 to $2.20
ChuckNorrisQ: folds 
jeffy27dt1: folds 
Pippa83: folds 
Uncalled bet ($1.20) returned to CashfishT
CashfishT collected $2.50 from pot
CashfishT: doesn't show hand 
*** SUMMARY ***
Total pot $2.50 | Rake $0 
Seat 1: CashfishT collected ($2.50)
Seat 2: ChuckNorrisQ (button) folded before Flop (didn't bet)
Seat 3: jeffy27dt1 (small blind) folded before Flop
Seat 4: Pippa83 (big blind) folded before Flop
Seat 5: Fogati folded before Flop (didn't bet)
Seat 6: DL1B folded before Flop (didn't bet)



PokerStars Hand #254591721667:  Hold'em No Limit ($0.50/$1.00 USD) - 2025/01/28 10:07:39 WET [2025/01/28 5:07:39 ET]
Table 'Jubilatrix IV' 6-max Seat #3 is the button
Seat 1: CashfishT ($136.88 in chips) 
Seat 2: ChuckNorrisQ ($100 in chips) 
Seat 3: jeffy27dt1 ($100 in chips) 
Seat 4: Pippa83 ($130.35 in chips) 
Seat 5: Fogati ($83.59 in chips) 
Seat 6: DL1B ($113.50 in chips) 
Pippa83: posts small blind $0.50
Fogati: posts big blind $1
*** HOLE CARDS ***
DL1B: folds 
CashfishT: folds 
ChuckNorrisQ: folds 
jeffy27dt1: raises $1.50 to $2.50
Pippa83: folds 
Fogati: folds 
Uncalled bet ($1.50) returned to jeffy27dt1
jeffy27dt1 collected $2.50 from pot
jeffy27dt1: doesn't show hand 
*** SUMMARY ***
Total pot $2.50 | Rake $0 
Seat 1: CashfishT folded before Flop (didn't bet)
Seat 2: ChuckNorrisQ folded before Flop (didn't bet)
Seat 3: jeffy27dt1 (button) collected ($2.50)
Seat 4: Pippa83 (small blind) folded before Flop
Seat 5: Fogati (big blind) folded before Flop
Seat 6: DL1B folded before Flop (didn't bet)



PokerStars Hand #254591722358:  Hold'em No Limit ($0.50/$1.00 USD) - 2025/01/28 10:07:57 WET [2025/01/28 5:07:57 ET]
Table 'Jubilatrix IV' 6-max Seat #4 is the button
Seat 1: CashfishT ($136.88 in chips) 
Seat 2: ChuckNorrisQ ($100 in chips) 
Seat 3: jeffy27dt1 ($101.50 in chips) 
Seat 4: Pippa83 ($129.85 in chips) 
Seat 5: Fogati ($82.59 in chips) 
Seat 6: DL1B ($113.50 in chips) 
Fogati: posts small blind $0.50
DL1B: posts big blind $1
*** HOLE CARDS ***
CashfishT: folds 
ChuckNorrisQ: folds 
jeffy27dt1: folds 
Pippa83: raises $1.50 to $2.50
Fogati: folds 
DL1B: calls $1.50
*** FLOP *** [Qs 4h 8c]
DL1B: checks 
Pippa83: bets $1.72
DL1B: raises $5.03 to $6.75
Pippa83: folds 
Uncalled bet ($5.03) returned to DL1B
DL1B collected $8.49 from pot
DL1B: doesn't show hand 
*** SUMMARY ***
Total pot $8.94 | Rake $0.45 
Board [Qs 4h 8c]
Seat 1: CashfishT folded before Flop (didn't bet)
Seat 2: ChuckNorrisQ folded before Flop (didn't bet)
Seat 3: jeffy27dt1 folded before Flop (didn't bet)
Seat 4: Pippa83 (button) folded on the Flop
Seat 5: Fogati (small blind) folded before Flop
Seat 6: DL1B (big blind) collected ($8.49)



PokerStars Hand #254591723415:  Hold'em No Limit ($0.50/$1.00 USD) - 2025/01/28 10:08:32 WET [2025/01/28 5:08:32 ET]
Table 'Jubilatrix IV' 6-max Seat #5 is the button
Seat 1: CashfishT ($136.88 in chips) 
Seat 2: ChuckNorrisQ ($100 in chips) 
Seat 3: jeffy27dt1 ($101.50 in chips) 
Seat 4: Pippa83 ($125.63 in chips) 
Seat 5: Fogati ($82.09 in chips) 
Seat 6: DL1B ($117.77 in chips) 
DL1B: posts small blind $0.50
CashfishT: posts big blind $1
*** HOLE CARDS ***
ChuckNorrisQ: raises $1 to $2
jeffy27dt1: folds 
Pippa83: folds 
Fogati: folds 
DL1B: folds 
CashfishT: calls $1
*** FLOP *** [Qd As 9h]
CashfishT: checks 
ChuckNorrisQ: bets $1.41
CashfishT: calls $1.41
*** TURN *** [Qd As 9h] [6d]
CashfishT: checks 
ChuckNorrisQ: bets $10.43
CashfishT: calls $10.43
*** RIVER *** [Qd As 9h 6d] [4d]
CashfishT: checks 
ChuckNorrisQ: bets $40.16
CashfishT: folds 
Uncalled bet ($40.16) returned to ChuckNorrisQ
ChuckNorrisQ collected $26.77 from pot
ChuckNorrisQ: doesn't show hand 
*** SUMMARY ***
Total pot $28.18 | Rake $1.41 
Board [Qd As 9h 6d 4d]
Seat 1: CashfishT (big blind) folded on the River
Seat 2: ChuckNorrisQ collected ($26.77)
Seat 3: jeffy27dt1 folded before Flop (didn't bet)
Seat 4: Pippa83 folded before Flop (didn't bet)
Seat 5: Fogati (button) folded before Flop (didn't bet)
Seat 6: DL1B (small blind) folded before Flop



PokerStars Hand #254591726568:  Hold'em No Limit ($0.50/$1.00 USD) - 2025/01/28 10:10:03 WET [2025/01/28 5:10:03 ET]
Table 'Jubilatrix IV' 6-max Seat #6 is the button
Seat 1: CashfishT ($123.04 in chips) 
Seat 2: ChuckNorrisQ ($112.93 in chips) 
Seat 3: jeffy27dt1 ($101.50 in chips) 
Seat 4: Pippa83 ($125.63 in chips) 
Seat 5: Fogati ($82.09 in chips) 
Seat 6: DL1B ($117.27 in chips) 
CashfishT: posts small blind $0.50
ChuckNorrisQ: posts big blind $1
*** HOLE CARDS ***
jeffy27dt1: folds 
Pippa83: folds 
Fogati: folds 
DL1B: folds 
CashfishT: raises $2 to $3
ChuckNorrisQ: calls $2
*** FLOP *** [2h 9c Th]
CashfishT: checks 
ChuckNorrisQ: bets $4.28
CashfishT: folds 
Uncalled bet ($4.28) returned to ChuckNorrisQ
ChuckNorrisQ collected $5.70 from pot
ChuckNorrisQ: doesn't show hand 
*** SUMMARY ***
Total pot $6 | Rake $0.30 
Board [2h 9c Th]
Seat 1: CashfishT (small blind) folded on the Flop
Seat 2: ChuckNorrisQ (big blind) collected ($5.70)
Seat 3: jeffy27dt1 folded before Flop (didn't bet)
Seat 4: Pippa83 folded before Flop (didn't bet)
Seat 5: Fogati folded before Flop (didn't bet)
Seat 6: DL1B (button) folded before Flop (didn't bet)



