PokerStars Hand #254589859718:  Hold'em No Limit ($0.50/$1.00 USD) - 2025/01/28 3:36:36 WET [2025/01/27 22:36:36 ET]
Table 'Oongaq IV' 6-max Seat #2 is the button
Seat 1: OB10 ($201.29 in chips) 
Seat 2: 50CandyJoe ($132.90 in chips) 
Seat 3: CashfishT ($100 in chips) 
Seat 4: uuzka ($106.48 in chips) 
Seat 5: Xenicide ($109.78 in chips) 
Seat 6: joaquin612 ($117.34 in chips) 
CashfishT: posts small blind $0.50
uuzka: posts big blind $1
*** HOLE CARDS ***
Xenicide: folds 
joaquin612: folds 
OB10: raises $2 to $3
50CandyJoe: calls $3
CashfishT: folds 
uuzka: folds 
*** FLOP *** [2c 5h 5s]
OB10: checks 
50CandyJoe: bets $4.70
OB10: folds 
Uncalled bet ($4.70) returned to 50CandyJoe
50CandyJoe collected $7.12 from pot
50CandyJoe: doesn't show hand 
*** SUMMARY ***
Total pot $7.50 | Rake $0.38 
Board [2c 5h 5s]
Seat 1: OB10 folded on the Flop
Seat 2: 50CandyJoe (button) collected ($7.12)
Seat 3: CashfishT (small blind) folded before Flop
Seat 4: uuzka (big blind) folded before Flop
Seat 5: Xenicide folded before Flop (didn't bet)
Seat 6: joaquin612 folded before Flop (didn't bet)



PokerStars Hand #254589864195:  Hold'em No Limit ($0.50/$1.00 USD) - 2025/01/28 3:37:15 WET [2025/01/27 22:37:15 ET]
Table 'Oongaq IV' 6-max Seat #3 is the button
Seat 1: OB10 ($198.29 in chips) 
Seat 2: 50CandyJoe ($137.02 in chips) 
Seat 3: CashfishT ($100 in chips) 
Seat 4: uuzka ($105.48 in chips) 
Seat 5: Xenicide ($109.78 in chips) 
Seat 6: joaquin612 ($117.34 in chips) 
uuzka: posts small blind $0.50
Xenicide: posts big blind $1
*** HOLE CARDS ***
joaquin612: folds 
OB10: folds 
50CandyJoe: folds 
CashfishT: raises $1.20 to $2.20
uuzka: raises $8.98 to $11.18
Xenicide: folds 
CashfishT: folds 
Uncalled bet ($8.98) returned to uuzka
uuzka collected $5.40 from pot
uuzka: doesn't show hand 
*** SUMMARY ***
Total pot $5.40 | Rake $0 
Seat 1: OB10 folded before Flop (didn't bet)
Seat 2: 50CandyJoe folded before Flop (didn't bet)
Seat 3: CashfishT (button) folded before Flop
Seat 4: uuzka (small blind) collected ($5.40)
Seat 5: Xenicide (big blind) folded before Flop
Seat 6: joaquin612 folded before Flop (didn't bet)



PokerStars Hand #254589867056:  Hold'em No Limit ($0.50/$1.00 USD) - 2025/01/28 3:37:40 WET [2025/01/27 22:37:40 ET]
Table 'Oongaq IV' 6-max Seat #4 is the button
Seat 1: OB10 ($198.29 in chips) 
Seat 2: 50CandyJoe ($137.02 in chips) 
Seat 3: CashfishT ($100 in chips) 
Seat 4: uuzka ($108.68 in chips) 
Seat 5: Xenicide ($108.78 in chips) 
Seat 6: joaquin612 ($117.34 in chips) 
Xenicide: posts small blind $0.50
joaquin612: posts big blind $1
*** HOLE CARDS ***
OB10: raises $2 to $3
50CandyJoe: folds 
CashfishT: raises $6 to $9
uuzka: folds 
Xenicide: folds 
joaquin612: folds 
OB10: calls $6
*** FLOP *** [Ts 5c 9s]
OB10: checks 
CashfishT: bets $9.50
OB10: calls $9.50
*** TURN *** [Ts 5c 9s] [3d]
OB10: checks 
CashfishT: bets $28
OB10: calls $28
*** RIVER *** [Ts 5c 9s 3d] [Qs]
OB10: bets $92
CashfishT: calls $53.50 and is all-in
Uncalled bet ($38.50) returned to OB10
*** SHOW DOWN ***
OB10: shows [Ks Tc] (a pair of Tens)
CashfishT: shows [9h 9d] (three of a kind, Nines)
CashfishT collected $199 from pot
*** SUMMARY ***
Total pot $201.50 | Rake $2.50 
Board [Ts 5c 9s 3d Qs]
Seat 1: OB10 showed [Ks Tc] and lost with a pair of Tens
Seat 2: 50CandyJoe folded before Flop (didn't bet)
Seat 3: CashfishT showed [9h 9d] and won ($199) with three of a kind, Nines
Seat 4: uuzka (button) folded before Flop (didn't bet)
Seat 5: Xenicide (small blind) folded before Flop
Seat 6: joaquin612 (big blind) folded before Flop



PokerStars Hand #254589878990:  Hold'em No Limit ($0.50/$1.00 USD) - 2025/01/28 3:39:26 WET [2025/01/27 22:39:26 ET]
Table 'Oongaq IV' 6-max Seat #5 is the button
Seat 1: OB10 ($98.29 in chips) 
Seat 2: 50CandyJoe ($137.02 in chips) 
Seat 3: CashfishT ($199 in chips) 
Seat 4: uuzka ($108.68 in chips) 
Seat 5: Xenicide ($108.28 in chips) 
Seat 6: joaquin612 ($116.34 in chips) 
joaquin612: posts small blind $0.50
OB10: posts big blind $1
*** HOLE CARDS ***
50CandyJoe: folds 
CashfishT: folds 
uuzka: folds 
Xenicide: folds 
joaquin612: folds 
Uncalled bet ($0.50) returned to OB10
OB10 collected $1 from pot
OB10: doesn't show hand 
*** SUMMARY ***
Total pot $1 | Rake $0 
Seat 1: OB10 (big blind) collected ($1)
Seat 2: 50CandyJoe folded before Flop (didn't bet)
Seat 3: CashfishT folded before Flop (didn't bet)
Seat 4: uuzka folded before Flop (didn't bet)
Seat 5: Xenicide (button) folded before Flop (didn't bet)
Seat 6: joaquin612 (small blind) folded before Flop



PokerStars Hand #254589882265:  Hold'em No Limit ($0.50/$1.00 USD) - 2025/01/28 3:39:55 WET [2025/01/27 22:39:55 ET]
Table 'Oongaq IV' 6-max Seat #6 is the button
Seat 1: OB10 ($98.79 in chips) 
Seat 2: 50CandyJoe ($137.02 in chips) 
Seat 3: CashfishT ($199 in chips) 
Seat 4: uuzka ($108.68 in chips) 
Seat 5: Xenicide ($108.28 in chips) 
Seat 6: joaquin612 ($115.84 in chips) 
OB10: posts small blind $0.50
50CandyJoe: posts big blind $1
*** HOLE CARDS ***
CashfishT: folds 
uuzka: folds 
Xenicide: folds 
joaquin612: folds 
OB10: raises $2 to $3
50CandyJoe: calls $2
*** FLOP *** [Qs 2c Ac]
OB10: checks 
50CandyJoe: checks 
*** TURN *** [Qs 2c Ac] [5d]
OB10: checks 
50CandyJoe: checks 
*** RIVER *** [Qs 2c Ac 5d] [Qc]
OB10: checks 
50CandyJoe: checks 
*** SHOW DOWN ***
OB10: shows [Jc Th] (a pair of Queens)
50CandyJoe: shows [9d 2d] (two pair, Queens and Deuces)
50CandyJoe collected $5.70 from pot
*** SUMMARY ***
Total pot $6 | Rake $0.30 
Board [Qs 2c Ac 5d Qc]
Seat 1: OB10 (small blind) showed [Jc Th] and lost with a pair of Queens
Seat 2: 50CandyJoe (big blind) showed [9d 2d] and won ($5.70) with two pair, Queens and Deuces
Seat 3: CashfishT folded before Flop (didn't bet)
Seat 4: uuzka folded before Flop (didn't bet)
Seat 5: Xenicide folded before Flop (didn't bet)
Seat 6: joaquin612 (button) folded before Flop (didn't bet)



PokerStars Hand #254589886831:  Hold'em No Limit ($0.50/$1.00 USD) - 2025/01/28 3:40:35 WET [2025/01/27 22:40:35 ET]
Table 'Oongaq IV' 6-max Seat #1 is the button
Seat 1: OB10 ($95.79 in chips) 
Seat 2: 50CandyJoe ($139.72 in chips) 
Seat 3: CashfishT ($199 in chips) 
Seat 4: uuzka ($108.68 in chips) 
Seat 5: Xenicide ($108.28 in chips) 
Seat 6: joaquin612 ($115.84 in chips) 
50CandyJoe: posts small blind $0.50
CashfishT: posts big blind $1
*** HOLE CARDS ***
uuzka: folds 
Xenicide: raises $1 to $2
joaquin612: raises $4.50 to $6.50
OB10: folds 
50CandyJoe: folds 
CashfishT: folds 
Xenicide: folds 
Uncalled bet ($4.50) returned to joaquin612
joaquin612 collected $5.50 from pot
joaquin612: doesn't show hand 
*** SUMMARY ***
Total pot $5.50 | Rake $0 
Seat 1: OB10 (button) folded before Flop (didn't bet)
Seat 2: 50CandyJoe (small blind) folded before Flop
Seat 3: CashfishT (big blind) folded before Flop
Seat 4: uuzka folded before Flop (didn't bet)
Seat 5: Xenicide folded before Flop
Seat 6: joaquin612 collected ($5.50)



PokerStars Hand #254589890860:  Hold'em No Limit ($0.50/$1.00 USD) - 2025/01/28 3:41:11 WET [2025/01/27 22:41:11 ET]
Table 'Oongaq IV' 6-max Seat #2 is the button
Seat 1: OB10 ($95.79 in chips) 
Seat 2: 50CandyJoe ($139.22 in chips) 
Seat 3: CashfishT ($198 in chips) 
Seat 4: uuzka ($108.68 in chips) 
Seat 5: Xenicide ($106.28 in chips) 
Seat 6: joaquin612 ($119.34 in chips) 
CashfishT: posts small blind $0.50
uuzka: posts big blind $1
*** HOLE CARDS ***
Xenicide: folds 
joaquin612: folds 
OB10: folds 
50CandyJoe: raises $1.50 to $2.50
CashfishT: folds 
uuzka: folds 
Uncalled bet ($1.50) returned to 50CandyJoe
50CandyJoe collected $2.50 from pot
50CandyJoe: doesn't show hand 
*** SUMMARY ***
Total pot $2.50 | Rake $0 
Seat 1: OB10 folded before Flop (didn't bet)
Seat 2: 50CandyJoe (button) collected ($2.50)
Seat 3: CashfishT (small blind) folded before Flop
Seat 4: uuzka (big blind) folded before Flop
Seat 5: Xenicide folded before Flop (didn't bet)
Seat 6: joaquin612 folded before Flop (didn't bet)



PokerStars Hand #254589892684:  Hold'em No Limit ($0.50/$1.00 USD) - 2025/01/28 3:41:27 WET [2025/01/27 22:41:27 ET]
Table 'Oongaq IV' 6-max Seat #3 is the button
Seat 1: OB10 ($95.79 in chips) 
Seat 2: 50CandyJoe ($140.72 in chips) 
Seat 3: CashfishT ($197.50 in chips) 
Seat 4: uuzka ($107.68 in chips) 
Seat 5: Xenicide ($106.28 in chips) 
Seat 6: joaquin612 ($119.34 in chips) 
uuzka: posts small blind $0.50
Xenicide: posts big blind $1
*** HOLE CARDS ***
joaquin612: folds 
OB10: raises $2 to $3
50CandyJoe: folds 
CashfishT: folds 
uuzka: folds 
Xenicide: folds 
Uncalled bet ($2) returned to OB10
OB10 collected $2.50 from pot
OB10: doesn't show hand 
*** SUMMARY ***
Total pot $2.50 | Rake $0 
Seat 1: OB10 collected ($2.50)
Seat 2: 50CandyJoe folded before Flop (didn't bet)
Seat 3: CashfishT (button) folded before Flop (didn't bet)
Seat 4: uuzka (small blind) folded before Flop
Seat 5: Xenicide (big blind) folded before Flop
Seat 6: joaquin612 folded before Flop (didn't bet)



PokerStars Hand #254589894341:  Hold'em No Limit ($0.50/$1.00 USD) - 2025/01/28 3:41:42 WET [2025/01/27 22:41:42 ET]
Table 'Oongaq IV' 6-max Seat #4 is the button
Seat 6: joaquin612 ($119.34 in chips) is sitting out
Seat 1: OB10 ($97.29 in chips) 
Seat 2: 50CandyJoe ($140.72 in chips) 
Seat 3: CashfishT ($197.50 in chips) 
Seat 4: uuzka ($107.18 in chips) 
Seat 5: Xenicide ($105.28 in chips) 
Xenicide: posts small blind $0.50
joaquin612: is sitting out 
OB10: posts big blind $1
*** HOLE CARDS ***
50CandyJoe: folds 
joaquin612 leaves the table
CashfishT: folds 
uuzka: raises $1.50 to $2.50
Xenicide: folds 
OB10: calls $1.50
*** FLOP *** [Jc 7h 5h]
OB10: checks 
uuzka: checks 
*** TURN *** [Jc 7h 5h] [Kh]
OB10: checks 
uuzka: bets $3.48
OB10: calls $3.48
*** RIVER *** [Jc 7h 5h Kh] [Th]
OB10: checks 
uuzka: checks 
*** SHOW DOWN ***
OB10: shows [Ac 5s] (a pair of Fives)
uuzka: shows [Ks 6s] (a pair of Kings)
uuzka collected $11.84 from pot
*** SUMMARY ***
Total pot $12.46 | Rake $0.62 
Board [Jc 7h 5h Kh Th]
Seat 6: joaquin612
Seat 1: OB10 (big blind) showed [Ac 5s] and lost with a pair of Fives
Seat 2: 50CandyJoe folded before Flop (didn't bet)
Seat 3: CashfishT folded before Flop (didn't bet)
Seat 4: uuzka (button) showed [Ks 6s] and won ($11.84) with a pair of Kings
Seat 5: Xenicide (small blind) folded before Flop



PokerStars Hand #254589898505:  Hold'em No Limit ($0.50/$1.00 USD) - 2025/01/28 3:42:18 WET [2025/01/27 22:42:18 ET]
Table 'Oongaq IV' 6-max Seat #5 is the button
Seat 1: OB10 ($91.31 in chips) 
Seat 2: 50CandyJoe ($140.72 in chips) 
Seat 3: CashfishT ($197.50 in chips) 
Seat 4: uuzka ($113.04 in chips) 
Seat 5: Xenicide ($104.78 in chips) 
OB10: posts small blind $0.50
50CandyJoe: posts big blind $1
*** HOLE CARDS ***
CashfishT: folds 
Burlica2013 joins the table at seat #6 
uuzka: folds 
Xenicide: folds 
OB10: folds 
Uncalled bet ($0.50) returned to 50CandyJoe
50CandyJoe collected $1 from pot
50CandyJoe: doesn't show hand 
*** SUMMARY ***
Total pot $1 | Rake $0 
Seat 1: OB10 (small blind) folded before Flop
Seat 2: 50CandyJoe (big blind) collected ($1)
Seat 3: CashfishT folded before Flop (didn't bet)
Seat 4: uuzka folded before Flop (didn't bet)
Seat 5: Xenicide (button) folded before Flop (didn't bet)



PokerStars Hand #254589901586:  Hold'em No Limit ($0.50/$1.00 USD) - 2025/01/28 3:42:46 WET [2025/01/27 22:42:46 ET]
Table 'Oongaq IV' 6-max Seat #1 is the button
Seat 6: Burlica2013 ($100 in chips) is sitting out
Seat 1: OB10 ($90.81 in chips) 
Seat 2: 50CandyJoe ($141.22 in chips) 
Seat 3: CashfishT ($197.50 in chips) 
Seat 4: uuzka ($113.04 in chips) 
Seat 5: Xenicide ($104.78 in chips) 
50CandyJoe: posts small blind $0.50
CashfishT: posts big blind $1
Burlica2013: sits out 
*** HOLE CARDS ***
uuzka: raises $1.20 to $2.20
Xenicide: folds 
OB10: raises $5.90 to $8.10
50CandyJoe: folds 
CashfishT: folds 
uuzka: calls $5.90
*** FLOP *** [6s 7c 6c]
uuzka: checks 
OB10: bets $10
uuzka: calls $10
*** TURN *** [6s 7c 6c] [Th]
uuzka: checks 
OB10: checks 
*** RIVER *** [6s 7c 6c Th] [2h]
uuzka: checks 
OB10: checks 
*** SHOW DOWN ***
uuzka: shows [Tc Ts] (a full house, Tens full of Sixes)
OB10: mucks hand 
uuzka collected $35.82 from pot
*** SUMMARY ***
Total pot $37.70 | Rake $1.88 
Board [6s 7c 6c Th 2h]
Seat 6: Burlica2013
Seat 1: OB10 (button) mucked
Seat 2: 50CandyJoe (small blind) folded before Flop
Seat 3: CashfishT (big blind) folded before Flop
Seat 4: uuzka showed [Tc Ts] and won ($35.82) with a full house, Tens full of Sixes
Seat 5: Xenicide folded before Flop (didn't bet)



PokerStars Hand #254589909061:  Hold'em No Limit ($0.50/$1.00 USD) - 2025/01/28 3:43:53 WET [2025/01/27 22:43:53 ET]
Table 'Oongaq IV' 6-max Seat #2 is the button
Seat 6: Burlica2013 ($100 in chips) is sitting out
Seat 1: OB10 ($72.71 in chips) 
Seat 2: 50CandyJoe ($140.72 in chips) 
Seat 3: CashfishT ($196.50 in chips) 
Seat 4: uuzka ($130.76 in chips) 
Seat 5: Xenicide ($104.78 in chips) 
CashfishT: posts small blind $0.50
uuzka: posts big blind $1
Burlica2013: sits out 
*** HOLE CARDS ***
Xenicide: folds 
OB10: raises $2.50 to $3.50
50CandyJoe: folds 
CashfishT: calls $3
uuzka: folds 
*** FLOP *** [2h Ad 3d]
CashfishT: checks 
OB10: bets $7.60
CashfishT: calls $7.60
*** TURN *** [2h Ad 3d] [5d]
CashfishT: checks 
OB10: bets $22.04
CashfishT: calls $22.04
*** RIVER *** [2h Ad 3d 5d] [7c]
CashfishT: checks 
OB10: bets $39.57 and is all-in
CashfishT: calls $39.57
*** SHOW DOWN ***
OB10: shows [Jd Kd] (a flush, Ace high)
CashfishT: shows [4c 4h] (a straight, Ace to Five)
OB10 collected $143.92 from pot
*** SUMMARY ***
Total pot $146.42 | Rake $2.50 
Board [2h Ad 3d 5d 7c]
Seat 6: Burlica2013
Seat 1: OB10 showed [Jd Kd] and won ($143.92) with a flush, Ace high
Seat 2: 50CandyJoe (button) folded before Flop (didn't bet)
Seat 3: CashfishT (small blind) showed [4c 4h] and lost with a straight, Ace to Five
Seat 4: uuzka (big blind) folded before Flop
Seat 5: Xenicide folded before Flop (didn't bet)



PokerStars Hand #254589916259:  Hold'em No Limit ($0.50/$1.00 USD) - 2025/01/28 3:44:58 WET [2025/01/27 22:44:58 ET]
Table 'Oongaq IV' 6-max Seat #3 is the button
Seat 6: Burlica2013 ($100 in chips) is sitting out
Seat 1: OB10 ($143.92 in chips) 
Seat 2: 50CandyJoe ($140.72 in chips) 
Seat 3: CashfishT ($123.79 in chips) 
Seat 4: uuzka ($129.76 in chips) 
Seat 5: Xenicide ($104.78 in chips) 
uuzka: posts small blind $0.50
Xenicide: posts big blind $1
Burlica2013: sits out 
*** HOLE CARDS ***
OB10: raises $2 to $3
50CandyJoe: folds 
CashfishT: folds 
uuzka: folds 
Xenicide: raises $7.50 to $10.50
OB10: calls $7.50
*** FLOP *** [Ts 4d Kd]
Xenicide: checks 
OB10: checks 
*** TURN *** [Ts 4d Kd] [Kc]
Xenicide: bets $25.53
Burlica2013 leaves the table
OB10: folds 
Uncalled bet ($25.53) returned to Xenicide
Xenicide collected $20.42 from pot
*** SUMMARY ***
Total pot $21.50 | Rake $1.08 
Board [Ts 4d Kd Kc]
Seat 6: Burlica2013
Seat 1: OB10 folded on the Turn
Seat 2: 50CandyJoe folded before Flop (didn't bet)
Seat 3: CashfishT (button) folded before Flop (didn't bet)
Seat 4: uuzka (small blind) folded before Flop
Seat 5: Xenicide (big blind) collected ($20.42)



PokerStars Hand #254589921737:  Hold'em No Limit ($0.50/$1.00 USD) - 2025/01/28 3:45:48 WET [2025/01/27 22:45:48 ET]
Table 'Oongaq IV' 6-max Seat #4 is the button
Seat 1: OB10 ($133.42 in chips) 
Seat 2: 50CandyJoe ($140.72 in chips) 
Seat 3: CashfishT ($123.79 in chips) 
Seat 4: uuzka ($129.26 in chips) 
Seat 5: Xenicide ($114.70 in chips) 
Xenicide: posts small blind $0.50
OB10: posts big blind $1
*** HOLE CARDS ***
50CandyJoe: raises $1.20 to $2.20
CashfishT: folds 
uuzka: folds 
Xenicide: folds 
OB10: calls $1.20
*** FLOP *** [3s 6d 8h]
OB10: checks 
50CandyJoe: bets $3.49
OB10: calls $3.49
*** TURN *** [3s 6d 8h] [8c]
OB10: checks 
50CandyJoe: bets $5.65
OB10: calls $5.65
*** RIVER *** [3s 6d 8h 8c] [6s]
OB10: checks 
50CandyJoe: checks 
*** SHOW DOWN ***
OB10: shows [Jd 8s] (a full house, Eights full of Sixes)
50CandyJoe: mucks hand 
OB10 collected $22.02 from pot
*** SUMMARY ***
Total pot $23.18 | Rake $1.16 
Board [3s 6d 8h 8c 6s]
Seat 1: OB10 (big blind) showed [Jd 8s] and won ($22.02) with a full house, Eights full of Sixes
Seat 2: 50CandyJoe mucked
Seat 3: CashfishT folded before Flop (didn't bet)
Seat 4: uuzka (button) folded before Flop (didn't bet)
Seat 5: Xenicide (small blind) folded before Flop



PokerStars Hand #254589926278:  Hold'em No Limit ($0.50/$1.00 USD) - 2025/01/28 3:46:29 WET [2025/01/27 22:46:29 ET]
Table 'Oongaq IV' 6-max Seat #5 is the button
Seat 1: OB10 ($144.10 in chips) 
Seat 2: 50CandyJoe ($129.38 in chips) 
Seat 3: CashfishT ($123.79 in chips) 
Seat 4: uuzka ($129.26 in chips) 
Seat 5: Xenicide ($114.20 in chips) 
OB10: posts small blind $0.50
50CandyJoe: posts big blind $1
*** HOLE CARDS ***
CashfishT: raises $1.20 to $2.20
uuzka: raises $4.90 to $7.10
Xenicide: folds 
OB10: folds 
50CandyJoe: folds 
CashfishT: calls $4.90
*** FLOP *** [2s 7d 7c]
CashfishT: checks 
uuzka: bets $7.33
CashfishT: raises $7.33 to $14.66
uuzka: raises $9.83 to $24.49
CashfishT: calls $9.83
*** TURN *** [2s 7d 7c] [Kc]
CashfishT: checks 
uuzka: bets $13.92
CashfishT: folds 
Uncalled bet ($13.92) returned to uuzka
uuzka collected $62.18 from pot
uuzka: doesn't show hand 
*** SUMMARY ***
Total pot $64.68 | Rake $2.50 
Board [2s 7d 7c Kc]
Seat 1: OB10 (small blind) folded before Flop
Seat 2: 50CandyJoe (big blind) folded before Flop
Seat 3: CashfishT folded on the Turn
Seat 4: uuzka collected ($62.18)
Seat 5: Xenicide (button) folded before Flop (didn't bet)



PokerStars Hand #254589938999:  Hold'em No Limit ($0.50/$1.00 USD) - 2025/01/28 3:48:24 WET [2025/01/27 22:48:24 ET]
Table 'Oongaq IV' 6-max Seat #1 is the button
Seat 1: OB10 ($143.60 in chips) 
Seat 2: 50CandyJoe ($128.38 in chips) 
Seat 3: CashfishT ($100 in chips) 
Seat 4: uuzka ($159.85 in chips) 
Seat 5: Xenicide ($114.20 in chips) 
50CandyJoe: posts small blind $0.50
CashfishT: posts big blind $1
*** HOLE CARDS ***
uuzka: folds 
Xenicide: folds 
OB10: raises $2 to $3
Melenya joins the table at seat #6 
50CandyJoe: folds 
CashfishT: folds 
Uncalled bet ($2) returned to OB10
OB10 collected $2.50 from pot
OB10: doesn't show hand 
*** SUMMARY ***
Total pot $2.50 | Rake $0 
Seat 1: OB10 (button) collected ($2.50)
Seat 2: 50CandyJoe (small blind) folded before Flop
Seat 3: CashfishT (big blind) folded before Flop
Seat 4: uuzka folded before Flop (didn't bet)
Seat 5: Xenicide folded before Flop (didn't bet)



PokerStars Hand #254589941351:  Hold'em No Limit ($0.50/$1.00 USD) - 2025/01/28 3:48:46 WET [2025/01/27 22:48:46 ET]
Table 'Oongaq IV' 6-max Seat #2 is the button
Seat 6: Melenya ($100 in chips) is sitting out
Seat 1: OB10 ($145.10 in chips) 
Seat 2: 50CandyJoe ($127.88 in chips) 
Seat 3: CashfishT ($100 in chips) 
Seat 4: uuzka ($159.85 in chips) 
Seat 5: Xenicide ($114.20 in chips) 
CashfishT: posts small blind $0.50
uuzka: posts big blind $1
Melenya: sits out 
*** HOLE CARDS ***
Xenicide: folds 
OB10: raises $2 to $3
50CandyJoe: folds 
CashfishT: folds 
uuzka: calls $2
*** FLOP *** [9d 5d 6h]
uuzka: checks 
OB10: bets $5
uuzka: raises $10 to $15
OB10: calls $10
*** TURN *** [9d 5d 6h] [As]
uuzka: checks 
OB10: bets $17.34
uuzka: calls $17.34
*** RIVER *** [9d 5d 6h As] [3h]
uuzka: checks 
OB10: bets $38
uuzka: calls $38
*** SHOW DOWN ***
OB10: shows [8s Ts] (high card Ace)
uuzka: shows [Td Ad] (a pair of Aces)
uuzka collected $144.68 from pot
*** SUMMARY ***
Total pot $147.18 | Rake $2.50 
Board [9d 5d 6h As 3h]
Seat 6: Melenya
Seat 1: OB10 showed [8s Ts] and lost with high card Ace
Seat 2: 50CandyJoe (button) folded before Flop (didn't bet)
Seat 3: CashfishT (small blind) folded before Flop
Seat 4: uuzka (big blind) showed [Td Ad] and won ($144.68) with a pair of Aces
Seat 5: Xenicide folded before Flop (didn't bet)



PokerStars Hand #254589948705:  Hold'em No Limit ($0.50/$1.00 USD) - 2025/01/28 3:49:55 WET [2025/01/27 22:49:55 ET]
Table 'Oongaq IV' 6-max Seat #3 is the button
Seat 6: Melenya ($100 in chips) is sitting out
Seat 1: OB10 ($71.76 in chips) 
Seat 2: 50CandyJoe ($127.88 in chips) 
Seat 3: CashfishT ($100 in chips) 
Seat 4: uuzka ($231.19 in chips) 
Seat 5: Xenicide ($114.20 in chips) 
uuzka: posts small blind $0.50
Xenicide: posts big blind $1
Melenya: sits out 
*** HOLE CARDS ***
OB10: folds 
50CandyJoe: folds 
CashfishT: raises $1.20 to $2.20
uuzka: folds 
Xenicide: folds 
Uncalled bet ($1.20) returned to CashfishT
CashfishT collected $2.50 from pot
CashfishT: doesn't show hand 
*** SUMMARY ***
Total pot $2.50 | Rake $0 
Seat 6: Melenya
Seat 1: OB10 folded before Flop (didn't bet)
Seat 2: 50CandyJoe folded before Flop (didn't bet)
Seat 3: CashfishT (button) collected ($2.50)
Seat 4: uuzka (small blind) folded before Flop
Seat 5: Xenicide (big blind) folded before Flop



PokerStars Hand #254589950741:  Hold'em No Limit ($0.50/$1.00 USD) - 2025/01/28 3:50:15 WET [2025/01/27 22:50:15 ET]
Table 'Oongaq IV' 6-max Seat #4 is the button
Seat 1: OB10 ($71.76 in chips) 
Seat 2: 50CandyJoe ($127.88 in chips) 
Seat 3: CashfishT ($101.50 in chips) 
Seat 4: uuzka ($230.69 in chips) 
Seat 5: Xenicide ($113.20 in chips) 
Seat 6: Melenya ($100 in chips) 
Xenicide: posts small blind $0.50
Melenya: posts big blind $1
*** HOLE CARDS ***
OB10: raises $2.50 to $3.50
50CandyJoe: folds 
CashfishT: folds 
uuzka: folds 
Xenicide: folds 
Melenya: folds 
Uncalled bet ($2.50) returned to OB10
OB10 collected $2.50 from pot
OB10: doesn't show hand 
*** SUMMARY ***
Total pot $2.50 | Rake $0 
Seat 1: OB10 collected ($2.50)
Seat 2: 50CandyJoe folded before Flop (didn't bet)
Seat 3: CashfishT folded before Flop (didn't bet)
Seat 4: uuzka (button) folded before Flop (didn't bet)
Seat 5: Xenicide (small blind) folded before Flop
Seat 6: Melenya (big blind) folded before Flop



PokerStars Hand #254589955083:  Hold'em No Limit ($0.50/$1.00 USD) - 2025/01/28 3:50:55 WET [2025/01/27 22:50:55 ET]
Table 'Oongaq IV' 6-max Seat #5 is the button
Seat 1: OB10 ($73.26 in chips) 
Seat 2: 50CandyJoe ($127.88 in chips) 
Seat 3: CashfishT ($101.50 in chips) 
Seat 4: uuzka ($230.69 in chips) 
Seat 5: Xenicide ($112.70 in chips) 
Seat 6: Melenya ($100 in chips) 
Melenya: posts small blind $0.50
OB10: posts big blind $1
*** HOLE CARDS ***
50CandyJoe: folds 
CashfishT: folds 
uuzka: folds 
Xenicide: folds 
Melenya: raises $2 to $3
OB10: calls $2
*** FLOP *** [Qh Ks 3c]
Melenya: checks 
OB10: bets $2.85
Melenya: folds 
Uncalled bet ($2.85) returned to OB10
OB10 collected $5.70 from pot
OB10: doesn't show hand 
*** SUMMARY ***
Total pot $6 | Rake $0.30 
Board [Qh Ks 3c]
Seat 1: OB10 (big blind) collected ($5.70)
Seat 2: 50CandyJoe folded before Flop (didn't bet)
Seat 3: CashfishT folded before Flop (didn't bet)
Seat 4: uuzka folded before Flop (didn't bet)
Seat 5: Xenicide (button) folded before Flop (didn't bet)
Seat 6: Melenya (small blind) folded on the Flop



PokerStars Hand #254589957894:  Hold'em No Limit ($0.50/$1.00 USD) - 2025/01/28 3:51:21 WET [2025/01/27 22:51:21 ET]
Table 'Oongaq IV' 6-max Seat #6 is the button
Seat 1: OB10 ($75.96 in chips) 
Seat 2: 50CandyJoe ($127.88 in chips) 
Seat 3: CashfishT ($101.50 in chips) 
Seat 4: uuzka ($230.69 in chips) 
Seat 5: Xenicide ($112.70 in chips) 
Seat 6: Melenya ($100 in chips) 
OB10: posts small blind $0.50
50CandyJoe: posts big blind $1
*** HOLE CARDS ***
CashfishT: folds 
uuzka: folds 
Xenicide: folds 
Melenya: raises $1.50 to $2.50
OB10: folds 
50CandyJoe: calls $1.50
*** FLOP *** [Jd 3s 5s]
50CandyJoe: checks 
Melenya: bets $1.74
50CandyJoe: calls $1.74
*** TURN *** [Jd 3s 5s] [3c]
50CandyJoe: bets $2.81
Melenya: calls $2.81
*** RIVER *** [Jd 3s 5s 3c] [6h]
50CandyJoe: checks 
Melenya: checks 
*** SHOW DOWN ***
50CandyJoe: shows [As 9d] (a pair of Threes)
Melenya: shows [6s 9s] (two pair, Sixes and Threes)
Melenya collected $13.87 from pot
*** SUMMARY ***
Total pot $14.60 | Rake $0.73 
Board [Jd 3s 5s 3c 6h]
Seat 1: OB10 (small blind) folded before Flop
Seat 2: 50CandyJoe (big blind) showed [As 9d] and lost with a pair of Threes
Seat 3: CashfishT folded before Flop (didn't bet)
Seat 4: uuzka folded before Flop (didn't bet)
Seat 5: Xenicide folded before Flop (didn't bet)
Seat 6: Melenya (button) showed [6s 9s] and won ($13.87) with two pair, Sixes and Threes



PokerStars Hand #254589963400:  Hold'em No Limit ($0.50/$1.00 USD) - 2025/01/28 3:52:12 WET [2025/01/27 22:52:12 ET]
Table 'Oongaq IV' 6-max Seat #1 is the button
Seat 1: OB10 ($75.46 in chips) 
Seat 2: 50CandyJoe ($120.83 in chips) 
Seat 3: CashfishT ($101.50 in chips) 
Seat 4: uuzka ($230.69 in chips) 
Seat 5: Xenicide ($112.70 in chips) 
Seat 6: Melenya ($106.82 in chips) 
50CandyJoe: posts small blind $0.50
CashfishT: posts big blind $1
*** HOLE CARDS ***
uuzka: folds 
Xenicide: folds 
Melenya: folds 
OB10: raises $2 to $3
50CandyJoe: folds 
CashfishT: raises $9 to $12
OB10: calls $9
*** FLOP *** [Qh Ac Jd]
CashfishT: bets $8
OB10: calls $8
*** TURN *** [Qh Ac Jd] [8d]
CashfishT: bets $81.50 and is all-in
OB10: calls $55.46 and is all-in
Uncalled bet ($26.04) returned to CashfishT
*** FIRST RIVER *** [Qh Ac Jd 8d] [3c]
*** SECOND RIVER *** [Qh Ac Jd 8d] [Jh]
*** FIRST SHOW DOWN ***
CashfishT: shows [As Js] (two pair, Aces and Jacks)
OB10: shows [9s Td] (a straight, Eight to Queen)
OB10 collected $74.46 from pot
*** SECOND SHOW DOWN ***
CashfishT: shows [As Js] (a full house, Jacks full of Aces)
OB10: shows [9s Td] (a straight, Eight to Queen)
CashfishT collected $74.46 from pot
*** SUMMARY ***
Total pot $151.42 | Rake $2.50 
Hand was run twice
FIRST Board [Qh Ac Jd 8d 3c]
SECOND Board [Qh Ac Jd 8d Jh]
Seat 1: OB10 (button) showed [9s Td] and won ($74.46) with a straight, Eight to Queen, and lost with a straight, Eight to Queen
Seat 2: 50CandyJoe (small blind) folded before Flop
Seat 3: CashfishT (big blind) showed [As Js] and lost with two pair, Aces and Jacks, and won ($74.46) with a full house, Jacks full of Aces
Seat 4: uuzka folded before Flop (didn't bet)
Seat 5: Xenicide folded before Flop (didn't bet)
Seat 6: Melenya folded before Flop (didn't bet)



PokerStars Hand #254589970816:  Hold'em No Limit ($0.50/$1.00 USD) - 2025/01/28 3:53:20 WET [2025/01/27 22:53:20 ET]
Table 'Oongaq IV' 6-max Seat #2 is the button
Seat 1: OB10 ($74.46 in chips) 
Seat 2: 50CandyJoe ($120.33 in chips) 
Seat 3: CashfishT ($100.50 in chips) 
Seat 4: uuzka ($230.69 in chips) 
Seat 5: Xenicide ($112.70 in chips) 
Seat 6: Melenya ($106.82 in chips) 
CashfishT: posts small blind $0.50
uuzka: posts big blind $1
*** HOLE CARDS ***
Xenicide: folds 
Melenya: raises $1 to $2
OB10: folds 
50CandyJoe: folds 
CashfishT: folds 
uuzka: calls $1
*** FLOP *** [Jc 5s Th]
uuzka: checks 
Melenya: bets $3.21
uuzka: calls $3.21
*** TURN *** [Jc 5s Th] [8d]
uuzka: checks 
Melenya: checks 
*** RIVER *** [Jc 5s Th 8d] [Ac]
uuzka: checks 
Melenya: checks 
*** SHOW DOWN ***
uuzka: shows [Qc Jh] (a pair of Jacks)
Melenya: shows [Kh Jd] (a pair of Jacks - Ace+King kicker)
Melenya collected $10.37 from pot
*** SUMMARY ***
Total pot $10.92 | Rake $0.55 
Board [Jc 5s Th 8d Ac]
Seat 1: OB10 folded before Flop (didn't bet)
Seat 2: 50CandyJoe (button) folded before Flop (didn't bet)
Seat 3: CashfishT (small blind) folded before Flop
Seat 4: uuzka (big blind) showed [Qc Jh] and lost with a pair of Jacks
Seat 5: Xenicide folded before Flop (didn't bet)
Seat 6: Melenya showed [Kh Jd] and won ($10.37) with a pair of Jacks



PokerStars Hand #254589977449:  Hold'em No Limit ($0.50/$1.00 USD) - 2025/01/28 3:54:22 WET [2025/01/27 22:54:22 ET]
Table 'Oongaq IV' 6-max Seat #3 is the button
Seat 1: OB10 ($74.46 in chips) 
Seat 2: 50CandyJoe ($120.33 in chips) 
Seat 3: CashfishT ($100 in chips) 
Seat 4: uuzka ($225.48 in chips) 
Seat 5: Xenicide ($112.70 in chips) 
Seat 6: Melenya ($111.98 in chips) 
uuzka: posts small blind $0.50
Xenicide: posts big blind $1
*** HOLE CARDS ***
Melenya: folds 
OB10: folds 
50CandyJoe: raises $1.20 to $2.20
CashfishT: folds 
uuzka: folds 
Xenicide: folds 
Uncalled bet ($1.20) returned to 50CandyJoe
50CandyJoe collected $2.50 from pot
50CandyJoe: doesn't show hand 
*** SUMMARY ***
Total pot $2.50 | Rake $0 
Seat 1: OB10 folded before Flop (didn't bet)
Seat 2: 50CandyJoe collected ($2.50)
Seat 3: CashfishT (button) folded before Flop (didn't bet)
Seat 4: uuzka (small blind) folded before Flop
Seat 5: Xenicide (big blind) folded before Flop
Seat 6: Melenya folded before Flop (didn't bet)



PokerStars Hand #254589979661:  Hold'em No Limit ($0.50/$1.00 USD) - 2025/01/28 3:54:42 WET [2025/01/27 22:54:42 ET]
Table 'Oongaq IV' 6-max Seat #4 is the button
Seat 1: OB10 ($74.46 in chips) 
Seat 2: 50CandyJoe ($121.83 in chips) 
Seat 3: CashfishT ($100 in chips) 
Seat 4: uuzka ($224.98 in chips) 
Seat 5: Xenicide ($111.70 in chips) 
Seat 6: Melenya ($111.98 in chips) 
Xenicide: posts small blind $0.50
Melenya: posts big blind $1
*** HOLE CARDS ***
OB10: folds 
50CandyJoe: folds 
CashfishT: folds 
uuzka: folds 
Xenicide: folds 
Uncalled bet ($0.50) returned to Melenya
Melenya collected $1 from pot
Melenya: doesn't show hand 
*** SUMMARY ***
Total pot $1 | Rake $0 
Seat 1: OB10 folded before Flop (didn't bet)
Seat 2: 50CandyJoe folded before Flop (didn't bet)
Seat 3: CashfishT folded before Flop (didn't bet)
Seat 4: uuzka (button) folded before Flop (didn't bet)
Seat 5: Xenicide (small blind) folded before Flop
Seat 6: Melenya (big blind) collected ($1)



PokerStars Hand #254589980868:  Hold'em No Limit ($0.50/$1.00 USD) - 2025/01/28 3:54:53 WET [2025/01/27 22:54:53 ET]
Table 'Oongaq IV' 6-max Seat #5 is the button
Seat 1: OB10 ($74.46 in chips) 
Seat 2: 50CandyJoe ($121.83 in chips) 
Seat 3: CashfishT ($100 in chips) 
Seat 4: uuzka ($224.98 in chips) 
Seat 5: Xenicide ($111.20 in chips) 
Seat 6: Melenya ($112.48 in chips) 
Melenya: posts small blind $0.50
OB10: posts big blind $1
*** HOLE CARDS ***
50CandyJoe: folds 
CashfishT: folds 
uuzka: folds 
Xenicide: folds 
Melenya: folds 
Uncalled bet ($0.50) returned to OB10
OB10 collected $1 from pot
OB10: doesn't show hand 
*** SUMMARY ***
Total pot $1 | Rake $0 
Seat 1: OB10 (big blind) collected ($1)
Seat 2: 50CandyJoe folded before Flop (didn't bet)
Seat 3: CashfishT folded before Flop (didn't bet)
Seat 4: uuzka folded before Flop (didn't bet)
Seat 5: Xenicide (button) folded before Flop (didn't bet)
Seat 6: Melenya (small blind) folded before Flop



PokerStars Hand #254589982813:  Hold'em No Limit ($0.50/$1.00 USD) - 2025/01/28 3:55:13 WET [2025/01/27 22:55:13 ET]
Table 'Oongaq IV' 6-max Seat #6 is the button
Seat 1: OB10 ($74.96 in chips) 
Seat 2: 50CandyJoe ($121.83 in chips) 
Seat 3: CashfishT ($100 in chips) 
Seat 4: uuzka ($224.98 in chips) 
Seat 5: Xenicide ($111.20 in chips) 
Seat 6: Melenya ($111.98 in chips) 
OB10: posts small blind $0.50
50CandyJoe: posts big blind $1
*** HOLE CARDS ***
CashfishT: folds 
uuzka: raises $1.20 to $2.20
Xenicide: folds 
Melenya: folds 
OB10: folds 
50CandyJoe: folds 
Uncalled bet ($1.20) returned to uuzka
uuzka collected $2.50 from pot
uuzka: doesn't show hand 
*** SUMMARY ***
Total pot $2.50 | Rake $0 
Seat 1: OB10 (small blind) folded before Flop
Seat 2: 50CandyJoe (big blind) folded before Flop
Seat 3: CashfishT folded before Flop (didn't bet)
Seat 4: uuzka collected ($2.50)
Seat 5: Xenicide folded before Flop (didn't bet)
Seat 6: Melenya (button) folded before Flop (didn't bet)



PokerStars Hand #254589984493:  Hold'em No Limit ($0.50/$1.00 USD) - 2025/01/28 3:55:31 WET [2025/01/27 22:55:31 ET]
Table 'Oongaq IV' 6-max Seat #1 is the button
Seat 1: OB10 ($74.46 in chips) 
Seat 2: 50CandyJoe ($120.83 in chips) 
Seat 3: CashfishT ($100 in chips) 
Seat 4: uuzka ($226.48 in chips) 
Seat 5: Xenicide ($111.20 in chips) 
Seat 6: Melenya ($111.98 in chips) 
50CandyJoe: posts small blind $0.50
CashfishT: posts big blind $1
*** HOLE CARDS ***
uuzka: folds 
Xenicide: folds 
Melenya: raises $1.30 to $2.30
OB10: calls $2.30
50CandyJoe: folds 
CashfishT: folds 
*** FLOP *** [8d Jc Ad]
Melenya: bets $4.35
OB10: folds 
Uncalled bet ($4.35) returned to Melenya
Melenya collected $5.80 from pot
Melenya: doesn't show hand 
*** SUMMARY ***
Total pot $6.10 | Rake $0.30 
Board [8d Jc Ad]
Seat 1: OB10 (button) folded on the Flop
Seat 2: 50CandyJoe (small blind) folded before Flop
Seat 3: CashfishT (big blind) folded before Flop
Seat 4: uuzka folded before Flop (didn't bet)
Seat 5: Xenicide folded before Flop (didn't bet)
Seat 6: Melenya collected ($5.80)



PokerStars Hand #254589988209:  Hold'em No Limit ($0.50/$1.00 USD) - 2025/01/28 3:56:13 WET [2025/01/27 22:56:13 ET]
Table 'Oongaq IV' 6-max Seat #2 is the button
Seat 1: OB10 ($72.16 in chips) 
Seat 2: 50CandyJoe ($120.33 in chips) 
Seat 3: CashfishT ($100 in chips) 
Seat 4: uuzka ($226.48 in chips) 
Seat 5: Xenicide ($111.20 in chips) 
Seat 6: Melenya ($115.48 in chips) 
CashfishT: posts small blind $0.50
uuzka: posts big blind $1
*** HOLE CARDS ***
Xenicide: folds 
Melenya: folds 
OB10: raises $2 to $3
50CandyJoe: folds 
CashfishT: folds 
uuzka: folds 
Uncalled bet ($2) returned to OB10
OB10 collected $2.50 from pot
OB10: doesn't show hand 
*** SUMMARY ***
Total pot $2.50 | Rake $0 
Seat 1: OB10 collected ($2.50)
Seat 2: 50CandyJoe (button) folded before Flop (didn't bet)
Seat 3: CashfishT (small blind) folded before Flop
Seat 4: uuzka (big blind) folded before Flop
Seat 5: Xenicide folded before Flop (didn't bet)
Seat 6: Melenya folded before Flop (didn't bet)



PokerStars Hand #254589989821:  Hold'em No Limit ($0.50/$1.00 USD) - 2025/01/28 3:56:31 WET [2025/01/27 22:56:31 ET]
Table 'Oongaq IV' 6-max Seat #3 is the button
Seat 1: OB10 ($73.66 in chips) 
Seat 2: 50CandyJoe ($120.33 in chips) 
Seat 3: CashfishT ($100 in chips) 
Seat 4: uuzka ($225.48 in chips) 
Seat 5: Xenicide ($111.20 in chips) 
Seat 6: Melenya ($115.48 in chips) 
uuzka: posts small blind $0.50
Xenicide: posts big blind $1
*** HOLE CARDS ***
Melenya: folds 
OB10: folds 
50CandyJoe: folds 
CashfishT: folds 
uuzka: raises $1.77 to $2.77
Xenicide: folds 
Uncalled bet ($1.77) returned to uuzka
uuzka collected $2 from pot
uuzka: doesn't show hand 
*** SUMMARY ***
Total pot $2 | Rake $0 
Seat 1: OB10 folded before Flop (didn't bet)
Seat 2: 50CandyJoe folded before Flop (didn't bet)
Seat 3: CashfishT (button) folded before Flop (didn't bet)
Seat 4: uuzka (small blind) collected ($2)
Seat 5: Xenicide (big blind) folded before Flop
Seat 6: Melenya folded before Flop (didn't bet)



PokerStars Hand #254589991307:  Hold'em No Limit ($0.50/$1.00 USD) - 2025/01/28 3:56:48 WET [2025/01/27 22:56:48 ET]
Table 'Oongaq IV' 6-max Seat #4 is the button
Seat 1: OB10 ($73.66 in chips) 
Seat 2: 50CandyJoe ($120.33 in chips) 
Seat 3: CashfishT ($100 in chips) 
Seat 4: uuzka ($226.48 in chips) 
Seat 5: Xenicide ($110.20 in chips) 
Seat 6: Melenya ($115.48 in chips) 
Xenicide: posts small blind $0.50
Melenya: posts big blind $1
*** HOLE CARDS ***
OB10: raises $2.50 to $3.50
50CandyJoe: folds 
CashfishT: raises $5.50 to $9
uuzka: folds 
Xenicide: folds 
Melenya: folds 
OB10: calls $5.50
*** FLOP *** [Td 3d 2d]
OB10: checks 
CashfishT: bets $4.63
OB10: raises $27.78 to $32.41
CashfishT: folds 
Uncalled bet ($27.78) returned to OB10
OB10 collected $27.32 from pot
OB10: doesn't show hand 
*** SUMMARY ***
Total pot $28.76 | Rake $1.44 
Board [Td 3d 2d]
Seat 1: OB10 collected ($27.32)
Seat 2: 50CandyJoe folded before Flop (didn't bet)
Seat 3: CashfishT folded on the Flop
Seat 4: uuzka (button) folded before Flop (didn't bet)
Seat 5: Xenicide (small blind) folded before Flop
Seat 6: Melenya (big blind) folded before Flop



PokerStars Hand #254589995065:  Hold'em No Limit ($0.50/$1.00 USD) - 2025/01/28 3:57:30 WET [2025/01/27 22:57:30 ET]
Table 'Oongaq IV' 6-max Seat #5 is the button
Seat 1: OB10 ($87.35 in chips) 
Seat 2: 50CandyJoe ($120.33 in chips) 
Seat 3: CashfishT ($100 in chips) 
Seat 4: uuzka ($226.48 in chips) 
Seat 5: Xenicide ($109.70 in chips) 
Seat 6: Melenya ($114.48 in chips) 
Melenya: posts small blind $0.50
OB10: posts big blind $1
*** HOLE CARDS ***
50CandyJoe: folds 
CashfishT: folds 
uuzka: raises $1.50 to $2.50
Xenicide: folds 
Melenya: raises $9.50 to $12
OB10: folds 
uuzka: folds 
Uncalled bet ($9.50) returned to Melenya
Melenya collected $6 from pot
Melenya: doesn't show hand 
*** SUMMARY ***
Total pot $6 | Rake $0 
Seat 1: OB10 (big blind) folded before Flop
Seat 2: 50CandyJoe folded before Flop (didn't bet)
Seat 3: CashfishT folded before Flop (didn't bet)
Seat 4: uuzka folded before Flop
Seat 5: Xenicide (button) folded before Flop (didn't bet)
Seat 6: Melenya (small blind) collected ($6)



PokerStars Hand #254589996916:  Hold'em No Limit ($0.50/$1.00 USD) - 2025/01/28 3:57:52 WET [2025/01/27 22:57:52 ET]
Table 'Oongaq IV' 6-max Seat #6 is the button
Seat 1: OB10 ($86.35 in chips) 
Seat 2: 50CandyJoe ($120.33 in chips) 
Seat 3: CashfishT ($100 in chips) 
Seat 4: uuzka ($223.98 in chips) 
Seat 5: Xenicide ($109.70 in chips) 
Seat 6: Melenya ($117.98 in chips) 
OB10: posts small blind $0.50
50CandyJoe: posts big blind $1
*** HOLE CARDS ***
CashfishT: folds 
uuzka: folds 
Xenicide: raises $1 to $2
Melenya: folds 
OB10: calls $1.50
50CandyJoe: calls $1
*** FLOP *** [Qc 7s Kh]
OB10: checks 
50CandyJoe: checks 
Xenicide: bets $2.85
OB10: folds 
50CandyJoe: calls $2.85
*** TURN *** [Qc 7s Kh] [3d]
50CandyJoe: checks 
Xenicide: bets $16.68
50CandyJoe: folds 
Uncalled bet ($16.68) returned to Xenicide
Xenicide collected $11.12 from pot
*** SUMMARY ***
Total pot $11.70 | Rake $0.58 
Board [Qc 7s Kh 3d]
Seat 1: OB10 (small blind) folded on the Flop
Seat 2: 50CandyJoe (big blind) folded on the Turn
Seat 3: CashfishT folded before Flop (didn't bet)
Seat 4: uuzka folded before Flop (didn't bet)
Seat 5: Xenicide collected ($11.12)
Seat 6: Melenya (button) folded before Flop (didn't bet)



PokerStars Hand #254590008355:  Hold'em No Limit ($0.50/$1.00 USD) - 2025/01/28 4:00:03 WET [2025/01/27 23:00:03 ET]
Table 'Oongaq IV' 6-max Seat #1 is the button
Seat 1: OB10 ($84.35 in chips) 
Seat 2: 50CandyJoe ($115.48 in chips) 
Seat 3: CashfishT ($100 in chips) 
Seat 4: uuzka ($223.98 in chips) 
Seat 5: Xenicide ($115.97 in chips) 
Seat 6: Melenya ($117.98 in chips) 
50CandyJoe: posts small blind $0.50
CashfishT: posts big blind $1
*** HOLE CARDS ***
uuzka: folds 
Xenicide: folds 
Melenya: folds 
OB10 has timed out
OB10: folds 
50CandyJoe: folds 
Uncalled bet ($0.50) returned to CashfishT
CashfishT collected $1 from pot
CashfishT: doesn't show hand 
*** SUMMARY ***
Total pot $1 | Rake $0 
Seat 1: OB10 (button) folded before Flop (didn't bet)
Seat 2: 50CandyJoe (small blind) folded before Flop
Seat 3: CashfishT (big blind) collected ($1)
Seat 4: uuzka folded before Flop (didn't bet)
Seat 5: Xenicide folded before Flop (didn't bet)
Seat 6: Melenya folded before Flop (didn't bet)



PokerStars Hand #254590010355:  Hold'em No Limit ($0.50/$1.00 USD) - 2025/01/28 4:00:25 WET [2025/01/27 23:00:25 ET]
Table 'Oongaq IV' 6-max Seat #2 is the button
Seat 1: OB10 ($84.35 in chips) is sitting out
Seat 2: 50CandyJoe ($114.98 in chips) 
Seat 3: CashfishT ($100.50 in chips) 
Seat 4: uuzka ($223.98 in chips) 
Seat 5: Xenicide ($115.97 in chips) 
Seat 6: Melenya ($117.98 in chips) 
CashfishT: posts small blind $0.50
uuzka: posts big blind $1
*** HOLE CARDS ***
Xenicide: folds 
Melenya: folds 
50CandyJoe: raises $1.50 to $2.50
CashfishT: folds 
uuzka: folds 
Uncalled bet ($1.50) returned to 50CandyJoe
50CandyJoe collected $2.50 from pot
50CandyJoe: doesn't show hand 
*** SUMMARY ***
Total pot $2.50 | Rake $0 
Seat 1: OB10
Seat 2: 50CandyJoe (button) collected ($2.50)
Seat 3: CashfishT (small blind) folded before Flop
Seat 4: uuzka (big blind) folded before Flop
Seat 5: Xenicide folded before Flop (didn't bet)
Seat 6: Melenya folded before Flop (didn't bet)



PokerStars Hand #254590012159:  Hold'em No Limit ($0.50/$1.00 USD) - 2025/01/28 4:00:44 WET [2025/01/27 23:00:44 ET]
Table 'Oongaq IV' 6-max Seat #3 is the button
Seat 1: OB10 ($84.35 in chips) 
Seat 2: 50CandyJoe ($116.48 in chips) 
Seat 3: CashfishT ($100 in chips) 
Seat 4: uuzka ($222.98 in chips) 
Seat 5: Xenicide ($115.97 in chips) 
Seat 6: Melenya ($117.98 in chips) 
uuzka: posts small blind $0.50
Xenicide: posts big blind $1
*** HOLE CARDS ***
Melenya: folds 
OB10: folds 
50CandyJoe: folds 
CashfishT: raises $1.20 to $2.20
uuzka: folds 
Xenicide: folds 
Uncalled bet ($1.20) returned to CashfishT
CashfishT collected $2.50 from pot
CashfishT: doesn't show hand 
*** SUMMARY ***
Total pot $2.50 | Rake $0 
Seat 1: OB10 folded before Flop (didn't bet)
Seat 2: 50CandyJoe folded before Flop (didn't bet)
Seat 3: CashfishT (button) collected ($2.50)
Seat 4: uuzka (small blind) folded before Flop
Seat 5: Xenicide (big blind) folded before Flop
Seat 6: Melenya folded before Flop (didn't bet)



PokerStars Hand #254590013895:  Hold'em No Limit ($0.50/$1.00 USD) - 2025/01/28 4:01:01 WET [2025/01/27 23:01:01 ET]
Table 'Oongaq IV' 6-max Seat #4 is the button
Seat 1: OB10 ($84.35 in chips) 
Seat 2: 50CandyJoe ($116.48 in chips) 
Seat 3: CashfishT ($101.50 in chips) 
Seat 4: uuzka ($222.48 in chips) 
Seat 5: Xenicide ($114.97 in chips) 
Seat 6: Melenya ($117.98 in chips) 
Xenicide: posts small blind $0.50
Melenya: posts big blind $1
*** HOLE CARDS ***
OB10: raises $2 to $3
50CandyJoe: folds 
CashfishT: raises $5 to $8
uuzka: folds 
Xenicide: folds 
Melenya: folds 
OB10: raises $17.50 to $25.50
CashfishT: folds 
Uncalled bet ($17.50) returned to OB10
OB10 collected $17.50 from pot
OB10: doesn't show hand 
*** SUMMARY ***
Total pot $17.50 | Rake $0 
Seat 1: OB10 collected ($17.50)
Seat 2: 50CandyJoe folded before Flop (didn't bet)
Seat 3: CashfishT folded before Flop
Seat 4: uuzka (button) folded before Flop (didn't bet)
Seat 5: Xenicide (small blind) folded before Flop
Seat 6: Melenya (big blind) folded before Flop



PokerStars Hand #254590016676:  Hold'em No Limit ($0.50/$1.00 USD) - 2025/01/28 4:01:29 WET [2025/01/27 23:01:29 ET]
Table 'Oongaq IV' 6-max Seat #5 is the button
Seat 1: OB10 ($93.85 in chips) 
Seat 2: 50CandyJoe ($116.48 in chips) 
Seat 3: CashfishT ($100 in chips) 
Seat 4: uuzka ($222.48 in chips) 
Seat 5: Xenicide ($114.47 in chips) 
Seat 6: Melenya ($116.98 in chips) 
Melenya: posts small blind $0.50
OB10: posts big blind $1
*** HOLE CARDS ***
50CandyJoe: raises $1.20 to $2.20
CashfishT: folds 
uuzka: folds 
Xenicide: folds 
Melenya: folds 
OB10: calls $1.20
*** FLOP *** [Ac 6s 3d]
OB10: checks 
50CandyJoe: bets $1.17
OB10: folds 
Uncalled bet ($1.17) returned to 50CandyJoe
50CandyJoe collected $4.66 from pot
50CandyJoe: doesn't show hand 
*** SUMMARY ***
Total pot $4.90 | Rake $0.24 
Board [Ac 6s 3d]
Seat 1: OB10 (big blind) folded on the Flop
Seat 2: 50CandyJoe collected ($4.66)
Seat 3: CashfishT folded before Flop (didn't bet)
Seat 4: uuzka folded before Flop (didn't bet)
Seat 5: Xenicide (button) folded before Flop (didn't bet)
Seat 6: Melenya (small blind) folded before Flop



PokerStars Hand #254590019899:  Hold'em No Limit ($0.50/$1.00 USD) - 2025/01/28 4:02:01 WET [2025/01/27 23:02:01 ET]
Table 'Oongaq IV' 6-max Seat #6 is the button
Seat 1: OB10 ($91.65 in chips) 
Seat 2: 50CandyJoe ($118.94 in chips) 
Seat 3: CashfishT ($100 in chips) 
Seat 4: uuzka ($222.48 in chips) 
Seat 5: Xenicide ($114.47 in chips) 
Seat 6: Melenya ($116.48 in chips) 
OB10: posts small blind $0.50
50CandyJoe: posts big blind $1
*** HOLE CARDS ***
CashfishT: folds 
uuzka: folds 
Xenicide: folds 
Melenya: folds 
OB10: raises $2 to $3
50CandyJoe: calls $2
*** FLOP *** [Ks 2s As]
OB10: checks 
50CandyJoe: checks 
*** TURN *** [Ks 2s As] [8c]
OB10: checks 
50CandyJoe: checks 
*** RIVER *** [Ks 2s As 8c] [9s]
OB10: checks 
50CandyJoe: checks 
*** SHOW DOWN ***
OB10: shows [Th 7h] (high card Ace)
50CandyJoe: shows [6d 6c] (a pair of Sixes)
50CandyJoe collected $5.70 from pot
*** SUMMARY ***
Total pot $6 | Rake $0.30 
Board [Ks 2s As 8c 9s]
Seat 1: OB10 (small blind) showed [Th 7h] and lost with high card Ace
Seat 2: 50CandyJoe (big blind) showed [6d 6c] and won ($5.70) with a pair of Sixes
Seat 3: CashfishT folded before Flop (didn't bet)
Seat 4: uuzka folded before Flop (didn't bet)
Seat 5: Xenicide folded before Flop (didn't bet)
Seat 6: Melenya (button) folded before Flop (didn't bet)



PokerStars Hand #254590026363:  Hold'em No Limit ($0.50/$1.00 USD) - 2025/01/28 4:03:04 WET [2025/01/27 23:03:04 ET]
Table 'Oongaq IV' 6-max Seat #1 is the button
Seat 1: OB10 ($88.65 in chips) 
Seat 2: 50CandyJoe ($121.64 in chips) 
Seat 3: CashfishT ($100 in chips) 
Seat 4: uuzka ($222.48 in chips) 
Seat 5: Xenicide ($114.47 in chips) 
Seat 6: Melenya ($116.48 in chips) 
50CandyJoe: posts small blind $0.50
CashfishT: posts big blind $1
*** HOLE CARDS ***
uuzka: folds 
Xenicide: raises $1 to $2
Melenya: folds 
OB10: raises $5.50 to $7.50
50CandyJoe: folds 
CashfishT: folds 
Xenicide: folds 
Uncalled bet ($5.50) returned to OB10
OB10 collected $5.50 from pot
OB10: doesn't show hand 
*** SUMMARY ***
Total pot $5.50 | Rake $0 
Seat 1: OB10 (button) collected ($5.50)
Seat 2: 50CandyJoe (small blind) folded before Flop
Seat 3: CashfishT (big blind) folded before Flop
Seat 4: uuzka folded before Flop (didn't bet)
Seat 5: Xenicide folded before Flop
Seat 6: Melenya folded before Flop (didn't bet)



PokerStars Hand #254590029792:  Hold'em No Limit ($0.50/$1.00 USD) - 2025/01/28 4:03:39 WET [2025/01/27 23:03:39 ET]
Table 'Oongaq IV' 6-max Seat #2 is the button
Seat 1: OB10 ($92.15 in chips) 
Seat 2: 50CandyJoe ($121.14 in chips) 
Seat 3: CashfishT ($100 in chips) 
Seat 4: uuzka ($222.48 in chips) 
Seat 5: Xenicide ($112.47 in chips) 
Seat 6: Melenya ($116.48 in chips) 
CashfishT: posts small blind $0.50
uuzka: posts big blind $1
*** HOLE CARDS ***
Xenicide: folds 
Melenya: folds 
OB10: folds 
50CandyJoe: folds 
CashfishT: folds 
Uncalled bet ($0.50) returned to uuzka
uuzka collected $1 from pot
uuzka: doesn't show hand 
*** SUMMARY ***
Total pot $1 | Rake $0 
Seat 1: OB10 folded before Flop (didn't bet)
Seat 2: 50CandyJoe (button) folded before Flop (didn't bet)
Seat 3: CashfishT (small blind) folded before Flop
Seat 4: uuzka (big blind) collected ($1)
Seat 5: Xenicide folded before Flop (didn't bet)
Seat 6: Melenya folded before Flop (didn't bet)



PokerStars Hand #254590031895:  Hold'em No Limit ($0.50/$1.00 USD) - 2025/01/28 4:04:00 WET [2025/01/27 23:04:00 ET]
Table 'Oongaq IV' 6-max Seat #3 is the button
Seat 1: OB10 ($92.15 in chips) 
Seat 2: 50CandyJoe ($121.14 in chips) 
Seat 3: CashfishT ($100 in chips) 
Seat 4: uuzka ($222.98 in chips) 
Seat 5: Xenicide ($112.47 in chips) 
Seat 6: Melenya ($116.48 in chips) 
uuzka: posts small blind $0.50
Xenicide: posts big blind $1
*** HOLE CARDS ***
Melenya: folds 
OB10: raises $1 to $2
50CandyJoe: folds 
CashfishT: folds 
uuzka: folds 
Xenicide: folds 
Uncalled bet ($1) returned to OB10
OB10 collected $2.50 from pot
OB10: doesn't show hand 
*** SUMMARY ***
Total pot $2.50 | Rake $0 
Seat 1: OB10 collected ($2.50)
Seat 2: 50CandyJoe folded before Flop (didn't bet)
Seat 3: CashfishT (button) folded before Flop (didn't bet)
Seat 4: uuzka (small blind) folded before Flop
Seat 5: Xenicide (big blind) folded before Flop
Seat 6: Melenya folded before Flop (didn't bet)



PokerStars Hand #254590034074:  Hold'em No Limit ($0.50/$1.00 USD) - 2025/01/28 4:04:21 WET [2025/01/27 23:04:21 ET]
Table 'Oongaq IV' 6-max Seat #4 is the button
Seat 1: OB10 ($93.65 in chips) 
Seat 2: 50CandyJoe ($121.14 in chips) 
Seat 3: CashfishT ($100 in chips) 
Seat 4: uuzka ($222.48 in chips) 
Seat 5: Xenicide ($111.47 in chips) 
Seat 6: Melenya ($116.48 in chips) 
Xenicide: posts small blind $0.50
Melenya: posts big blind $1
*** HOLE CARDS ***
OB10: raises $2 to $3
50CandyJoe: folds 
CashfishT: folds 
uuzka: folds 
Xenicide: folds 
Melenya: folds 
Uncalled bet ($2) returned to OB10
OB10 collected $2.50 from pot
OB10: doesn't show hand 
*** SUMMARY ***
Total pot $2.50 | Rake $0 
Seat 1: OB10 collected ($2.50)
Seat 2: 50CandyJoe folded before Flop (didn't bet)
Seat 3: CashfishT folded before Flop (didn't bet)
Seat 4: uuzka (button) folded before Flop (didn't bet)
Seat 5: Xenicide (small blind) folded before Flop
Seat 6: Melenya (big blind) folded before Flop



PokerStars Hand #254590036750:  Hold'em No Limit ($0.50/$1.00 USD) - 2025/01/28 4:04:47 WET [2025/01/27 23:04:47 ET]
Table 'Oongaq IV' 6-max Seat #5 is the button
Seat 1: OB10 ($95.15 in chips) 
Seat 2: 50CandyJoe ($121.14 in chips) 
Seat 3: CashfishT ($100 in chips) 
Seat 4: uuzka ($222.48 in chips) 
Seat 5: Xenicide ($110.97 in chips) 
Seat 6: Melenya ($115.48 in chips) 
Melenya: posts small blind $0.50
OB10: posts big blind $1
*** HOLE CARDS ***
50CandyJoe: folds 
CashfishT: folds 
uuzka: folds 
Xenicide: raises $1.25 to $2.25
Melenya: folds 
OB10: calls $1.25
*** FLOP *** [7d Th 5s]
OB10: checks 
Xenicide: checks 
*** TURN *** [7d Th 5s] [Kh]
OB10: checks 
Xenicide: bets $6.41
OB10: calls $6.41
*** RIVER *** [7d Th 5s Kh] [5h]
OB10: checks 
Xenicide: bets $16.93
OB10: folds 
Uncalled bet ($16.93) returned to Xenicide
Xenicide collected $16.93 from pot
*** SUMMARY ***
Total pot $17.82 | Rake $0.89 
Board [7d Th 5s Kh 5h]
Seat 1: OB10 (big blind) folded on the River
Seat 2: 50CandyJoe folded before Flop (didn't bet)
Seat 3: CashfishT folded before Flop (didn't bet)
Seat 4: uuzka folded before Flop (didn't bet)
Seat 5: Xenicide (button) collected ($16.93)
Seat 6: Melenya (small blind) folded before Flop



PokerStars Hand #254590042988:  Hold'em No Limit ($0.50/$1.00 USD) - 2025/01/28 4:05:49 WET [2025/01/27 23:05:49 ET]
Table 'Oongaq IV' 6-max Seat #6 is the button
Seat 1: OB10 ($86.49 in chips) 
Seat 2: 50CandyJoe ($121.14 in chips) 
Seat 3: CashfishT ($100 in chips) 
Seat 4: uuzka ($222.48 in chips) 
Seat 5: Xenicide ($119.24 in chips) 
Seat 6: Melenya ($114.98 in chips) 
OB10: posts small blind $0.50
50CandyJoe: posts big blind $1
*** HOLE CARDS ***
CashfishT: raises $1.20 to $2.20
uuzka: folds 
Xenicide: folds 
Melenya: folds 
OB10: calls $1.70
50CandyJoe: calls $1.20
*** FLOP *** [6d 9c Qd]
OB10: bets $5
50CandyJoe: calls $5
CashfishT: folds 
*** TURN *** [6d 9c Qd] [5c]
OB10: bets $7.89
50CandyJoe: calls $7.89
*** RIVER *** [6d 9c Qd 5c] [6h]
OB10: bets $15.38
50CandyJoe: calls $15.38
*** SHOW DOWN ***
OB10: shows [Qh 4h] (two pair, Queens and Sixes)
50CandyJoe: shows [Qs 8s] (two pair, Queens and Sixes)
OB10 collected $30.32 from pot
50CandyJoe collected $30.32 from pot
*** SUMMARY ***
Total pot $63.14 | Rake $2.50 
Board [6d 9c Qd 5c 6h]
Seat 1: OB10 (small blind) showed [Qh 4h] and won ($30.32) with two pair, Queens and Sixes
Seat 2: 50CandyJoe (big blind) showed [Qs 8s] and won ($30.32) with two pair, Queens and Sixes
Seat 3: CashfishT folded on the Flop
Seat 4: uuzka folded before Flop (didn't bet)
Seat 5: Xenicide folded before Flop (didn't bet)
Seat 6: Melenya (button) folded before Flop (didn't bet)



PokerStars Hand #254590047040:  Hold'em No Limit ($0.50/$1.00 USD) - 2025/01/28 4:06:30 WET [2025/01/27 23:06:30 ET]
Table 'Oongaq IV' 6-max Seat #1 is the button
Seat 1: OB10 ($86.34 in chips) 
Seat 2: 50CandyJoe ($120.99 in chips) 
Seat 3: CashfishT ($100 in chips) 
Seat 4: uuzka ($222.48 in chips) 
Seat 5: Xenicide ($119.24 in chips) 
Seat 6: Melenya ($114.98 in chips) 
50CandyJoe: posts small blind $0.50
CashfishT: posts big blind $1
*** HOLE CARDS ***
uuzka: folds 
Xenicide: folds 
Melenya: folds 
OB10: raises $2 to $3
50CandyJoe: folds 
CashfishT: calls $2
*** FLOP *** [Td Kh Ah]
CashfishT: checks 
OB10: checks 
*** TURN *** [Td Kh Ah] [7s]
CashfishT: checks 
OB10: checks 
*** RIVER *** [Td Kh Ah 7s] [Ks]
CashfishT: checks 
OB10: checks 
*** SHOW DOWN ***
CashfishT: shows [Qh 8s] (a pair of Kings)
OB10: shows [8c Qd] (a pair of Kings)
CashfishT collected $3.09 from pot
OB10 collected $3.09 from pot
*** SUMMARY ***
Total pot $6.50 | Rake $0.32 
Board [Td Kh Ah 7s Ks]
Seat 1: OB10 (button) showed [8c Qd] and won ($3.09) with a pair of Kings
Seat 2: 50CandyJoe (small blind) folded before Flop
Seat 3: CashfishT (big blind) showed [Qh 8s] and won ($3.09) with a pair of Kings
Seat 4: uuzka folded before Flop (didn't bet)
Seat 5: Xenicide folded before Flop (didn't bet)
Seat 6: Melenya folded before Flop (didn't bet)



PokerStars Hand #254590050345:  Hold'em No Limit ($0.50/$1.00 USD) - 2025/01/28 4:07:04 WET [2025/01/27 23:07:04 ET]
Table 'Oongaq IV' 6-max Seat #2 is the button
Seat 1: OB10 ($86.43 in chips) 
Seat 2: 50CandyJoe ($120.49 in chips) 
Seat 3: CashfishT ($100.09 in chips) 
Seat 4: uuzka ($222.48 in chips) 
Seat 5: Xenicide ($119.24 in chips) 
Seat 6: Melenya ($114.98 in chips) 
CashfishT: posts small blind $0.50
uuzka: posts big blind $1
*** HOLE CARDS ***
Xenicide: folds 
Melenya: folds 
OB10: raises $2.50 to $3.50
50CandyJoe: folds 
CashfishT: calls $3
uuzka: folds 
*** FLOP *** [5c 3h 8d]
CashfishT: checks 
OB10: bets $3.80
CashfishT: calls $3.80
*** TURN *** [5c 3h 8d] [3c]
CashfishT: bets $3.71
OB10: calls $3.71
*** RIVER *** [5c 3h 8d 3c] [9h]
CashfishT: checks 
OB10: checks 
*** SHOW DOWN ***
CashfishT: shows [Ad 2d] (a pair of Threes)
OB10: mucks hand 
CashfishT collected $21.87 from pot
*** SUMMARY ***
Total pot $23.02 | Rake $1.15 
Board [5c 3h 8d 3c 9h]
Seat 1: OB10 mucked
Seat 2: 50CandyJoe (button) folded before Flop (didn't bet)
Seat 3: CashfishT (small blind) showed [Ad 2d] and won ($21.87) with a pair of Threes
Seat 4: uuzka (big blind) folded before Flop
Seat 5: Xenicide folded before Flop (didn't bet)
Seat 6: Melenya folded before Flop (didn't bet)



PokerStars Hand #254590054527:  Hold'em No Limit ($0.50/$1.00 USD) - 2025/01/28 4:07:46 WET [2025/01/27 23:07:46 ET]
Table 'Oongaq IV' 6-max Seat #3 is the button
Seat 1: OB10 ($75.42 in chips) 
Seat 2: 50CandyJoe ($120.49 in chips) 
Seat 3: CashfishT ($110.95 in chips) 
Seat 4: uuzka ($221.48 in chips) 
Seat 5: Xenicide ($119.24 in chips) 
Seat 6: Melenya ($114.98 in chips) 
uuzka: posts small blind $0.50
Xenicide: posts big blind $1
*** HOLE CARDS ***
Melenya: folds 
OB10: folds 
50CandyJoe: folds 
CashfishT: folds 
uuzka: raises $1.77 to $2.77
Xenicide: folds 
Uncalled bet ($1.77) returned to uuzka
uuzka collected $2 from pot
uuzka: doesn't show hand 
*** SUMMARY ***
Total pot $2 | Rake $0 
Seat 1: OB10 folded before Flop (didn't bet)
Seat 2: 50CandyJoe folded before Flop (didn't bet)
Seat 3: CashfishT (button) folded before Flop (didn't bet)
Seat 4: uuzka (small blind) collected ($2)
Seat 5: Xenicide (big blind) folded before Flop
Seat 6: Melenya folded before Flop (didn't bet)



PokerStars Hand #254590056671:  Hold'em No Limit ($0.50/$1.00 USD) - 2025/01/28 4:08:06 WET [2025/01/27 23:08:06 ET]
Table 'Oongaq IV' 6-max Seat #4 is the button
Seat 1: OB10 ($75.42 in chips) 
Seat 2: 50CandyJoe ($120.49 in chips) 
Seat 3: CashfishT ($110.95 in chips) 
Seat 4: uuzka ($222.48 in chips) 
Seat 5: Xenicide ($118.24 in chips) 
Seat 6: Melenya ($114.98 in chips) 
Xenicide: posts small blind $0.50
Melenya: posts big blind $1
*** HOLE CARDS ***
OB10: folds 
50CandyJoe: folds 
CashfishT: folds 
uuzka: raises $1.50 to $2.50
Xenicide: folds 
Melenya: folds 
Uncalled bet ($1.50) returned to uuzka
uuzka collected $2.50 from pot
uuzka: doesn't show hand 
*** SUMMARY ***
Total pot $2.50 | Rake $0 
Seat 1: OB10 folded before Flop (didn't bet)
Seat 2: 50CandyJoe folded before Flop (didn't bet)
Seat 3: CashfishT folded before Flop (didn't bet)
Seat 4: uuzka (button) collected ($2.50)
Seat 5: Xenicide (small blind) folded before Flop
Seat 6: Melenya (big blind) folded before Flop



PokerStars Hand #254590058470:  Hold'em No Limit ($0.50/$1.00 USD) - 2025/01/28 4:08:25 WET [2025/01/27 23:08:25 ET]
Table 'Oongaq IV' 6-max Seat #5 is the button
Seat 1: OB10 ($75.42 in chips) 
Seat 2: 50CandyJoe ($120.49 in chips) 
Seat 3: CashfishT ($110.95 in chips) 
Seat 4: uuzka ($223.98 in chips) 
Seat 5: Xenicide ($117.74 in chips) 
Seat 6: Melenya ($113.98 in chips) 
Melenya: posts small blind $0.50
OB10: posts big blind $1
*** HOLE CARDS ***
50CandyJoe: folds 
CashfishT: folds 
uuzka: folds 
Xenicide: folds 
Melenya: raises $2 to $3
OB10: calls $2
*** FLOP *** [4h 8s Ts]
Melenya: checks 
OB10: checks 
*** TURN *** [4h 8s Ts] [9d]
Melenya: bets $1.71
OB10: folds 
Uncalled bet ($1.71) returned to Melenya
Melenya collected $5.70 from pot
Melenya: doesn't show hand 
*** SUMMARY ***
Total pot $6 | Rake $0.30 
Board [4h 8s Ts 9d]
Seat 1: OB10 (big blind) folded on the Turn
Seat 2: 50CandyJoe folded before Flop (didn't bet)
Seat 3: CashfishT folded before Flop (didn't bet)
Seat 4: uuzka folded before Flop (didn't bet)
Seat 5: Xenicide (button) folded before Flop (didn't bet)
Seat 6: Melenya (small blind) collected ($5.70)



PokerStars Hand #254590064327:  Hold'em No Limit ($0.50/$1.00 USD) - 2025/01/28 4:09:25 WET [2025/01/27 23:09:25 ET]
Table 'Oongaq IV' 6-max Seat #6 is the button
Seat 1: OB10 ($72.42 in chips) 
Seat 2: 50CandyJoe ($120.49 in chips) 
Seat 3: CashfishT ($110.95 in chips) 
Seat 4: uuzka ($223.98 in chips) 
Seat 5: Xenicide ($117.74 in chips) 
Seat 6: Melenya ($116.68 in chips) 
OB10: posts small blind $0.50
50CandyJoe: posts big blind $1
*** HOLE CARDS ***
CashfishT: folds 
uuzka: raises $1.20 to $2.20
Xenicide: folds 
Melenya: folds 
OB10: folds 
50CandyJoe: folds 
Uncalled bet ($1.20) returned to uuzka
uuzka collected $2.50 from pot
uuzka: doesn't show hand 
*** SUMMARY ***
Total pot $2.50 | Rake $0 
Seat 1: OB10 (small blind) folded before Flop
Seat 2: 50CandyJoe (big blind) folded before Flop
Seat 3: CashfishT folded before Flop (didn't bet)
Seat 4: uuzka collected ($2.50)
Seat 5: Xenicide folded before Flop (didn't bet)
Seat 6: Melenya (button) folded before Flop (didn't bet)



PokerStars Hand #254590065955:  Hold'em No Limit ($0.50/$1.00 USD) - 2025/01/28 4:09:42 WET [2025/01/27 23:09:42 ET]
Table 'Oongaq IV' 6-max Seat #1 is the button
Seat 1: OB10 ($71.92 in chips) 
Seat 2: 50CandyJoe ($119.49 in chips) 
Seat 3: CashfishT ($110.95 in chips) 
Seat 4: uuzka ($225.48 in chips) 
Seat 5: Xenicide ($117.74 in chips) 
Seat 6: Melenya ($116.68 in chips) 
50CandyJoe: posts small blind $0.50
CashfishT: posts big blind $1
*** HOLE CARDS ***
uuzka: folds 
Xenicide: folds 
Melenya: folds 
OB10: raises $2 to $3
50CandyJoe: raises $9 to $12
CashfishT: folds 
OB10: calls $9
*** FLOP *** [4s 8d Qc]
50CandyJoe: bets $2.38
OB10: calls $2.38
*** TURN *** [4s 8d Qc] [Ad]
50CandyJoe: checks 
OB10: bets $14.14
50CandyJoe: raises $90.97 to $105.11 and is all-in
OB10: folds 
Uncalled bet ($90.97) returned to 50CandyJoe
50CandyJoe collected $55.54 from pot
50CandyJoe: doesn't show hand 
*** SUMMARY ***
Total pot $58.04 | Rake $2.50 
Board [4s 8d Qc Ad]
Seat 1: OB10 (button) folded on the Turn
Seat 2: 50CandyJoe (small blind) collected ($55.54)
Seat 3: CashfishT (big blind) folded before Flop
Seat 4: uuzka folded before Flop (didn't bet)
Seat 5: Xenicide folded before Flop (didn't bet)
Seat 6: Melenya folded before Flop (didn't bet)



PokerStars Hand #254590070390:  Hold'em No Limit ($0.50/$1.00 USD) - 2025/01/28 4:10:26 WET [2025/01/27 23:10:26 ET]
Table 'Oongaq IV' 6-max Seat #2 is the button
Seat 1: OB10 ($43.40 in chips) 
Seat 2: 50CandyJoe ($146.51 in chips) 
Seat 3: CashfishT ($109.95 in chips) 
Seat 4: uuzka ($225.48 in chips) 
Seat 5: Xenicide ($117.74 in chips) 
Seat 6: Melenya ($116.68 in chips) 
CashfishT: posts small blind $0.50
uuzka: posts big blind $1
*** HOLE CARDS ***
Xenicide: folds 
Melenya: folds 
OB10: raises $2.50 to $3.50
50CandyJoe: folds 
CashfishT: folds 
uuzka: folds 
Uncalled bet ($2.50) returned to OB10
OB10 collected $2.50 from pot
OB10: doesn't show hand 
*** SUMMARY ***
Total pot $2.50 | Rake $0 
Seat 1: OB10 collected ($2.50)
Seat 2: 50CandyJoe (button) folded before Flop (didn't bet)
Seat 3: CashfishT (small blind) folded before Flop
Seat 4: uuzka (big blind) folded before Flop
Seat 5: Xenicide folded before Flop (didn't bet)
Seat 6: Melenya folded before Flop (didn't bet)



PokerStars Hand #254590072542:  Hold'em No Limit ($0.50/$1.00 USD) - 2025/01/28 4:10:48 WET [2025/01/27 23:10:48 ET]
Table 'Oongaq IV' 6-max Seat #3 is the button
Seat 1: OB10 ($44.90 in chips) 
Seat 2: 50CandyJoe ($146.51 in chips) 
Seat 3: CashfishT ($109.45 in chips) 
Seat 4: uuzka ($224.48 in chips) 
Seat 5: Xenicide ($117.74 in chips) 
Seat 6: Melenya ($116.68 in chips) 
uuzka: posts small blind $0.50
Xenicide: posts big blind $1
*** HOLE CARDS ***
Melenya: folds 
OB10: raises $2.50 to $3.50
50CandyJoe: folds 
CashfishT: folds 
uuzka: folds 
Xenicide: folds 
Uncalled bet ($2.50) returned to OB10
OB10 collected $2.50 from pot
OB10: doesn't show hand 
*** SUMMARY ***
Total pot $2.50 | Rake $0 
Seat 1: OB10 collected ($2.50)
Seat 2: 50CandyJoe folded before Flop (didn't bet)
Seat 3: CashfishT (button) folded before Flop (didn't bet)
Seat 4: uuzka (small blind) folded before Flop
Seat 5: Xenicide (big blind) folded before Flop
Seat 6: Melenya folded before Flop (didn't bet)



PokerStars Hand #254590074584:  Hold'em No Limit ($0.50/$1.00 USD) - 2025/01/28 4:11:10 WET [2025/01/27 23:11:10 ET]
Table 'Oongaq IV' 6-max Seat #4 is the button
Seat 1: OB10 ($46.40 in chips) 
Seat 2: 50CandyJoe ($146.51 in chips) 
Seat 3: CashfishT ($109.45 in chips) 
Seat 4: uuzka ($223.98 in chips) 
Seat 5: Xenicide ($116.74 in chips) 
Seat 6: Melenya ($116.68 in chips) 
Xenicide: posts small blind $0.50
Melenya: posts big blind $1
*** HOLE CARDS ***
OB10: raises $2.50 to $3.50
50CandyJoe: folds 
CashfishT: folds 
uuzka: folds 
Xenicide: folds 
Melenya: folds 
Uncalled bet ($2.50) returned to OB10
OB10 collected $2.50 from pot
OB10: doesn't show hand 
*** SUMMARY ***
Total pot $2.50 | Rake $0 
Seat 1: OB10 collected ($2.50)
Seat 2: 50CandyJoe folded before Flop (didn't bet)
Seat 3: CashfishT folded before Flop (didn't bet)
Seat 4: uuzka (button) folded before Flop (didn't bet)
Seat 5: Xenicide (small blind) folded before Flop
Seat 6: Melenya (big blind) folded before Flop



PokerStars Hand #254590076842:  Hold'em No Limit ($0.50/$1.00 USD) - 2025/01/28 4:11:33 WET [2025/01/27 23:11:33 ET]
Table 'Oongaq IV' 6-max Seat #5 is the button
Seat 1: OB10 ($47.90 in chips) 
Seat 2: 50CandyJoe ($146.51 in chips) 
Seat 3: CashfishT ($109.45 in chips) 
Seat 4: uuzka ($223.98 in chips) 
Seat 5: Xenicide ($116.24 in chips) 
Seat 6: Melenya ($115.68 in chips) 
Melenya: posts small blind $0.50
OB10: posts big blind $1
*** HOLE CARDS ***
50CandyJoe: folds 
CashfishT: raises $1.20 to $2.20
uuzka: folds 
Xenicide: folds 
Melenya: folds 
OB10: raises $4.90 to $7.10
CashfishT: calls $4.90
*** FLOP *** [2c 2h Jh]
OB10: bets $7
CashfishT: folds 
Uncalled bet ($7) returned to OB10
OB10 collected $13.96 from pot
OB10: doesn't show hand 
*** SUMMARY ***
Total pot $14.70 | Rake $0.74 
Board [2c 2h Jh]
Seat 1: OB10 (big blind) collected ($13.96)
Seat 2: 50CandyJoe folded before Flop (didn't bet)
Seat 3: CashfishT folded on the Flop
Seat 4: uuzka folded before Flop (didn't bet)
Seat 5: Xenicide (button) folded before Flop (didn't bet)
Seat 6: Melenya (small blind) folded before Flop



PokerStars Hand #254590081926:  Hold'em No Limit ($0.50/$1.00 USD) - 2025/01/28 4:12:25 WET [2025/01/27 23:12:25 ET]
Table 'Oongaq IV' 6-max Seat #6 is the button
Seat 1: OB10 ($54.76 in chips) 
Seat 2: 50CandyJoe ($146.51 in chips) 
Seat 3: CashfishT ($102.35 in chips) 
Seat 4: uuzka ($223.98 in chips) 
Seat 5: Xenicide ($116.24 in chips) 
Seat 6: Melenya ($115.18 in chips) 
OB10: posts small blind $0.50
50CandyJoe: posts big blind $1
*** HOLE CARDS ***
CashfishT: folds 
uuzka: raises $1.20 to $2.20
Xenicide: folds 
Melenya: folds 
OB10: calls $1.70
50CandyJoe: calls $1.20
*** FLOP *** [Qc 4d 7c]
OB10: checks 
50CandyJoe: checks 
uuzka: bets $1.82
OB10: folds 
50CandyJoe: folds 
Uncalled bet ($1.82) returned to uuzka
uuzka collected $6.27 from pot
uuzka: doesn't show hand 
*** SUMMARY ***
Total pot $6.60 | Rake $0.33 
Board [Qc 4d 7c]
Seat 1: OB10 (small blind) folded on the Flop
Seat 2: 50CandyJoe (big blind) folded on the Flop
Seat 3: CashfishT folded before Flop (didn't bet)
Seat 4: uuzka collected ($6.27)
Seat 5: Xenicide folded before Flop (didn't bet)
Seat 6: Melenya (button) folded before Flop (didn't bet)



PokerStars Hand #254590086289:  Hold'em No Limit ($0.50/$1.00 USD) - 2025/01/28 4:13:10 WET [2025/01/27 23:13:10 ET]
Table 'Oongaq IV' 6-max Seat #1 is the button
Seat 1: OB10 ($52.56 in chips) 
Seat 2: 50CandyJoe ($144.31 in chips) 
Seat 3: CashfishT ($102.35 in chips) 
Seat 4: uuzka ($228.05 in chips) 
Seat 5: Xenicide ($116.24 in chips) 
Seat 6: Melenya ($115.18 in chips) 
50CandyJoe: posts small blind $0.50
CashfishT: posts big blind $1
*** HOLE CARDS ***
uuzka: folds 
Xenicide: raises $1 to $2
Melenya: folds 
OB10: calls $2
50CandyJoe: folds 
CashfishT: raises $10 to $12
Xenicide: folds 
OB10: calls $10
*** FLOP *** [Ah Qs 7c]
CashfishT: bets $6.29
OB10: calls $6.29
*** TURN *** [Ah Qs 7c] [4c]
CashfishT: checks 
OB10: checks 
*** RIVER *** [Ah Qs 7c 4c] [Kd]
CashfishT: checks 
OB10: checks 
*** SHOW DOWN ***
CashfishT: shows [9h 9c] (a pair of Nines)
OB10: mucks hand 
CashfishT collected $37.13 from pot
*** SUMMARY ***
Total pot $39.08 | Rake $1.95 
Board [Ah Qs 7c 4c Kd]
Seat 1: OB10 (button) mucked
Seat 2: 50CandyJoe (small blind) folded before Flop
Seat 3: CashfishT (big blind) showed [9h 9c] and won ($37.13) with a pair of Nines
Seat 4: uuzka folded before Flop (didn't bet)
Seat 5: Xenicide folded before Flop
Seat 6: Melenya folded before Flop (didn't bet)



PokerStars Hand #254590092033:  Hold'em No Limit ($0.50/$1.00 USD) - 2025/01/28 4:14:08 WET [2025/01/27 23:14:08 ET]
Table 'Oongaq IV' 6-max Seat #2 is the button
Seat 1: OB10 ($34.27 in chips) 
Seat 2: 50CandyJoe ($143.81 in chips) 
Seat 3: CashfishT ($121.19 in chips) 
Seat 4: uuzka ($228.05 in chips) 
Seat 5: Xenicide ($114.24 in chips) 
Seat 6: Melenya ($115.18 in chips) 
CashfishT: posts small blind $0.50
uuzka: posts big blind $1
*** HOLE CARDS ***
Xenicide: folds 
Melenya: folds 
OB10: folds 
50CandyJoe: folds 
CashfishT: raises $2 to $3
uuzka: folds 
Uncalled bet ($2) returned to CashfishT
CashfishT collected $2 from pot
CashfishT: doesn't show hand 
*** SUMMARY ***
Total pot $2 | Rake $0 
Seat 1: OB10 folded before Flop (didn't bet)
Seat 2: 50CandyJoe (button) folded before Flop (didn't bet)
Seat 3: CashfishT (small blind) collected ($2)
Seat 4: uuzka (big blind) folded before Flop
Seat 5: Xenicide folded before Flop (didn't bet)
Seat 6: Melenya folded before Flop (didn't bet)



PokerStars Hand #254590094278:  Hold'em No Limit ($0.50/$1.00 USD) - 2025/01/28 4:14:31 WET [2025/01/27 23:14:31 ET]
Table 'Oongaq IV' 6-max Seat #3 is the button
Seat 1: OB10 ($34.27 in chips) 
Seat 2: 50CandyJoe ($143.81 in chips) 
Seat 3: CashfishT ($122.19 in chips) 
Seat 4: uuzka ($227.05 in chips) 
Seat 5: Xenicide ($114.24 in chips) 
Seat 6: Melenya ($115.18 in chips) 
uuzka: posts small blind $0.50
Xenicide: posts big blind $1
*** HOLE CARDS ***
Melenya: folds 
OB10: folds 
50CandyJoe: folds 
CashfishT: folds 
OB10 leaves the table
uuzka: raises $1.77 to $2.77
Xenicide: calls $1.77
*** FLOP *** [8h Ts 2c]
ffac joins the table at seat #1 
ffac leaves the table
uuzka: bets $1.53
Xenicide: folds 
Uncalled bet ($1.53) returned to uuzka
uuzka collected $5.26 from pot
uuzka: doesn't show hand 
*** SUMMARY ***
Total pot $5.54 | Rake $0.28 
Board [8h Ts 2c]
Seat 1: OB10 folded before Flop (didn't bet)
Seat 2: 50CandyJoe folded before Flop (didn't bet)
Seat 3: CashfishT (button) folded before Flop (didn't bet)
Seat 4: uuzka (small blind) collected ($5.26)
Seat 5: Xenicide (big blind) folded on the Flop
Seat 6: Melenya folded before Flop (didn't bet)



PokerStars Hand #254590099335:  Hold'em No Limit ($0.50/$1.00 USD) - 2025/01/28 4:15:22 WET [2025/01/27 23:15:22 ET]
Table 'Oongaq IV' 6-max Seat #4 is the button
Seat 6: Melenya ($115.18 in chips) is sitting out
Seat 2: 50CandyJoe ($143.81 in chips) 
Seat 3: CashfishT ($122.19 in chips) 
Seat 4: uuzka ($229.54 in chips) 
Seat 5: Xenicide ($111.47 in chips) 
Xenicide: posts small blind $0.50
Melenya: is sitting out 
50CandyJoe: posts big blind $1
*** HOLE CARDS ***
CashfishT: folds 
uuzka: folds 
Xenicide: folds 
Uncalled bet ($0.50) returned to 50CandyJoe
50CandyJoe collected $1 from pot
50CandyJoe: doesn't show hand 
*** SUMMARY ***
Total pot $1 | Rake $0 
Seat 6: Melenya
Seat 2: 50CandyJoe (big blind) collected ($1)
Seat 3: CashfishT folded before Flop (didn't bet)
Seat 4: uuzka (button) folded before Flop (didn't bet)
Seat 5: Xenicide (small blind) folded before Flop



