PokerStars Hand #254602125900:  Hold'em No Limit ($0.50/$1.00 USD) - 2025/01/28 3:14:46 WET [2025/01/28 22:14:46 ET]
Table 'Alya' 6-max Seat #3 is the button
Seat 6: XneferX ($100 in chips) is sitting out
Seat 3: CEPTT ($100 in chips) 
Seat 5: AlexEliseev7 ($100 in chips) 
CEPTT: posts small blind $0.50
AlexEliseev7: posts big blind $1
*** HOLE CARDS ***
CEPTT: folds 
Uncalled bet ($0.50) returned to AlexEliseev7
AlexEliseev7 collected $1 from pot
AlexEliseev7: doesn't show hand 
*** SUMMARY ***
Total pot $1 | Rake $0 
Seat 6: XneferX
Seat 3: CEPTT (button) (small blind) folded before Flop
Seat 5: AlexEliseev7 (big blind) collected ($1)



PokerStars Hand #254602126783:  Hold'em No Limit ($0.50/$1.00 USD) - 2025/01/28 3:14:53 WET [2025/01/28 22:14:53 ET]
Table 'Alya' 6-max Seat #3 is the button
Seat 3: CEPTT ($100 in chips) 
Seat 5: AlexEliseev7 ($100.50 in chips) 
Seat 6: XneferX ($100 in chips) 
AlexEliseev7: posts small blind $0.50
XneferX: posts big blind $1
*** HOLE CARDS ***
CEPTT: folds 
AlexEliseev7: raises $2 to $3
XneferX: folds 
Uncalled bet ($2) returned to AlexEliseev7
AlexEliseev7 collected $2 from pot
AlexEliseev7: doesn't show hand 
*** SUMMARY ***
Total pot $2 | Rake $0 
Seat 3: CEPTT (button) folded before Flop (didn't bet)
Seat 5: AlexEliseev7 (small blind) collected ($2)
Seat 6: XneferX (big blind) folded before Flop



PokerStars Hand #254602128319:  Hold'em No Limit ($0.50/$1.00 USD) - 2025/01/28 3:15:05 WET [2025/01/28 22:15:05 ET]
Table 'Alya' 6-max Seat #5 is the button
Seat 3: CEPTT ($100 in chips) 
Seat 5: AlexEliseev7 ($101.50 in chips) 
Seat 6: XneferX ($100 in chips) 
XneferX: posts small blind $0.50
CEPTT: posts big blind $1
*** HOLE CARDS ***
AlexEliseev7: folds 
XneferX: raises $2 to $3
CEPTT: calls $2
*** FLOP *** [6c 5d Tc]
XneferX: bets $1.94
CEPTT: calls $1.94
*** TURN *** [6c 5d Tc] [Qs]
XneferX: bets $14.27
CEPTT: calls $14.27
*** RIVER *** [6c 5d Tc Qs] [Qc]
B1GBankroll joins the table at seat #2 
XneferX: bets $19.08
CEPTT: folds 
Uncalled bet ($19.08) returned to XneferX
XneferX collected $37.42 from pot
XneferX: doesn't show hand 
*** SUMMARY ***
Total pot $38.42 | Rake $1 
Board [6c 5d Tc Qs Qc]
Seat 3: CEPTT (big blind) folded on the River
Seat 5: AlexEliseev7 (button) folded before Flop (didn't bet)
Seat 6: XneferX (small blind) collected ($37.42)



PokerStars Hand #254602144734:  Hold'em No Limit ($0.50/$1.00 USD) - 2025/01/28 3:17:10 WET [2025/01/28 22:17:10 ET]
Table 'Alya' 6-max Seat #6 is the button
Seat 2: B1GBankroll ($100 in chips) is sitting out
Seat 3: CEPTT ($100 in chips) 
Seat 5: AlexEliseev7 ($101.50 in chips) 
Seat 6: XneferX ($118.21 in chips) 
CEPTT: posts small blind $0.50
AlexEliseev7: posts big blind $1
*** HOLE CARDS ***
XneferX: folds 
CEPTT: raises $2 to $3
AlexEliseev7: folds 
Uncalled bet ($2) returned to CEPTT
CEPTT collected $2 from pot
CEPTT: doesn't show hand 
*** SUMMARY ***
Total pot $2 | Rake $0 
Seat 2: B1GBankroll
Seat 3: CEPTT (small blind) collected ($2)
Seat 5: AlexEliseev7 (big blind) folded before Flop
Seat 6: XneferX (button) folded before Flop (didn't bet)



PokerStars Hand #254602147281:  Hold'em No Limit ($0.50/$1.00 USD) - 2025/01/28 3:17:29 WET [2025/01/28 22:17:29 ET]
Table 'Alya' 6-max Seat #3 is the button
Seat 6: XneferX ($118.21 in chips) is sitting out
Seat 2: B1GBankroll ($100 in chips) 
Seat 3: CEPTT ($101 in chips) 
Seat 5: AlexEliseev7 ($100.50 in chips) 
AlexEliseev7: posts small blind $0.50
XneferX: is sitting out 
B1GBankroll: posts big blind $1
*** HOLE CARDS ***
CEPTT: raises $1.85 to $2.85
XneferX leaves the table
AlexEliseev7: folds 
B1GBankroll: calls $1.85
*** FLOP *** [Jd 4s 8d]
B1GBankroll: checks 
CEPTT: checks 
*** TURN *** [Jd 4s 8d] [Qd]
B1GBankroll: checks 
CEPTT: bets $4.42
B1GBankroll: folds 
Uncalled bet ($4.42) returned to CEPTT
CEPTT collected $5.89 from pot
CEPTT: doesn't show hand 
*** SUMMARY ***
Total pot $6.20 | Rake $0.31 
Board [Jd 4s 8d Qd]
Seat 6: XneferX
Seat 2: B1GBankroll (big blind) folded on the Turn
Seat 3: CEPTT (button) collected ($5.89)
Seat 5: AlexEliseev7 (small blind) folded before Flop



PokerStars Hand #254602155124:  Hold'em No Limit ($0.50/$1.00 USD) - 2025/01/28 3:18:29 WET [2025/01/28 22:18:29 ET]
Table 'Alya' 6-max Seat #5 is the button
Seat 2: B1GBankroll ($100 in chips) 
Seat 3: CEPTT ($104.04 in chips) 
Seat 5: AlexEliseev7 ($100 in chips) 
B1GBankroll: posts small blind $0.50
CEPTT: posts big blind $1
*** HOLE CARDS ***
AlexEliseev7: raises $1.50 to $2.50
B1GBankroll: raises $8.75 to $11.25
CEPTT: folds 
AlexEliseev7: folds 
Uncalled bet ($8.75) returned to B1GBankroll
B1GBankroll collected $6 from pot
B1GBankroll: doesn't show hand 
*** SUMMARY ***
Total pot $6 | Rake $0 
Seat 2: B1GBankroll (small blind) collected ($6)
Seat 3: CEPTT (big blind) folded before Flop
Seat 5: AlexEliseev7 (button) folded before Flop



PokerStars Hand #254602160592:  Hold'em No Limit ($0.50/$1.00 USD) - 2025/01/28 3:19:11 WET [2025/01/28 22:19:11 ET]
Table 'Alya' 6-max Seat #3 is the button
Seat 5: AlexEliseev7 ($100 in chips) is sitting out
Seat 2: B1GBankroll ($103.50 in chips) 
Seat 3: CEPTT ($103.04 in chips) 
CEPTT: posts small blind $0.50
AlexEliseev7: is sitting out 
B1GBankroll: posts big blind $1
*** HOLE CARDS ***
CEPTT: folds 
Uncalled bet ($0.50) returned to B1GBankroll
AlexEliseev7 leaves the table
B1GBankroll collected $1 from pot
B1GBankroll: doesn't show hand 
*** SUMMARY ***
Total pot $1 | Rake $0 
Seat 5: AlexEliseev7
Seat 2: B1GBankroll (big blind) collected ($1)
Seat 3: CEPTT (button) (small blind) folded before Flop



PokerStars Hand #254602161815:  Hold'em No Limit ($0.50/$1.00 USD) - 2025/01/28 3:19:20 WET [2025/01/28 22:19:20 ET]
Table 'Alya' 6-max Seat #2 is the button
Seat 2: B1GBankroll ($104 in chips) 
Seat 3: CEPTT ($102.54 in chips) 
B1GBankroll: posts small blind $0.50
CEPTT: posts big blind $1
*** HOLE CARDS ***
B1GBankroll: folds 
Uncalled bet ($0.50) returned to CEPTT
CEPTT collected $1 from pot
CEPTT: doesn't show hand 
*** SUMMARY ***
Total pot $1 | Rake $0 
Seat 2: B1GBankroll (button) (small blind) folded before Flop
Seat 3: CEPTT (big blind) collected ($1)



PokerStars Hand #254602286964:  Hold'em No Limit ($0.50/$1.00 USD) - 2025/01/28 3:35:52 WET [2025/01/28 22:35:52 ET]
Table 'Alya' 6-max Seat #3 is the button
Seat 3: AlexEliseev7 ($100 in chips) 
Seat 6: raffinaround ($50.92 in chips) 
AlexEliseev7: posts small blind $0.50
raffinaround: posts big blind $1
*** HOLE CARDS ***
AlexEliseev7: raises $1.50 to $2.50
raffinaround: calls $1.50
*** FLOP *** [7h Kc 2d]
raffinaround: checks 
AlexEliseev7: bets $1.57
raffinaround: calls $1.57
*** TURN *** [7h Kc 2d] [8s]
raffinaround: checks 
AlexEliseev7: bets $11.67
raffinaround: raises $35.18 to $46.85 and is all-in
AlexEliseev7: folds 
Uncalled bet ($35.18) returned to raffinaround
raffinaround collected $30.48 from pot
*** SUMMARY ***
Total pot $31.48 | Rake $1 
Board [7h Kc 2d 8s]
Seat 3: AlexEliseev7 (button) (small blind) folded on the Turn
Seat 6: raffinaround (big blind) collected ($30.48)



