PokerStars Hand #254601290147:  Hold'em No Limit ($0.50/$1.00 USD) - 2025/01/28 1:39:29 WET [2025/01/28 20:39:29 ET]
Table 'Kitalpha' 6-max Seat #1 is the button
Seat 3: alexandr699 ($109.14 in chips) is sitting out
Seat 5: SorinS28 ($100 in chips) is sitting out
Seat 1: Sadyhov V.V. ($100 in chips) 
Seat 2: Espada Fish ($103 in chips) 
Seat 4: pandeli08 ($16.19 in chips) 
Seat 6: Glauberwouny ($23.74 in chips) 
Espada Fish: posts small blind $0.50
alexandr699: is sitting out 
pandeli08: posts big blind $1
SorinS28: sits out 
*** HOLE CARDS ***
Glauberwouny: raises $1 to $2
Sadyhov V.V.: folds 
Espada Fish: folds 
alexandr699 leaves the table
pandeli08: calls $1
*** FLOP *** [As Ac 9h]
pandeli08: checks 
Glauberwouny: bets $2
pandeli08: folds 
Uncalled bet ($2) returned to Glauberwouny
Glauberwouny collected $4.28 from pot
*** SUMMARY ***
Total pot $4.50 | Rake $0.22 
Board [As Ac 9h]
Seat 3: alexandr699
Seat 5: SorinS28
Seat 1: Sadyhov V.V. (button) folded before Flop (didn't bet)
Seat 2: Espada Fish (small blind) folded before Flop
Seat 4: pandeli08 (big blind) folded on the Flop
Seat 6: Glauberwouny collected ($4.28)



PokerStars Hand #254601294088:  Hold'em No Limit ($0.50/$1.00 USD) - 2025/01/28 1:39:52 WET [2025/01/28 20:39:52 ET]
Table 'Kitalpha' 6-max Seat #2 is the button
Seat 1: Sadyhov V.V. ($100 in chips) 
Seat 2: Espada Fish ($102.50 in chips) 
Seat 4: pandeli08 ($14.19 in chips) 
Seat 5: SorinS28 ($100 in chips) 
Seat 6: Glauberwouny ($26.02 in chips) 
pandeli08: posts small blind $0.50
SorinS28: posts big blind $1
*** HOLE CARDS ***
Glauberwouny: raises $1 to $2
Sadyhov V.V.: folds 
Espada Fish: folds 
pandeli08: folds 
SorinS28: calls $1
*** FLOP *** [Ad 2d 7c]
Xenicide joins the table at seat #3 
SorinS28: checks 
Glauberwouny: checks 
*** TURN *** [Ad 2d 7c] [4d]
SorinS28: checks 
Glauberwouny: checks 
*** RIVER *** [Ad 2d 7c 4d] [Qc]
SorinS28: checks 
Glauberwouny: bets $3
SorinS28: folds 
Uncalled bet ($3) returned to Glauberwouny
Glauberwouny collected $4.28 from pot
*** SUMMARY ***
Total pot $4.50 | Rake $0.22 
Board [Ad 2d 7c 4d Qc]
Seat 1: Sadyhov V.V. folded before Flop (didn't bet)
Seat 2: Espada Fish (button) folded before Flop (didn't bet)
Seat 4: pandeli08 (small blind) folded before Flop
Seat 5: SorinS28 (big blind) folded on the River
Seat 6: Glauberwouny collected ($4.28)



PokerStars Hand #254601306347:  Hold'em No Limit ($0.50/$1.00 USD) - 2025/01/28 1:41:03 WET [2025/01/28 20:41:03 ET]
Table 'Kitalpha' 6-max Seat #4 is the button
Seat 3: Xenicide ($100 in chips) is sitting out
Seat 1: Sadyhov V.V. ($100 in chips) 
Seat 2: Espada Fish ($102.50 in chips) 
Seat 4: pandeli08 ($13.69 in chips) 
Seat 5: SorinS28 ($100 in chips) 
Seat 6: Glauberwouny ($28.30 in chips) 
SorinS28: posts small blind $0.50
Glauberwouny: posts big blind $1
Xenicide: sits out 
*** HOLE CARDS ***
Sadyhov V.V.: folds 
Espada Fish: folds 
pandeli08: calls $1
SorinS28: folds 
Glauberwouny: checks 
*** FLOP *** [2c Qc 4s]
Glauberwouny: bets $2
pandeli08: calls $2
*** TURN *** [2c Qc 4s] [5c]
Glauberwouny: checks 
pandeli08: bets $2
Glauberwouny: calls $2
*** RIVER *** [2c Qc 4s 5c] [Qd]
Glauberwouny: checks 
pandeli08: bets $8.69 and is all-in
Glauberwouny: folds 
Uncalled bet ($8.69) returned to pandeli08
pandeli08 collected $9.98 from pot
*** SUMMARY ***
Total pot $10.50 | Rake $0.52 
Board [2c Qc 4s 5c Qd]
Seat 3: Xenicide
Seat 1: Sadyhov V.V. folded before Flop (didn't bet)
Seat 2: Espada Fish folded before Flop (didn't bet)
Seat 4: pandeli08 (button) collected ($9.98)
Seat 5: SorinS28 (small blind) folded before Flop
Seat 6: Glauberwouny (big blind) folded on the River



PokerStars Hand #254601312503:  Hold'em No Limit ($0.50/$1.00 USD) - 2025/01/28 1:41:40 WET [2025/01/28 20:41:40 ET]
Table 'Kitalpha' 6-max Seat #5 is the button
Seat 3: Xenicide ($100 in chips) is sitting out
Seat 1: Sadyhov V.V. ($100 in chips) 
Seat 2: Espada Fish ($102.50 in chips) 
Seat 4: pandeli08 ($18.67 in chips) 
Seat 5: SorinS28 ($100 in chips) 
Seat 6: Glauberwouny ($23.30 in chips) 
Glauberwouny: posts small blind $0.50
Sadyhov V.V.: posts big blind $1
Xenicide: sits out 
*** HOLE CARDS ***
Espada Fish: folds 
pandeli08: folds 
SorinS28: raises $1.50 to $2.50
Glauberwouny: raises $20.80 to $23.30 and is all-in
Sadyhov V.V.: folds 
SorinS28: folds 
Uncalled bet ($20.80) returned to Glauberwouny
Glauberwouny collected $6 from pot
*** SUMMARY ***
Total pot $6 | Rake $0 
Seat 3: Xenicide
Seat 1: Sadyhov V.V. (big blind) folded before Flop
Seat 2: Espada Fish folded before Flop (didn't bet)
Seat 4: pandeli08 folded before Flop (didn't bet)
Seat 5: SorinS28 (button) folded before Flop
Seat 6: Glauberwouny (small blind) collected ($6)



PokerStars Hand #254601320314:  Hold'em No Limit ($0.50/$1.00 USD) - 2025/01/28 1:42:26 WET [2025/01/28 20:42:26 ET]
Table 'Kitalpha' 6-max Seat #6 is the button
Seat 3: Xenicide ($100 in chips) is sitting out
Seat 1: Sadyhov V.V. ($100 in chips) 
Seat 2: Espada Fish ($102.50 in chips) 
Seat 4: pandeli08 ($18.67 in chips) 
Seat 5: SorinS28 ($100 in chips) 
Seat 6: Glauberwouny ($26.80 in chips) 
Sadyhov V.V.: posts small blind $0.50
Espada Fish: posts big blind $1
Xenicide: sits out 
*** HOLE CARDS ***
pandeli08: folds 
SorinS28: folds 
Glauberwouny: raises $2 to $3
Sadyhov V.V.: folds 
Espada Fish: folds 
Uncalled bet ($2) returned to Glauberwouny
Glauberwouny collected $2.50 from pot
*** SUMMARY ***
Total pot $2.50 | Rake $0 
Seat 3: Xenicide
Seat 1: Sadyhov V.V. (small blind) folded before Flop
Seat 2: Espada Fish (big blind) folded before Flop
Seat 4: pandeli08 folded before Flop (didn't bet)
Seat 5: SorinS28 folded before Flop (didn't bet)
Seat 6: Glauberwouny (button) collected ($2.50)



PokerStars Hand #254601324219:  Hold'em No Limit ($0.50/$1.00 USD) - 2025/01/28 1:42:48 WET [2025/01/28 20:42:48 ET]
Table 'Kitalpha' 6-max Seat #1 is the button
Seat 1: Sadyhov V.V. ($100 in chips) 
Seat 2: Espada Fish ($101.50 in chips) 
Seat 3: Xenicide ($100 in chips) 
Seat 4: pandeli08 ($18.67 in chips) 
Seat 5: SorinS28 ($100 in chips) 
Seat 6: Glauberwouny ($28.30 in chips) 
Espada Fish: posts small blind $0.50
Xenicide: posts big blind $1
*** HOLE CARDS ***
pandeli08: calls $1
SorinS28: raises $2.50 to $3.50
Glauberwouny: folds 
Sadyhov V.V.: folds 
Espada Fish: folds 
Xenicide: folds 
pandeli08: folds 
Uncalled bet ($2.50) returned to SorinS28
SorinS28 collected $3.50 from pot
SorinS28: doesn't show hand 
*** SUMMARY ***
Total pot $3.50 | Rake $0 
Seat 1: Sadyhov V.V. (button) folded before Flop (didn't bet)
Seat 2: Espada Fish (small blind) folded before Flop
Seat 3: Xenicide (big blind) folded before Flop
Seat 4: pandeli08 folded before Flop
Seat 5: SorinS28 collected ($3.50)
Seat 6: Glauberwouny folded before Flop (didn't bet)



PokerStars Hand #254601329915:  Hold'em No Limit ($0.50/$1.00 USD) - 2025/01/28 1:43:23 WET [2025/01/28 20:43:23 ET]
Table 'Kitalpha' 6-max Seat #2 is the button
Seat 1: Sadyhov V.V. ($100 in chips) 
Seat 2: Espada Fish ($101 in chips) 
Seat 3: Xenicide ($100 in chips) 
Seat 4: pandeli08 ($17.67 in chips) 
Seat 5: SorinS28 ($102.50 in chips) 
Seat 6: Glauberwouny ($28.30 in chips) 
Xenicide: posts small blind $0.50
pandeli08: posts big blind $1
*** HOLE CARDS ***
SorinS28: raises $1.02 to $2.02
Glauberwouny: raises $3.02 to $5.04
Sadyhov V.V.: folds 
Espada Fish: folds 
Xenicide: folds 
pandeli08: calls $4.04
SorinS28: calls $3.02
*** FLOP *** [3h Kc 3s]
pandeli08: bets $12.63 and is all-in
SorinS28: folds 
Glauberwouny: folds 
Uncalled bet ($12.63) returned to pandeli08
pandeli08 collected $14.84 from pot
*** SUMMARY ***
Total pot $15.62 | Rake $0.78 
Board [3h Kc 3s]
Seat 1: Sadyhov V.V. folded before Flop (didn't bet)
Seat 2: Espada Fish (button) folded before Flop (didn't bet)
Seat 3: Xenicide (small blind) folded before Flop
Seat 4: pandeli08 (big blind) collected ($14.84)
Seat 5: SorinS28 folded on the Flop
Seat 6: Glauberwouny folded on the Flop



PokerStars Hand #254601338201:  Hold'em No Limit ($0.50/$1.00 USD) - 2025/01/28 1:44:12 WET [2025/01/28 20:44:12 ET]
Table 'Kitalpha' 6-max Seat #3 is the button
Seat 1: Sadyhov V.V. ($100 in chips) 
Seat 2: Espada Fish ($101 in chips) 
Seat 3: Xenicide ($100 in chips) 
Seat 4: pandeli08 ($27.47 in chips) 
Seat 5: SorinS28 ($100 in chips) 
Seat 6: Glauberwouny ($23.26 in chips) 
pandeli08: posts small blind $0.50
SorinS28: posts big blind $1
*** HOLE CARDS ***
Glauberwouny: folds 
Sadyhov V.V.: folds 
Espada Fish: folds 
Xenicide: folds 
pandeli08: calls $0.50
SorinS28: raises $5 to $6
pandeli08: folds 
Uncalled bet ($5) returned to SorinS28
SorinS28 collected $2 from pot
SorinS28: doesn't show hand 
*** SUMMARY ***
Total pot $2 | Rake $0 
Seat 1: Sadyhov V.V. folded before Flop (didn't bet)
Seat 2: Espada Fish folded before Flop (didn't bet)
Seat 3: Xenicide (button) folded before Flop (didn't bet)
Seat 4: pandeli08 (small blind) folded before Flop
Seat 5: SorinS28 (big blind) collected ($2)
Seat 6: Glauberwouny folded before Flop (didn't bet)



PokerStars Hand #254601342030:  Hold'em No Limit ($0.50/$1.00 USD) - 2025/01/28 1:44:35 WET [2025/01/28 20:44:35 ET]
Table 'Kitalpha' 6-max Seat #4 is the button
Seat 1: Sadyhov V.V. ($100 in chips) 
Seat 2: Espada Fish ($101 in chips) 
Seat 3: Xenicide ($100 in chips) 
Seat 4: pandeli08 ($26.47 in chips) 
Seat 5: SorinS28 ($101 in chips) 
Seat 6: Glauberwouny ($23.26 in chips) 
SorinS28: posts small blind $0.50
Glauberwouny: posts big blind $1
*** HOLE CARDS ***
Sadyhov V.V.: folds 
Espada Fish: raises $1.20 to $2.20
Xenicide: folds 
pandeli08: folds 
SorinS28: folds 
Glauberwouny: calls $1.20
*** FLOP *** [7c 4s 8s]
Glauberwouny: checks 
Espada Fish: bets $2.80
Glauberwouny: raises $2.80 to $5.60
Espada Fish: calls $2.80
*** TURN *** [7c 4s 8s] [6h]
Glauberwouny: checks 
Espada Fish: bets $15.50
Glauberwouny: folds 
Uncalled bet ($15.50) returned to Espada Fish
Espada Fish collected $15.30 from pot
Espada Fish: doesn't show hand 
*** SUMMARY ***
Total pot $16.10 | Rake $0.80 
Board [7c 4s 8s 6h]
Seat 1: Sadyhov V.V. folded before Flop (didn't bet)
Seat 2: Espada Fish collected ($15.30)
Seat 3: Xenicide folded before Flop (didn't bet)
Seat 4: pandeli08 (button) folded before Flop (didn't bet)
Seat 5: SorinS28 (small blind) folded before Flop
Seat 6: Glauberwouny (big blind) folded on the Turn



PokerStars Hand #254601352903:  Hold'em No Limit ($0.50/$1.00 USD) - 2025/01/28 1:45:40 WET [2025/01/28 20:45:40 ET]
Table 'Kitalpha' 6-max Seat #5 is the button
Seat 1: Sadyhov V.V. ($100 in chips) 
Seat 2: Espada Fish ($108.50 in chips) 
Seat 3: Xenicide ($100 in chips) 
Seat 4: pandeli08 ($26.47 in chips) 
Seat 5: SorinS28 ($100.50 in chips) 
Seat 6: Glauberwouny ($15.46 in chips) 
Glauberwouny: posts small blind $0.50
Sadyhov V.V.: posts big blind $1
*** HOLE CARDS ***
Espada Fish: folds 
Xenicide: folds 
pandeli08: calls $1
SorinS28: folds 
Glauberwouny: folds 
Sadyhov V.V.: checks 
*** FLOP *** [4s 3c Kh]
Sadyhov V.V.: checks 
pandeli08: checks 
*** TURN *** [4s 3c Kh] [8d]
Sadyhov V.V.: bets $1.83
pandeli08: folds 
Uncalled bet ($1.83) returned to Sadyhov V.V.
Sadyhov V.V. collected $2.38 from pot
Sadyhov V.V.: doesn't show hand 
*** SUMMARY ***
Total pot $2.50 | Rake $0.12 
Board [4s 3c Kh 8d]
Seat 1: Sadyhov V.V. (big blind) collected ($2.38)
Seat 2: Espada Fish folded before Flop (didn't bet)
Seat 3: Xenicide folded before Flop (didn't bet)
Seat 4: pandeli08 folded on the Turn
Seat 5: SorinS28 (button) folded before Flop (didn't bet)
Seat 6: Glauberwouny (small blind) folded before Flop



PokerStars Hand #254601359380:  Hold'em No Limit ($0.50/$1.00 USD) - 2025/01/28 1:46:19 WET [2025/01/28 20:46:19 ET]
Table 'Kitalpha' 6-max Seat #6 is the button
Seat 1: Sadyhov V.V. ($101.38 in chips) 
Seat 2: Espada Fish ($108.50 in chips) 
Seat 3: Xenicide ($100 in chips) 
Seat 4: pandeli08 ($25.47 in chips) 
Seat 5: SorinS28 ($100.50 in chips) 
Seat 6: Glauberwouny ($14.96 in chips) 
Sadyhov V.V.: posts small blind $0.50
Espada Fish: posts big blind $1
*** HOLE CARDS ***
Xenicide: raises $1 to $2
pandeli08: calls $2
SorinS28: folds 
Glauberwouny: raises $12.96 to $14.96 and is all-in
Sadyhov V.V.: folds 
Espada Fish: folds 
Xenicide: raises $12.96 to $27.92
pandeli08: folds 
Uncalled bet ($12.96) returned to Xenicide
Glauberwouny has timed out
*** FLOP *** [Qc 5s 3d]
*** TURN *** [Qc 5s 3d] [5h]
*** RIVER *** [Qc 5s 3d 5h] [7h]
*** SHOW DOWN ***
Xenicide: shows [Ad 5d] (three of a kind, Fives)
Glauberwouny: shows [Jd Ts] (a pair of Fives)
Xenicide collected $31.75 from pot
*** SUMMARY ***
Total pot $33.42 | Rake $1.67 
Board [Qc 5s 3d 5h 7h]
Seat 1: Sadyhov V.V. (small blind) folded before Flop
Seat 2: Espada Fish (big blind) folded before Flop
Seat 3: Xenicide showed [Ad 5d] and won ($31.75) with three of a kind, Fives
Seat 4: pandeli08 folded before Flop
Seat 5: SorinS28 folded before Flop (didn't bet)
Seat 6: Glauberwouny (button) showed [Jd Ts] and lost with a pair of Fives



PokerStars Hand #254601367052:  Hold'em No Limit ($0.50/$1.00 USD) - 2025/01/28 1:47:05 WET [2025/01/28 20:47:05 ET]
Table 'Kitalpha' 6-max Seat #1 is the button
Seat 6: Glauberwouny ($0 in chips) is sitting out
Seat 1: Sadyhov V.V. ($100.88 in chips) 
Seat 2: Espada Fish ($107.50 in chips) 
Seat 3: Xenicide ($116.79 in chips) 
Seat 4: pandeli08 ($23.47 in chips) 
Seat 5: SorinS28 ($100.50 in chips) 
Espada Fish: posts small blind $0.50
Xenicide: posts big blind $1
*** HOLE CARDS ***
Glauberwouny is disconnected 
pandeli08: calls $1
SorinS28: folds 
Sadyhov V.V.: folds 
Espada Fish: folds 
Xenicide: checks 
*** FLOP *** [2h 7d 9c]
Xenicide: bets $1.19
pandeli08: calls $1.19
*** TURN *** [2h 7d 9c] [Kh]
Xenicide: bets $1.44
pandeli08: calls $1.44
*** RIVER *** [2h 7d 9c Kh] [6d]
Xenicide: bets $113.16 and is all-in
pandeli08: folds 
Uncalled bet ($113.16) returned to Xenicide
Xenicide collected $7.37 from pot
*** SUMMARY ***
Total pot $7.76 | Rake $0.39 
Board [2h 7d 9c Kh 6d]
Seat 6: Glauberwouny
Seat 1: Sadyhov V.V. (button) folded before Flop (didn't bet)
Seat 2: Espada Fish (small blind) folded before Flop
Seat 3: Xenicide (big blind) collected ($7.37)
Seat 4: pandeli08 folded on the River
Seat 5: SorinS28 folded before Flop (didn't bet)



PokerStars Hand #254601378803:  Hold'em No Limit ($0.50/$1.00 USD) - 2025/01/28 1:48:16 WET [2025/01/28 20:48:16 ET]
Table 'Kitalpha' 6-max Seat #2 is the button
Seat 6: Glauberwouny ($0 in chips) is sitting out
Seat 1: Sadyhov V.V. ($100.88 in chips) 
Seat 2: Espada Fish ($107 in chips) 
Seat 3: Xenicide ($120.53 in chips) 
Seat 4: pandeli08 ($19.84 in chips) 
Seat 5: SorinS28 ($100.50 in chips) 
Xenicide: posts small blind $0.50
pandeli08: posts big blind $1
*** HOLE CARDS ***
SorinS28: folds 
Sadyhov V.V.: folds 
Espada Fish: folds 
Xenicide: calls $0.50
pandeli08: raises $3 to $4
Xenicide: calls $3
*** FLOP *** [9h 9d Td]
Xenicide: checks 
pandeli08: bets $15.84 and is all-in
Xenicide: calls $15.84
*** TURN *** [9h 9d Td] [Qc]
*** RIVER *** [9h 9d Td Qc] [Kc]
*** SHOW DOWN ***
Xenicide: shows [5d 4d] (a pair of Nines)
pandeli08: shows [Qd As] (two pair, Queens and Nines)
pandeli08 collected $37.70 from pot
*** SUMMARY ***
Total pot $39.68 | Rake $1.98 
Board [9h 9d Td Qc Kc]
Seat 6: Glauberwouny
Seat 1: Sadyhov V.V. folded before Flop (didn't bet)
Seat 2: Espada Fish (button) folded before Flop (didn't bet)
Seat 3: Xenicide (small blind) showed [5d 4d] and lost with a pair of Nines
Seat 4: pandeli08 (big blind) showed [Qd As] and won ($37.70) with two pair, Queens and Nines
Seat 5: SorinS28 folded before Flop (didn't bet)



PokerStars Hand #254601389967:  Hold'em No Limit ($0.50/$1.00 USD) - 2025/01/28 1:49:23 WET [2025/01/28 20:49:23 ET]
Table 'Kitalpha' 6-max Seat #3 is the button
Seat 6: Glauberwouny ($0 in chips) is sitting out
Seat 1: Sadyhov V.V. ($100.88 in chips) 
Seat 2: Espada Fish ($107 in chips) 
Seat 3: Xenicide ($100.69 in chips) 
Seat 4: pandeli08 ($37.70 in chips) 
Seat 5: SorinS28 ($100.50 in chips) 
pandeli08: posts small blind $0.50
SorinS28: posts big blind $1
*** HOLE CARDS ***
Sadyhov V.V.: folds 
Espada Fish: folds 
Xenicide: folds 
pandeli08: calls $0.50
SorinS28: checks 
*** FLOP *** [2c Qs Ah]
pandeli08: checks 
SorinS28: checks 
*** TURN *** [2c Qs Ah] [8c]
pandeli08: checks 
SorinS28: checks 
*** RIVER *** [2c Qs Ah 8c] [2s]
pandeli08: checks 
SorinS28: bets $1.43
pandeli08: folds 
Uncalled bet ($1.43) returned to SorinS28
SorinS28 collected $1.90 from pot
SorinS28: doesn't show hand 
*** SUMMARY ***
Total pot $2 | Rake $0.10 
Board [2c Qs Ah 8c 2s]
Seat 6: Glauberwouny
Seat 1: Sadyhov V.V. folded before Flop (didn't bet)
Seat 2: Espada Fish folded before Flop (didn't bet)
Seat 3: Xenicide (button) folded before Flop (didn't bet)
Seat 4: pandeli08 (small blind) folded on the River
Seat 5: SorinS28 (big blind) collected ($1.90)



PokerStars Hand #254601400209:  Hold'em No Limit ($0.50/$1.00 USD) - 2025/01/28 1:50:25 WET [2025/01/28 20:50:25 ET]
Table 'Kitalpha' 6-max Seat #4 is the button
Seat 6: Glauberwouny ($0 in chips) is sitting out
Seat 1: Sadyhov V.V. ($100.88 in chips) 
Seat 2: Espada Fish ($107 in chips) 
Seat 3: Xenicide ($100.69 in chips) 
Seat 4: pandeli08 ($36.70 in chips) 
Seat 5: SorinS28 ($101.40 in chips) 
SorinS28: posts small blind $0.50
Sadyhov V.V.: posts big blind $1
*** HOLE CARDS ***
Espada Fish: folds 
Xenicide: folds 
pandeli08: calls $1
SorinS28: calls $0.50
Sadyhov V.V.: checks 
*** FLOP *** [8d Qs 6h]
SorinS28: checks 
Sadyhov V.V.: checks 
pandeli08: checks 
*** TURN *** [8d Qs 6h] [3d]
SorinS28: bets $2.14
Sadyhov V.V.: calls $2.14
pandeli08: folds 
*** RIVER *** [8d Qs 6h 3d] [8s]
SorinS28: checks 
Sadyhov V.V.: checks 
*** SHOW DOWN ***
SorinS28: shows [Qc 9c] (two pair, Queens and Eights)
Sadyhov V.V.: mucks hand 
SorinS28 collected $6.92 from pot
*** SUMMARY ***
Total pot $7.28 | Rake $0.36 
Board [8d Qs 6h 3d 8s]
Seat 6: Glauberwouny
Seat 1: Sadyhov V.V. (big blind) mucked
Seat 2: Espada Fish folded before Flop (didn't bet)
Seat 3: Xenicide folded before Flop (didn't bet)
Seat 4: pandeli08 (button) folded on the Turn
Seat 5: SorinS28 (small blind) showed [Qc 9c] and won ($6.92) with two pair, Queens and Eights



PokerStars Hand #254601412270:  Hold'em No Limit ($0.50/$1.00 USD) - 2025/01/28 1:51:39 WET [2025/01/28 20:51:39 ET]
Table 'Kitalpha' 6-max Seat #5 is the button
Seat 6: Glauberwouny ($0 in chips) is sitting out
Seat 1: Sadyhov V.V. ($100 in chips) 
Seat 2: Espada Fish ($107 in chips) 
Seat 3: Xenicide ($100.69 in chips) 
Seat 4: pandeli08 ($35.70 in chips) 
Seat 5: SorinS28 ($105.18 in chips) 
Sadyhov V.V.: posts small blind $0.50
Espada Fish: posts big blind $1
*** HOLE CARDS ***
Xenicide: folds 
pandeli08: calls $1
SorinS28: folds 
Sadyhov V.V.: folds 
Espada Fish: raises $4 to $5
pandeli08: calls $4
*** FLOP *** [4h Jc 7h]
Espada Fish: bets $7.49
pandeli08: folds 
Uncalled bet ($7.49) returned to Espada Fish
Espada Fish collected $9.98 from pot
Espada Fish: doesn't show hand 
*** SUMMARY ***
Total pot $10.50 | Rake $0.52 
Board [4h Jc 7h]
Seat 6: Glauberwouny
Seat 1: Sadyhov V.V. (small blind) folded before Flop
Seat 2: Espada Fish (big blind) collected ($9.98)
Seat 3: Xenicide folded before Flop (didn't bet)
Seat 4: pandeli08 folded on the Flop
Seat 5: SorinS28 (button) folded before Flop (didn't bet)



PokerStars Hand #254601421509:  Hold'em No Limit ($0.50/$1.00 USD) - 2025/01/28 1:52:34 WET [2025/01/28 20:52:34 ET]
Table 'Kitalpha' 6-max Seat #1 is the button
Seat 6: Glauberwouny ($0 in chips) is sitting out
Seat 1: Sadyhov V.V. ($100 in chips) 
Seat 2: Espada Fish ($111.98 in chips) 
Seat 3: Xenicide ($100.69 in chips) 
Seat 4: pandeli08 ($30.70 in chips) 
Seat 5: SorinS28 ($105.18 in chips) 
Espada Fish: posts small blind $0.50
Xenicide: posts big blind $1
*** HOLE CARDS ***
pandeli08: calls $1
SorinS28: folds 
Sadyhov V.V.: folds 
Espada Fish: folds 
Xenicide: checks 
*** FLOP *** [Th 5h Ah]
Xenicide: checks 
pandeli08: checks 
*** TURN *** [Th 5h Ah] [Js]
Xenicide: checks 
pandeli08: checks 
*** RIVER *** [Th 5h Ah Js] [Ts]
Xenicide: checks 
pandeli08: bets $2.38
Xenicide: folds 
Uncalled bet ($2.38) returned to pandeli08
pandeli08 collected $2.38 from pot
*** SUMMARY ***
Total pot $2.50 | Rake $0.12 
Board [Th 5h Ah Js Ts]
Seat 6: Glauberwouny
Seat 1: Sadyhov V.V. (button) folded before Flop (didn't bet)
Seat 2: Espada Fish (small blind) folded before Flop
Seat 3: Xenicide (big blind) folded on the River
Seat 4: pandeli08 collected ($2.38)
Seat 5: SorinS28 folded before Flop (didn't bet)



PokerStars Hand #254601428010:  Hold'em No Limit ($0.50/$1.00 USD) - 2025/01/28 1:53:14 WET [2025/01/28 20:53:14 ET]
Table 'Kitalpha' 6-max Seat #2 is the button
Seat 6: Glauberwouny ($0 in chips) is sitting out
Seat 1: Sadyhov V.V. ($100 in chips) 
Seat 2: Espada Fish ($111.48 in chips) 
Seat 3: Xenicide ($100 in chips) 
Seat 4: pandeli08 ($32.08 in chips) 
Seat 5: SorinS28 ($105.18 in chips) 
Xenicide: posts small blind $0.50
pandeli08: posts big blind $1
*** HOLE CARDS ***
SorinS28: folds 
Sadyhov V.V.: folds 
Espada Fish: raises $1.50 to $2.50
Xenicide: raises $7 to $9.50
pandeli08: folds 
Espada Fish: folds 
Uncalled bet ($7) returned to Xenicide
Xenicide collected $6 from pot
Xenicide: doesn't show hand 
*** SUMMARY ***
Total pot $6 | Rake $0 
Seat 6: Glauberwouny
Seat 1: Sadyhov V.V. folded before Flop (didn't bet)
Seat 2: Espada Fish (button) folded before Flop
Seat 3: Xenicide (small blind) collected ($6)
Seat 4: pandeli08 (big blind) folded before Flop
Seat 5: SorinS28 folded before Flop (didn't bet)



PokerStars Hand #254601432761:  Hold'em No Limit ($0.50/$1.00 USD) - 2025/01/28 1:53:42 WET [2025/01/28 20:53:42 ET]
Table 'Kitalpha' 6-max Seat #3 is the button
Seat 6: Glauberwouny ($0 in chips) is sitting out
Seat 1: Sadyhov V.V. ($100 in chips) 
Seat 2: Espada Fish ($108.98 in chips) 
Seat 3: Xenicide ($103.50 in chips) 
Seat 4: pandeli08 ($31.08 in chips) 
Seat 5: SorinS28 ($105.18 in chips) 
pandeli08: posts small blind $0.50
SorinS28: posts big blind $1
*** HOLE CARDS ***
Sadyhov V.V.: raises $1.20 to $2.20
Espada Fish: folds 
Xenicide: folds 
pandeli08: calls $1.70
SorinS28: folds 
*** FLOP *** [8h 2d Jh]
pandeli08: checks 
Sadyhov V.V.: bets $2.82
pandeli08: folds 
Uncalled bet ($2.82) returned to Sadyhov V.V.
Sadyhov V.V. collected $5.13 from pot
Sadyhov V.V.: doesn't show hand 
*** SUMMARY ***
Total pot $5.40 | Rake $0.27 
Board [8h 2d Jh]
Seat 6: Glauberwouny
Seat 1: Sadyhov V.V. collected ($5.13)
Seat 2: Espada Fish folded before Flop (didn't bet)
Seat 3: Xenicide (button) folded before Flop (didn't bet)
Seat 4: pandeli08 (small blind) folded on the Flop
Seat 5: SorinS28 (big blind) folded before Flop



PokerStars Hand #254601436562:  Hold'em No Limit ($0.50/$1.00 USD) - 2025/01/28 1:54:05 WET [2025/01/28 20:54:05 ET]
Table 'Kitalpha' 6-max Seat #4 is the button
Seat 6: Glauberwouny ($0 in chips) is sitting out
Seat 1: Sadyhov V.V. ($102.93 in chips) 
Seat 2: Espada Fish ($108.98 in chips) 
Seat 3: Xenicide ($103.50 in chips) 
Seat 4: pandeli08 ($28.88 in chips) 
Seat 5: SorinS28 ($104.18 in chips) 
SorinS28: posts small blind $0.50
Sadyhov V.V.: posts big blind $1
*** HOLE CARDS ***
Espada Fish: folds 
Xenicide: folds 
pandeli08: calls $1
SorinS28: raises $5 to $6
Sadyhov V.V.: folds 
pandeli08: calls $5
*** FLOP *** [Js As 3d]
SorinS28: checks 
pandeli08: checks 
*** TURN *** [Js As 3d] [2s]
SorinS28: checks 
pandeli08: checks 
*** RIVER *** [Js As 3d 2s] [9h]
SorinS28: checks 
pandeli08: checks 
*** SHOW DOWN ***
SorinS28: shows [6s 6c] (a pair of Sixes)
pandeli08: shows [9c 8s] (a pair of Nines)
pandeli08 collected $12.35 from pot
*** SUMMARY ***
Total pot $13 | Rake $0.65 
Board [Js As 3d 2s 9h]
Seat 6: Glauberwouny
Seat 1: Sadyhov V.V. (big blind) folded before Flop
Seat 2: Espada Fish folded before Flop (didn't bet)
Seat 3: Xenicide folded before Flop (didn't bet)
Seat 4: pandeli08 (button) showed [9c 8s] and won ($12.35) with a pair of Nines
Seat 5: SorinS28 (small blind) showed [6s 6c] and lost with a pair of Sixes



PokerStars Hand #254601445430:  Hold'em No Limit ($0.50/$1.00 USD) - 2025/01/28 1:54:59 WET [2025/01/28 20:54:59 ET]
Table 'Kitalpha' 6-max Seat #5 is the button
Seat 6: Glauberwouny ($0 in chips) is sitting out
Seat 1: Sadyhov V.V. ($101.93 in chips) 
Seat 2: Espada Fish ($108.98 in chips) 
Seat 3: Xenicide ($103.50 in chips) 
Seat 4: pandeli08 ($35.23 in chips) 
Seat 5: SorinS28 ($100 in chips) 
Sadyhov V.V.: posts small blind $0.50
Espada Fish: posts big blind $1
*** HOLE CARDS ***
Xenicide: folds 
pandeli08: folds 
SorinS28: raises $1.50 to $2.50
Sadyhov V.V.: folds 
Espada Fish: folds 
Uncalled bet ($1.50) returned to SorinS28
SorinS28 collected $2.50 from pot
SorinS28: doesn't show hand 
*** SUMMARY ***
Total pot $2.50 | Rake $0 
Seat 6: Glauberwouny
Seat 1: Sadyhov V.V. (small blind) folded before Flop
Seat 2: Espada Fish (big blind) folded before Flop
Seat 3: Xenicide folded before Flop (didn't bet)
Seat 4: pandeli08 folded before Flop (didn't bet)
Seat 5: SorinS28 (button) collected ($2.50)



PokerStars Hand #254601448210:  Hold'em No Limit ($0.50/$1.00 USD) - 2025/01/28 1:55:20 WET [2025/01/28 20:55:20 ET]
Table 'Kitalpha' 6-max Seat #1 is the button
Seat 6: Glauberwouny ($0 in chips) is sitting out
Seat 1: Sadyhov V.V. ($101.43 in chips) 
Seat 2: Espada Fish ($107.98 in chips) 
Seat 3: Xenicide ($103.50 in chips) 
Seat 4: pandeli08 ($35.23 in chips) 
Seat 5: SorinS28 ($101.50 in chips) 
Espada Fish: posts small blind $0.50
Xenicide: posts big blind $1
*** HOLE CARDS ***
pandeli08: folds 
SorinS28: folds 
Sadyhov V.V.: raises $1.20 to $2.20
Espada Fish: folds 
Xenicide: calls $1.20
*** FLOP *** [3d Td Ac]
Xenicide: checks 
Sadyhov V.V.: bets $1.54
Xenicide: calls $1.54
*** TURN *** [3d Td Ac] [3s]
Xenicide: checks 
Sadyhov V.V.: checks 
*** RIVER *** [3d Td Ac 3s] [2c]
Xenicide: checks 
Sadyhov V.V.: checks 
*** SHOW DOWN ***
Xenicide: shows [Qd 5d] (a pair of Threes)
Sadyhov V.V.: mucks hand 
Xenicide collected $7.58 from pot
*** SUMMARY ***
Total pot $7.98 | Rake $0.40 
Board [3d Td Ac 3s 2c]
Seat 6: Glauberwouny
Seat 1: Sadyhov V.V. (button) mucked
Seat 2: Espada Fish (small blind) folded before Flop
Seat 3: Xenicide (big blind) showed [Qd 5d] and won ($7.58) with a pair of Threes
Seat 4: pandeli08 folded before Flop (didn't bet)
Seat 5: SorinS28 folded before Flop (didn't bet)



PokerStars Hand #254601459220:  Hold'em No Limit ($0.50/$1.00 USD) - 2025/01/28 1:56:47 WET [2025/01/28 20:56:47 ET]
Table 'Kitalpha' 6-max Seat #2 is the button
Seat 6: Glauberwouny ($0 in chips) is sitting out
Seat 1: Sadyhov V.V. ($100 in chips) 
Seat 2: Espada Fish ($107.48 in chips) 
Seat 3: Xenicide ($107.34 in chips) 
Seat 4: pandeli08 ($35.23 in chips) 
Seat 5: SorinS28 ($101.50 in chips) 
Xenicide: posts small blind $0.50
pandeli08: posts big blind $1
*** HOLE CARDS ***
SorinS28: folds 
Sadyhov V.V.: raises $1.20 to $2.20
Espada Fish: raises $5.30 to $7.50
Glauberwouny leaves the table
Xenicide: folds 
pandeli08: folds 
Sadyhov V.V.: raises $12.50 to $20
uuzka joins the table at seat #6 
Espada Fish: folds 
Uncalled bet ($12.50) returned to Sadyhov V.V.
Sadyhov V.V. collected $16.50 from pot
Sadyhov V.V.: doesn't show hand 
*** SUMMARY ***
Total pot $16.50 | Rake $0 
Seat 6: Glauberwouny
Seat 1: Sadyhov V.V. collected ($16.50)
Seat 2: Espada Fish (button) folded before Flop
Seat 3: Xenicide (small blind) folded before Flop
Seat 4: pandeli08 (big blind) folded before Flop
Seat 5: SorinS28 folded before Flop (didn't bet)



PokerStars Hand #254601467087:  Hold'em No Limit ($0.50/$1.00 USD) - 2025/01/28 1:57:49 WET [2025/01/28 20:57:49 ET]
Table 'Kitalpha' 6-max Seat #3 is the button
Seat 6: uuzka ($100 in chips) is sitting out
Seat 1: Sadyhov V.V. ($109 in chips) 
Seat 2: Espada Fish ($100 in chips) 
Seat 3: Xenicide ($106.84 in chips) 
Seat 4: pandeli08 ($34.23 in chips) 
Seat 5: SorinS28 ($101.50 in chips) 
pandeli08: posts small blind $0.50
SorinS28: posts big blind $1
uuzka: sits out 
*** HOLE CARDS ***
Sadyhov V.V.: folds 
Espada Fish: folds 
Xenicide: folds 
pandeli08: calls $0.50
SorinS28: raises $4 to $5
pandeli08: calls $4
*** FLOP *** [4d 5h 9h]
pandeli08: checks 
SorinS28: checks 
*** TURN *** [4d 5h 9h] [9d]
pandeli08: bets $3
SorinS28: calls $3
*** RIVER *** [4d 5h 9h 9d] [2s]
pandeli08: bets $6
SorinS28: calls $6
*** SHOW DOWN ***
pandeli08: shows [Ad 4c] (two pair, Nines and Fours)
SorinS28: mucks hand 
pandeli08 collected $26.60 from pot
*** SUMMARY ***
Total pot $28 | Rake $1.40 
Board [4d 5h 9h 9d 2s]
Seat 6: uuzka
Seat 1: Sadyhov V.V. folded before Flop (didn't bet)
Seat 2: Espada Fish folded before Flop (didn't bet)
Seat 3: Xenicide (button) folded before Flop (didn't bet)
Seat 4: pandeli08 (small blind) showed [Ad 4c] and won ($26.60) with two pair, Nines and Fours
Seat 5: SorinS28 (big blind) mucked



PokerStars Hand #254601478246:  Hold'em No Limit ($0.50/$1.00 USD) - 2025/01/28 1:59:18 WET [2025/01/28 20:59:18 ET]
Table 'Kitalpha' 6-max Seat #4 is the button
Seat 1: Sadyhov V.V. ($109 in chips) 
Seat 2: Espada Fish ($100 in chips) 
Seat 3: Xenicide ($106.84 in chips) 
Seat 4: pandeli08 ($46.83 in chips) 
Seat 5: SorinS28 ($100 in chips) 
Seat 6: uuzka ($100 in chips) 
SorinS28: posts small blind $0.50
uuzka: posts big blind $1
*** HOLE CARDS ***
Sadyhov V.V.: folds 
Espada Fish: folds 
Xenicide: folds 
pandeli08: folds 
SorinS28: raises $2 to $3
uuzka: folds 
Uncalled bet ($2) returned to SorinS28
SorinS28 collected $2 from pot
SorinS28: doesn't show hand 
*** SUMMARY ***
Total pot $2 | Rake $0 
Seat 1: Sadyhov V.V. folded before Flop (didn't bet)
Seat 2: Espada Fish folded before Flop (didn't bet)
Seat 3: Xenicide folded before Flop (didn't bet)
Seat 4: pandeli08 (button) folded before Flop (didn't bet)
Seat 5: SorinS28 (small blind) collected ($2)
Seat 6: uuzka (big blind) folded before Flop



PokerStars Hand #254601480417:  Hold'em No Limit ($0.50/$1.00 USD) - 2025/01/28 1:59:36 WET [2025/01/28 20:59:36 ET]
Table 'Kitalpha' 6-max Seat #5 is the button
Seat 1: Sadyhov V.V. ($109 in chips) 
Seat 2: Espada Fish ($100 in chips) 
Seat 3: Xenicide ($106.84 in chips) 
Seat 4: pandeli08 ($46.83 in chips) 
Seat 5: SorinS28 ($101 in chips) 
Seat 6: uuzka ($100 in chips) 
uuzka: posts small blind $0.50
Sadyhov V.V.: posts big blind $1
*** HOLE CARDS ***
Espada Fish: raises $1.20 to $2.20
Xenicide: raises $4.30 to $6.50
pandeli08: folds 
SorinS28: folds 
uuzka: folds 
Sadyhov V.V.: folds 
Espada Fish: folds 
Uncalled bet ($4.30) returned to Xenicide
Xenicide collected $5.90 from pot
Espada Fish leaves the table
*** SUMMARY ***
Total pot $5.90 | Rake $0 
Seat 1: Sadyhov V.V. (big blind) folded before Flop
Seat 2: Espada Fish folded before Flop
Seat 3: Xenicide collected ($5.90)
Seat 4: pandeli08 folded before Flop (didn't bet)
Seat 5: SorinS28 (button) folded before Flop (didn't bet)
Seat 6: uuzka (small blind) folded before Flop



PokerStars Hand #254601483662:  Hold'em No Limit ($0.50/$1.00 USD) - 2025/01/28 2:00:01 WET [2025/01/28 21:00:01 ET]
Table 'Kitalpha' 6-max Seat #6 is the button
Seat 3: Xenicide ($110.54 in chips) is sitting out
Seat 1: Sadyhov V.V. ($108 in chips) 
Seat 4: pandeli08 ($46.83 in chips) 
Seat 5: SorinS28 ($101 in chips) 
Seat 6: uuzka ($100 in chips) 
Sadyhov V.V.: posts small blind $0.50
Xenicide: is sitting out 
pandeli08: posts big blind $1
*** HOLE CARDS ***
SorinS28: folds 
Xenicide leaves the table
uuzka: raises $1.50 to $2.50
B1GBankroll joins the table at seat #2 
Sadyhov V.V.: raises $7.50 to $10
pandeli08: folds 
alexandr699 joins the table at seat #3 
uuzka: calls $7.50
*** FLOP *** [5c Qc Js]
Sadyhov V.V.: checks 
uuzka: checks 
*** TURN *** [5c Qc Js] [Kd]
Sadyhov V.V.: checks 
uuzka: bets $12.33
Sadyhov V.V.: calls $12.33
*** RIVER *** [5c Qc Js Kd] [5h]
Sadyhov V.V.: checks 
uuzka: checks 
*** SHOW DOWN ***
Sadyhov V.V.: shows [Th Td] (two pair, Tens and Fives)
uuzka: shows [Qs As] (two pair, Queens and Fives)
uuzka collected $44.66 from pot
*** SUMMARY ***
Total pot $45.66 | Rake $1 
Board [5c Qc Js Kd 5h]
Seat 3: Xenicide
Seat 1: Sadyhov V.V. (small blind) showed [Th Td] and lost with two pair, Tens and Fives
Seat 4: pandeli08 (big blind) folded before Flop
Seat 5: SorinS28 folded before Flop (didn't bet)
Seat 6: uuzka (button) showed [Qs As] and won ($44.66) with two pair, Queens and Fives



PokerStars Hand #254601496199:  Hold'em No Limit ($0.50/$1.00 USD) - 2025/01/28 2:01:27 WET [2025/01/28 21:01:27 ET]
Table 'Kitalpha' 6-max Seat #1 is the button
Seat 2: B1GBankroll ($100 in chips) is sitting out
Seat 3: alexandr699 ($109.14 in chips) is sitting out
Seat 1: Sadyhov V.V. ($100 in chips) 
Seat 4: pandeli08 ($45.83 in chips) 
Seat 5: SorinS28 ($101 in chips) 
Seat 6: uuzka ($122.33 in chips) 
pandeli08: posts small blind $0.50
SorinS28: posts big blind $1
*** HOLE CARDS ***
uuzka: folds 
Sadyhov V.V.: folds 
pandeli08: calls $0.50
SorinS28: checks 
*** FLOP *** [5c Qs 2c]
pandeli08: bets $1
SorinS28: calls $1
*** TURN *** [5c Qs 2c] [9h]
pandeli08: bets $2
SorinS28: calls $2
*** RIVER *** [5c Qs 2c 9h] [8d]
pandeli08: bets $3
SorinS28: raises $5 to $8
pandeli08: calls $5
*** SHOW DOWN ***
SorinS28: shows [Qc Ts] (a pair of Queens)
pandeli08: mucks hand 
SorinS28 collected $23 from pot
*** SUMMARY ***
Total pot $24 | Rake $1 
Board [5c Qs 2c 9h 8d]
Seat 2: B1GBankroll
Seat 3: alexandr699
Seat 1: Sadyhov V.V. (button) folded before Flop (didn't bet)
Seat 4: pandeli08 (small blind) mucked
Seat 5: SorinS28 (big blind) showed [Qc Ts] and won ($23) with a pair of Queens
Seat 6: uuzka folded before Flop (didn't bet)



PokerStars Hand #254601506404:  Hold'em No Limit ($0.50/$1.00 USD) - 2025/01/28 2:02:30 WET [2025/01/28 21:02:30 ET]
Table 'Kitalpha' 6-max Seat #4 is the button
Seat 2: B1GBankroll ($100 in chips) is sitting out
Seat 3: alexandr699 ($109.14 in chips) is sitting out
Seat 1: Sadyhov V.V. ($100 in chips) 
Seat 4: pandeli08 ($33.83 in chips) 
Seat 5: SorinS28 ($112 in chips) 
Seat 6: uuzka ($122.33 in chips) 
SorinS28: posts small blind $0.50
uuzka: posts big blind $1
B1GBankroll: sits out 
alexandr699: sits out 
*** HOLE CARDS ***
Sadyhov V.V.: folds 
pandeli08: calls $1
SorinS28: raises $4.50 to $5.50
uuzka: folds 
pandeli08: calls $4.50
*** FLOP *** [6h 2d Qd]
SorinS28: checks 
pandeli08: checks 
*** TURN *** [6h 2d Qd] [4c]
SorinS28: checks 
pandeli08: checks 
*** RIVER *** [6h 2d Qd 4c] [Jd]
SorinS28: checks 
pandeli08: bets $28.33 and is all-in
SorinS28: folds 
Uncalled bet ($28.33) returned to pandeli08
pandeli08 collected $11.40 from pot
*** SUMMARY ***
Total pot $12 | Rake $0.60 
Board [6h 2d Qd 4c Jd]
Seat 2: B1GBankroll
Seat 3: alexandr699
Seat 1: Sadyhov V.V. folded before Flop (didn't bet)
Seat 4: pandeli08 (button) collected ($11.40)
Seat 5: SorinS28 (small blind) folded on the River
Seat 6: uuzka (big blind) folded before Flop



PokerStars Hand #254601512494:  Hold'em No Limit ($0.50/$1.00 USD) - 2025/01/28 2:03:08 WET [2025/01/28 21:03:08 ET]
Table 'Kitalpha' 6-max Seat #5 is the button
Seat 2: B1GBankroll ($100 in chips) is sitting out
Seat 3: alexandr699 ($109.14 in chips) is sitting out
Seat 1: Sadyhov V.V. ($100 in chips) 
Seat 4: pandeli08 ($39.73 in chips) 
Seat 5: SorinS28 ($106.50 in chips) 
Seat 6: uuzka ($121.33 in chips) 
uuzka: posts small blind $0.50
Sadyhov V.V.: posts big blind $1
B1GBankroll: sits out 
alexandr699: sits out 
*** HOLE CARDS ***
pandeli08: calls $1
SorinS28: folds 
uuzka: folds 
Sadyhov V.V.: checks 
*** FLOP *** [Qc 9s 9d]
Sadyhov V.V.: checks 
pandeli08: checks 
*** TURN *** [Qc 9s 9d] [3c]
Sadyhov V.V.: checks 
pandeli08: checks 
*** RIVER *** [Qc 9s 9d 3c] [Jh]
Sadyhov V.V.: checks 
pandeli08: checks 
*** SHOW DOWN ***
Sadyhov V.V.: shows [4d 8h] (a pair of Nines)
pandeli08: shows [Ac 2s] (a pair of Nines - Ace kicker)
pandeli08 collected $2.38 from pot
*** SUMMARY ***
Total pot $2.50 | Rake $0.12 
Board [Qc 9s 9d 3c Jh]
Seat 2: B1GBankroll
Seat 3: alexandr699
Seat 1: Sadyhov V.V. (big blind) showed [4d 8h] and lost with a pair of Nines
Seat 4: pandeli08 showed [Ac 2s] and won ($2.38) with a pair of Nines
Seat 5: SorinS28 (button) folded before Flop (didn't bet)
Seat 6: uuzka (small blind) folded before Flop



PokerStars Hand #254601516794:  Hold'em No Limit ($0.50/$1.00 USD) - 2025/01/28 2:03:35 WET [2025/01/28 21:03:35 ET]
Table 'Kitalpha' 6-max Seat #6 is the button
Seat 3: alexandr699 ($109.14 in chips) is sitting out
Seat 1: Sadyhov V.V. ($100 in chips) 
Seat 2: B1GBankroll ($100 in chips) 
Seat 4: pandeli08 ($41.11 in chips) 
Seat 5: SorinS28 ($106.50 in chips) 
Seat 6: uuzka ($120.83 in chips) 
Sadyhov V.V.: posts small blind $0.50
B1GBankroll: posts big blind $1
alexandr699: sits out 
*** HOLE CARDS ***
pandeli08: calls $1
SorinS28: folds 
uuzka: raises $3 to $4
Sadyhov V.V.: folds 
B1GBankroll: folds 
pandeli08: calls $3
*** FLOP *** [8d Ad 6d]
pandeli08: checks 
uuzka: bets $2.62
pandeli08: calls $2.62
*** TURN *** [8d Ad 6d] [Kc]
pandeli08: checks 
uuzka: bets $9.33
pandeli08: calls $9.33
*** RIVER *** [8d Ad 6d Kc] [9d]
pandeli08: bets $25.16 and is all-in
uuzka: folds 
Uncalled bet ($25.16) returned to pandeli08
pandeli08 collected $31.73 from pot
*** SUMMARY ***
Total pot $33.40 | Rake $1.67 
Board [8d Ad 6d Kc 9d]
Seat 3: alexandr699
Seat 1: Sadyhov V.V. (small blind) folded before Flop
Seat 2: B1GBankroll (big blind) folded before Flop
Seat 4: pandeli08 collected ($31.73)
Seat 5: SorinS28 folded before Flop (didn't bet)
Seat 6: uuzka (button) folded on the River



PokerStars Hand #254601525473:  Hold'em No Limit ($0.50/$1.00 USD) - 2025/01/28 2:04:29 WET [2025/01/28 21:04:29 ET]
Table 'Kitalpha' 6-max Seat #1 is the button
Seat 1: Sadyhov V.V. ($100 in chips) 
Seat 2: B1GBankroll ($100 in chips) 
Seat 3: alexandr699 ($109.14 in chips) 
Seat 4: pandeli08 ($56.89 in chips) 
Seat 5: SorinS28 ($106.50 in chips) 
Seat 6: uuzka ($104.88 in chips) 
B1GBankroll: posts small blind $0.50
alexandr699: posts big blind $1
*** HOLE CARDS ***
pandeli08: calls $1
SorinS28: folds 
uuzka: folds 
Sadyhov V.V.: folds 
B1GBankroll: folds 
alexandr699: checks 
*** FLOP *** [5d Js Ks]
alexandr699: checks 
pandeli08: checks 
*** TURN *** [5d Js Ks] [2c]
alexandr699: checks 
pandeli08: checks 
*** RIVER *** [5d Js Ks 2c] [Jc]
alexandr699: bets $7.14
pandeli08: folds 
Uncalled bet ($7.14) returned to alexandr699
alexandr699 collected $2.38 from pot
alexandr699: doesn't show hand 
*** SUMMARY ***
Total pot $2.50 | Rake $0.12 
Board [5d Js Ks 2c Jc]
Seat 1: Sadyhov V.V. (button) folded before Flop (didn't bet)
Seat 2: B1GBankroll (small blind) folded before Flop
Seat 3: alexandr699 (big blind) collected ($2.38)
Seat 4: pandeli08 folded on the River
Seat 5: SorinS28 folded before Flop (didn't bet)
Seat 6: uuzka folded before Flop (didn't bet)



PokerStars Hand #254601531795:  Hold'em No Limit ($0.50/$1.00 USD) - 2025/01/28 2:05:08 WET [2025/01/28 21:05:08 ET]
Table 'Kitalpha' 6-max Seat #2 is the button
Seat 1: Sadyhov V.V. ($100 in chips) 
Seat 2: B1GBankroll ($100 in chips) 
Seat 3: alexandr699 ($110.52 in chips) 
Seat 4: pandeli08 ($55.89 in chips) 
Seat 5: SorinS28 ($106.50 in chips) 
Seat 6: uuzka ($104.88 in chips) 
alexandr699: posts small blind $0.50
pandeli08: posts big blind $1
*** HOLE CARDS ***
SorinS28: folds 
uuzka: raises $1.20 to $2.20
Sadyhov V.V.: folds 
B1GBankroll: folds 
alexandr699: folds 
pandeli08: calls $1.20
*** FLOP *** [8h 3s Kd]
pandeli08: checks 
uuzka: bets $3.12
pandeli08: folds 
Uncalled bet ($3.12) returned to uuzka
uuzka collected $4.66 from pot
uuzka: doesn't show hand 
*** SUMMARY ***
Total pot $4.90 | Rake $0.24 
Board [8h 3s Kd]
Seat 1: Sadyhov V.V. folded before Flop (didn't bet)
Seat 2: B1GBankroll (button) folded before Flop (didn't bet)
Seat 3: alexandr699 (small blind) folded before Flop
Seat 4: pandeli08 (big blind) folded on the Flop
Seat 5: SorinS28 folded before Flop (didn't bet)
Seat 6: uuzka collected ($4.66)



PokerStars Hand #254601536172:  Hold'em No Limit ($0.50/$1.00 USD) - 2025/01/28 2:05:36 WET [2025/01/28 21:05:36 ET]
Table 'Kitalpha' 6-max Seat #3 is the button
Seat 1: Sadyhov V.V. ($100 in chips) 
Seat 2: B1GBankroll ($100 in chips) 
Seat 3: alexandr699 ($110.02 in chips) 
Seat 4: pandeli08 ($53.69 in chips) 
Seat 5: SorinS28 ($106.50 in chips) 
Seat 6: uuzka ($107.34 in chips) 
pandeli08: posts small blind $0.50
SorinS28: posts big blind $1
*** HOLE CARDS ***
uuzka: folds 
Sadyhov V.V.: folds 
B1GBankroll: folds 
alexandr699: folds 
pandeli08: calls $0.50
SorinS28: checks 
*** FLOP *** [3s Ah 4c]
pandeli08: checks 
SorinS28: checks 
*** TURN *** [3s Ah 4c] [6h]
pandeli08: checks 
SorinS28: checks 
*** RIVER *** [3s Ah 4c 6h] [6s]
pandeli08: checks 
SorinS28: checks 
*** SHOW DOWN ***
pandeli08: shows [Td Qh] (a pair of Sixes)
SorinS28: shows [Qc Jh] (a pair of Sixes - Ace+Queen+Jack kicker)
SorinS28 collected $1.90 from pot
*** SUMMARY ***
Total pot $2 | Rake $0.10 
Board [3s Ah 4c 6h 6s]
Seat 1: Sadyhov V.V. folded before Flop (didn't bet)
Seat 2: B1GBankroll folded before Flop (didn't bet)
Seat 3: alexandr699 (button) folded before Flop (didn't bet)
Seat 4: pandeli08 (small blind) showed [Td Qh] and lost with a pair of Sixes
Seat 5: SorinS28 (big blind) showed [Qc Jh] and won ($1.90) with a pair of Sixes
Seat 6: uuzka folded before Flop (didn't bet)



PokerStars Hand #254601546563:  Hold'em No Limit ($0.50/$1.00 USD) - 2025/01/28 2:06:40 WET [2025/01/28 21:06:40 ET]
Table 'Kitalpha' 6-max Seat #4 is the button
Seat 1: Sadyhov V.V. ($100 in chips) 
Seat 2: B1GBankroll ($100 in chips) 
Seat 3: alexandr699 ($110.02 in chips) 
Seat 4: pandeli08 ($52.69 in chips) 
Seat 5: SorinS28 ($107.40 in chips) 
Seat 6: uuzka ($107.34 in chips) 
SorinS28: posts small blind $0.50
uuzka: posts big blind $1
*** HOLE CARDS ***
Sadyhov V.V.: folds 
B1GBankroll: raises $1.50 to $2.50
alexandr699: folds 
pandeli08: calls $2.50
SorinS28: folds 
uuzka: folds 
*** FLOP *** [9h Jc Kc]
B1GBankroll: checks 
pandeli08: bets $2
B1GBankroll: folds 
Uncalled bet ($2) returned to pandeli08
pandeli08 collected $6.18 from pot
*** SUMMARY ***
Total pot $6.50 | Rake $0.32 
Board [9h Jc Kc]
Seat 1: Sadyhov V.V. folded before Flop (didn't bet)
Seat 2: B1GBankroll folded on the Flop
Seat 3: alexandr699 folded before Flop (didn't bet)
Seat 4: pandeli08 (button) collected ($6.18)
Seat 5: SorinS28 (small blind) folded before Flop
Seat 6: uuzka (big blind) folded before Flop



PokerStars Hand #254601552446:  Hold'em No Limit ($0.50/$1.00 USD) - 2025/01/28 2:07:17 WET [2025/01/28 21:07:17 ET]
Table 'Kitalpha' 6-max Seat #5 is the button
Seat 1: Sadyhov V.V. ($100 in chips) 
Seat 2: B1GBankroll ($100 in chips) 
Seat 3: alexandr699 ($110.02 in chips) 
Seat 4: pandeli08 ($56.37 in chips) 
Seat 5: SorinS28 ($106.90 in chips) 
Seat 6: uuzka ($106.34 in chips) 
uuzka: posts small blind $0.50
Sadyhov V.V.: posts big blind $1
*** HOLE CARDS ***
B1GBankroll: folds 
alexandr699: folds 
pandeli08: folds 
SorinS28: raises $1.50 to $2.50
uuzka: folds 
Sadyhov V.V.: folds 
Uncalled bet ($1.50) returned to SorinS28
SorinS28 collected $2.50 from pot
SorinS28: doesn't show hand 
*** SUMMARY ***
Total pot $2.50 | Rake $0 
Seat 1: Sadyhov V.V. (big blind) folded before Flop
Seat 2: B1GBankroll folded before Flop (didn't bet)
Seat 3: alexandr699 folded before Flop (didn't bet)
Seat 4: pandeli08 folded before Flop (didn't bet)
Seat 5: SorinS28 (button) collected ($2.50)
Seat 6: uuzka (small blind) folded before Flop



PokerStars Hand #254601555338:  Hold'em No Limit ($0.50/$1.00 USD) - 2025/01/28 2:07:34 WET [2025/01/28 21:07:34 ET]
Table 'Kitalpha' 6-max Seat #6 is the button
Seat 1: Sadyhov V.V. ($100 in chips) 
Seat 2: B1GBankroll ($100 in chips) 
Seat 3: alexandr699 ($110.02 in chips) 
Seat 4: pandeli08 ($56.37 in chips) 
Seat 5: SorinS28 ($108.40 in chips) 
Seat 6: uuzka ($105.84 in chips) 
Sadyhov V.V.: posts small blind $0.50
B1GBankroll: posts big blind $1
*** HOLE CARDS ***
alexandr699: raises $1.98 to $2.98
pandeli08: folds 
SorinS28: raises $6.02 to $9
uuzka: folds 
Sadyhov V.V.: folds 
B1GBankroll: folds 
alexandr699: folds 
Uncalled bet ($6.02) returned to SorinS28
SorinS28 collected $7.46 from pot
SorinS28: doesn't show hand 
*** SUMMARY ***
Total pot $7.46 | Rake $0 
Seat 1: Sadyhov V.V. (small blind) folded before Flop
Seat 2: B1GBankroll (big blind) folded before Flop
Seat 3: alexandr699 folded before Flop
Seat 4: pandeli08 folded before Flop (didn't bet)
Seat 5: SorinS28 collected ($7.46)
Seat 6: uuzka (button) folded before Flop (didn't bet)



PokerStars Hand #254601559116:  Hold'em No Limit ($0.50/$1.00 USD) - 2025/01/28 2:07:57 WET [2025/01/28 21:07:57 ET]
Table 'Kitalpha' 6-max Seat #1 is the button
Seat 1: Sadyhov V.V. ($100 in chips) 
Seat 2: B1GBankroll ($100 in chips) 
Seat 3: alexandr699 ($107.04 in chips) 
Seat 4: pandeli08 ($56.37 in chips) 
Seat 5: SorinS28 ($112.88 in chips) 
Seat 6: uuzka ($105.84 in chips) 
B1GBankroll: posts small blind $0.50
alexandr699: posts big blind $1
*** HOLE CARDS ***
pandeli08: calls $1
SorinS28: folds 
uuzka: folds 
Sadyhov V.V.: folds 
B1GBankroll: folds 
alexandr699: raises $3.98 to $4.98
pandeli08: calls $3.98
*** FLOP *** [7h 6d Js]
alexandr699: bets $3.28
pandeli08: folds 
Uncalled bet ($3.28) returned to alexandr699
alexandr699 collected $9.94 from pot
alexandr699: doesn't show hand 
*** SUMMARY ***
Total pot $10.46 | Rake $0.52 
Board [7h 6d Js]
Seat 1: Sadyhov V.V. (button) folded before Flop (didn't bet)
Seat 2: B1GBankroll (small blind) folded before Flop
Seat 3: alexandr699 (big blind) collected ($9.94)
Seat 4: pandeli08 folded on the Flop
Seat 5: SorinS28 folded before Flop (didn't bet)
Seat 6: uuzka folded before Flop (didn't bet)



PokerStars Hand #254601590829:  Hold'em No Limit ($0.50/$1.00 USD) - 2025/01/28 2:11:16 WET [2025/01/28 21:11:16 ET]
Table 'Kitalpha' 6-max Seat #5 is the button
Seat 1: Sadyhov V.V. ($100 in chips) 
Seat 2: B1GBankroll ($100 in chips) 
Seat 3: alexandr699 ($119.74 in chips) 
Seat 4: pandeli08 ($57.83 in chips) 
Seat 5: SorinS28 ($108.36 in chips) 
Seat 6: uuzka ($100 in chips) 
uuzka: posts small blind $0.50
Sadyhov V.V.: posts big blind $1
*** HOLE CARDS ***
B1GBankroll: folds 
alexandr699: folds 
pandeli08: folds 
SorinS28: folds 
uuzka: folds 
Uncalled bet ($0.50) returned to Sadyhov V.V.
Sadyhov V.V. collected $1 from pot
Sadyhov V.V.: doesn't show hand 
*** SUMMARY ***
Total pot $1 | Rake $0 
Seat 1: Sadyhov V.V. (big blind) collected ($1)
Seat 2: B1GBankroll folded before Flop (didn't bet)
Seat 3: alexandr699 folded before Flop (didn't bet)
Seat 4: pandeli08 folded before Flop (didn't bet)
Seat 5: SorinS28 (button) folded before Flop (didn't bet)
Seat 6: uuzka (small blind) folded before Flop



PokerStars Hand #254601592807:  Hold'em No Limit ($0.50/$1.00 USD) - 2025/01/28 2:11:29 WET [2025/01/28 21:11:29 ET]
Table 'Kitalpha' 6-max Seat #6 is the button
Seat 1: Sadyhov V.V. ($100.50 in chips) 
Seat 2: B1GBankroll ($100 in chips) 
Seat 3: alexandr699 ($119.74 in chips) 
Seat 4: pandeli08 ($57.83 in chips) 
Seat 5: SorinS28 ($108.36 in chips) 
Seat 6: uuzka ($100 in chips) 
Sadyhov V.V.: posts small blind $0.50
B1GBankroll: posts big blind $1
*** HOLE CARDS ***
alexandr699: folds 
pandeli08: folds 
SorinS28: folds 
uuzka: folds 
Sadyhov V.V.: folds 
Uncalled bet ($0.50) returned to B1GBankroll
B1GBankroll collected $1 from pot
B1GBankroll: doesn't show hand 
*** SUMMARY ***
Total pot $1 | Rake $0 
Seat 1: Sadyhov V.V. (small blind) folded before Flop
Seat 2: B1GBankroll (big blind) collected ($1)
Seat 3: alexandr699 folded before Flop (didn't bet)
Seat 4: pandeli08 folded before Flop (didn't bet)
Seat 5: SorinS28 folded before Flop (didn't bet)
Seat 6: uuzka (button) folded before Flop (didn't bet)



PokerStars Hand #254601594947:  Hold'em No Limit ($0.50/$1.00 USD) - 2025/01/28 2:11:43 WET [2025/01/28 21:11:43 ET]
Table 'Kitalpha' 6-max Seat #1 is the button
Seat 1: Sadyhov V.V. ($100 in chips) 
Seat 2: B1GBankroll ($100.50 in chips) 
Seat 3: alexandr699 ($119.74 in chips) 
Seat 4: pandeli08 ($57.83 in chips) 
Seat 5: SorinS28 ($108.36 in chips) 
Seat 6: uuzka ($100 in chips) 
B1GBankroll: posts small blind $0.50
alexandr699: posts big blind $1
*** HOLE CARDS ***
pandeli08: calls $1
SorinS28: raises $2.50 to $3.50
uuzka: folds 
Sadyhov V.V.: calls $3.50
B1GBankroll: folds 
alexandr699: folds 
pandeli08: calls $2.50
*** FLOP *** [Td 3h Jd]
pandeli08: checks 
SorinS28: checks 
Sadyhov V.V.: checks 
*** TURN *** [Td 3h Jd] [4d]
pandeli08: bets $3
SorinS28: calls $3
Sadyhov V.V.: folds 
*** RIVER *** [Td 3h Jd 4d] [Ah]
pandeli08: bets $6
SorinS28 has timed out
SorinS28: folds 
Uncalled bet ($6) returned to pandeli08
pandeli08 collected $17.10 from pot
*** SUMMARY ***
Total pot $18 | Rake $0.90 
Board [Td 3h Jd 4d Ah]
Seat 1: Sadyhov V.V. (button) folded on the Turn
Seat 2: B1GBankroll (small blind) folded before Flop
Seat 3: alexandr699 (big blind) folded before Flop
Seat 4: pandeli08 collected ($17.10)
Seat 5: SorinS28 folded on the River
Seat 6: uuzka folded before Flop (didn't bet)



PokerStars Hand #254601607902:  Hold'em No Limit ($0.50/$1.00 USD) - 2025/01/28 2:13:05 WET [2025/01/28 21:13:05 ET]
Table 'Kitalpha' 6-max Seat #2 is the button
Seat 1: Sadyhov V.V. ($100 in chips) 
Seat 2: B1GBankroll ($100 in chips) 
Seat 3: alexandr699 ($118.74 in chips) 
Seat 4: pandeli08 ($68.43 in chips) 
Seat 5: SorinS28 ($101.86 in chips) 
Seat 6: uuzka ($100 in chips) 
alexandr699: posts small blind $0.50
pandeli08: posts big blind $1
*** HOLE CARDS ***
SorinS28: folds 
uuzka: folds 
Sadyhov V.V.: folds 
B1GBankroll: folds 
alexandr699: raises $1.98 to $2.98
pandeli08: folds 
Uncalled bet ($1.98) returned to alexandr699
alexandr699 collected $2 from pot
alexandr699: doesn't show hand 
*** SUMMARY ***
Total pot $2 | Rake $0 
Seat 1: Sadyhov V.V. folded before Flop (didn't bet)
Seat 2: B1GBankroll (button) folded before Flop (didn't bet)
Seat 3: alexandr699 (small blind) collected ($2)
Seat 4: pandeli08 (big blind) folded before Flop
Seat 5: SorinS28 folded before Flop (didn't bet)
Seat 6: uuzka folded before Flop (didn't bet)



PokerStars Hand #254601611967:  Hold'em No Limit ($0.50/$1.00 USD) - 2025/01/28 2:13:32 WET [2025/01/28 21:13:32 ET]
Table 'Kitalpha' 6-max Seat #3 is the button
Seat 1: Sadyhov V.V. ($100 in chips) 
Seat 2: B1GBankroll ($100 in chips) 
Seat 3: alexandr699 ($119.74 in chips) 
Seat 4: pandeli08 ($67.43 in chips) 
Seat 5: SorinS28 ($101.86 in chips) 
Seat 6: uuzka ($100 in chips) 
pandeli08: posts small blind $0.50
SorinS28: posts big blind $1
*** HOLE CARDS ***
uuzka: folds 
Sadyhov V.V.: folds 
B1GBankroll: folds 
alexandr699: folds 
pandeli08: calls $0.50
SorinS28: checks 
*** FLOP *** [Qd 3s 8c]
pandeli08: checks 
SorinS28: bets $1
pandeli08: calls $1
*** TURN *** [Qd 3s 8c] [7h]
pandeli08: checks 
SorinS28: bets $5.74
pandeli08: folds 
Uncalled bet ($5.74) returned to SorinS28
SorinS28 collected $3.80 from pot
SorinS28: doesn't show hand 
*** SUMMARY ***
Total pot $4 | Rake $0.20 
Board [Qd 3s 8c 7h]
Seat 1: Sadyhov V.V. folded before Flop (didn't bet)
Seat 2: B1GBankroll folded before Flop (didn't bet)
Seat 3: alexandr699 (button) folded before Flop (didn't bet)
Seat 4: pandeli08 (small blind) folded on the Turn
Seat 5: SorinS28 (big blind) collected ($3.80)
Seat 6: uuzka folded before Flop (didn't bet)



PokerStars Hand #254601619250:  Hold'em No Limit ($0.50/$1.00 USD) - 2025/01/28 2:14:18 WET [2025/01/28 21:14:18 ET]
Table 'Kitalpha' 6-max Seat #4 is the button
Seat 1: Sadyhov V.V. ($100 in chips) 
Seat 2: B1GBankroll ($100 in chips) 
Seat 3: alexandr699 ($119.74 in chips) 
Seat 4: pandeli08 ($65.43 in chips) 
Seat 5: SorinS28 ($103.66 in chips) 
Seat 6: uuzka ($100 in chips) 
SorinS28: posts small blind $0.50
uuzka: posts big blind $1
*** HOLE CARDS ***
Sadyhov V.V.: folds 
B1GBankroll: folds 
alexandr699: raises $1.98 to $2.98
pandeli08: folds 
SorinS28: folds 
uuzka: folds 
Uncalled bet ($1.98) returned to alexandr699
alexandr699 collected $2.50 from pot
alexandr699: doesn't show hand 
*** SUMMARY ***
Total pot $2.50 | Rake $0 
Seat 1: Sadyhov V.V. folded before Flop (didn't bet)
Seat 2: B1GBankroll folded before Flop (didn't bet)
Seat 3: alexandr699 collected ($2.50)
Seat 4: pandeli08 (button) folded before Flop (didn't bet)
Seat 5: SorinS28 (small blind) folded before Flop
Seat 6: uuzka (big blind) folded before Flop



PokerStars Hand #254601624371:  Hold'em No Limit ($0.50/$1.00 USD) - 2025/01/28 2:14:51 WET [2025/01/28 21:14:51 ET]
Table 'Kitalpha' 6-max Seat #5 is the button
Seat 1: Sadyhov V.V. ($100 in chips) 
Seat 2: B1GBankroll ($100 in chips) 
Seat 3: alexandr699 ($121.24 in chips) 
Seat 4: pandeli08 ($65.43 in chips) 
Seat 5: SorinS28 ($103.16 in chips) 
Seat 6: uuzka ($100 in chips) 
uuzka: posts small blind $0.50
Sadyhov V.V.: posts big blind $1
*** HOLE CARDS ***
B1GBankroll: folds 
alexandr699: folds 
pandeli08: calls $1
SorinS28: folds 
uuzka: folds 
Sadyhov V.V.: raises $4 to $5
pandeli08: calls $4
*** FLOP *** [Kd 9d 4h]
Sadyhov V.V.: bets $8
pandeli08: folds 
Uncalled bet ($8) returned to Sadyhov V.V.
Sadyhov V.V. collected $9.98 from pot
Sadyhov V.V.: doesn't show hand 
*** SUMMARY ***
Total pot $10.50 | Rake $0.52 
Board [Kd 9d 4h]
Seat 1: Sadyhov V.V. (big blind) collected ($9.98)
Seat 2: B1GBankroll folded before Flop (didn't bet)
Seat 3: alexandr699 folded before Flop (didn't bet)
Seat 4: pandeli08 folded on the Flop
Seat 5: SorinS28 (button) folded before Flop (didn't bet)
Seat 6: uuzka (small blind) folded before Flop



PokerStars Hand #254601630463:  Hold'em No Limit ($0.50/$1.00 USD) - 2025/01/28 2:15:30 WET [2025/01/28 21:15:30 ET]
Table 'Kitalpha' 6-max Seat #6 is the button
Seat 1: Sadyhov V.V. ($104.98 in chips) 
Seat 2: B1GBankroll ($100 in chips) 
Seat 3: alexandr699 ($121.24 in chips) 
Seat 4: pandeli08 ($60.43 in chips) 
Seat 5: SorinS28 ($103.16 in chips) 
Seat 6: uuzka ($100 in chips) 
Sadyhov V.V.: posts small blind $0.50
B1GBankroll: posts big blind $1
*** HOLE CARDS ***
alexandr699: folds 
pandeli08: calls $1
SorinS28: folds 
uuzka: folds 
Sadyhov V.V.: calls $0.50
B1GBankroll: checks 
*** FLOP *** [Kd 3c Js]
Sadyhov V.V.: checks 
B1GBankroll: checks 
pandeli08: checks 
*** TURN *** [Kd 3c Js] [Ks]
Sadyhov V.V.: checks 
B1GBankroll: checks 
pandeli08: bets $2
Sadyhov V.V.: folds 
B1GBankroll: folds 
Uncalled bet ($2) returned to pandeli08
pandeli08 collected $2.85 from pot
*** SUMMARY ***
Total pot $3 | Rake $0.15 
Board [Kd 3c Js Ks]
Seat 1: Sadyhov V.V. (small blind) folded on the Turn
Seat 2: B1GBankroll (big blind) folded on the Turn
Seat 3: alexandr699 folded before Flop (didn't bet)
Seat 4: pandeli08 collected ($2.85)
Seat 5: SorinS28 folded before Flop (didn't bet)
Seat 6: uuzka (button) folded before Flop (didn't bet)



PokerStars Hand #254601642519:  Hold'em No Limit ($0.50/$1.00 USD) - 2025/01/28 2:16:48 WET [2025/01/28 21:16:48 ET]
Table 'Kitalpha' 6-max Seat #1 is the button
Seat 1: Sadyhov V.V. ($103.98 in chips) 
Seat 2: B1GBankroll ($100 in chips) 
Seat 3: alexandr699 ($121.24 in chips) 
Seat 4: pandeli08 ($62.28 in chips) 
Seat 5: SorinS28 ($103.16 in chips) 
Seat 6: uuzka ($100 in chips) 
B1GBankroll: posts small blind $0.50
alexandr699: posts big blind $1
*** HOLE CARDS ***
pandeli08: calls $1
SorinS28: folds 
uuzka: folds 
Sadyhov V.V.: folds 
B1GBankroll: calls $0.50
alexandr699: checks 
*** FLOP *** [5c 9h Ks]
B1GBankroll: checks 
alexandr699: checks 
pandeli08: checks 
*** TURN *** [5c 9h Ks] [8c]
B1GBankroll: checks 
alexandr699: checks 
pandeli08: checks 
*** RIVER *** [5c 9h Ks 8c] [Kh]
B1GBankroll: checks 
alexandr699: checks 
pandeli08: checks 
*** SHOW DOWN ***
B1GBankroll: shows [2d 2s] (two pair, Kings and Deuces)
alexandr699: mucks hand 
pandeli08: mucks hand 
B1GBankroll collected $2.85 from pot
*** SUMMARY ***
Total pot $3 | Rake $0.15 
Board [5c 9h Ks 8c Kh]
Seat 1: Sadyhov V.V. (button) folded before Flop (didn't bet)
Seat 2: B1GBankroll (small blind) showed [2d 2s] and won ($2.85) with two pair, Kings and Deuces
Seat 3: alexandr699 (big blind) mucked
Seat 4: pandeli08 mucked
Seat 5: SorinS28 folded before Flop (didn't bet)
Seat 6: uuzka folded before Flop (didn't bet)



PokerStars Hand #254601652512:  Hold'em No Limit ($0.50/$1.00 USD) - 2025/01/28 2:17:52 WET [2025/01/28 21:17:52 ET]
Table 'Kitalpha' 6-max Seat #2 is the button
Seat 1: Sadyhov V.V. ($103.98 in chips) 
Seat 2: B1GBankroll ($101.85 in chips) 
Seat 3: alexandr699 ($120.24 in chips) 
Seat 4: pandeli08 ($61.28 in chips) 
Seat 5: SorinS28 ($103.16 in chips) 
Seat 6: uuzka ($100 in chips) 
alexandr699: posts small blind $0.50
pandeli08: posts big blind $1
*** HOLE CARDS ***
SorinS28: raises $1.02 to $2.02
uuzka: folds 
Sadyhov V.V.: folds 
B1GBankroll: folds 
alexandr699: folds 
pandeli08: calls $1.02
*** FLOP *** [6d 4d Jc]
pandeli08: checks 
SorinS28: bets $1.21
pandeli08: folds 
Uncalled bet ($1.21) returned to SorinS28
SorinS28 collected $4.31 from pot
SorinS28: doesn't show hand 
*** SUMMARY ***
Total pot $4.54 | Rake $0.23 
Board [6d 4d Jc]
Seat 1: Sadyhov V.V. folded before Flop (didn't bet)
Seat 2: B1GBankroll (button) folded before Flop (didn't bet)
Seat 3: alexandr699 (small blind) folded before Flop
Seat 4: pandeli08 (big blind) folded on the Flop
Seat 5: SorinS28 collected ($4.31)
Seat 6: uuzka folded before Flop (didn't bet)



PokerStars Hand #254601657382:  Hold'em No Limit ($0.50/$1.00 USD) - 2025/01/28 2:18:24 WET [2025/01/28 21:18:24 ET]
Table 'Kitalpha' 6-max Seat #3 is the button
Seat 1: Sadyhov V.V. ($103.98 in chips) 
Seat 2: B1GBankroll ($101.85 in chips) 
Seat 3: alexandr699 ($119.74 in chips) 
Seat 4: pandeli08 ($59.26 in chips) 
Seat 5: SorinS28 ($105.45 in chips) 
Seat 6: uuzka ($100 in chips) 
pandeli08: posts small blind $0.50
SorinS28: posts big blind $1
*** HOLE CARDS ***
uuzka: folds 
Sadyhov V.V.: folds 
B1GBankroll: raises $1.50 to $2.50
alexandr699: folds 
pandeli08: calls $2
SorinS28: calls $1.50
*** FLOP *** [4s Tc 7d]
pandeli08: bets $3
SorinS28: folds 
B1GBankroll: calls $3
*** TURN *** [4s Tc 7d] [Jc]
pandeli08: bets $5
B1GBankroll: folds 
Uncalled bet ($5) returned to pandeli08
pandeli08 collected $12.82 from pot
*** SUMMARY ***
Total pot $13.50 | Rake $0.68 
Board [4s Tc 7d Jc]
Seat 1: Sadyhov V.V. folded before Flop (didn't bet)
Seat 2: B1GBankroll folded on the Turn
Seat 3: alexandr699 (button) folded before Flop (didn't bet)
Seat 4: pandeli08 (small blind) collected ($12.82)
Seat 5: SorinS28 (big blind) folded on the Flop
Seat 6: uuzka folded before Flop (didn't bet)



PokerStars Hand #254601668086:  Hold'em No Limit ($0.50/$1.00 USD) - 2025/01/28 2:19:34 WET [2025/01/28 21:19:34 ET]
Table 'Kitalpha' 6-max Seat #4 is the button
Seat 1: Sadyhov V.V. ($103.98 in chips) 
Seat 2: B1GBankroll ($100 in chips) 
Seat 3: alexandr699 ($119.74 in chips) 
Seat 4: pandeli08 ($66.58 in chips) 
Seat 5: SorinS28 ($102.95 in chips) 
Seat 6: uuzka ($100 in chips) 
SorinS28: posts small blind $0.50
uuzka: posts big blind $1
*** HOLE CARDS ***
Sadyhov V.V.: folds 
B1GBankroll: folds 
alexandr699: raises $1.98 to $2.98
pandeli08: calls $2.98
SorinS28: folds 
uuzka: folds 
*** FLOP *** [7h 9d Kd]
alexandr699: bets $1.77
pandeli08: folds 
Uncalled bet ($1.77) returned to alexandr699
alexandr699 collected $7.09 from pot
alexandr699: doesn't show hand 
*** SUMMARY ***
Total pot $7.46 | Rake $0.37 
Board [7h 9d Kd]
Seat 1: Sadyhov V.V. folded before Flop (didn't bet)
Seat 2: B1GBankroll folded before Flop (didn't bet)
Seat 3: alexandr699 collected ($7.09)
Seat 4: pandeli08 (button) folded on the Flop
Seat 5: SorinS28 (small blind) folded before Flop
Seat 6: uuzka (big blind) folded before Flop



PokerStars Hand #254601673008:  Hold'em No Limit ($0.50/$1.00 USD) - 2025/01/28 2:20:07 WET [2025/01/28 21:20:07 ET]
Table 'Kitalpha' 6-max Seat #5 is the button
Seat 1: Sadyhov V.V. ($103.98 in chips) 
Seat 2: B1GBankroll ($100 in chips) 
Seat 3: alexandr699 ($123.85 in chips) 
Seat 4: pandeli08 ($63.60 in chips) 
Seat 5: SorinS28 ($102.45 in chips) 
Seat 6: uuzka ($100 in chips) 
uuzka: posts small blind $0.50
Sadyhov V.V.: posts big blind $1
*** HOLE CARDS ***
B1GBankroll: folds 
alexandr699: folds 
pandeli08: calls $1
SorinS28: raises $4 to $5
uuzka: folds 
Sadyhov V.V.: folds 
pandeli08: calls $4
*** FLOP *** [4s 6s Ac]
pandeli08: checks 
SorinS28: bets $3.06
pandeli08: calls $3.06
*** TURN *** [4s 6s Ac] [6h]
pandeli08: checks 
SorinS28: bets $12.56
pandeli08: folds 
Uncalled bet ($12.56) returned to SorinS28
SorinS28 collected $16.74 from pot
SorinS28: doesn't show hand 
*** SUMMARY ***
Total pot $17.62 | Rake $0.88 
Board [4s 6s Ac 6h]
Seat 1: Sadyhov V.V. (big blind) folded before Flop
Seat 2: B1GBankroll folded before Flop (didn't bet)
Seat 3: alexandr699 folded before Flop (didn't bet)
Seat 4: pandeli08 folded on the Turn
Seat 5: SorinS28 (button) collected ($16.74)
Seat 6: uuzka (small blind) folded before Flop



PokerStars Hand #254601683013:  Hold'em No Limit ($0.50/$1.00 USD) - 2025/01/28 2:21:13 WET [2025/01/28 21:21:13 ET]
Table 'Kitalpha' 6-max Seat #6 is the button
Seat 1: Sadyhov V.V. ($102.98 in chips) 
Seat 2: B1GBankroll ($100 in chips) 
Seat 3: alexandr699 ($123.85 in chips) 
Seat 4: pandeli08 ($55.54 in chips) 
Seat 5: SorinS28 ($111.13 in chips) 
Seat 6: uuzka ($100 in chips) 
Sadyhov V.V.: posts small blind $0.50
B1GBankroll: posts big blind $1
*** HOLE CARDS ***
alexandr699: folds 
pandeli08: calls $1
SorinS28: folds 
uuzka: folds 
Sadyhov V.V.: folds 
B1GBankroll: checks 
*** FLOP *** [Kc 2d 8c]
B1GBankroll: checks 
pandeli08: checks 
*** TURN *** [Kc 2d 8c] [Jd]
B1GBankroll: checks 
pandeli08: bets $2
B1GBankroll: folds 
Uncalled bet ($2) returned to pandeli08
pandeli08 collected $2.38 from pot
*** SUMMARY ***
Total pot $2.50 | Rake $0.12 
Board [Kc 2d 8c Jd]
Seat 1: Sadyhov V.V. (small blind) folded before Flop
Seat 2: B1GBankroll (big blind) folded on the Turn
Seat 3: alexandr699 folded before Flop (didn't bet)
Seat 4: pandeli08 collected ($2.38)
Seat 5: SorinS28 folded before Flop (didn't bet)
Seat 6: uuzka (button) folded before Flop (didn't bet)



PokerStars Hand #254601687700:  Hold'em No Limit ($0.50/$1.00 USD) - 2025/01/28 2:21:45 WET [2025/01/28 21:21:45 ET]
Table 'Kitalpha' 6-max Seat #1 is the button
Seat 1: Sadyhov V.V. ($102.48 in chips) 
Seat 2: B1GBankroll ($100 in chips) 
Seat 3: alexandr699 ($123.85 in chips) 
Seat 4: pandeli08 ($56.92 in chips) 
Seat 5: SorinS28 ($111.13 in chips) 
Seat 6: uuzka ($100 in chips) 
B1GBankroll: posts small blind $0.50
alexandr699: posts big blind $1
*** HOLE CARDS ***
pandeli08: calls $1
SorinS28: folds 
uuzka: folds 
Sadyhov V.V.: folds 
B1GBankroll: folds 
alexandr699: checks 
*** FLOP *** [Ts 4h Qc]
alexandr699: checks 
pandeli08: checks 
*** TURN *** [Ts 4h Qc] [6c]
alexandr699: checks 
pandeli08: checks 
*** RIVER *** [Ts 4h Qc 6c] [4d]
alexandr699: bets $2.02
pandeli08: folds 
Uncalled bet ($2.02) returned to alexandr699
alexandr699 collected $2.38 from pot
alexandr699: doesn't show hand 
*** SUMMARY ***
Total pot $2.50 | Rake $0.12 
Board [Ts 4h Qc 6c 4d]
Seat 1: Sadyhov V.V. (button) folded before Flop (didn't bet)
Seat 2: B1GBankroll (small blind) folded before Flop
Seat 3: alexandr699 (big blind) collected ($2.38)
Seat 4: pandeli08 folded on the River
Seat 5: SorinS28 folded before Flop (didn't bet)
Seat 6: uuzka folded before Flop (didn't bet)



PokerStars Hand #254601691867:  Hold'em No Limit ($0.50/$1.00 USD) - 2025/01/28 2:22:13 WET [2025/01/28 21:22:13 ET]
Table 'Kitalpha' 6-max Seat #2 is the button
Seat 1: Sadyhov V.V. ($102.48 in chips) 
Seat 2: B1GBankroll ($100 in chips) 
Seat 3: alexandr699 ($125.23 in chips) 
Seat 4: pandeli08 ($55.92 in chips) 
Seat 5: SorinS28 ($111.13 in chips) 
Seat 6: uuzka ($100 in chips) 
alexandr699: posts small blind $0.50
pandeli08: posts big blind $1
*** HOLE CARDS ***
SorinS28: folds 
uuzka: folds 
Sadyhov V.V.: folds 
B1GBankroll: raises $1.50 to $2.50
alexandr699: folds 
pandeli08: calls $1.50
*** FLOP *** [4h Jd 6d]
pandeli08: checks 
B1GBankroll: bets $4.65
pandeli08: folds 
Uncalled bet ($4.65) returned to B1GBankroll
B1GBankroll collected $5.22 from pot
B1GBankroll: doesn't show hand 
*** SUMMARY ***
Total pot $5.50 | Rake $0.28 
Board [4h Jd 6d]
Seat 1: Sadyhov V.V. folded before Flop (didn't bet)
Seat 2: B1GBankroll (button) collected ($5.22)
Seat 3: alexandr699 (small blind) folded before Flop
Seat 4: pandeli08 (big blind) folded on the Flop
Seat 5: SorinS28 folded before Flop (didn't bet)
Seat 6: uuzka folded before Flop (didn't bet)



PokerStars Hand #254601696469:  Hold'em No Limit ($0.50/$1.00 USD) - 2025/01/28 2:22:44 WET [2025/01/28 21:22:44 ET]
Table 'Kitalpha' 6-max Seat #3 is the button
Seat 1: Sadyhov V.V. ($102.48 in chips) 
Seat 2: B1GBankroll ($102.72 in chips) 
Seat 3: alexandr699 ($124.73 in chips) 
Seat 4: pandeli08 ($53.42 in chips) 
Seat 5: SorinS28 ($111.13 in chips) 
Seat 6: uuzka ($100 in chips) 
pandeli08: posts small blind $0.50
SorinS28: posts big blind $1
*** HOLE CARDS ***
uuzka: folds 
Sadyhov V.V.: raises $1.20 to $2.20
B1GBankroll: folds 
alexandr699: calls $2.20
pandeli08: calls $1.70
SorinS28: folds 
*** FLOP *** [5h 8h Kh]
pandeli08: checks 
Sadyhov V.V.: checks 
alexandr699: bets $1.80
pandeli08: calls $1.80
Sadyhov V.V.: folds 
*** TURN *** [5h 8h Kh] [Jc]
pandeli08: checks 
alexandr699: checks 
*** RIVER *** [5h 8h Kh Jc] [8d]
pandeli08: checks 
alexandr699: checks 
*** SHOW DOWN ***
pandeli08: shows [8s 5s] (a full house, Eights full of Fives)
alexandr699: mucks hand 
pandeli08 collected $10.64 from pot
*** SUMMARY ***
Total pot $11.20 | Rake $0.56 
Board [5h 8h Kh Jc 8d]
Seat 1: Sadyhov V.V. folded on the Flop
Seat 2: B1GBankroll folded before Flop (didn't bet)
Seat 3: alexandr699 (button) mucked
Seat 4: pandeli08 (small blind) showed [8s 5s] and won ($10.64) with a full house, Eights full of Fives
Seat 5: SorinS28 (big blind) folded before Flop
Seat 6: uuzka folded before Flop (didn't bet)



PokerStars Hand #254601706293:  Hold'em No Limit ($0.50/$1.00 USD) - 2025/01/28 2:23:50 WET [2025/01/28 21:23:50 ET]
Table 'Kitalpha' 6-max Seat #4 is the button
Seat 1: Sadyhov V.V. ($100.28 in chips) 
Seat 2: B1GBankroll ($102.72 in chips) 
Seat 3: alexandr699 ($120.73 in chips) 
Seat 4: pandeli08 ($60.06 in chips) 
Seat 5: SorinS28 ($110.13 in chips) 
Seat 6: uuzka ($100 in chips) 
SorinS28: posts small blind $0.50
uuzka: posts big blind $1
*** HOLE CARDS ***
Sadyhov V.V.: folds 
B1GBankroll: folds 
alexandr699: raises $1.98 to $2.98
pandeli08: calls $2.98
SorinS28: folds 
uuzka: folds 
*** FLOP *** [Ac 2h 8d]
alexandr699: bets $1.77
pandeli08: calls $1.77
*** TURN *** [Ac 2h 8d] [Qc]
alexandr699: bets $6.79
pandeli08: calls $6.79
*** RIVER *** [Ac 2h 8d Qc] [As]
alexandr699: checks 
pandeli08: bets $13
alexandr699: folds 
Uncalled bet ($13) returned to pandeli08
pandeli08 collected $23.35 from pot
*** SUMMARY ***
Total pot $24.58 | Rake $1.23 
Board [Ac 2h 8d Qc As]
Seat 1: Sadyhov V.V. folded before Flop (didn't bet)
Seat 2: B1GBankroll folded before Flop (didn't bet)
Seat 3: alexandr699 folded on the River
Seat 4: pandeli08 (button) collected ($23.35)
Seat 5: SorinS28 (small blind) folded before Flop
Seat 6: uuzka (big blind) folded before Flop



PokerStars Hand #254601719564:  Hold'em No Limit ($0.50/$1.00 USD) - 2025/01/28 2:25:18 WET [2025/01/28 21:25:18 ET]
Table 'Kitalpha' 6-max Seat #5 is the button
Seat 1: Sadyhov V.V. ($100.28 in chips) 
Seat 2: B1GBankroll ($102.72 in chips) 
Seat 3: alexandr699 ($109.19 in chips) 
Seat 4: pandeli08 ($71.87 in chips) 
Seat 5: SorinS28 ($109.63 in chips) 
Seat 6: uuzka ($100 in chips) 
uuzka: posts small blind $0.50
Sadyhov V.V.: posts big blind $1
*** HOLE CARDS ***
B1GBankroll: folds 
alexandr699: folds 
pandeli08: calls $1
SorinS28: folds 
alexandr699 leaves the table
uuzka: raises $4 to $5
Sadyhov V.V.: folds 
pandeli08: folds 
Uncalled bet ($4) returned to uuzka
uuzka collected $3 from pot
uuzka: doesn't show hand 
*** SUMMARY ***
Total pot $3 | Rake $0 
Seat 1: Sadyhov V.V. (big blind) folded before Flop
Seat 2: B1GBankroll folded before Flop (didn't bet)
Seat 3: alexandr699 folded before Flop (didn't bet)
Seat 4: pandeli08 folded before Flop
Seat 5: SorinS28 (button) folded before Flop (didn't bet)
Seat 6: uuzka (small blind) collected ($3)



PokerStars Hand #254601724185:  Hold'em No Limit ($0.50/$1.00 USD) - 2025/01/28 2:25:49 WET [2025/01/28 21:25:49 ET]
Table 'Kitalpha' 6-max Seat #6 is the button
Seat 1: Sadyhov V.V. ($100 in chips) 
Seat 2: B1GBankroll ($102.72 in chips) 
Seat 4: pandeli08 ($70.87 in chips) 
Seat 5: SorinS28 ($109.63 in chips) 
Seat 6: uuzka ($102 in chips) 
Sadyhov V.V.: posts small blind $0.50
B1GBankroll: posts big blind $1
*** HOLE CARDS ***
pandeli08: calls $1
SorinS28: folds 
uuzka: folds 
Sadyhov V.V.: calls $0.50
50CandyJoe joins the table at seat #3 
B1GBankroll: checks 
*** FLOP *** [8h Jh Qh]
Sadyhov V.V.: checks 
B1GBankroll: checks 
pandeli08: checks 
*** TURN *** [8h Jh Qh] [Js]
Sadyhov V.V.: checks 
B1GBankroll: checks 
pandeli08: checks 
*** RIVER *** [8h Jh Qh Js] [3h]
Sadyhov V.V.: checks 
B1GBankroll: checks 
pandeli08: checks 
*** SHOW DOWN ***
Sadyhov V.V.: shows [3s Qs] (two pair, Queens and Jacks)
B1GBankroll: shows [7h 6s] (a flush, Queen high)
pandeli08: mucks hand 
B1GBankroll collected $2.85 from pot
*** SUMMARY ***
Total pot $3 | Rake $0.15 
Board [8h Jh Qh Js 3h]
Seat 1: Sadyhov V.V. (small blind) showed [3s Qs] and lost with two pair, Queens and Jacks
Seat 2: B1GBankroll (big blind) showed [7h 6s] and won ($2.85) with a flush, Queen high
Seat 4: pandeli08 mucked
Seat 5: SorinS28 folded before Flop (didn't bet)
Seat 6: uuzka (button) folded before Flop (didn't bet)



PokerStars Hand #254601734837:  Hold'em No Limit ($0.50/$1.00 USD) - 2025/01/28 2:27:00 WET [2025/01/28 21:27:00 ET]
Table 'Kitalpha' 6-max Seat #1 is the button
Seat 1: Sadyhov V.V. ($100 in chips) 
Seat 2: B1GBankroll ($104.57 in chips) 
Seat 3: 50CandyJoe ($100 in chips) 
Seat 4: pandeli08 ($69.87 in chips) 
Seat 5: SorinS28 ($109.63 in chips) 
Seat 6: uuzka ($102 in chips) 
B1GBankroll: posts small blind $0.50
50CandyJoe: posts big blind $1
*** HOLE CARDS ***
pandeli08: calls $1
SorinS28: folds 
uuzka: folds 
Sadyhov V.V.: folds 
B1GBankroll: folds 
50CandyJoe: checks 
*** FLOP *** [5s Th Jd]
50CandyJoe: checks 
pandeli08: checks 
*** TURN *** [5s Th Jd] [Qd]
50CandyJoe: checks 
pandeli08: checks 
*** RIVER *** [5s Th Jd Qd] [2h]
50CandyJoe: bets $1
pandeli08: calls $1
*** SHOW DOWN ***
50CandyJoe: shows [8d Tc] (a pair of Tens)
pandeli08: mucks hand 
50CandyJoe collected $4.28 from pot
*** SUMMARY ***
Total pot $4.50 | Rake $0.22 
Board [5s Th Jd Qd 2h]
Seat 1: Sadyhov V.V. (button) folded before Flop (didn't bet)
Seat 2: B1GBankroll (small blind) folded before Flop
Seat 3: 50CandyJoe (big blind) showed [8d Tc] and won ($4.28) with a pair of Tens
Seat 4: pandeli08 mucked
Seat 5: SorinS28 folded before Flop (didn't bet)
Seat 6: uuzka folded before Flop (didn't bet)



PokerStars Hand #254601741643:  Hold'em No Limit ($0.50/$1.00 USD) - 2025/01/28 2:27:45 WET [2025/01/28 21:27:45 ET]
Table 'Kitalpha' 6-max Seat #2 is the button
Seat 1: Sadyhov V.V. ($100 in chips) 
Seat 2: B1GBankroll ($104.07 in chips) 
Seat 3: 50CandyJoe ($102.28 in chips) 
Seat 4: pandeli08 ($67.87 in chips) 
Seat 5: SorinS28 ($109.63 in chips) 
Seat 6: uuzka ($102 in chips) 
50CandyJoe: posts small blind $0.50
pandeli08: posts big blind $1
*** HOLE CARDS ***
SorinS28: raises $1.02 to $2.02
uuzka: folds 
Sadyhov V.V.: folds 
B1GBankroll: folds 
50CandyJoe: folds 
pandeli08: calls $1.02
*** FLOP *** [6d 3s Qc]
pandeli08: checks 
SorinS28: bets $2.16
pandeli08: calls $2.16
*** TURN *** [6d 3s Qc] [5h]
pandeli08: checks 
SorinS28: bets $6.31
pandeli08: calls $6.31
*** RIVER *** [6d 3s Qc 5h] [4h]
pandeli08: bets $20.41
SorinS28: calls $20.41
*** SHOW DOWN ***
pandeli08: shows [3h Jh] (a pair of Threes)
SorinS28: shows [Kd Ks] (a pair of Kings)
SorinS28 collected $59.80 from pot
*** SUMMARY ***
Total pot $62.30 | Rake $2.50 
Board [6d 3s Qc 5h 4h]
Seat 1: Sadyhov V.V. folded before Flop (didn't bet)
Seat 2: B1GBankroll (button) folded before Flop (didn't bet)
Seat 3: 50CandyJoe (small blind) folded before Flop
Seat 4: pandeli08 (big blind) showed [3h Jh] and lost with a pair of Threes
Seat 5: SorinS28 showed [Kd Ks] and won ($59.80) with a pair of Kings
Seat 6: uuzka folded before Flop (didn't bet)



PokerStars Hand #254601753166:  Hold'em No Limit ($0.50/$1.00 USD) - 2025/01/28 2:29:03 WET [2025/01/28 21:29:03 ET]
Table 'Kitalpha' 6-max Seat #3 is the button
Seat 1: Sadyhov V.V. ($100 in chips) 
Seat 2: B1GBankroll ($104.07 in chips) 
Seat 3: 50CandyJoe ($101.78 in chips) 
Seat 4: pandeli08 ($36.97 in chips) 
Seat 5: SorinS28 ($138.53 in chips) 
Seat 6: uuzka ($102 in chips) 
pandeli08: posts small blind $0.50
SorinS28: posts big blind $1
*** HOLE CARDS ***
uuzka: raises $1.20 to $2.20
Sadyhov V.V.: folds 
B1GBankroll: folds 
50CandyJoe: folds 
pandeli08: calls $1.70
SorinS28: calls $1.20
*** FLOP *** [4c Ad 2d]
pandeli08: checks 
SorinS28: checks 
uuzka: checks 
*** TURN *** [4c Ad 2d] [Qs]
pandeli08: bets $6.27
SorinS28: raises $9.41 to $15.68
uuzka: folds 
pandeli08: folds 
Uncalled bet ($9.41) returned to SorinS28
SorinS28 collected $18.18 from pot
SorinS28: doesn't show hand 
*** SUMMARY ***
Total pot $19.14 | Rake $0.96 
Board [4c Ad 2d Qs]
Seat 1: Sadyhov V.V. folded before Flop (didn't bet)
Seat 2: B1GBankroll folded before Flop (didn't bet)
Seat 3: 50CandyJoe (button) folded before Flop (didn't bet)
Seat 4: pandeli08 (small blind) folded on the Turn
Seat 5: SorinS28 (big blind) collected ($18.18)
Seat 6: uuzka folded on the Turn



PokerStars Hand #254601760497:  Hold'em No Limit ($0.50/$1.00 USD) - 2025/01/28 2:29:53 WET [2025/01/28 21:29:53 ET]
Table 'Kitalpha' 6-max Seat #4 is the button
Seat 1: Sadyhov V.V. ($100 in chips) 
Seat 2: B1GBankroll ($104.07 in chips) 
Seat 3: 50CandyJoe ($101.78 in chips) 
Seat 4: pandeli08 ($28.50 in chips) 
Seat 5: SorinS28 ($148.24 in chips) 
Seat 6: uuzka ($100 in chips) 
SorinS28: posts small blind $0.50
uuzka: posts big blind $1
*** HOLE CARDS ***
Sadyhov V.V.: folds 
B1GBankroll: folds 
50CandyJoe: folds 
pandeli08: calls $1
SorinS28: raises $5 to $6
uuzka: folds 
pandeli08: calls $5
*** FLOP *** [2d 3s 3h]
SorinS28: bets $6.18
pandeli08: calls $6.18
*** TURN *** [2d 3s 3h] [4s]
SorinS28: checks 
pandeli08: checks 
*** RIVER *** [2d 3s 3h 4s] [7c]
SorinS28: bets $18.07
pandeli08: folds 
Uncalled bet ($18.07) returned to SorinS28
SorinS28 collected $24.09 from pot
SorinS28: doesn't show hand 
*** SUMMARY ***
Total pot $25.36 | Rake $1.27 
Board [2d 3s 3h 4s 7c]
Seat 1: Sadyhov V.V. folded before Flop (didn't bet)
Seat 2: B1GBankroll folded before Flop (didn't bet)
Seat 3: 50CandyJoe folded before Flop (didn't bet)
Seat 4: pandeli08 (button) folded on the River
Seat 5: SorinS28 (small blind) collected ($24.09)
Seat 6: uuzka (big blind) folded before Flop



PokerStars Hand #254601767664:  Hold'em No Limit ($0.50/$1.00 USD) - 2025/01/28 2:30:41 WET [2025/01/28 21:30:41 ET]
Table 'Kitalpha' 6-max Seat #5 is the button
Seat 1: Sadyhov V.V. ($100 in chips) 
Seat 2: B1GBankroll ($104.07 in chips) 
Seat 3: 50CandyJoe ($101.78 in chips) 
Seat 4: pandeli08 ($16.32 in chips) 
Seat 5: SorinS28 ($160.15 in chips) 
Seat 6: uuzka ($100 in chips) 
uuzka: posts small blind $0.50
Sadyhov V.V.: posts big blind $1
*** HOLE CARDS ***
B1GBankroll: folds 
50CandyJoe: folds 
pandeli08: calls $1
SorinS28: folds 
uuzka: folds 
Sadyhov V.V.: checks 
*** FLOP *** [4h 9h Js]
Sadyhov V.V.: checks 
pandeli08: checks 
*** TURN *** [4h 9h Js] [Jc]
Sadyhov V.V.: checks 
pandeli08: checks 
*** RIVER *** [4h 9h Js Jc] [5s]
Sadyhov V.V.: checks 
pandeli08: checks 
*** SHOW DOWN ***
Sadyhov V.V.: shows [Qc 2d] (a pair of Jacks)
pandeli08: mucks hand 
Sadyhov V.V. collected $2.38 from pot
*** SUMMARY ***
Total pot $2.50 | Rake $0.12 
Board [4h 9h Js Jc 5s]
Seat 1: Sadyhov V.V. (big blind) showed [Qc 2d] and won ($2.38) with a pair of Jacks
Seat 2: B1GBankroll folded before Flop (didn't bet)
Seat 3: 50CandyJoe folded before Flop (didn't bet)
Seat 4: pandeli08 mucked
Seat 5: SorinS28 (button) folded before Flop (didn't bet)
Seat 6: uuzka (small blind) folded before Flop



PokerStars Hand #254601773366:  Hold'em No Limit ($0.50/$1.00 USD) - 2025/01/28 2:31:19 WET [2025/01/28 21:31:19 ET]
Table 'Kitalpha' 6-max Seat #6 is the button
Seat 1: Sadyhov V.V. ($101.38 in chips) 
Seat 2: B1GBankroll ($104.07 in chips) 
Seat 3: 50CandyJoe ($101.78 in chips) 
Seat 4: pandeli08 ($15.32 in chips) 
Seat 5: SorinS28 ($160.15 in chips) 
Seat 6: uuzka ($100 in chips) 
Sadyhov V.V.: posts small blind $0.50
B1GBankroll: posts big blind $1
*** HOLE CARDS ***
50CandyJoe: folds 
pandeli08: calls $1
SorinS28: folds 
uuzka: folds 
Sadyhov V.V.: folds 
B1GBankroll: checks 
*** FLOP *** [9s As Th]
B1GBankroll: bets $1.17
pandeli08: folds 
Uncalled bet ($1.17) returned to B1GBankroll
B1GBankroll collected $2.38 from pot
B1GBankroll: doesn't show hand 
*** SUMMARY ***
Total pot $2.50 | Rake $0.12 
Board [9s As Th]
Seat 1: Sadyhov V.V. (small blind) folded before Flop
Seat 2: B1GBankroll (big blind) collected ($2.38)
Seat 3: 50CandyJoe folded before Flop (didn't bet)
Seat 4: pandeli08 folded on the Flop
Seat 5: SorinS28 folded before Flop (didn't bet)
Seat 6: uuzka (button) folded before Flop (didn't bet)



PokerStars Hand #254601776657:  Hold'em No Limit ($0.50/$1.00 USD) - 2025/01/28 2:31:42 WET [2025/01/28 21:31:42 ET]
Table 'Kitalpha' 6-max Seat #1 is the button
Seat 1: Sadyhov V.V. ($100.88 in chips) 
Seat 2: B1GBankroll ($105.45 in chips) 
Seat 3: 50CandyJoe ($101.78 in chips) 
Seat 4: pandeli08 ($14.32 in chips) 
Seat 5: SorinS28 ($160.15 in chips) 
Seat 6: uuzka ($100 in chips) 
B1GBankroll: posts small blind $0.50
50CandyJoe: posts big blind $1
*** HOLE CARDS ***
pandeli08: calls $1
SorinS28: folds 
uuzka: folds 
Sadyhov V.V.: folds 
B1GBankroll: folds 
50CandyJoe: checks 
*** FLOP *** [Ac Jh 8s]
50CandyJoe: checks 
pandeli08: bets $1
50CandyJoe: folds 
Uncalled bet ($1) returned to pandeli08
pandeli08 collected $2.38 from pot
*** SUMMARY ***
Total pot $2.50 | Rake $0.12 
Board [Ac Jh 8s]
Seat 1: Sadyhov V.V. (button) folded before Flop (didn't bet)
Seat 2: B1GBankroll (small blind) folded before Flop
Seat 3: 50CandyJoe (big blind) folded on the Flop
Seat 4: pandeli08 collected ($2.38)
Seat 5: SorinS28 folded before Flop (didn't bet)
Seat 6: uuzka folded before Flop (didn't bet)



PokerStars Hand #254601780812:  Hold'em No Limit ($0.50/$1.00 USD) - 2025/01/28 2:32:11 WET [2025/01/28 21:32:11 ET]
Table 'Kitalpha' 6-max Seat #2 is the button
Seat 1: Sadyhov V.V. ($100.88 in chips) 
Seat 2: B1GBankroll ($104.95 in chips) 
Seat 3: 50CandyJoe ($100.78 in chips) 
Seat 4: pandeli08 ($15.70 in chips) 
Seat 5: SorinS28 ($160.15 in chips) 
Seat 6: uuzka ($100 in chips) 
50CandyJoe: posts small blind $0.50
pandeli08: posts big blind $1
*** HOLE CARDS ***
SorinS28: raises $1.02 to $2.02
uuzka: folds 
Sadyhov V.V.: folds 
B1GBankroll: folds 
50CandyJoe: raises $7.98 to $10
pandeli08: folds 
SorinS28: calls $7.98
*** FLOP *** [2c Qc 9d]
50CandyJoe: bets $6.58
SorinS28: calls $6.58
*** TURN *** [2c Qc 9d] [Ts]
50CandyJoe: checks 
SorinS28: bets $21.74
50CandyJoe: calls $21.74
*** RIVER *** [2c Qc 9d Ts] [5c]
50CandyJoe: checks 
SorinS28: bets $121.83 and is all-in
50CandyJoe: calls $62.46 and is all-in
Uncalled bet ($59.37) returned to SorinS28
*** SHOW DOWN ***
SorinS28: shows [Jd Ad] (high card Ace)
50CandyJoe: shows [Ac Ah] (a pair of Aces)
50CandyJoe collected $200.06 from pot
*** SUMMARY ***
Total pot $202.56 | Rake $2.50 
Board [2c Qc 9d Ts 5c]
Seat 1: Sadyhov V.V. folded before Flop (didn't bet)
Seat 2: B1GBankroll (button) folded before Flop (didn't bet)
Seat 3: 50CandyJoe (small blind) showed [Ac Ah] and won ($200.06) with a pair of Aces
Seat 4: pandeli08 (big blind) folded before Flop
Seat 5: SorinS28 showed [Jd Ad] and lost with high card Ace
Seat 6: uuzka folded before Flop (didn't bet)



PokerStars Hand #254601801955:  Hold'em No Limit ($0.50/$1.00 USD) - 2025/01/28 2:34:37 WET [2025/01/28 21:34:37 ET]
Table 'Kitalpha' 6-max Seat #3 is the button
Seat 5: SorinS28 ($100 in chips) is sitting out
Seat 1: Sadyhov V.V. ($100.88 in chips) 
Seat 2: B1GBankroll ($104.95 in chips) 
Seat 3: 50CandyJoe ($200.06 in chips) 
Seat 4: pandeli08 ($14.70 in chips) 
Seat 6: uuzka ($100 in chips) 
pandeli08: posts small blind $0.50
SorinS28: is sitting out 
uuzka: posts big blind $1
*** HOLE CARDS ***
SorinS28 leaves the table
Sadyhov V.V.: folds 
B1GBankroll: folds 
50CandyJoe: raises $1.50 to $2.50
pandeli08: raises $2.50 to $5
uuzka: raises $10 to $15
Melenya joins the table at seat #5 
50CandyJoe: folds 
pandeli08: calls $9.70 and is all-in
Uncalled bet ($0.30) returned to uuzka
*** FLOP *** [Qd 6s 2s]
*** TURN *** [Qd 6s 2s] [8c]
*** RIVER *** [Qd 6s 2s 8c] [6c]
*** SHOW DOWN ***
pandeli08: shows [Tc As] (a pair of Sixes)
uuzka: shows [8s 8d] (a full house, Eights full of Sixes)
uuzka collected $30.30 from pot
*** SUMMARY ***
Total pot $31.90 | Rake $1.60 
Board [Qd 6s 2s 8c 6c]
Seat 5: SorinS28
Seat 1: Sadyhov V.V. folded before Flop (didn't bet)
Seat 2: B1GBankroll folded before Flop (didn't bet)
Seat 3: 50CandyJoe (button) folded before Flop
Seat 4: pandeli08 (small blind) showed [Tc As] and lost with a pair of Sixes
Seat 6: uuzka (big blind) showed [8s 8d] and won ($30.30) with a full house, Eights full of Sixes



PokerStars Hand #254601807722:  Hold'em No Limit ($0.50/$1.00 USD) - 2025/01/28 2:35:17 WET [2025/01/28 21:35:17 ET]
Table 'Kitalpha' 6-max Seat #6 is the button
Seat 4: pandeli08 ($0 in chips) is sitting out
Seat 5: Melenya ($100 in chips) is sitting out
Seat 1: Sadyhov V.V. ($100.88 in chips) 
Seat 2: B1GBankroll ($104.95 in chips) 
Seat 3: 50CandyJoe ($197.56 in chips) 
Seat 6: uuzka ($115.60 in chips) 
Sadyhov V.V.: posts small blind $0.50
B1GBankroll: posts big blind $1
Melenya: sits out 
*** HOLE CARDS ***
50CandyJoe: folds 
uuzka: folds 
Sadyhov V.V.: calls $0.50
B1GBankroll: checks 
*** FLOP *** [7c Qc 4d]
Sadyhov V.V.: bets $1
B1GBankroll: calls $1
*** TURN *** [7c Qc 4d] [4h]
Sadyhov V.V.: checks 
B1GBankroll: checks 
*** RIVER *** [7c Qc 4d 4h] [3c]
Sadyhov V.V.: checks 
B1GBankroll: checks 
*** SHOW DOWN ***
Sadyhov V.V.: shows [Td Qh] (two pair, Queens and Fours)
B1GBankroll: mucks hand 
Sadyhov V.V. collected $3.80 from pot
*** SUMMARY ***
Total pot $4 | Rake $0.20 
Board [7c Qc 4d 4h 3c]
Seat 4: pandeli08
Seat 5: Melenya
Seat 1: Sadyhov V.V. (small blind) showed [Td Qh] and won ($3.80) with two pair, Queens and Fours
Seat 2: B1GBankroll (big blind) mucked
Seat 3: 50CandyJoe folded before Flop (didn't bet)
Seat 6: uuzka (button) folded before Flop (didn't bet)



PokerStars Hand #254601815176:  Hold'em No Limit ($0.50/$1.00 USD) - 2025/01/28 2:36:09 WET [2025/01/28 21:36:09 ET]
Table 'Kitalpha' 6-max Seat #1 is the button
Seat 5: Melenya ($100 in chips) is sitting out
Seat 1: Sadyhov V.V. ($102.68 in chips) 
Seat 2: B1GBankroll ($102.95 in chips) 
Seat 3: 50CandyJoe ($197.56 in chips) 
Seat 4: pandeli08 ($60.35 in chips) 
Seat 6: uuzka ($115.60 in chips) 
B1GBankroll: posts small blind $0.50
50CandyJoe: posts big blind $1
Melenya: sits out 
*** HOLE CARDS ***
pandeli08: calls $1
uuzka: folds 
Sadyhov V.V.: folds 
B1GBankroll: folds 
50CandyJoe: checks 
*** FLOP *** [8c 9s 7c]
50CandyJoe: bets $1
pandeli08: calls $1
*** TURN *** [8c 9s 7c] [Ts]
50CandyJoe: checks 
pandeli08: bets $4.28
50CandyJoe: folds 
Uncalled bet ($4.28) returned to pandeli08
pandeli08 collected $4.28 from pot
*** SUMMARY ***
Total pot $4.50 | Rake $0.22 
Board [8c 9s 7c Ts]
Seat 5: Melenya
Seat 1: Sadyhov V.V. (button) folded before Flop (didn't bet)
Seat 2: B1GBankroll (small blind) folded before Flop
Seat 3: 50CandyJoe (big blind) folded on the Turn
Seat 4: pandeli08 collected ($4.28)
Seat 6: uuzka folded before Flop (didn't bet)



PokerStars Hand #254601818681:  Hold'em No Limit ($0.50/$1.00 USD) - 2025/01/28 2:36:33 WET [2025/01/28 21:36:33 ET]
Table 'Kitalpha' 6-max Seat #2 is the button
Seat 5: Melenya ($100 in chips) is sitting out
Seat 1: Sadyhov V.V. ($102.68 in chips) 
Seat 2: B1GBankroll ($102.45 in chips) 
Seat 3: 50CandyJoe ($195.56 in chips) 
Seat 4: pandeli08 ($62.63 in chips) 
Seat 6: uuzka ($115.60 in chips) 
50CandyJoe: posts small blind $0.50
pandeli08: posts big blind $1
Melenya: sits out 
*** HOLE CARDS ***
uuzka: folds 
Sadyhov V.V.: folds 
B1GBankroll: folds 
50CandyJoe: raises $1.50 to $2.50
pandeli08: raises $5.50 to $8
50CandyJoe: folds 
Uncalled bet ($5.50) returned to pandeli08
pandeli08 collected $5 from pot
*** SUMMARY ***
Total pot $5 | Rake $0 
Seat 5: Melenya
Seat 1: Sadyhov V.V. folded before Flop (didn't bet)
Seat 2: B1GBankroll (button) folded before Flop (didn't bet)
Seat 3: 50CandyJoe (small blind) folded before Flop
Seat 4: pandeli08 (big blind) collected ($5)
Seat 6: uuzka folded before Flop (didn't bet)



PokerStars Hand #254601821011:  Hold'em No Limit ($0.50/$1.00 USD) - 2025/01/28 2:36:49 WET [2025/01/28 21:36:49 ET]
Table 'Kitalpha' 6-max Seat #3 is the button
Seat 1: Sadyhov V.V. ($102.68 in chips) 
Seat 2: B1GBankroll ($102.45 in chips) 
Seat 3: 50CandyJoe ($193.06 in chips) 
Seat 4: pandeli08 ($65.13 in chips) 
Seat 5: Melenya ($100 in chips) 
Seat 6: uuzka ($115.60 in chips) 
pandeli08: posts small blind $0.50
Melenya: posts big blind $1
*** HOLE CARDS ***
uuzka: raises $1.20 to $2.20
Sadyhov V.V.: folds 
B1GBankroll: raises $5.04 to $7.24
50CandyJoe: folds 
pandeli08: folds 
Melenya: folds 
uuzka: folds 
Uncalled bet ($5.04) returned to B1GBankroll
B1GBankroll collected $5.90 from pot
B1GBankroll: doesn't show hand 
*** SUMMARY ***
Total pot $5.90 | Rake $0 
Seat 1: Sadyhov V.V. folded before Flop (didn't bet)
Seat 2: B1GBankroll collected ($5.90)
Seat 3: 50CandyJoe (button) folded before Flop (didn't bet)
Seat 4: pandeli08 (small blind) folded before Flop
Seat 5: Melenya (big blind) folded before Flop
Seat 6: uuzka folded before Flop



PokerStars Hand #254601823909:  Hold'em No Limit ($0.50/$1.00 USD) - 2025/01/28 2:37:09 WET [2025/01/28 21:37:09 ET]
Table 'Kitalpha' 6-max Seat #4 is the button
Seat 1: Sadyhov V.V. ($102.68 in chips) 
Seat 2: B1GBankroll ($106.15 in chips) 
Seat 3: 50CandyJoe ($193.06 in chips) 
Seat 4: pandeli08 ($64.63 in chips) 
Seat 5: Melenya ($100 in chips) 
Seat 6: uuzka ($113.40 in chips) 
Melenya: posts small blind $0.50
uuzka: posts big blind $1
*** HOLE CARDS ***
Sadyhov V.V.: folds 
B1GBankroll: folds 
50CandyJoe: folds 
pandeli08: calls $1
Melenya: folds 
uuzka: raises $5 to $6
pandeli08: calls $5
*** FLOP *** [2h Js 9s]
uuzka: bets $9.74
pandeli08: calls $9.74
*** TURN *** [2h Js 9s] [6d]
uuzka: bets $22.25
pandeli08: calls $22.25
*** RIVER *** [2h Js 9s 6d] [Th]
uuzka: bets $49.32
pandeli08: calls $26.64 and is all-in
Uncalled bet ($22.68) returned to uuzka
*** SHOW DOWN ***
uuzka: shows [Ah Ac] (a pair of Aces)
pandeli08: shows [Jc Qd] (a pair of Jacks)
uuzka collected $127.26 from pot
*** SUMMARY ***
Total pot $129.76 | Rake $2.50 
Board [2h Js 9s 6d Th]
Seat 1: Sadyhov V.V. folded before Flop (didn't bet)
Seat 2: B1GBankroll folded before Flop (didn't bet)
Seat 3: 50CandyJoe folded before Flop (didn't bet)
Seat 4: pandeli08 (button) showed [Jc Qd] and lost with a pair of Jacks
Seat 5: Melenya (small blind) folded before Flop
Seat 6: uuzka (big blind) showed [Ah Ac] and won ($127.26) with a pair of Aces



PokerStars Hand #254601831853:  Hold'em No Limit ($0.50/$1.00 USD) - 2025/01/28 2:38:04 WET [2025/01/28 21:38:04 ET]
Table 'Kitalpha' 6-max Seat #5 is the button
Seat 4: pandeli08 ($0 in chips) is sitting out
Seat 1: Sadyhov V.V. ($102.68 in chips) 
Seat 2: B1GBankroll ($106.15 in chips) 
Seat 3: 50CandyJoe ($193.06 in chips) 
Seat 5: Melenya ($100 in chips) 
Seat 6: uuzka ($176.03 in chips) 
uuzka: posts small blind $0.50
Sadyhov V.V.: posts big blind $1
*** HOLE CARDS ***
pandeli08 leaves the table
B1GBankroll: folds 
50CandyJoe: raises $1.20 to $2.20
Melenya: folds 
uuzka: folds 
B1GBankroll leaves the table
Sadyhov V.V.: folds 
Uncalled bet ($1.20) returned to 50CandyJoe
50CandyJoe collected $2.50 from pot
50CandyJoe: doesn't show hand 
*** SUMMARY ***
Total pot $2.50 | Rake $0 
Seat 4: pandeli08
Seat 1: Sadyhov V.V. (big blind) folded before Flop
Seat 2: B1GBankroll folded before Flop (didn't bet)
Seat 3: 50CandyJoe collected ($2.50)
Seat 5: Melenya (button) folded before Flop (didn't bet)
Seat 6: uuzka (small blind) folded before Flop



PokerStars Hand #254601835983:  Hold'em No Limit ($0.50/$1.00 USD) - 2025/01/28 2:38:33 WET [2025/01/28 21:38:33 ET]
Table 'Kitalpha' 6-max Seat #6 is the button
Seat 1: Sadyhov V.V. ($101.68 in chips) 
Seat 3: 50CandyJoe ($194.56 in chips) 
Seat 5: Melenya ($100 in chips) 
Seat 6: uuzka ($175.53 in chips) 
Sadyhov V.V.: posts small blind $0.50
50CandyJoe: posts big blind $1
*** HOLE CARDS ***
Melenya: raises $1.30 to $2.30
uuzka: folds 
Sadyhov V.V.: folds 
50CandyJoe: folds 
Uncalled bet ($1.30) returned to Melenya
Melenya collected $2.50 from pot
Melenya: doesn't show hand 
*** SUMMARY ***
Total pot $2.50 | Rake $0 
Seat 1: Sadyhov V.V. (small blind) folded before Flop
Seat 3: 50CandyJoe (big blind) folded before Flop
Seat 5: Melenya collected ($2.50)
Seat 6: uuzka (button) folded before Flop (didn't bet)



