PokerStars Hand #254600084779:  Hold'em No Limit ($0.50/$1.00 USD) - 2025/01/28 23:54:19 WET [2025/01/28 18:54:19 ET]
Table 'Glaukos' 6-max Seat #5 is the button
Seat 1: Manifestorr ($103 in chips) 
Seat 3: An1an1 ($161.93 in chips) 
Seat 4: andutu34 ($101.50 in chips) 
Seat 5: nastja336 ($100 in chips) 
Seat 6: ghc_2 ($100 in chips) 
ghc_2: posts small blind $0.50
Manifestorr: posts big blind $1
*** HOLE CARDS ***
An1an1: raises $1 to $2
andutu34: folds 
nastja336: folds 
ghc_2: raises $8.50 to $10.50
Manifestorr: folds 
An1an1: folds 
Uncalled bet ($8.50) returned to ghc_2
ghc_2 collected $5 from pot
ghc_2: doesn't show hand 
*** SUMMARY ***
Total pot $5 | Rake $0 
Seat 1: Manifestorr (big blind) folded before Flop
Seat 3: An1an1 folded before Flop
Seat 4: andutu34 folded before Flop (didn't bet)
Seat 5: nastja336 (button) folded before Flop (didn't bet)
Seat 6: ghc_2 (small blind) collected ($5)



PokerStars Hand #254600089947:  Hold'em No Limit ($0.50/$1.00 USD) - 2025/01/28 23:54:42 WET [2025/01/28 18:54:42 ET]
Table 'Glaukos' 6-max Seat #1 is the button
Seat 3: An1an1 ($159.93 in chips) is sitting out
Seat 4: andutu34 ($101.50 in chips) is sitting out
Seat 5: nastja336 ($100 in chips) is sitting out
Seat 1: Manifestorr ($102 in chips) 
Seat 6: ghc_2 ($103 in chips) 
Manifestorr: posts small blind $0.50
An1an1: is sitting out 
andutu34: is sitting out 
nastja336: is sitting out 
ghc_2: posts big blind $1
*** HOLE CARDS ***
nastja336 leaves the table
andutu34 leaves the table
Manifestorr: folds 
Uncalled bet ($0.50) returned to ghc_2
An1an1 leaves the table
ghc_2 collected $1 from pot
ghc_2: doesn't show hand 
*** SUMMARY ***
Total pot $1 | Rake $0 
Seat 3: An1an1
Seat 4: andutu34
Seat 5: nastja336
Seat 1: Manifestorr (button) (small blind) folded before Flop
Seat 6: ghc_2 (big blind) collected ($1)



PokerStars Hand #254600092703:  Hold'em No Limit ($0.50/$1.00 USD) - 2025/01/28 23:54:54 WET [2025/01/28 18:54:54 ET]
Table 'Glaukos' 6-max Seat #6 is the button
Seat 1: Manifestorr ($101.50 in chips) 
Seat 6: ghc_2 ($103.50 in chips) 
ghc_2: posts small blind $0.50
Manifestorr: posts big blind $1
*** HOLE CARDS ***
ghc_2: raises $1.40 to $2.40
Manifestorr: folds 
Uncalled bet ($1.40) returned to ghc_2
ghc_2 collected $2 from pot
ghc_2: doesn't show hand 
*** SUMMARY ***
Total pot $2 | Rake $0 
Seat 1: Manifestorr (big blind) folded before Flop
Seat 6: ghc_2 (button) (small blind) collected ($2)



