PokerStars Hand #254591228843:  Hold'em No Limit ($0.50/$1.00 USD) - 2025/01/28 8:23:13 WET [2025/01/28 3:23:13 ET]
Table 'Danjon IV' 6-max Seat #6 is the button
Seat 2: ChuckNorrisQ ($100 in chips) 
Seat 6: Paco19bn ($100 in chips) 
Paco19bn: posts small blind $0.50
ChuckNorrisQ: posts big blind $1
*** HOLE CARDS ***
SeEevg joins the table at seat #4 
Paco19bn: raises $2 to $3
ChuckNorrisQ: folds 
Uncalled bet ($2) returned to Paco19bn
Paco19bn collected $2 from pot
Paco19bn: doesn't show hand 
*** SUMMARY ***
Total pot $2 | Rake $0 
Seat 2: ChuckNorrisQ (big blind) folded before Flop
Seat 6: Paco19bn (button) (small blind) collected ($2)



PokerStars Hand #254591229836:  Hold'em No Limit ($0.50/$1.00 USD) - 2025/01/28 8:23:25 WET [2025/01/28 3:23:25 ET]
Table 'Danjon IV' 6-max Seat #6 is the button
Seat 2: ChuckNorrisQ ($100 in chips) 
Seat 4: SeEevg ($100 in chips) 
Seat 6: Paco19bn ($101 in chips) 
ChuckNorrisQ: posts small blind $0.50
SeEevg: posts big blind $1
*** HOLE CARDS ***
Paco19bn: folds 
ChuckNorrisQ: raises $2 to $3
SeEevg: calls $2
*** FLOP *** [8c Qh Js]
Svartinge133 joins the table at seat #5 
Svartinge133 is disconnected 
ChuckNorrisQ: bets $1.88
socito joins the table at seat #3 
kuhclemO joins the table at seat #1 
SeEevg: folds 
Uncalled bet ($1.88) returned to ChuckNorrisQ
ChuckNorrisQ collected $5.70 from pot
ChuckNorrisQ: doesn't show hand 
*** SUMMARY ***
Total pot $6 | Rake $0.30 
Board [8c Qh Js]
Seat 2: ChuckNorrisQ (small blind) collected ($5.70)
Seat 4: SeEevg (big blind) folded on the Flop
Seat 6: Paco19bn (button) folded before Flop (didn't bet)



PokerStars Hand #254591232581:  Hold'em No Limit ($0.50/$1.00 USD) - 2025/01/28 8:24:00 WET [2025/01/28 3:24:00 ET]
Table 'Danjon IV' 6-max Seat #2 is the button
Seat 1: kuhclemO ($20 in chips) is sitting out
Seat 3: socito ($100 in chips) is sitting out
Seat 2: ChuckNorrisQ ($102.70 in chips) 
Seat 4: SeEevg ($100 in chips) 
Seat 5: Svartinge133 ($20.22 in chips) 
Seat 6: Paco19bn ($101 in chips) 
SeEevg: posts small blind $0.50
Svartinge133: posts big blind $1
kuhclemO: sits out 
*** HOLE CARDS ***
Paco19bn: folds 
ChuckNorrisQ: raises $1 to $2
SeEevg: folds 
Svartinge133: folds 
Uncalled bet ($1) returned to ChuckNorrisQ
ChuckNorrisQ collected $2.50 from pot
ChuckNorrisQ: doesn't show hand 
*** SUMMARY ***
Total pot $2.50 | Rake $0 
Seat 1: kuhclemO
Seat 3: socito
Seat 2: ChuckNorrisQ (button) collected ($2.50)
Seat 4: SeEevg (small blind) folded before Flop
Seat 5: Svartinge133 (big blind) folded before Flop
Seat 6: Paco19bn folded before Flop (didn't bet)



PokerStars Hand #254591234712:  Hold'em No Limit ($0.50/$1.00 USD) - 2025/01/28 8:24:27 WET [2025/01/28 3:24:27 ET]
Table 'Danjon IV' 6-max Seat #4 is the button
Seat 1: kuhclemO ($20 in chips) is sitting out
Seat 3: socito ($100 in chips) is sitting out
Seat 2: ChuckNorrisQ ($104.20 in chips) 
Seat 4: SeEevg ($100 in chips) 
Seat 5: Svartinge133 ($19.22 in chips) 
Seat 6: Paco19bn ($101 in chips) 
Svartinge133: posts small blind $0.50
Paco19bn: posts big blind $1
kuhclemO: sits out 
socito: sits out 
*** HOLE CARDS ***
ChuckNorrisQ: folds 
SeEevg: folds 
Svartinge133: raises $2 to $3
Paco19bn: raises $20 to $23
Svartinge133: folds 
Uncalled bet ($20) returned to Paco19bn
Paco19bn collected $6 from pot
Paco19bn: doesn't show hand 
*** SUMMARY ***
Total pot $6 | Rake $0 
Seat 1: kuhclemO
Seat 3: socito
Seat 2: ChuckNorrisQ folded before Flop (didn't bet)
Seat 4: SeEevg (button) folded before Flop (didn't bet)
Seat 5: Svartinge133 (small blind) folded before Flop
Seat 6: Paco19bn (big blind) collected ($6)



PokerStars Hand #254591236308:  Hold'em No Limit ($0.50/$1.00 USD) - 2025/01/28 8:24:47 WET [2025/01/28 3:24:47 ET]
Table 'Danjon IV' 6-max Seat #5 is the button
Seat 3: socito ($100 in chips) is sitting out
Seat 1: kuhclemO ($20 in chips) 
Seat 2: ChuckNorrisQ ($104.20 in chips) 
Seat 4: SeEevg ($100 in chips) 
Seat 5: Svartinge133 ($16.22 in chips) 
Seat 6: Paco19bn ($104 in chips) 
Paco19bn: posts small blind $0.50
kuhclemO: posts big blind $1
socito: sits out 
*** HOLE CARDS ***
ChuckNorrisQ: raises $1 to $2
SeEevg: folds 
Svartinge133: folds 
Paco19bn: folds 
kuhclemO: folds 
Uncalled bet ($1) returned to ChuckNorrisQ
ChuckNorrisQ collected $2.50 from pot
ChuckNorrisQ: doesn't show hand 
*** SUMMARY ***
Total pot $2.50 | Rake $0 
Seat 3: socito
Seat 1: kuhclemO (big blind) folded before Flop
Seat 2: ChuckNorrisQ collected ($2.50)
Seat 4: SeEevg folded before Flop (didn't bet)
Seat 5: Svartinge133 (button) folded before Flop (didn't bet)
Seat 6: Paco19bn (small blind) folded before Flop



PokerStars Hand #254591238217:  Hold'em No Limit ($0.50/$1.00 USD) - 2025/01/28 8:25:12 WET [2025/01/28 3:25:12 ET]
Table 'Danjon IV' 6-max Seat #6 is the button
Seat 3: socito ($100 in chips) is sitting out
Seat 1: kuhclemO ($20 in chips) 
Seat 2: ChuckNorrisQ ($105.70 in chips) 
Seat 4: SeEevg ($100 in chips) 
Seat 5: Svartinge133 ($16.22 in chips) 
Seat 6: Paco19bn ($103.50 in chips) 
kuhclemO: posts small blind $0.50
ChuckNorrisQ: posts big blind $1
socito: sits out 
*** HOLE CARDS ***
SeEevg: raises $1.50 to $2.50
Svartinge133: folds 
Svartinge133 leaves the table
Paco19bn: folds 
kuhclemO: raises $17.50 to $20 and is all-in
ChuckNorrisQ: folds 
SeEevg: calls $17.50
socito leaves the table
*** FIRST FLOP *** [Ts 2h 7h]
*** FIRST TURN *** [Ts 2h 7h] [Th]
*** FIRST RIVER *** [Ts 2h 7h Th] [Qc]
*** SECOND FLOP *** [8h 5h 5c]
*** SECOND TURN *** [8h 5h 5c] [2c]
*** SECOND RIVER *** [8h 5h 5c 2c] [6s]
*** FIRST SHOW DOWN ***
kuhclemO: shows [8d 8c] (two pair, Tens and Eights)
SeEevg: shows [Td Ac] (three of a kind, Tens)
SeEevg collected $19.48 from pot
*** SECOND SHOW DOWN ***
kuhclemO: shows [8d 8c] (a full house, Eights full of Fives)
SeEevg: shows [Td Ac] (a pair of Fives)
kuhclemO collected $19.47 from pot
*** SUMMARY ***
Total pot $41 | Rake $2.05 
Hand was run twice
FIRST Board [Ts 2h 7h Th Qc]
SECOND Board [8h 5h 5c 2c 6s]
Seat 3: socito
Seat 1: kuhclemO (small blind) showed [8d 8c] and lost with two pair, Tens and Eights, and won ($19.47) with a full house, Eights full of Fives
Seat 2: ChuckNorrisQ (big blind) folded before Flop
Seat 4: SeEevg showed [Td Ac] and won ($19.48) with three of a kind, Tens, and lost with a pair of Fives
Seat 5: Svartinge133 folded before Flop (didn't bet)
Seat 6: Paco19bn (button) folded before Flop (didn't bet)



PokerStars Hand #254591240705:  Hold'em No Limit ($0.50/$1.00 USD) - 2025/01/28 8:25:43 WET [2025/01/28 3:25:43 ET]
Table 'Danjon IV' 6-max Seat #1 is the button
Seat 1: kuhclemO ($20 in chips) 
Seat 2: ChuckNorrisQ ($104.70 in chips) 
Seat 4: SeEevg ($100 in chips) 
Seat 6: Paco19bn ($103.50 in chips) 
ChuckNorrisQ: posts small blind $0.50
SeEevg: posts big blind $1
*** HOLE CARDS ***
Paco19bn: folds 
kuhclemO: raises $1 to $2
ChuckNorrisQ: folds 
SeEevg: calls $1
*** FLOP *** [3s As 8h]
SeEevg: checks 
kuhclemO: bets $1.07
SeEevg: folds 
Uncalled bet ($1.07) returned to kuhclemO
kuhclemO collected $4.28 from pot
kuhclemO: doesn't show hand 
*** SUMMARY ***
Total pot $4.50 | Rake $0.22 
Board [3s As 8h]
Seat 1: kuhclemO (button) collected ($4.28)
Seat 2: ChuckNorrisQ (small blind) folded before Flop
Seat 4: SeEevg (big blind) folded on the Flop
Seat 6: Paco19bn folded before Flop (didn't bet)



PokerStars Hand #254591243660:  Hold'em No Limit ($0.50/$1.00 USD) - 2025/01/28 8:26:21 WET [2025/01/28 3:26:21 ET]
Table 'Danjon IV' 6-max Seat #4 is the button
Seat 1: kuhclemO ($22.28 in chips) is sitting out
Seat 6: Paco19bn ($103.50 in chips) is sitting out
Seat 2: ChuckNorrisQ ($104.20 in chips) 
Seat 4: SeEevg ($100 in chips) 
SeEevg: posts small blind $0.50
Paco19bn: is sitting out 
kuhclemO: is sitting out 
ChuckNorrisQ: posts big blind $1
*** HOLE CARDS ***
Paco19bn leaves the table
SeEevg: raises $1.50 to $2.50
kuhclemO leaves the table
ChuckNorrisQ: folds 
Uncalled bet ($1.50) returned to SeEevg
SeEevg collected $2 from pot
SeEevg: doesn't show hand 
*** SUMMARY ***
Total pot $2 | Rake $0 
Seat 1: kuhclemO
Seat 6: Paco19bn
Seat 2: ChuckNorrisQ (big blind) folded before Flop
Seat 4: SeEevg (button) (small blind) collected ($2)



PokerStars Hand #254591245015:  Hold'em No Limit ($0.50/$1.00 USD) - 2025/01/28 8:26:39 WET [2025/01/28 3:26:39 ET]
Table 'Danjon IV' 6-max Seat #2 is the button
Seat 2: ChuckNorrisQ ($103.20 in chips) 
Seat 4: SeEevg ($101 in chips) 
ChuckNorrisQ: posts small blind $0.50
SeEevg: posts big blind $1
*** HOLE CARDS ***
ChuckNorrisQ: raises $1.50 to $2.50
SeEevg: folds 
Uncalled bet ($1.50) returned to ChuckNorrisQ
ChuckNorrisQ collected $2 from pot
ChuckNorrisQ: doesn't show hand 
*** SUMMARY ***
Total pot $2 | Rake $0 
Seat 2: ChuckNorrisQ (button) (small blind) collected ($2)
Seat 4: SeEevg (big blind) folded before Flop



