PokerStars Hand #254593014630:  Hold'em No Limit ($0.50/$1.00 USD) - 2025/01/28 18:26:13 WET [2025/01/28 13:26:13 ET]
Table 'Chacornac' 6-max Seat #2 is the button
Seat 4: Unipoker11 ($101.50 in chips) is sitting out
Seat 1: Nicedaymybro ($100.50 in chips) 
Seat 2: paramourx ($121.78 in chips) 
Seat 3: Supermegopro ($106.75 in chips) 
Seat 5: BoyLoc0 ($111.75 in chips) 
Seat 6: _Dadarion_ ($40.86 in chips) 
Supermegopro: posts small blind $0.50
Unipoker11: is sitting out 
BoyLoc0: posts big blind $1
*** HOLE CARDS ***
Unipoker11 leaves the table
_Dadarion_: folds 
Nicedaymybro: raises $1.50 to $2.50
paramourx: folds 
Supermegopro: folds 
BoyLoc0: folds 
Uncalled bet ($1.50) returned to Nicedaymybro
blistein joins the table at seat #4 
Nicedaymybro collected $2.50 from pot
Nicedaymybro: doesn't show hand 
*** SUMMARY ***
Total pot $2.50 | Rake $0 
Seat 4: Unipoker11
Seat 1: Nicedaymybro collected ($2.50)
Seat 2: paramourx (button) folded before Flop (didn't bet)
Seat 3: Supermegopro (small blind) folded before Flop
Seat 5: BoyLoc0 (big blind) folded before Flop
Seat 6: _Dadarion_ folded before Flop (didn't bet)



PokerStars Hand #254593020209:  Hold'em No Limit ($0.50/$1.00 USD) - 2025/01/28 18:26:32 WET [2025/01/28 13:26:32 ET]
Table 'Chacornac' 6-max Seat #3 is the button
Seat 4: blistein ($100 in chips) is sitting out
Seat 1: Nicedaymybro ($102 in chips) 
Seat 2: paramourx ($121.78 in chips) 
Seat 3: Supermegopro ($106.25 in chips) 
Seat 5: BoyLoc0 ($110.75 in chips) 
Seat 6: _Dadarion_ ($40.86 in chips) 
BoyLoc0: posts small blind $0.50
_Dadarion_: posts big blind $1
*** HOLE CARDS ***
Nicedaymybro: folds 
Nicedaymybro leaves the table
paramourx: folds 
sta$igk joins the table at seat #1 
Supermegopro: raises $2 to $3
BoyLoc0: folds 
_Dadarion_: folds 
Uncalled bet ($2) returned to Supermegopro
Supermegopro collected $2.50 from pot
Supermegopro: doesn't show hand 
*** SUMMARY ***
Total pot $2.50 | Rake $0 
Seat 4: blistein
Seat 1: Nicedaymybro folded before Flop (didn't bet)
Seat 2: paramourx folded before Flop (didn't bet)
Seat 3: Supermegopro (button) collected ($2.50)
Seat 5: BoyLoc0 (small blind) folded before Flop
Seat 6: _Dadarion_ (big blind) folded before Flop



PokerStars Hand #254593028173:  Hold'em No Limit ($0.50/$1.00 USD) - 2025/01/28 18:26:58 WET [2025/01/28 13:26:58 ET]
Table 'Chacornac' 6-max Seat #5 is the button
Seat 4: blistein ($100 in chips) is sitting out
Seat 1: sta$igk ($100 in chips) 
Seat 2: paramourx ($121.78 in chips) 
Seat 3: Supermegopro ($107.75 in chips) 
Seat 5: BoyLoc0 ($110.25 in chips) 
Seat 6: _Dadarion_ ($39.86 in chips) 
_Dadarion_: posts small blind $0.50
sta$igk: posts big blind $1
blistein: sits out 
*** HOLE CARDS ***
paramourx: raises $2 to $3
Supermegopro: folds 
BoyLoc0: raises $6 to $9
_Dadarion_: calls $8.50
sta$igk: folds 
paramourx: calls $6
*** FLOP *** [2s 5h 9h]
_Dadarion_: bets $30.86 and is all-in
paramourx: folds 
BoyLoc0: calls $30.86
*** TURN *** [2s 5h 9h] [Qd]
*** RIVER *** [2s 5h 9h Qd] [7h]
*** SHOW DOWN ***
_Dadarion_: shows [Ks 6s] (high card King)
BoyLoc0: shows [Jd Jh] (a pair of Jacks)
BoyLoc0 collected $87.22 from pot
*** SUMMARY ***
Total pot $89.72 | Rake $2.50 
Board [2s 5h 9h Qd 7h]
Seat 4: blistein
Seat 1: sta$igk (big blind) folded before Flop
Seat 2: paramourx folded on the Flop
Seat 3: Supermegopro folded before Flop (didn't bet)
Seat 5: BoyLoc0 (button) showed [Jd Jh] and won ($87.22) with a pair of Jacks
Seat 6: _Dadarion_ (small blind) showed [Ks 6s] and lost with high card King



PokerStars Hand #254593048175:  Hold'em No Limit ($0.50/$1.00 USD) - 2025/01/28 18:28:05 WET [2025/01/28 13:28:05 ET]
Table 'Chacornac' 6-max Seat #1 is the button
Seat 4: blistein ($100 in chips) is sitting out
Seat 6: _Dadarion_ ($0 in chips) is sitting out
Seat 1: sta$igk ($100 in chips) 
Seat 2: paramourx ($112.78 in chips) 
Seat 3: Supermegopro ($107.75 in chips) 
Seat 5: BoyLoc0 ($157.61 in chips) 
paramourx: posts small blind $0.50
Supermegopro: posts big blind $1
blistein: sits out 
*** HOLE CARDS ***
BoyLoc0: folds 
sta$igk: folds 
paramourx: raises $2 to $3
Supermegopro: calls $2
*** FLOP *** [3d 5d 4s]
paramourx: checks 
Supermegopro: bets $2.85
paramourx: calls $2.85
*** TURN *** [3d 5d 4s] [2h]
paramourx: checks 
Supermegopro: checks 
*** RIVER *** [3d 5d 4s 2h] [Ts]
paramourx: bets $3.45
_Dadarion_ is disconnected 
Supermegopro: folds 
Uncalled bet ($3.45) returned to paramourx
paramourx collected $11.12 from pot
paramourx: doesn't show hand 
*** SUMMARY ***
Total pot $11.70 | Rake $0.58 
Board [3d 5d 4s 2h Ts]
Seat 4: blistein
Seat 6: _Dadarion_
Seat 1: sta$igk (button) folded before Flop (didn't bet)
Seat 2: paramourx (small blind) collected ($11.12)
Seat 3: Supermegopro (big blind) folded on the River
Seat 5: BoyLoc0 folded before Flop (didn't bet)



PokerStars Hand #254593061139:  Hold'em No Limit ($0.50/$1.00 USD) - 2025/01/28 18:28:48 WET [2025/01/28 13:28:48 ET]
Table 'Chacornac' 6-max Seat #2 is the button
Seat 6: _Dadarion_ ($0 in chips) is sitting out
Seat 1: sta$igk ($100 in chips) 
Seat 2: paramourx ($118.05 in chips) 
Seat 3: Supermegopro ($101.90 in chips) 
Seat 4: blistein ($100 in chips) 
Seat 5: BoyLoc0 ($157.61 in chips) 
Supermegopro: posts small blind $0.50
blistein: posts big blind $1
*** HOLE CARDS ***
BoyLoc0: raises $1.50 to $2.50
sta$igk: folds 
paramourx: folds 
Supermegopro: folds 
blistein: calls $1.50
*** FLOP *** [4d Qd 3c]
Supermegopro leaves the table
blistein: checks 
BoyLoc0: bets $3.92
blistein: folds 
Uncalled bet ($3.92) returned to BoyLoc0
BoyLoc0 collected $5.22 from pot
BoyLoc0: doesn't show hand 
*** SUMMARY ***
Total pot $5.50 | Rake $0.28 
Board [4d Qd 3c]
Seat 6: _Dadarion_
Seat 1: sta$igk folded before Flop (didn't bet)
Seat 2: paramourx (button) folded before Flop (didn't bet)
Seat 3: Supermegopro (small blind) folded before Flop
Seat 4: blistein (big blind) folded on the Flop
Seat 5: BoyLoc0 collected ($5.22)



PokerStars Hand #254593073460:  Hold'em No Limit ($0.50/$1.00 USD) - 2025/01/28 18:29:28 WET [2025/01/28 13:29:28 ET]
Table 'Chacornac' 6-max Seat #4 is the button
Seat 6: _Dadarion_ ($0 in chips) is sitting out
Seat 1: sta$igk ($100 in chips) 
Seat 2: paramourx ($118.05 in chips) 
Seat 4: blistein ($100 in chips) 
Seat 5: BoyLoc0 ($160.33 in chips) 
BoyLoc0: posts small blind $0.50
sta$igk: posts big blind $1
*** HOLE CARDS ***
paramourx: folds 
blistein: folds 
BoyLoc0: raises $2 to $3
sta$igk: raises $6 to $9
BoyLoc0: calls $6
*** FLOP *** [9s Ks 4h]
BoyLoc0: checks 
sta$igk: bets $5.64
BoyLoc0: folds 
Uncalled bet ($5.64) returned to sta$igk
sta$igk collected $17.10 from pot
sta$igk: doesn't show hand 
*** SUMMARY ***
Total pot $18 | Rake $0.90 
Board [9s Ks 4h]
Seat 6: _Dadarion_
Seat 1: sta$igk (big blind) collected ($17.10)
Seat 2: paramourx folded before Flop (didn't bet)
Seat 4: blistein (button) folded before Flop (didn't bet)
Seat 5: BoyLoc0 (small blind) folded on the Flop



PokerStars Hand #254593095895:  Hold'em No Limit ($0.50/$1.00 USD) - 2025/01/28 18:30:41 WET [2025/01/28 13:30:41 ET]
Table 'Chacornac' 6-max Seat #5 is the button
Seat 6: _Dadarion_ ($0 in chips) is sitting out
Seat 1: sta$igk ($108.10 in chips) 
Seat 2: paramourx ($118.05 in chips) 
Seat 4: blistein ($100 in chips) 
Seat 5: BoyLoc0 ($151.33 in chips) 
sta$igk: posts small blind $0.50
paramourx: posts big blind $1
*** HOLE CARDS ***
blistein: raises $1.30 to $2.30
BoyLoc0: folds 
BoyLoc0 leaves the table
sta$igk: raises $8.70 to $11
paramourx: folds 
blistein: folds 
Uncalled bet ($8.70) returned to sta$igk
blistein leaves the table
sta$igk collected $5.60 from pot
sta$igk: doesn't show hand 
*** SUMMARY ***
Total pot $5.60 | Rake $0 
Seat 6: _Dadarion_
Seat 1: sta$igk (small blind) collected ($5.60)
Seat 2: paramourx (big blind) folded before Flop
Seat 4: blistein folded before Flop
Seat 5: BoyLoc0 (button) folded before Flop (didn't bet)



PokerStars Hand #254593271542:  Hold'em No Limit ($0.50/$1.00 USD) - 2025/01/28 18:40:05 WET [2025/01/28 13:40:05 ET]
Table 'Chacornac' 6-max Seat #4 is the button
Seat 1: Pippa83 ($100 in chips) 
Seat 2: Maks Bavenko ($100 in chips) 
Seat 3: kvcsszblcs ($103.50 in chips) 
Seat 4: ilian_ivanov88 ($71.33 in chips) 
Seat 5: SorinS28 ($232.85 in chips) 
Seat 6: z00mba ($101.50 in chips) 
SorinS28: posts small blind $0.50
z00mba: posts big blind $1
*** HOLE CARDS ***
Pippa83: folds 
Maks Bavenko: folds 
kvcsszblcs: folds 
ilian_ivanov88: raises $1 to $2
SorinS28: folds 
z00mba: folds 
Uncalled bet ($1) returned to ilian_ivanov88
ilian_ivanov88 collected $2.50 from pot
*** SUMMARY ***
Total pot $2.50 | Rake $0 
Seat 1: Pippa83 folded before Flop (didn't bet)
Seat 2: Maks Bavenko folded before Flop (didn't bet)
Seat 3: kvcsszblcs folded before Flop (didn't bet)
Seat 4: ilian_ivanov88 (button) collected ($2.50)
Seat 5: SorinS28 (small blind) folded before Flop
Seat 6: z00mba (big blind) folded before Flop



PokerStars Hand #254593276291:  Hold'em No Limit ($0.50/$1.00 USD) - 2025/01/28 18:40:20 WET [2025/01/28 13:40:20 ET]
Table 'Chacornac' 6-max Seat #5 is the button
Seat 1: Pippa83 ($100 in chips) 
Seat 2: Maks Bavenko ($100 in chips) 
Seat 3: kvcsszblcs ($103.50 in chips) 
Seat 4: ilian_ivanov88 ($72.83 in chips) 
Seat 5: SorinS28 ($232.35 in chips) 
Seat 6: z00mba ($100.50 in chips) 
z00mba: posts small blind $0.50
Pippa83: posts big blind $1
*** HOLE CARDS ***
Maks Bavenko: raises $1.50 to $2.50
kvcsszblcs: folds 
ilian_ivanov88: calls $2.50
SorinS28: folds 
z00mba: folds 
Pippa83: folds 
*** FLOP *** [9h 9c 8c]
Maks Bavenko: checks 
ilian_ivanov88: checks 
*** TURN *** [9h 9c 8c] [3s]
Maks Bavenko: bets $9.27
ilian_ivanov88: folds 
Uncalled bet ($9.27) returned to Maks Bavenko
Maks Bavenko collected $6.18 from pot
Maks Bavenko: doesn't show hand 
*** SUMMARY ***
Total pot $6.50 | Rake $0.32 
Board [9h 9c 8c 3s]
Seat 1: Pippa83 (big blind) folded before Flop
Seat 2: Maks Bavenko collected ($6.18)
Seat 3: kvcsszblcs folded before Flop (didn't bet)
Seat 4: ilian_ivanov88 folded on the Turn
Seat 5: SorinS28 (button) folded before Flop (didn't bet)
Seat 6: z00mba (small blind) folded before Flop



PokerStars Hand #254593288096:  Hold'em No Limit ($0.50/$1.00 USD) - 2025/01/28 18:40:58 WET [2025/01/28 13:40:58 ET]
Table 'Chacornac' 6-max Seat #6 is the button
Seat 2: Maks Bavenko ($103.68 in chips) is sitting out
Seat 1: Pippa83 ($100 in chips) 
Seat 3: kvcsszblcs ($103.50 in chips) 
Seat 4: ilian_ivanov88 ($70.33 in chips) 
Seat 5: SorinS28 ($232.35 in chips) 
Seat 6: z00mba ($100 in chips) 
Pippa83: posts small blind $0.50
Maks Bavenko: is sitting out 
kvcsszblcs: posts big blind $1
*** HOLE CARDS ***
Maks Bavenko leaves the table
ilian_ivanov88: folds 
SorinS28: folds 
z00mba: folds 
Pippa83: folds 
Uncalled bet ($0.50) returned to kvcsszblcs
kvcsszblcs collected $1 from pot
kvcsszblcs: doesn't show hand 
*** SUMMARY ***
Total pot $1 | Rake $0 
Seat 2: Maks Bavenko
Seat 1: Pippa83 (small blind) folded before Flop
Seat 3: kvcsszblcs (big blind) collected ($1)
Seat 4: ilian_ivanov88 folded before Flop (didn't bet)
Seat 5: SorinS28 folded before Flop (didn't bet)
Seat 6: z00mba (button) folded before Flop (didn't bet)



PokerStars Hand #254593291866:  Hold'em No Limit ($0.50/$1.00 USD) - 2025/01/28 18:41:10 WET [2025/01/28 13:41:10 ET]
Table 'Chacornac' 6-max Seat #1 is the button
Seat 1: Pippa83 ($100 in chips) 
Seat 3: kvcsszblcs ($104 in chips) 
Seat 4: ilian_ivanov88 ($70.33 in chips) 
Seat 5: SorinS28 ($232.35 in chips) 
Seat 6: z00mba ($100 in chips) 
kvcsszblcs: posts small blind $0.50
ilian_ivanov88: posts big blind $1
*** HOLE CARDS ***
SorinS28: folds 
z00mba: folds 
Pippa83: folds 
Xenicide joins the table at seat #2 
kvcsszblcs: raises $1.85 to $2.85
ilian_ivanov88: folds 
Uncalled bet ($1.85) returned to kvcsszblcs
kvcsszblcs collected $2 from pot
kvcsszblcs: doesn't show hand 
*** SUMMARY ***
Total pot $2 | Rake $0 
Seat 1: Pippa83 (button) folded before Flop (didn't bet)
Seat 3: kvcsszblcs (small blind) collected ($2)
Seat 4: ilian_ivanov88 (big blind) folded before Flop
Seat 5: SorinS28 folded before Flop (didn't bet)
Seat 6: z00mba folded before Flop (didn't bet)



PokerStars Hand #254593297353:  Hold'em No Limit ($0.50/$1.00 USD) - 2025/01/28 18:41:28 WET [2025/01/28 13:41:28 ET]
Table 'Chacornac' 6-max Seat #3 is the button
Seat 2: Xenicide ($100 in chips) is sitting out
Seat 1: Pippa83 ($100 in chips) 
Seat 3: kvcsszblcs ($105 in chips) 
Seat 4: ilian_ivanov88 ($69.33 in chips) 
Seat 5: SorinS28 ($232.35 in chips) 
Seat 6: z00mba ($100 in chips) 
ilian_ivanov88: posts small blind $0.50
SorinS28: posts big blind $1
Xenicide: sits out 
*** HOLE CARDS ***
z00mba: folds 
Pippa83: folds 
kvcsszblcs: folds 
ilian_ivanov88 is disconnected 
ilian_ivanov88 has timed out while disconnected
ilian_ivanov88: folds 
Uncalled bet ($0.50) returned to SorinS28
SorinS28 collected $1 from pot
SorinS28: doesn't show hand 
*** SUMMARY ***
Total pot $1 | Rake $0 
Seat 2: Xenicide
Seat 1: Pippa83 folded before Flop (didn't bet)
Seat 3: kvcsszblcs (button) folded before Flop (didn't bet)
Seat 4: ilian_ivanov88 (small blind) folded before Flop
Seat 5: SorinS28 (big blind) collected ($1)
Seat 6: z00mba folded before Flop (didn't bet)



PokerStars Hand #254593311512:  Hold'em No Limit ($0.50/$1.00 USD) - 2025/01/28 18:42:14 WET [2025/01/28 13:42:14 ET]
Table 'Chacornac' 6-max Seat #5 is the button
Seat 2: Xenicide ($100 in chips) is sitting out
Seat 4: ilian_ivanov88 ($68.83 in chips) is sitting out
Seat 1: Pippa83 ($100 in chips) 
Seat 3: kvcsszblcs ($105 in chips) 
Seat 5: SorinS28 ($232.85 in chips) 
Seat 6: z00mba ($100 in chips) 
z00mba: posts small blind $0.50
Pippa83: posts big blind $1
Xenicide: sits out 
*** HOLE CARDS ***
kvcsszblcs: raises $1 to $2
SorinS28: folds 
z00mba: folds 
Pippa83: folds 
Uncalled bet ($1) returned to kvcsszblcs
kvcsszblcs collected $2.50 from pot
kvcsszblcs: doesn't show hand 
*** SUMMARY ***
Total pot $2.50 | Rake $0 
Seat 2: Xenicide
Seat 4: ilian_ivanov88
Seat 1: Pippa83 (big blind) folded before Flop
Seat 3: kvcsszblcs collected ($2.50)
Seat 5: SorinS28 (button) folded before Flop (didn't bet)
Seat 6: z00mba (small blind) folded before Flop



PokerStars Hand #254593316622:  Hold'em No Limit ($0.50/$1.00 USD) - 2025/01/28 18:42:30 WET [2025/01/28 13:42:30 ET]
Table 'Chacornac' 6-max Seat #6 is the button
Seat 1: Pippa83 ($100 in chips) 
Seat 2: Xenicide ($100 in chips) 
Seat 3: kvcsszblcs ($106.50 in chips) 
Seat 4: ilian_ivanov88 ($68.83 in chips) 
Seat 5: SorinS28 ($232.85 in chips) 
Seat 6: z00mba ($100 in chips) 
Pippa83: posts small blind $0.50
Xenicide: posts big blind $1
*** HOLE CARDS ***
kvcsszblcs: raises $1 to $2
ilian_ivanov88: folds 
SorinS28: folds 
z00mba: folds 
Pippa83: folds 
Xenicide: folds 
Uncalled bet ($1) returned to kvcsszblcs
kvcsszblcs collected $2.50 from pot
kvcsszblcs: doesn't show hand 
*** SUMMARY ***
Total pot $2.50 | Rake $0 
Seat 1: Pippa83 (small blind) folded before Flop
Seat 2: Xenicide (big blind) folded before Flop
Seat 3: kvcsszblcs collected ($2.50)
Seat 4: ilian_ivanov88 folded before Flop (didn't bet)
Seat 5: SorinS28 folded before Flop (didn't bet)
Seat 6: z00mba (button) folded before Flop (didn't bet)



PokerStars Hand #254593325387:  Hold'em No Limit ($0.50/$1.00 USD) - 2025/01/28 18:42:58 WET [2025/01/28 13:42:58 ET]
Table 'Chacornac' 6-max Seat #1 is the button
Seat 1: Pippa83 ($100 in chips) 
Seat 2: Xenicide ($100 in chips) 
Seat 3: kvcsszblcs ($108 in chips) 
Seat 4: ilian_ivanov88 ($68.83 in chips) 
Seat 5: SorinS28 ($232.85 in chips) 
Seat 6: z00mba ($100 in chips) 
Xenicide: posts small blind $0.50
kvcsszblcs: posts big blind $1
*** HOLE CARDS ***
ilian_ivanov88: raises $1 to $2
SorinS28: folds 
z00mba: folds 
Pippa83: folds 
Xenicide: folds 
kvcsszblcs: folds 
Uncalled bet ($1) returned to ilian_ivanov88
ilian_ivanov88 collected $2.50 from pot
*** SUMMARY ***
Total pot $2.50 | Rake $0 
Seat 1: Pippa83 (button) folded before Flop (didn't bet)
Seat 2: Xenicide (small blind) folded before Flop
Seat 3: kvcsszblcs (big blind) folded before Flop
Seat 4: ilian_ivanov88 collected ($2.50)
Seat 5: SorinS28 folded before Flop (didn't bet)
Seat 6: z00mba folded before Flop (didn't bet)



PokerStars Hand #254593332266:  Hold'em No Limit ($0.50/$1.00 USD) - 2025/01/28 18:43:19 WET [2025/01/28 13:43:19 ET]
Table 'Chacornac' 6-max Seat #2 is the button
Seat 1: Pippa83 ($100 in chips) 
Seat 2: Xenicide ($100 in chips) 
Seat 3: kvcsszblcs ($107 in chips) 
Seat 4: ilian_ivanov88 ($70.33 in chips) 
Seat 5: SorinS28 ($232.85 in chips) 
Seat 6: z00mba ($100 in chips) 
kvcsszblcs: posts small blind $0.50
ilian_ivanov88: posts big blind $1
*** HOLE CARDS ***
SorinS28: folds 
z00mba: folds 
Pippa83: folds 
Xenicide: folds 
kvcsszblcs: raises $1.85 to $2.85
ilian_ivanov88: calls $1.85
*** FLOP *** [2h Th 5d]
kvcsszblcs: bets $2.17
ilian_ivanov88: folds 
Uncalled bet ($2.17) returned to kvcsszblcs
kvcsszblcs collected $5.42 from pot
kvcsszblcs: doesn't show hand 
*** SUMMARY ***
Total pot $5.70 | Rake $0.28 
Board [2h Th 5d]
Seat 1: Pippa83 folded before Flop (didn't bet)
Seat 2: Xenicide (button) folded before Flop (didn't bet)
Seat 3: kvcsszblcs (small blind) collected ($5.42)
Seat 4: ilian_ivanov88 (big blind) folded on the Flop
Seat 5: SorinS28 folded before Flop (didn't bet)
Seat 6: z00mba folded before Flop (didn't bet)



PokerStars Hand #254593340743:  Hold'em No Limit ($0.50/$1.00 USD) - 2025/01/28 18:43:46 WET [2025/01/28 13:43:46 ET]
Table 'Chacornac' 6-max Seat #3 is the button
Seat 1: Pippa83 ($100 in chips) 
Seat 2: Xenicide ($100 in chips) 
Seat 3: kvcsszblcs ($109.57 in chips) 
Seat 4: ilian_ivanov88 ($67.48 in chips) 
Seat 5: SorinS28 ($232.85 in chips) 
Seat 6: z00mba ($100 in chips) 
ilian_ivanov88: posts small blind $0.50
SorinS28: posts big blind $1
*** HOLE CARDS ***
z00mba: folds 
Pippa83: raises $1.20 to $2.20
Xenicide: folds 
kvcsszblcs: raises $5.30 to $7.50
ilian_ivanov88: folds 
SorinS28: folds 
Pippa83: folds 
Uncalled bet ($5.30) returned to kvcsszblcs
kvcsszblcs collected $5.90 from pot
kvcsszblcs: doesn't show hand 
*** SUMMARY ***
Total pot $5.90 | Rake $0 
Seat 1: Pippa83 folded before Flop
Seat 2: Xenicide folded before Flop (didn't bet)
Seat 3: kvcsszblcs (button) collected ($5.90)
Seat 4: ilian_ivanov88 (small blind) folded before Flop
Seat 5: SorinS28 (big blind) folded before Flop
Seat 6: z00mba folded before Flop (didn't bet)



PokerStars Hand #254593350784:  Hold'em No Limit ($0.50/$1.00 USD) - 2025/01/28 18:44:18 WET [2025/01/28 13:44:18 ET]
Table 'Chacornac' 6-max Seat #4 is the button
Seat 1: Pippa83 ($100 in chips) 
Seat 2: Xenicide ($100 in chips) 
Seat 3: kvcsszblcs ($113.27 in chips) 
Seat 4: ilian_ivanov88 ($66.98 in chips) 
Seat 5: SorinS28 ($231.85 in chips) 
Seat 6: z00mba ($100 in chips) 
SorinS28: posts small blind $0.50
z00mba: posts big blind $1
*** HOLE CARDS ***
Pippa83: folds 
Xenicide: folds 
kvcsszblcs: raises $1 to $2
ilian_ivanov88 has timed out
ilian_ivanov88: folds 
SorinS28: folds 
z00mba: folds 
Uncalled bet ($1) returned to kvcsszblcs
kvcsszblcs collected $2.50 from pot
kvcsszblcs: doesn't show hand 
*** SUMMARY ***
Total pot $2.50 | Rake $0 
Seat 1: Pippa83 folded before Flop (didn't bet)
Seat 2: Xenicide folded before Flop (didn't bet)
Seat 3: kvcsszblcs collected ($2.50)
Seat 4: ilian_ivanov88 (button) folded before Flop (didn't bet)
Seat 5: SorinS28 (small blind) folded before Flop
Seat 6: z00mba (big blind) folded before Flop



PokerStars Hand #254593363436:  Hold'em No Limit ($0.50/$1.00 USD) - 2025/01/28 18:44:58 WET [2025/01/28 13:44:58 ET]
Table 'Chacornac' 6-max Seat #5 is the button
Seat 4: ilian_ivanov88 ($66.98 in chips) is sitting out
Seat 1: Pippa83 ($100 in chips) 
Seat 2: Xenicide ($100 in chips) 
Seat 3: kvcsszblcs ($114.77 in chips) 
Seat 5: SorinS28 ($231.35 in chips) 
Seat 6: z00mba ($100 in chips) 
z00mba: posts small blind $0.50
Pippa83: posts big blind $1
*** HOLE CARDS ***
Xenicide: folds 
kvcsszblcs: raises $1 to $2
SorinS28: raises $5.50 to $7.50
z00mba: raises $14.50 to $22
Pippa83: folds 
kvcsszblcs: folds 
SorinS28: folds 
Uncalled bet ($14.50) returned to z00mba
z00mba collected $18 from pot
z00mba: doesn't show hand 
*** SUMMARY ***
Total pot $18 | Rake $0 
Seat 4: ilian_ivanov88
Seat 1: Pippa83 (big blind) folded before Flop
Seat 2: Xenicide folded before Flop (didn't bet)
Seat 3: kvcsszblcs folded before Flop
Seat 5: SorinS28 (button) folded before Flop
Seat 6: z00mba (small blind) collected ($18)



PokerStars Hand #254593374020:  Hold'em No Limit ($0.50/$1.00 USD) - 2025/01/28 18:45:32 WET [2025/01/28 13:45:32 ET]
Table 'Chacornac' 6-max Seat #6 is the button
Seat 4: ilian_ivanov88 ($66.98 in chips) is sitting out
Seat 1: Pippa83 ($100 in chips) 
Seat 2: Xenicide ($100 in chips) 
Seat 3: kvcsszblcs ($112.77 in chips) 
Seat 5: SorinS28 ($223.85 in chips) 
Seat 6: z00mba ($110.50 in chips) 
Pippa83: posts small blind $0.50
Xenicide: posts big blind $1
*** HOLE CARDS ***
kvcsszblcs: folds 
SorinS28: raises $1.30 to $2.30
z00mba: folds 
Pippa83: folds 
Xenicide: folds 
Uncalled bet ($1.30) returned to SorinS28
SorinS28 collected $2.50 from pot
SorinS28: doesn't show hand 
*** SUMMARY ***
Total pot $2.50 | Rake $0 
Seat 4: ilian_ivanov88
Seat 1: Pippa83 (small blind) folded before Flop
Seat 2: Xenicide (big blind) folded before Flop
Seat 3: kvcsszblcs folded before Flop (didn't bet)
Seat 5: SorinS28 collected ($2.50)
Seat 6: z00mba (button) folded before Flop (didn't bet)



PokerStars Hand #254593377184:  Hold'em No Limit ($0.50/$1.00 USD) - 2025/01/28 18:45:42 WET [2025/01/28 13:45:42 ET]
Table 'Chacornac' 6-max Seat #1 is the button
Seat 1: Pippa83 ($100 in chips) 
Seat 2: Xenicide ($100 in chips) 
Seat 3: kvcsszblcs ($112.77 in chips) 
Seat 4: ilian_ivanov88 ($66.98 in chips) 
Seat 5: SorinS28 ($225.35 in chips) 
Seat 6: z00mba ($110.50 in chips) 
Xenicide: posts small blind $0.50
kvcsszblcs: posts big blind $1
*** HOLE CARDS ***
ilian_ivanov88 has timed out
ilian_ivanov88: folds 
SorinS28: raises $1.02 to $2.02
z00mba: folds 
Pippa83: folds 
Xenicide: raises $7.98 to $10
kvcsszblcs: folds 
SorinS28: folds 
Uncalled bet ($7.98) returned to Xenicide
Xenicide collected $5.04 from pot
*** SUMMARY ***
Total pot $5.04 | Rake $0 
Seat 1: Pippa83 (button) folded before Flop (didn't bet)
Seat 2: Xenicide (small blind) collected ($5.04)
Seat 3: kvcsszblcs (big blind) folded before Flop
Seat 4: ilian_ivanov88 folded before Flop (didn't bet)
Seat 5: SorinS28 folded before Flop
Seat 6: z00mba folded before Flop (didn't bet)



PokerStars Hand #254593389184:  Hold'em No Limit ($0.50/$1.00 USD) - 2025/01/28 18:46:21 WET [2025/01/28 13:46:21 ET]
Table 'Chacornac' 6-max Seat #2 is the button
Seat 1: Pippa83 ($100 in chips) 
Seat 2: Xenicide ($103.02 in chips) 
Seat 3: kvcsszblcs ($111.77 in chips) 
Seat 4: ilian_ivanov88 ($66.98 in chips) 
Seat 5: SorinS28 ($223.33 in chips) 
Seat 6: z00mba ($110.50 in chips) 
kvcsszblcs: posts small blind $0.50
ilian_ivanov88: posts big blind $1
*** HOLE CARDS ***
SorinS28: folds 
z00mba: folds 
Pippa83: raises $1.50 to $2.50
Xenicide: folds 
kvcsszblcs: folds 
ilian_ivanov88: calls $1.50
*** FLOP *** [7h 8d 8c]
ilian_ivanov88: checks 
Pippa83: bets $1.72
ilian_ivanov88: folds 
Uncalled bet ($1.72) returned to Pippa83
Pippa83 collected $5.22 from pot
Pippa83: doesn't show hand 
*** SUMMARY ***
Total pot $5.50 | Rake $0.28 
Board [7h 8d 8c]
Seat 1: Pippa83 collected ($5.22)
Seat 2: Xenicide (button) folded before Flop (didn't bet)
Seat 3: kvcsszblcs (small blind) folded before Flop
Seat 4: ilian_ivanov88 (big blind) folded on the Flop
Seat 5: SorinS28 folded before Flop (didn't bet)
Seat 6: z00mba folded before Flop (didn't bet)



PokerStars Hand #254593401561:  Hold'em No Limit ($0.50/$1.00 USD) - 2025/01/28 18:47:01 WET [2025/01/28 13:47:01 ET]
Table 'Chacornac' 6-max Seat #3 is the button
Seat 1: Pippa83 ($102.72 in chips) 
Seat 2: Xenicide ($103.02 in chips) 
Seat 3: kvcsszblcs ($111.27 in chips) 
Seat 4: ilian_ivanov88 ($64.48 in chips) 
Seat 5: SorinS28 ($223.33 in chips) 
Seat 6: z00mba ($110.50 in chips) 
ilian_ivanov88: posts small blind $0.50
SorinS28: posts big blind $1
*** HOLE CARDS ***
z00mba: raises $1.50 to $2.50
Pippa83: folds 
Xenicide: raises $4.50 to $7
kvcsszblcs: folds 
ilian_ivanov88: folds 
SorinS28: folds 
z00mba: folds 
Uncalled bet ($4.50) returned to Xenicide
Xenicide collected $6.50 from pot
Xenicide: doesn't show hand 
*** SUMMARY ***
Total pot $6.50 | Rake $0 
Seat 1: Pippa83 folded before Flop (didn't bet)
Seat 2: Xenicide collected ($6.50)
Seat 3: kvcsszblcs (button) folded before Flop (didn't bet)
Seat 4: ilian_ivanov88 (small blind) folded before Flop
Seat 5: SorinS28 (big blind) folded before Flop
Seat 6: z00mba folded before Flop



PokerStars Hand #254593418824:  Hold'em No Limit ($0.50/$1.00 USD) - 2025/01/28 18:47:56 WET [2025/01/28 13:47:56 ET]
Table 'Chacornac' 6-max Seat #4 is the button
Seat 1: Pippa83 ($102.72 in chips) 
Seat 2: Xenicide ($107.02 in chips) 
Seat 3: kvcsszblcs ($111.27 in chips) 
Seat 4: ilian_ivanov88 ($63.98 in chips) 
Seat 5: SorinS28 ($222.33 in chips) 
Seat 6: z00mba ($108 in chips) 
SorinS28: posts small blind $0.50
z00mba: posts big blind $1
*** HOLE CARDS ***
Pippa83: raises $1.20 to $2.20
Xenicide: folds 
kvcsszblcs: folds 
ilian_ivanov88: calls $2.20
SorinS28: calls $1.70
z00mba: folds 
*** FLOP *** [Kh Qs Js]
SorinS28: checks 
Pippa83: bets $3.50
ilian_ivanov88: folds 
SorinS28: folds 
Uncalled bet ($3.50) returned to Pippa83
Pippa83 collected $7.22 from pot
Pippa83: doesn't show hand 
*** SUMMARY ***
Total pot $7.60 | Rake $0.38 
Board [Kh Qs Js]
Seat 1: Pippa83 collected ($7.22)
Seat 2: Xenicide folded before Flop (didn't bet)
Seat 3: kvcsszblcs folded before Flop (didn't bet)
Seat 4: ilian_ivanov88 (button) folded on the Flop
Seat 5: SorinS28 (small blind) folded on the Flop
Seat 6: z00mba (big blind) folded before Flop



PokerStars Hand #254593433715:  Hold'em No Limit ($0.50/$1.00 USD) - 2025/01/28 18:48:44 WET [2025/01/28 13:48:44 ET]
Table 'Chacornac' 6-max Seat #5 is the button
Seat 1: Pippa83 ($107.74 in chips) 
Seat 2: Xenicide ($107.02 in chips) 
Seat 3: kvcsszblcs ($111.27 in chips) 
Seat 4: ilian_ivanov88 ($61.78 in chips) 
Seat 5: SorinS28 ($220.13 in chips) 
Seat 6: z00mba ($107 in chips) 
z00mba: posts small blind $0.50
Pippa83: posts big blind $1
*** HOLE CARDS ***
Xenicide: folds 
kvcsszblcs: folds 
ilian_ivanov88 has timed out
ilian_ivanov88: folds 
SorinS28: folds 
z00mba: folds 
Uncalled bet ($0.50) returned to Pippa83
Pippa83 collected $1 from pot
Pippa83: doesn't show hand 
*** SUMMARY ***
Total pot $1 | Rake $0 
Seat 1: Pippa83 (big blind) collected ($1)
Seat 2: Xenicide folded before Flop (didn't bet)
Seat 3: kvcsszblcs folded before Flop (didn't bet)
Seat 4: ilian_ivanov88 folded before Flop (didn't bet)
Seat 5: SorinS28 (button) folded before Flop (didn't bet)
Seat 6: z00mba (small blind) folded before Flop



PokerStars Hand #254593442517:  Hold'em No Limit ($0.50/$1.00 USD) - 2025/01/28 18:49:12 WET [2025/01/28 13:49:12 ET]
Table 'Chacornac' 6-max Seat #6 is the button
Seat 1: Pippa83 ($108.24 in chips) 
Seat 2: Xenicide ($107.02 in chips) 
Seat 3: kvcsszblcs ($111.27 in chips) 
Seat 4: ilian_ivanov88 ($61.78 in chips) 
Seat 5: SorinS28 ($220.13 in chips) 
Seat 6: z00mba ($106.50 in chips) 
Pippa83: posts small blind $0.50
Xenicide: posts big blind $1
*** HOLE CARDS ***
kvcsszblcs: folds 
ilian_ivanov88: folds 
SorinS28: folds 
z00mba: folds 
Pippa83: raises $2 to $3
Xenicide: calls $2
*** FLOP *** [3d Qs 4s]
Pippa83: checks 
Xenicide: bets $1.43
Pippa83: calls $1.43
*** TURN *** [3d Qs 4s] [Td]
Pippa83: checks 
Xenicide: checks 
*** RIVER *** [3d Qs 4s Td] [9c]
Pippa83: checks 
Xenicide: checks 
*** SHOW DOWN ***
Pippa83: shows [Ad 4h] (a pair of Fours)
Xenicide: shows [Th Kc] (a pair of Tens)
Xenicide collected $8.42 from pot
*** SUMMARY ***
Total pot $8.86 | Rake $0.44 
Board [3d Qs 4s Td 9c]
Seat 1: Pippa83 (small blind) showed [Ad 4h] and lost with a pair of Fours
Seat 2: Xenicide (big blind) showed [Th Kc] and won ($8.42) with a pair of Tens
Seat 3: kvcsszblcs folded before Flop (didn't bet)
Seat 4: ilian_ivanov88 folded before Flop (didn't bet)
Seat 5: SorinS28 folded before Flop (didn't bet)
Seat 6: z00mba (button) folded before Flop (didn't bet)



PokerStars Hand #254593464324:  Hold'em No Limit ($0.50/$1.00 USD) - 2025/01/28 18:50:23 WET [2025/01/28 13:50:23 ET]
Table 'Chacornac' 6-max Seat #1 is the button
Seat 1: Pippa83 ($103.81 in chips) 
Seat 2: Xenicide ($111.01 in chips) 
Seat 3: kvcsszblcs ($111.27 in chips) 
Seat 4: ilian_ivanov88 ($61.78 in chips) 
Seat 5: SorinS28 ($220.13 in chips) 
Seat 6: z00mba ($106.50 in chips) 
Xenicide: posts small blind $0.50
kvcsszblcs: posts big blind $1
*** HOLE CARDS ***
ilian_ivanov88: folds 
SorinS28: raises $1.02 to $2.02
z00mba: folds 
Pippa83: folds 
Xenicide: folds 
kvcsszblcs: folds 
Uncalled bet ($1.02) returned to SorinS28
SorinS28 collected $2.50 from pot
SorinS28: doesn't show hand 
*** SUMMARY ***
Total pot $2.50 | Rake $0 
Seat 1: Pippa83 (button) folded before Flop (didn't bet)
Seat 2: Xenicide (small blind) folded before Flop
Seat 3: kvcsszblcs (big blind) folded before Flop
Seat 4: ilian_ivanov88 folded before Flop (didn't bet)
Seat 5: SorinS28 collected ($2.50)
Seat 6: z00mba folded before Flop (didn't bet)



PokerStars Hand #254593471765:  Hold'em No Limit ($0.50/$1.00 USD) - 2025/01/28 18:50:47 WET [2025/01/28 13:50:47 ET]
Table 'Chacornac' 6-max Seat #2 is the button
Seat 1: Pippa83 ($103.81 in chips) 
Seat 2: Xenicide ($110.51 in chips) 
Seat 3: kvcsszblcs ($110.27 in chips) 
Seat 4: ilian_ivanov88 ($61.78 in chips) 
Seat 5: SorinS28 ($221.63 in chips) 
Seat 6: z00mba ($106.50 in chips) 
kvcsszblcs: posts small blind $0.50
ilian_ivanov88: posts big blind $1
*** HOLE CARDS ***
SorinS28: raises $1.02 to $2.02
z00mba: folds 
Pippa83: folds 
Xenicide: folds 
kvcsszblcs: folds 
ilian_ivanov88: folds 
Uncalled bet ($1.02) returned to SorinS28
SorinS28 collected $2.50 from pot
SorinS28: doesn't show hand 
*** SUMMARY ***
Total pot $2.50 | Rake $0 
Seat 1: Pippa83 folded before Flop (didn't bet)
Seat 2: Xenicide (button) folded before Flop (didn't bet)
Seat 3: kvcsszblcs (small blind) folded before Flop
Seat 4: ilian_ivanov88 (big blind) folded before Flop
Seat 5: SorinS28 collected ($2.50)
Seat 6: z00mba folded before Flop (didn't bet)



PokerStars Hand #254593476979:  Hold'em No Limit ($0.50/$1.00 USD) - 2025/01/28 18:51:04 WET [2025/01/28 13:51:04 ET]
Table 'Chacornac' 6-max Seat #3 is the button
Seat 1: Pippa83 ($103.81 in chips) 
Seat 2: Xenicide ($110.51 in chips) 
Seat 3: kvcsszblcs ($109.77 in chips) 
Seat 4: ilian_ivanov88 ($60.78 in chips) 
Seat 5: SorinS28 ($223.13 in chips) 
Seat 6: z00mba ($106.50 in chips) 
ilian_ivanov88: posts small blind $0.50
SorinS28: posts big blind $1
*** HOLE CARDS ***
z00mba: folds 
Pippa83: folds 
Xenicide: folds 
kvcsszblcs: raises $1.25 to $2.25
ilian_ivanov88: calls $1.75
SorinS28: calls $1.25
*** FLOP *** [Ks 4s Jd]
ilian_ivanov88: checks 
SorinS28: checks 
kvcsszblcs: checks 
*** TURN *** [Ks 4s Jd] [Qd]
ilian_ivanov88: checks 
SorinS28: bets $6.35
kvcsszblcs: folds 
ilian_ivanov88: folds 
Uncalled bet ($6.35) returned to SorinS28
SorinS28 collected $6.41 from pot
SorinS28: doesn't show hand 
*** SUMMARY ***
Total pot $6.75 | Rake $0.34 
Board [Ks 4s Jd Qd]
Seat 1: Pippa83 folded before Flop (didn't bet)
Seat 2: Xenicide folded before Flop (didn't bet)
Seat 3: kvcsszblcs (button) folded on the Turn
Seat 4: ilian_ivanov88 (small blind) folded on the Turn
Seat 5: SorinS28 (big blind) collected ($6.41)
Seat 6: z00mba folded before Flop (didn't bet)



PokerStars Hand #254593504322:  Hold'em No Limit ($0.50/$1.00 USD) - 2025/01/28 18:52:32 WET [2025/01/28 13:52:32 ET]
Table 'Chacornac' 6-max Seat #4 is the button
Seat 1: Pippa83 ($103.81 in chips) 
Seat 2: Xenicide ($110.51 in chips) 
Seat 3: kvcsszblcs ($107.52 in chips) 
Seat 4: ilian_ivanov88 ($58.53 in chips) 
Seat 5: SorinS28 ($227.29 in chips) 
Seat 6: z00mba ($106.50 in chips) 
SorinS28: posts small blind $0.50
z00mba: posts big blind $1
*** HOLE CARDS ***
Pippa83: folds 
Xenicide: folds 
kvcsszblcs: raises $1 to $2
ilian_ivanov88: folds 
SorinS28: folds 
z00mba: folds 
Uncalled bet ($1) returned to kvcsszblcs
kvcsszblcs collected $2.50 from pot
kvcsszblcs: doesn't show hand 
*** SUMMARY ***
Total pot $2.50 | Rake $0 
Seat 1: Pippa83 folded before Flop (didn't bet)
Seat 2: Xenicide folded before Flop (didn't bet)
Seat 3: kvcsszblcs collected ($2.50)
Seat 4: ilian_ivanov88 (button) folded before Flop (didn't bet)
Seat 5: SorinS28 (small blind) folded before Flop
Seat 6: z00mba (big blind) folded before Flop



PokerStars Hand #254593510392:  Hold'em No Limit ($0.50/$1.00 USD) - 2025/01/28 18:52:52 WET [2025/01/28 13:52:52 ET]
Table 'Chacornac' 6-max Seat #5 is the button
Seat 1: Pippa83 ($103.81 in chips) 
Seat 2: Xenicide ($110.51 in chips) 
Seat 3: kvcsszblcs ($109.02 in chips) 
Seat 4: ilian_ivanov88 ($58.53 in chips) 
Seat 5: SorinS28 ($226.79 in chips) 
Seat 6: z00mba ($105.50 in chips) 
z00mba: posts small blind $0.50
Pippa83: posts big blind $1
*** HOLE CARDS ***
Xenicide: folds 
kvcsszblcs: folds 
ilian_ivanov88: folds 
SorinS28: folds 
z00mba: folds 
Uncalled bet ($0.50) returned to Pippa83
Pippa83 collected $1 from pot
Pippa83: doesn't show hand 
*** SUMMARY ***
Total pot $1 | Rake $0 
Seat 1: Pippa83 (big blind) collected ($1)
Seat 2: Xenicide folded before Flop (didn't bet)
Seat 3: kvcsszblcs folded before Flop (didn't bet)
Seat 4: ilian_ivanov88 folded before Flop (didn't bet)
Seat 5: SorinS28 (button) folded before Flop (didn't bet)
Seat 6: z00mba (small blind) folded before Flop



PokerStars Hand #254593514831:  Hold'em No Limit ($0.50/$1.00 USD) - 2025/01/28 18:53:06 WET [2025/01/28 13:53:06 ET]
Table 'Chacornac' 6-max Seat #6 is the button
Seat 1: Pippa83 ($104.31 in chips) 
Seat 2: Xenicide ($110.51 in chips) 
Seat 3: kvcsszblcs ($109.02 in chips) 
Seat 4: ilian_ivanov88 ($58.53 in chips) 
Seat 5: SorinS28 ($226.79 in chips) 
Seat 6: z00mba ($105 in chips) 
Pippa83: posts small blind $0.50
Xenicide: posts big blind $1
*** HOLE CARDS ***
kvcsszblcs: raises $1 to $2
ilian_ivanov88: raises $3 to $5
SorinS28: folds 
z00mba: folds 
Pippa83: folds 
Xenicide: folds 
kvcsszblcs: calls $3
*** FLOP *** [6h Qs Ac]
kvcsszblcs: checks 
ilian_ivanov88: checks 
*** TURN *** [6h Qs Ac] [Qc]
kvcsszblcs: checks 
ilian_ivanov88: checks 
*** RIVER *** [6h Qs Ac Qc] [3s]
kvcsszblcs: checks 
ilian_ivanov88: checks 
*** SHOW DOWN ***
kvcsszblcs: shows [6c 7c] (two pair, Queens and Sixes)
ilian_ivanov88: shows [Kc Kh] (two pair, Kings and Queens)
ilian_ivanov88 collected $10.92 from pot
*** SUMMARY ***
Total pot $11.50 | Rake $0.58 
Board [6h Qs Ac Qc 3s]
Seat 1: Pippa83 (small blind) folded before Flop
Seat 2: Xenicide (big blind) folded before Flop
Seat 3: kvcsszblcs showed [6c 7c] and lost with two pair, Queens and Sixes
Seat 4: ilian_ivanov88 showed [Kc Kh] and won ($10.92) with two pair, Kings and Queens
Seat 5: SorinS28 folded before Flop (didn't bet)
Seat 6: z00mba (button) folded before Flop (didn't bet)



PokerStars Hand #254593525250:  Hold'em No Limit ($0.50/$1.00 USD) - 2025/01/28 18:53:40 WET [2025/01/28 13:53:40 ET]
Table 'Chacornac' 6-max Seat #1 is the button
Seat 1: Pippa83 ($103.81 in chips) 
Seat 2: Xenicide ($109.51 in chips) 
Seat 3: kvcsszblcs ($104.02 in chips) 
Seat 4: ilian_ivanov88 ($64.45 in chips) 
Seat 5: SorinS28 ($226.79 in chips) 
Seat 6: z00mba ($105 in chips) 
Xenicide: posts small blind $0.50
kvcsszblcs: posts big blind $1
*** HOLE CARDS ***
ilian_ivanov88: folds 
SorinS28: folds 
z00mba: folds 
Pippa83: folds 
Xenicide: folds 
Uncalled bet ($0.50) returned to kvcsszblcs
kvcsszblcs collected $1 from pot
kvcsszblcs: doesn't show hand 
*** SUMMARY ***
Total pot $1 | Rake $0 
Seat 1: Pippa83 (button) folded before Flop (didn't bet)
Seat 2: Xenicide (small blind) folded before Flop
Seat 3: kvcsszblcs (big blind) collected ($1)
Seat 4: ilian_ivanov88 folded before Flop (didn't bet)
Seat 5: SorinS28 folded before Flop (didn't bet)
Seat 6: z00mba folded before Flop (didn't bet)



PokerStars Hand #254593537687:  Hold'em No Limit ($0.50/$1.00 USD) - 2025/01/28 18:54:20 WET [2025/01/28 13:54:20 ET]
Table 'Chacornac' 6-max Seat #2 is the button
Seat 1: Pippa83 ($103.81 in chips) 
Seat 2: Xenicide ($109.01 in chips) 
Seat 3: kvcsszblcs ($104.52 in chips) 
Seat 4: ilian_ivanov88 ($64.45 in chips) 
Seat 5: SorinS28 ($226.79 in chips) 
Seat 6: z00mba ($105 in chips) 
kvcsszblcs: posts small blind $0.50
ilian_ivanov88: posts big blind $1
*** HOLE CARDS ***
SorinS28: folds 
z00mba: folds 
Pippa83: folds 
Xenicide: folds 
kvcsszblcs: folds 
Uncalled bet ($0.50) returned to ilian_ivanov88
ilian_ivanov88 collected $1 from pot
*** SUMMARY ***
Total pot $1 | Rake $0 
Seat 1: Pippa83 folded before Flop (didn't bet)
Seat 2: Xenicide (button) folded before Flop (didn't bet)
Seat 3: kvcsszblcs (small blind) folded before Flop
Seat 4: ilian_ivanov88 (big blind) collected ($1)
Seat 5: SorinS28 folded before Flop (didn't bet)
Seat 6: z00mba folded before Flop (didn't bet)



PokerStars Hand #254593542795:  Hold'em No Limit ($0.50/$1.00 USD) - 2025/01/28 18:54:37 WET [2025/01/28 13:54:37 ET]
Table 'Chacornac' 6-max Seat #3 is the button
Seat 1: Pippa83 ($103.81 in chips) 
Seat 2: Xenicide ($109.01 in chips) 
Seat 3: kvcsszblcs ($104.02 in chips) 
Seat 4: ilian_ivanov88 ($64.95 in chips) 
Seat 5: SorinS28 ($226.79 in chips) 
Seat 6: z00mba ($105 in chips) 
ilian_ivanov88: posts small blind $0.50
SorinS28: posts big blind $1
*** HOLE CARDS ***
z00mba: folds 
Pippa83: folds 
Xenicide: folds 
kvcsszblcs: raises $1.25 to $2.25
ilian_ivanov88: calls $1.75
SorinS28: folds 
*** FLOP *** [Tc 5s Ks]
ilian_ivanov88: checks 
kvcsszblcs: bets $3.45
ilian_ivanov88: calls $3.45
*** TURN *** [Tc 5s Ks] [Ac]
ilian_ivanov88: checks 
kvcsszblcs: bets $8.84
ilian_ivanov88: calls $8.84
*** RIVER *** [Tc 5s Ks Ac] [6s]
ilian_ivanov88: checks 
Xenicide leaves the table
kvcsszblcs: checks 
*** SHOW DOWN ***
ilian_ivanov88: shows [Jc As] (a pair of Aces)
kvcsszblcs: shows [Ah Qs] (a pair of Aces - King+Queen kicker)
MrAdris9 joins the table at seat #2 
kvcsszblcs collected $28.58 from pot
*** SUMMARY ***
Total pot $30.08 | Rake $1.50 
Board [Tc 5s Ks Ac 6s]
Seat 1: Pippa83 folded before Flop (didn't bet)
Seat 2: Xenicide folded before Flop (didn't bet)
Seat 3: kvcsszblcs (button) showed [Ah Qs] and won ($28.58) with a pair of Aces
Seat 4: ilian_ivanov88 (small blind) showed [Jc As] and lost with a pair of Aces
Seat 5: SorinS28 (big blind) folded before Flop
Seat 6: z00mba folded before Flop (didn't bet)



PokerStars Hand #254593557964:  Hold'em No Limit ($0.50/$1.00 USD) - 2025/01/28 18:55:34 WET [2025/01/28 13:55:34 ET]
Table 'Chacornac' 6-max Seat #4 is the button
Seat 2: MrAdris9 ($100 in chips) is sitting out
Seat 1: Pippa83 ($103.81 in chips) 
Seat 3: kvcsszblcs ($118.06 in chips) 
Seat 4: ilian_ivanov88 ($50.41 in chips) 
Seat 5: SorinS28 ($225.79 in chips) 
Seat 6: z00mba ($105 in chips) 
SorinS28: posts small blind $0.50
z00mba: posts big blind $1
MrAdris9: sits out 
*** HOLE CARDS ***
Pippa83: raises $1.20 to $2.20
kvcsszblcs: folds 
ilian_ivanov88: folds 
SorinS28: folds 
z00mba: folds 
Uncalled bet ($1.20) returned to Pippa83
Pippa83 collected $2.50 from pot
Pippa83: doesn't show hand 
*** SUMMARY ***
Total pot $2.50 | Rake $0 
Seat 2: MrAdris9
Seat 1: Pippa83 collected ($2.50)
Seat 3: kvcsszblcs folded before Flop (didn't bet)
Seat 4: ilian_ivanov88 (button) folded before Flop (didn't bet)
Seat 5: SorinS28 (small blind) folded before Flop
Seat 6: z00mba (big blind) folded before Flop



PokerStars Hand #254593560941:  Hold'em No Limit ($0.50/$1.00 USD) - 2025/01/28 18:55:46 WET [2025/01/28 13:55:46 ET]
Table 'Chacornac' 6-max Seat #5 is the button
Seat 2: MrAdris9 ($100 in chips) is sitting out
Seat 1: Pippa83 ($105.31 in chips) 
Seat 3: kvcsszblcs ($118.06 in chips) 
Seat 4: ilian_ivanov88 ($57.14 in chips) 
Seat 5: SorinS28 ($225.29 in chips) 
Seat 6: z00mba ($104 in chips) 
z00mba: posts small blind $0.50
Pippa83: posts big blind $1
MrAdris9: sits out 
*** HOLE CARDS ***
kvcsszblcs: raises $1 to $2
ilian_ivanov88: calls $2
SorinS28: folds 
z00mba: raises $12 to $14
Pippa83: folds 
kvcsszblcs: folds 
ilian_ivanov88: folds 
Uncalled bet ($12) returned to z00mba
z00mba collected $7 from pot
z00mba: doesn't show hand 
*** SUMMARY ***
Total pot $7 | Rake $0 
Seat 2: MrAdris9
Seat 1: Pippa83 (big blind) folded before Flop
Seat 3: kvcsszblcs folded before Flop
Seat 4: ilian_ivanov88 folded before Flop
Seat 5: SorinS28 (button) folded before Flop (didn't bet)
Seat 6: z00mba (small blind) collected ($7)



PokerStars Hand #254593569071:  Hold'em No Limit ($0.50/$1.00 USD) - 2025/01/28 18:56:21 WET [2025/01/28 13:56:21 ET]
Table 'Chacornac' 6-max Seat #6 is the button
Seat 1: Pippa83 ($104.31 in chips) 
Seat 2: MrAdris9 ($100 in chips) 
Seat 3: kvcsszblcs ($116.06 in chips) 
Seat 4: ilian_ivanov88 ($55.14 in chips) 
Seat 5: SorinS28 ($225.29 in chips) 
Seat 6: z00mba ($109 in chips) 
Pippa83: posts small blind $0.50
MrAdris9: posts big blind $1
*** HOLE CARDS ***
kvcsszblcs: folds 
ilian_ivanov88: folds 
SorinS28: raises $1.30 to $2.30
z00mba: folds 
Pippa83: folds 
MrAdris9: folds 
Uncalled bet ($1.30) returned to SorinS28
SorinS28 collected $2.50 from pot
SorinS28: doesn't show hand 
*** SUMMARY ***
Total pot $2.50 | Rake $0 
Seat 1: Pippa83 (small blind) folded before Flop
Seat 2: MrAdris9 (big blind) folded before Flop
Seat 3: kvcsszblcs folded before Flop (didn't bet)
Seat 4: ilian_ivanov88 folded before Flop (didn't bet)
Seat 5: SorinS28 collected ($2.50)
Seat 6: z00mba (button) folded before Flop (didn't bet)



PokerStars Hand #254593575482:  Hold'em No Limit ($0.50/$1.00 USD) - 2025/01/28 18:56:48 WET [2025/01/28 13:56:48 ET]
Table 'Chacornac' 6-max Seat #1 is the button
Seat 1: Pippa83 ($103.81 in chips) 
Seat 2: MrAdris9 ($100 in chips) 
Seat 3: kvcsszblcs ($116.06 in chips) 
Seat 4: ilian_ivanov88 ($55.14 in chips) 
Seat 5: SorinS28 ($226.79 in chips) 
Seat 6: z00mba ($109 in chips) 
MrAdris9: posts small blind $0.50
kvcsszblcs: posts big blind $1
*** HOLE CARDS ***
ilian_ivanov88: folds 
SorinS28: folds 
z00mba: folds 
Pippa83: raises $1.50 to $2.50
MrAdris9: folds 
kvcsszblcs: calls $1.50
*** FLOP *** [2c 6s 6c]
kvcsszblcs: checks 
Pippa83: checks 
*** TURN *** [2c 6s 6c] [2s]
kvcsszblcs: checks 
Pippa83: checks 
*** RIVER *** [2c 6s 6c 2s] [Ts]
kvcsszblcs: bets $2.61
Pippa83: calls $2.61
*** SHOW DOWN ***
kvcsszblcs: shows [Th Kh] (two pair, Tens and Sixes)
Pippa83: mucks hand 
kvcsszblcs collected $10.18 from pot
*** SUMMARY ***
Total pot $10.72 | Rake $0.54 
Board [2c 6s 6c 2s Ts]
Seat 1: Pippa83 (button) mucked
Seat 2: MrAdris9 (small blind) folded before Flop
Seat 3: kvcsszblcs (big blind) showed [Th Kh] and won ($10.18) with two pair, Tens and Sixes
Seat 4: ilian_ivanov88 folded before Flop (didn't bet)
Seat 5: SorinS28 folded before Flop (didn't bet)
Seat 6: z00mba folded before Flop (didn't bet)



PokerStars Hand #254593588345:  Hold'em No Limit ($0.50/$1.00 USD) - 2025/01/28 18:57:42 WET [2025/01/28 13:57:42 ET]
Table 'Chacornac' 6-max Seat #2 is the button
Seat 1: Pippa83 ($100 in chips) 
Seat 2: MrAdris9 ($100 in chips) 
Seat 3: kvcsszblcs ($121.13 in chips) 
Seat 4: ilian_ivanov88 ($55.14 in chips) 
Seat 5: SorinS28 ($226.79 in chips) 
Seat 6: z00mba ($109 in chips) 
kvcsszblcs: posts small blind $0.50
ilian_ivanov88: posts big blind $1
*** HOLE CARDS ***
SorinS28: folds 
z00mba: folds 
Pippa83: folds 
MrAdris9: raises $1.50 to $2.50
kvcsszblcs: raises $8.50 to $11
SorinS28 leaves the table
ilian_ivanov88: calls $10
MrAdris9: folds 
*** FLOP *** [Jd 3h Th]
BoyLoc0 joins the table at seat #5 
kvcsszblcs: checks 
ilian_ivanov88: checks 
*** TURN *** [Jd 3h Th] [2d]
kvcsszblcs: checks 
ilian_ivanov88: checks 
*** RIVER *** [Jd 3h Th 2d] [9h]
kvcsszblcs: checks 
ilian_ivanov88: checks 
*** SHOW DOWN ***
kvcsszblcs: shows [4s As] (high card Ace)
ilian_ivanov88: shows [Js Qs] (a pair of Jacks)
ilian_ivanov88 collected $23.28 from pot
*** SUMMARY ***
Total pot $24.50 | Rake $1.22 
Board [Jd 3h Th 2d 9h]
Seat 1: Pippa83 folded before Flop (didn't bet)
Seat 2: MrAdris9 (button) folded before Flop
Seat 3: kvcsszblcs (small blind) showed [4s As] and lost with high card Ace
Seat 4: ilian_ivanov88 (big blind) showed [Js Qs] and won ($23.28) with a pair of Jacks
Seat 5: SorinS28 folded before Flop (didn't bet)
Seat 6: z00mba folded before Flop (didn't bet)



PokerStars Hand #254593609077:  Hold'em No Limit ($0.50/$1.00 USD) - 2025/01/28 18:59:10 WET [2025/01/28 13:59:10 ET]
Table 'Chacornac' 6-max Seat #3 is the button
Seat 1: Pippa83 ($100 in chips) 
Seat 2: MrAdris9 ($100 in chips) 
Seat 3: kvcsszblcs ($110.13 in chips) 
Seat 4: ilian_ivanov88 ($67.42 in chips) 
Seat 5: BoyLoc0 ($100 in chips) 
Seat 6: z00mba ($109 in chips) 
ilian_ivanov88: posts small blind $0.50
BoyLoc0: posts big blind $1
*** HOLE CARDS ***
z00mba: folds 
Pippa83: folds 
MrAdris9: folds 
kvcsszblcs: folds 
ilian_ivanov88: raises $1 to $2
BoyLoc0: raises $5.50 to $7.50
ilian_ivanov88: calls $5.50
*** FLOP *** [8h Qd 3s]
ilian_ivanov88: checks 
BoyLoc0: bets $7.13
ilian_ivanov88: folds 
Uncalled bet ($7.13) returned to BoyLoc0
BoyLoc0 collected $14.25 from pot
BoyLoc0: doesn't show hand 
*** SUMMARY ***
Total pot $15 | Rake $0.75 
Board [8h Qd 3s]
Seat 1: Pippa83 folded before Flop (didn't bet)
Seat 2: MrAdris9 folded before Flop (didn't bet)
Seat 3: kvcsszblcs (button) folded before Flop (didn't bet)
Seat 4: ilian_ivanov88 (small blind) folded on the Flop
Seat 5: BoyLoc0 (big blind) collected ($14.25)
Seat 6: z00mba folded before Flop (didn't bet)



PokerStars Hand #254593616593:  Hold'em No Limit ($0.50/$1.00 USD) - 2025/01/28 18:59:42 WET [2025/01/28 13:59:42 ET]
Table 'Chacornac' 6-max Seat #4 is the button
Seat 1: Pippa83 ($100 in chips) 
Seat 2: MrAdris9 ($100 in chips) 
Seat 3: kvcsszblcs ($110.13 in chips) 
Seat 4: ilian_ivanov88 ($59.92 in chips) 
Seat 5: BoyLoc0 ($106.75 in chips) 
Seat 6: z00mba ($109 in chips) 
BoyLoc0: posts small blind $0.50
z00mba: posts big blind $1
*** HOLE CARDS ***
Pippa83: folds 
MrAdris9: folds 
kvcsszblcs: folds 
ilian_ivanov88: folds 
BoyLoc0: folds 
Uncalled bet ($0.50) returned to z00mba
z00mba collected $1 from pot
z00mba: doesn't show hand 
*** SUMMARY ***
Total pot $1 | Rake $0 
Seat 1: Pippa83 folded before Flop (didn't bet)
Seat 2: MrAdris9 folded before Flop (didn't bet)
Seat 3: kvcsszblcs folded before Flop (didn't bet)
Seat 4: ilian_ivanov88 (button) folded before Flop (didn't bet)
Seat 5: BoyLoc0 (small blind) folded before Flop
Seat 6: z00mba (big blind) collected ($1)



PokerStars Hand #254593619289:  Hold'em No Limit ($0.50/$1.00 USD) - 2025/01/28 18:59:54 WET [2025/01/28 13:59:54 ET]
Table 'Chacornac' 6-max Seat #5 is the button
Seat 1: Pippa83 ($100 in chips) 
Seat 2: MrAdris9 ($100 in chips) 
Seat 3: kvcsszblcs ($110.13 in chips) 
Seat 4: ilian_ivanov88 ($59.92 in chips) 
Seat 5: BoyLoc0 ($106.25 in chips) 
Seat 6: z00mba ($109.50 in chips) 
z00mba: posts small blind $0.50
Pippa83: posts big blind $1
*** HOLE CARDS ***
MrAdris9: folds 
kvcsszblcs: folds 
ilian_ivanov88: raises $1 to $2
BoyLoc0: folds 
z00mba: folds 
Pippa83: folds 
Uncalled bet ($1) returned to ilian_ivanov88
ilian_ivanov88 collected $2.50 from pot
*** SUMMARY ***
Total pot $2.50 | Rake $0 
Seat 1: Pippa83 (big blind) folded before Flop
Seat 2: MrAdris9 folded before Flop (didn't bet)
Seat 3: kvcsszblcs folded before Flop (didn't bet)
Seat 4: ilian_ivanov88 collected ($2.50)
Seat 5: BoyLoc0 (button) folded before Flop (didn't bet)
Seat 6: z00mba (small blind) folded before Flop



PokerStars Hand #254593623378:  Hold'em No Limit ($0.50/$1.00 USD) - 2025/01/28 19:00:06 WET [2025/01/28 14:00:06 ET]
Table 'Chacornac' 6-max Seat #6 is the button
Seat 1: Pippa83 ($100 in chips) 
Seat 2: MrAdris9 ($100 in chips) 
Seat 3: kvcsszblcs ($110.13 in chips) 
Seat 4: ilian_ivanov88 ($61.42 in chips) 
Seat 5: BoyLoc0 ($106.25 in chips) 
Seat 6: z00mba ($109 in chips) 
Pippa83: posts small blind $0.50
MrAdris9: posts big blind $1
*** HOLE CARDS ***
kvcsszblcs: folds 
ilian_ivanov88: folds 
BoyLoc0: folds 
ilian_ivanov88 is disconnected 
z00mba: folds 
Pippa83: folds 
Uncalled bet ($0.50) returned to MrAdris9
MrAdris9 collected $1 from pot
MrAdris9: doesn't show hand 
*** SUMMARY ***
Total pot $1 | Rake $0 
Seat 1: Pippa83 (small blind) folded before Flop
Seat 2: MrAdris9 (big blind) collected ($1)
Seat 3: kvcsszblcs folded before Flop (didn't bet)
Seat 4: ilian_ivanov88 folded before Flop (didn't bet)
Seat 5: BoyLoc0 folded before Flop (didn't bet)
Seat 6: z00mba (button) folded before Flop (didn't bet)



