PokerStars Hand #254590005057:  Hold'em No Limit ($0.50/$1.00 USD) - 2025/01/28 3:59:26 WET [2025/01/27 22:59:26 ET]
Table 'Minelava IV' 6-max Seat #5 is the button
Seat 2: Melenya ($100 in chips) 
Seat 3: Manifestorr ($100 in chips) 
Seat 5: Spartansmike ($85.03 in chips) 
Melenya: posts small blind $0.50
Manifestorr is connected 
Manifestorr: posts big blind $1
*** HOLE CARDS ***
JonnyAces7 joins the table at seat #4 
JonnyAces7 is disconnected 
Spartansmike: folds 
reeqar joins the table at seat #1 
Melenya: folds 
Uncalled bet ($0.50) returned to Manifestorr
Manifestorr collected $1 from pot
*** SUMMARY ***
Total pot $1 | Rake $0 
Seat 2: Melenya (small blind) folded before Flop
Seat 3: Manifestorr (big blind) collected ($1)
Seat 5: Spartansmike (button) folded before Flop (didn't bet)



PokerStars Hand #254590005815:  Hold'em No Limit ($0.50/$1.00 USD) - 2025/01/28 3:59:34 WET [2025/01/27 22:59:34 ET]
Table 'Minelava IV' 6-max Seat #2 is the button
Seat 1: reeqar ($100 in chips) is sitting out
Seat 2: Melenya ($100 in chips) 
Seat 3: Manifestorr ($100.50 in chips) 
Seat 4: JonnyAces7 ($10 in chips) 
Seat 5: Spartansmike ($85.03 in chips) 
Manifestorr: posts small blind $0.50
JonnyAces7: posts big blind $1
reeqar: sits out 
*** HOLE CARDS ***
Spartansmike: folds 
Melenya: folds 
Manifestorr: raises $2 to $3
JonnyAces7: raises $7 to $10 and is all-in
Manifestorr: calls $7
*** FLOP *** [2s 3h Qs]
*** TURN *** [2s 3h Qs] [8c]
ponchua joins the table at seat #6 
*** RIVER *** [2s 3h Qs 8c] [Qh]
*** SHOW DOWN ***
Manifestorr: shows [9h 6h] (a pair of Queens)
JonnyAces7: shows [Jd Ac] (a pair of Queens - Ace kicker)
JonnyAces7 collected $19 from pot
*** SUMMARY ***
Total pot $20 | Rake $1 
Board [2s 3h Qs 8c Qh]
Seat 1: reeqar
Seat 2: Melenya (button) folded before Flop (didn't bet)
Seat 3: Manifestorr (small blind) showed [9h 6h] and lost with a pair of Queens
Seat 4: JonnyAces7 (big blind) showed [Jd Ac] and won ($19) with a pair of Queens
Seat 5: Spartansmike folded before Flop (didn't bet)



PokerStars Hand #254590007878:  Hold'em No Limit ($0.50/$1.00 USD) - 2025/01/28 3:59:58 WET [2025/01/27 22:59:58 ET]
Table 'Minelava IV' 6-max Seat #3 is the button
Seat 1: reeqar ($100 in chips) is sitting out
Seat 6: ponchua ($100 in chips) is sitting out
Seat 2: Melenya ($100 in chips) 
Seat 3: Manifestorr ($100 in chips) 
Seat 4: JonnyAces7 ($19 in chips) 
Seat 5: Spartansmike ($85.03 in chips) 
JonnyAces7: posts small blind $0.50
Spartansmike: posts big blind $1
ponchua: sits out 
reeqar: sits out 
*** HOLE CARDS ***
Melenya: folds 
Manifestorr: folds 
JonnyAces7: folds 
Uncalled bet ($0.50) returned to Spartansmike
Spartansmike collected $1 from pot
*** SUMMARY ***
Total pot $1 | Rake $0 
Seat 1: reeqar
Seat 6: ponchua
Seat 2: Melenya folded before Flop (didn't bet)
Seat 3: Manifestorr (button) folded before Flop (didn't bet)
Seat 4: JonnyAces7 (small blind) folded before Flop
Seat 5: Spartansmike (big blind) collected ($1)



PokerStars Hand #254590009117:  Hold'em No Limit ($0.50/$1.00 USD) - 2025/01/28 4:00:12 WET [2025/01/27 23:00:12 ET]
Table 'Minelava IV' 6-max Seat #4 is the button
Seat 1: reeqar ($100 in chips) is sitting out
Seat 2: Melenya ($100 in chips) 
Seat 3: Manifestorr ($100 in chips) 
Seat 4: JonnyAces7 ($18.50 in chips) 
Seat 5: Spartansmike ($85.53 in chips) 
Seat 6: ponchua ($100 in chips) 
Spartansmike: posts small blind $0.50
ponchua: posts big blind $1
reeqar: sits out 
*** HOLE CARDS ***
Melenya: raises $1 to $2
Manifestorr: folds 
JonnyAces7: folds 
Spartansmike: folds 
ponchua: folds 
Uncalled bet ($1) returned to Melenya
Melenya collected $2.50 from pot
Melenya: doesn't show hand 
*** SUMMARY ***
Total pot $2.50 | Rake $0 
Seat 1: reeqar
Seat 2: Melenya collected ($2.50)
Seat 3: Manifestorr folded before Flop (didn't bet)
Seat 4: JonnyAces7 (button) folded before Flop (didn't bet)
Seat 5: Spartansmike (small blind) folded before Flop
Seat 6: ponchua (big blind) folded before Flop



PokerStars Hand #254590010177:  Hold'em No Limit ($0.50/$1.00 USD) - 2025/01/28 4:00:23 WET [2025/01/27 23:00:23 ET]
Table 'Minelava IV' 6-max Seat #5 is the button
Seat 1: reeqar ($100 in chips) 
Seat 2: Melenya ($101.50 in chips) 
Seat 3: Manifestorr ($100 in chips) 
Seat 4: JonnyAces7 ($18.50 in chips) 
Seat 5: Spartansmike ($85.03 in chips) 
Seat 6: ponchua ($100 in chips) 
ponchua: posts small blind $0.50
reeqar: posts big blind $1
*** HOLE CARDS ***
Melenya: folds 
Manifestorr: raises $1.20 to $2.20
JonnyAces7: folds 
Spartansmike: folds 
ponchua: raises $8.80 to $11
reeqar: folds 
Manifestorr: calls $8.80
*** FLOP *** [Tc 7h Kd]
ponchua: bets $11.14
Manifestorr: folds 
Uncalled bet ($11.14) returned to ponchua
ponchua collected $21.85 from pot
ponchua: doesn't show hand 
*** SUMMARY ***
Total pot $23 | Rake $1.15 
Board [Tc 7h Kd]
Seat 1: reeqar (big blind) folded before Flop
Seat 2: Melenya folded before Flop (didn't bet)
Seat 3: Manifestorr folded on the Flop
Seat 4: JonnyAces7 folded before Flop (didn't bet)
Seat 5: Spartansmike (button) folded before Flop (didn't bet)
Seat 6: ponchua (small blind) collected ($21.85)



PokerStars Hand #254590132500:  Hold'em No Limit ($0.50/$1.00 USD) - 2025/01/28 4:21:06 WET [2025/01/27 23:21:06 ET]
Table 'Minelava IV' 6-max Seat #4 is the button
Seat 1: Burlica2013 ($100 in chips) is sitting out
Seat 2: steepfell ($100 in chips) 
Seat 4: akihabara18 ($10 in chips) 
Seat 5: shootingGRID ($118.53 in chips) 
Seat 6: 7bekon7 ($134.42 in chips) 
shootingGRID: posts small blind $0.50
7bekon7: posts big blind $1
Burlica2013: sits out 
*** HOLE CARDS ***
steepfell: folds 
akihabara18: raises $2 to $3
shootingGRID: folds 
7bekon7: folds 
Uncalled bet ($2) returned to akihabara18
akihabara18 collected $2.50 from pot
*** SUMMARY ***
Total pot $2.50 | Rake $0 
Seat 1: Burlica2013
Seat 2: steepfell folded before Flop (didn't bet)
Seat 4: akihabara18 (button) collected ($2.50)
Seat 5: shootingGRID (small blind) folded before Flop
Seat 6: 7bekon7 (big blind) folded before Flop



PokerStars Hand #254590134386:  Hold'em No Limit ($0.50/$1.00 USD) - 2025/01/28 4:21:26 WET [2025/01/27 23:21:26 ET]
Table 'Minelava IV' 6-max Seat #5 is the button
Seat 1: Burlica2013 ($100 in chips) 
Seat 2: steepfell ($100 in chips) 
Seat 4: akihabara18 ($11.50 in chips) 
Seat 5: shootingGRID ($118.03 in chips) 
Seat 6: 7bekon7 ($133.42 in chips) 
7bekon7: posts small blind $0.50
Burlica2013: posts big blind $1
*** HOLE CARDS ***
steepfell: raises $1.50 to $2.50
akihabara18: raises $9 to $11.50 and is all-in
shootingGRID: folds 
7bekon7: folds 
Burlica2013: folds 
steepfell: calls $9
*** FLOP *** [6s Qs 8c]
*** TURN *** [6s Qs 8c] [Jc]
*** RIVER *** [6s Qs 8c Jc] [Ad]
*** SHOW DOWN ***
steepfell: shows [7h 7s] (a pair of Sevens)
akihabara18: shows [4h 4d] (a pair of Fours)
steepfell collected $23.28 from pot
*** SUMMARY ***
Total pot $24.50 | Rake $1.22 
Board [6s Qs 8c Jc Ad]
Seat 1: Burlica2013 (big blind) folded before Flop
Seat 2: steepfell showed [7h 7s] and won ($23.28) with a pair of Sevens
Seat 4: akihabara18 showed [4h 4d] and lost with a pair of Fours
Seat 5: shootingGRID (button) folded before Flop (didn't bet)
Seat 6: 7bekon7 (small blind) folded before Flop



PokerStars Hand #254590138319:  Hold'em No Limit ($0.50/$1.00 USD) - 2025/01/28 4:22:08 WET [2025/01/27 23:22:08 ET]
Table 'Minelava IV' 6-max Seat #6 is the button
Seat 1: Burlica2013 ($100 in chips) 
Seat 2: steepfell ($111.78 in chips) 
Seat 5: shootingGRID ($118.03 in chips) 
Seat 6: 7bekon7 ($132.92 in chips) 
Burlica2013: posts small blind $0.50
steepfell: posts big blind $1
*** HOLE CARDS ***
shootingGRID: raises $1.25 to $2.25
7bekon7: folds 
Burlica2013: folds 
steepfell: calls $1.25
*** FLOP *** [Ah 7d Qh]
steepfell: checks 
shootingGRID: checks 
*** TURN *** [Ah 7d Qh] [Tc]
steepfell: checks 
shootingGRID: bets $3.14
steepfell: folds 
Uncalled bet ($3.14) returned to shootingGRID
shootingGRID collected $4.75 from pot
*** SUMMARY ***
Total pot $5 | Rake $0.25 
Board [Ah 7d Qh Tc]
Seat 1: Burlica2013 (small blind) folded before Flop
Seat 2: steepfell (big blind) folded on the Turn
Seat 5: shootingGRID collected ($4.75)
Seat 6: 7bekon7 (button) folded before Flop (didn't bet)



PokerStars Hand #254590141642:  Hold'em No Limit ($0.50/$1.00 USD) - 2025/01/28 4:22:43 WET [2025/01/27 23:22:43 ET]
Table 'Minelava IV' 6-max Seat #1 is the button
Seat 1: Burlica2013 ($100 in chips) 
Seat 2: steepfell ($109.53 in chips) 
Seat 5: shootingGRID ($120.53 in chips) 
Seat 6: 7bekon7 ($132.92 in chips) 
steepfell: posts small blind $0.50
shootingGRID: posts big blind $1
*** HOLE CARDS ***
7bekon7: folds 
Burlica2013: folds 
steepfell: raises $2 to $3
shootingGRID: folds 
Uncalled bet ($2) returned to steepfell
steepfell collected $2 from pot
steepfell: doesn't show hand 
*** SUMMARY ***
Total pot $2 | Rake $0 
Seat 1: Burlica2013 (button) folded before Flop (didn't bet)
Seat 2: steepfell (small blind) collected ($2)
Seat 5: shootingGRID (big blind) folded before Flop
Seat 6: 7bekon7 folded before Flop (didn't bet)



PokerStars Hand #254590143352:  Hold'em No Limit ($0.50/$1.00 USD) - 2025/01/28 4:23:00 WET [2025/01/27 23:23:00 ET]
Table 'Minelava IV' 6-max Seat #2 is the button
Seat 1: Burlica2013 ($100 in chips) 
Seat 2: steepfell ($110.53 in chips) 
Seat 5: shootingGRID ($119.53 in chips) 
Seat 6: 7bekon7 ($132.92 in chips) 
shootingGRID: posts small blind $0.50
7bekon7: posts big blind $1
*** HOLE CARDS ***
Burlica2013: folds 
steepfell: folds 
shootingGRID: folds 
Uncalled bet ($0.50) returned to 7bekon7
Burlica2013 leaves the table
7bekon7 collected $1 from pot
7bekon7: doesn't show hand 
*** SUMMARY ***
Total pot $1 | Rake $0 
Seat 1: Burlica2013 folded before Flop (didn't bet)
Seat 2: steepfell (button) folded before Flop (didn't bet)
Seat 5: shootingGRID (small blind) folded before Flop
Seat 6: 7bekon7 (big blind) collected ($1)



PokerStars Hand #254590144246:  Hold'em No Limit ($0.50/$1.00 USD) - 2025/01/28 4:23:09 WET [2025/01/27 23:23:09 ET]
Table 'Minelava IV' 6-max Seat #6 is the button
Seat 2: steepfell ($110.53 in chips) is sitting out
Seat 5: shootingGRID ($119.03 in chips) 
Seat 6: 7bekon7 ($133.42 in chips) 
7bekon7: posts small blind $0.50
steepfell: is sitting out 
shootingGRID: posts big blind $1
*** HOLE CARDS ***
7bekon7: raises $2 to $3
steepfell leaves the table
shootingGRID: raises $9 to $12
7bekon7: calls $9
*** FLOP *** [Jc 3h Ad]
shootingGRID: bets $5.75
7bekon7: calls $5.75
*** TURN *** [Jc 3h Ad] [8s]
shootingGRID: checks 
7bekon7: bets $17.25
shootingGRID: folds 
Uncalled bet ($17.25) returned to 7bekon7
7bekon7 collected $34.50 from pot
7bekon7: doesn't show hand 
*** SUMMARY ***
Total pot $35.50 | Rake $1 
Board [Jc 3h Ad 8s]
Seat 2: steepfell
Seat 5: shootingGRID (big blind) folded on the Turn
Seat 6: 7bekon7 (button) (small blind) collected ($34.50)



PokerStars Hand #254590014247:  Hold'em No Limit ($0.50/$1.00 USD) - 2025/01/28 4:01:05 WET [2025/01/27 23:01:05 ET]
Table 'Minelava IV' 6-max Seat #6 is the button
Seat 1: reeqar ($100 in chips) 
Seat 2: Melenya ($101.50 in chips) 
Seat 3: Manifestorr ($100 in chips) 
Seat 4: JonnyAces7 ($18.50 in chips) 
Seat 5: Spartansmike ($85.03 in chips) 
Seat 6: ponchua ($110.85 in chips) 
reeqar: posts small blind $0.50
Melenya: posts big blind $1
*** HOLE CARDS ***
Manifestorr: folds 
JonnyAces7: folds 
Spartansmike: folds 
ponchua: raises $1.50 to $2.50
reeqar: folds 
Melenya: folds 
Uncalled bet ($1.50) returned to ponchua
ponchua collected $2.50 from pot
ponchua: doesn't show hand 
*** SUMMARY ***
Total pot $2.50 | Rake $0 
Seat 1: reeqar (small blind) folded before Flop
Seat 2: Melenya (big blind) folded before Flop
Seat 3: Manifestorr folded before Flop (didn't bet)
Seat 4: JonnyAces7 folded before Flop (didn't bet)
Seat 5: Spartansmike folded before Flop (didn't bet)
Seat 6: ponchua (button) collected ($2.50)



PokerStars Hand #254590016729:  Hold'em No Limit ($0.50/$1.00 USD) - 2025/01/28 4:01:30 WET [2025/01/27 23:01:30 ET]
Table 'Minelava IV' 6-max Seat #1 is the button
Seat 1: reeqar ($100 in chips) 
Seat 2: Melenya ($100.50 in chips) 
Seat 3: Manifestorr ($100 in chips) 
Seat 4: JonnyAces7 ($18.50 in chips) 
Seat 5: Spartansmike ($85.03 in chips) 
Seat 6: ponchua ($112.35 in chips) 
Melenya: posts small blind $0.50
Manifestorr: posts big blind $1
*** HOLE CARDS ***
JonnyAces7: folds 
Spartansmike: folds 
ponchua: raises $1.50 to $2.50
reeqar: folds 
Melenya: folds 
Manifestorr: raises $9.50 to $12
ponchua: folds 
Uncalled bet ($9.50) returned to Manifestorr
Manifestorr collected $5.50 from pot
*** SUMMARY ***
Total pot $5.50 | Rake $0 
Seat 1: reeqar (button) folded before Flop (didn't bet)
Seat 2: Melenya (small blind) folded before Flop
Seat 3: Manifestorr (big blind) collected ($5.50)
Seat 4: JonnyAces7 folded before Flop (didn't bet)
Seat 5: Spartansmike folded before Flop (didn't bet)
Seat 6: ponchua folded before Flop



PokerStars Hand #254590019666:  Hold'em No Limit ($0.50/$1.00 USD) - 2025/01/28 4:01:58 WET [2025/01/27 23:01:58 ET]
Table 'Minelava IV' 6-max Seat #2 is the button
Seat 1: reeqar ($100 in chips) 
Seat 2: Melenya ($100 in chips) 
Seat 3: Manifestorr ($103 in chips) 
Seat 4: JonnyAces7 ($18.50 in chips) 
Seat 5: Spartansmike ($85.03 in chips) 
Seat 6: ponchua ($109.85 in chips) 
Manifestorr: posts small blind $0.50
JonnyAces7: posts big blind $1
*** HOLE CARDS ***
Spartansmike: folds 
ponchua: folds 
reeqar: folds 
Melenya: folds 
Manifestorr: raises $2 to $3
JonnyAces7: folds 
Uncalled bet ($2) returned to Manifestorr
Manifestorr collected $2 from pot
*** SUMMARY ***
Total pot $2 | Rake $0 
Seat 1: reeqar folded before Flop (didn't bet)
Seat 2: Melenya (button) folded before Flop (didn't bet)
Seat 3: Manifestorr (small blind) collected ($2)
Seat 4: JonnyAces7 (big blind) folded before Flop
Seat 5: Spartansmike folded before Flop (didn't bet)
Seat 6: ponchua folded before Flop (didn't bet)



PokerStars Hand #254590022582:  Hold'em No Limit ($0.50/$1.00 USD) - 2025/01/28 4:02:28 WET [2025/01/27 23:02:28 ET]
Table 'Minelava IV' 6-max Seat #3 is the button
Seat 1: reeqar ($100 in chips) 
Seat 2: Melenya ($100 in chips) 
Seat 3: Manifestorr ($104 in chips) 
Seat 4: JonnyAces7 ($17.50 in chips) 
Seat 5: Spartansmike ($85.03 in chips) 
Seat 6: ponchua ($109.85 in chips) 
JonnyAces7: posts small blind $0.50
Spartansmike: posts big blind $1
*** HOLE CARDS ***
ponchua: folds 
reeqar: folds 
Melenya: folds 
Manifestorr: raises $1.20 to $2.20
JonnyAces7: folds 
Spartansmike: calls $1.20
*** FLOP *** [8s 7s Kc]
Spartansmike: checks 
Manifestorr: bets $3.50
Spartansmike: calls $3.50
*** TURN *** [8s 7s Kc] [2d]
Spartansmike: checks 
Manifestorr: bets $14.50
Spartansmike: folds 
Uncalled bet ($14.50) returned to Manifestorr
Manifestorr collected $11.30 from pot
*** SUMMARY ***
Total pot $11.90 | Rake $0.60 
Board [8s 7s Kc 2d]
Seat 1: reeqar folded before Flop (didn't bet)
Seat 2: Melenya folded before Flop (didn't bet)
Seat 3: Manifestorr (button) collected ($11.30)
Seat 4: JonnyAces7 (small blind) folded before Flop
Seat 5: Spartansmike (big blind) folded on the Turn
Seat 6: ponchua folded before Flop (didn't bet)



PokerStars Hand #254590026787:  Hold'em No Limit ($0.50/$1.00 USD) - 2025/01/28 4:03:09 WET [2025/01/27 23:03:09 ET]
Table 'Minelava IV' 6-max Seat #4 is the button
Seat 1: reeqar ($100 in chips) 
Seat 2: Melenya ($100 in chips) 
Seat 3: Manifestorr ($109.60 in chips) 
Seat 4: JonnyAces7 ($17 in chips) 
Seat 5: Spartansmike ($79.33 in chips) 
Seat 6: ponchua ($109.85 in chips) 
Spartansmike: posts small blind $0.50
ponchua: posts big blind $1
*** HOLE CARDS ***
reeqar: folds 
Melenya: folds 
Manifestorr: raises $1.20 to $2.20
JonnyAces7: folds 
Spartansmike: raises $1.20 to $3.40
ponchua: folds 
Manifestorr: calls $1.20
*** FLOP *** [Kd 8h Ac]
Spartansmike: bets $3.71
Manifestorr: folds 
Uncalled bet ($3.71) returned to Spartansmike
Spartansmike collected $7.41 from pot
*** SUMMARY ***
Total pot $7.80 | Rake $0.39 
Board [Kd 8h Ac]
Seat 1: reeqar folded before Flop (didn't bet)
Seat 2: Melenya folded before Flop (didn't bet)
Seat 3: Manifestorr folded on the Flop
Seat 4: JonnyAces7 (button) folded before Flop (didn't bet)
Seat 5: Spartansmike (small blind) collected ($7.41)
Seat 6: ponchua (big blind) folded before Flop



PokerStars Hand #254590031314:  Hold'em No Limit ($0.50/$1.00 USD) - 2025/01/28 4:03:53 WET [2025/01/27 23:03:53 ET]
Table 'Minelava IV' 6-max Seat #5 is the button
Seat 1: reeqar ($100 in chips) 
Seat 2: Melenya ($100 in chips) 
Seat 3: Manifestorr ($106.20 in chips) 
Seat 4: JonnyAces7 ($17 in chips) 
Seat 5: Spartansmike ($83.34 in chips) 
Seat 6: ponchua ($108.85 in chips) 
ponchua: posts small blind $0.50
reeqar: posts big blind $1
*** HOLE CARDS ***
Melenya: folds 
Manifestorr: raises $1.20 to $2.20
JonnyAces7: raises $14.80 to $17 and is all-in
Spartansmike: folds 
ponchua: folds 
reeqar: raises $83 to $100 and is all-in
Manifestorr: folds 
Uncalled bet ($83) returned to reeqar
*** FLOP *** [7h Qs Tc]
*** TURN *** [7h Qs Tc] [5s]
*** RIVER *** [7h Qs Tc 5s] [5d]
*** SHOW DOWN ***
reeqar: shows [Ad Ks] (a pair of Fives)
JonnyAces7: shows [9d 9c] (two pair, Nines and Fives)
JonnyAces7 collected $34.86 from pot
*** SUMMARY ***
Total pot $36.70 | Rake $1.84 
Board [7h Qs Tc 5s 5d]
Seat 1: reeqar (big blind) showed [Ad Ks] and lost with a pair of Fives
Seat 2: Melenya folded before Flop (didn't bet)
Seat 3: Manifestorr folded before Flop
Seat 4: JonnyAces7 showed [9d 9c] and won ($34.86) with two pair, Nines and Fives
Seat 5: Spartansmike (button) folded before Flop (didn't bet)
Seat 6: ponchua (small blind) folded before Flop



PokerStars Hand #254590034679:  Hold'em No Limit ($0.50/$1.00 USD) - 2025/01/28 4:04:26 WET [2025/01/27 23:04:26 ET]
Table 'Minelava IV' 6-max Seat #6 is the button
Seat 1: reeqar ($100 in chips) 
Seat 2: Melenya ($100 in chips) 
Seat 3: Manifestorr ($104 in chips) 
Seat 4: JonnyAces7 ($34.86 in chips) 
Seat 5: Spartansmike ($83.34 in chips) 
Seat 6: ponchua ($108.35 in chips) 
reeqar: posts small blind $0.50
Melenya: posts big blind $1
*** HOLE CARDS ***
Manifestorr: raises $1.20 to $2.20
JonnyAces7: raises $32.66 to $34.86 and is all-in
Spartansmike: folds 
ponchua: folds 
reeqar: folds 
Melenya: folds 
Manifestorr: folds 
Uncalled bet ($32.66) returned to JonnyAces7
JonnyAces7 collected $5.90 from pot
*** SUMMARY ***
Total pot $5.90 | Rake $0 
Seat 1: reeqar (small blind) folded before Flop
Seat 2: Melenya (big blind) folded before Flop
Seat 3: Manifestorr folded before Flop
Seat 4: JonnyAces7 collected ($5.90)
Seat 5: Spartansmike folded before Flop (didn't bet)
Seat 6: ponchua (button) folded before Flop (didn't bet)



PokerStars Hand #254590036706:  Hold'em No Limit ($0.50/$1.00 USD) - 2025/01/28 4:04:47 WET [2025/01/27 23:04:47 ET]
Table 'Minelava IV' 6-max Seat #1 is the button
Seat 1: reeqar ($100 in chips) 
Seat 2: Melenya ($100 in chips) 
Seat 3: Manifestorr ($101.80 in chips) 
Seat 4: JonnyAces7 ($38.56 in chips) 
Seat 5: Spartansmike ($83.34 in chips) 
Seat 6: ponchua ($108.35 in chips) 
Melenya: posts small blind $0.50
Manifestorr: posts big blind $1
*** HOLE CARDS ***
JonnyAces7: folds 
Spartansmike: raises $1 to $2
ponchua: folds 
reeqar: raises $4 to $6
Melenya: folds 
Manifestorr: folds 
Spartansmike: calls $4
*** FLOP *** [2d 8h Th]
Spartansmike: checks 
reeqar: bets $6.41
Spartansmike: calls $6.41
*** TURN *** [2d 8h Th] [9h]
Spartansmike: checks 
reeqar: bets $18.75
Spartansmike: calls $18.75
*** RIVER *** [2d 8h Th 9h] [9d]
Spartansmike: checks 
reeqar: checks 
*** SHOW DOWN ***
Spartansmike: shows [6d 6h] (two pair, Nines and Sixes)
reeqar: shows [Td 8d] (two pair, Tens and Nines)
reeqar collected $61.32 from pot
*** SUMMARY ***
Total pot $63.82 | Rake $2.50 
Board [2d 8h Th 9h 9d]
Seat 1: reeqar (button) showed [Td 8d] and won ($61.32) with two pair, Tens and Nines
Seat 2: Melenya (small blind) folded before Flop
Seat 3: Manifestorr (big blind) folded before Flop
Seat 4: JonnyAces7 folded before Flop (didn't bet)
Seat 5: Spartansmike showed [6d 6h] and lost with two pair, Nines and Sixes
Seat 6: ponchua folded before Flop (didn't bet)



PokerStars Hand #254590044209:  Hold'em No Limit ($0.50/$1.00 USD) - 2025/01/28 4:06:01 WET [2025/01/27 23:06:01 ET]
Table 'Minelava IV' 6-max Seat #2 is the button
Seat 1: reeqar ($130.16 in chips) 
Seat 2: Melenya ($100 in chips) 
Seat 3: Manifestorr ($100.80 in chips) 
Seat 4: JonnyAces7 ($38.56 in chips) 
Seat 5: Spartansmike ($52.18 in chips) 
Seat 6: ponchua ($108.35 in chips) 
Manifestorr: posts small blind $0.50
JonnyAces7: posts big blind $1
*** HOLE CARDS ***
Spartansmike: folds 
Spartansmike leaves the table
ponchua: folds 
reeqar: folds 
Melenya: raises $1.50 to $2.50
Manifestorr: folds 
shootingGRID joins the table at seat #5 
JonnyAces7: calls $1.50
*** FLOP *** [9s Kh 8c]
JonnyAces7: checks 
Melenya: bets $3.92
JonnyAces7: calls $3.92
*** TURN *** [9s Kh 8c] [2h]
JonnyAces7: checks 
Melenya: bets $9.50
JonnyAces7: calls $9.50
*** RIVER *** [9s Kh 8c 2h] [7c]
JonnyAces7: checks 
Melenya: bets $23.04
JonnyAces7: folds 
Uncalled bet ($23.04) returned to Melenya
Melenya collected $30.72 from pot
Melenya: doesn't show hand 
*** SUMMARY ***
Total pot $32.34 | Rake $1.62 
Board [9s Kh 8c 2h 7c]
Seat 1: reeqar folded before Flop (didn't bet)
Seat 2: Melenya (button) collected ($30.72)
Seat 3: Manifestorr (small blind) folded before Flop
Seat 4: JonnyAces7 (big blind) folded on the River
Seat 5: Spartansmike folded before Flop (didn't bet)
Seat 6: ponchua folded before Flop (didn't bet)



PokerStars Hand #254590053120:  Hold'em No Limit ($0.50/$1.00 USD) - 2025/01/28 4:07:32 WET [2025/01/27 23:07:32 ET]
Table 'Minelava IV' 6-max Seat #3 is the button
Seat 1: reeqar ($130.16 in chips) 
Seat 2: Melenya ($114.80 in chips) 
Seat 3: Manifestorr ($100.30 in chips) 
Seat 4: JonnyAces7 ($22.64 in chips) 
Seat 5: shootingGRID ($100 in chips) 
Seat 6: ponchua ($108.35 in chips) 
JonnyAces7: posts small blind $0.50
shootingGRID: posts big blind $1
*** HOLE CARDS ***
ponchua: folds 
reeqar: folds 
Melenya: raises $1.30 to $2.30
Manifestorr: raises $5.70 to $8
JonnyAces7: folds 
shootingGRID: folds 
Melenya: folds 
Uncalled bet ($5.70) returned to Manifestorr
Manifestorr collected $6.10 from pot
*** SUMMARY ***
Total pot $6.10 | Rake $0 
Seat 1: reeqar folded before Flop (didn't bet)
Seat 2: Melenya folded before Flop
Seat 3: Manifestorr (button) collected ($6.10)
Seat 4: JonnyAces7 (small blind) folded before Flop
Seat 5: shootingGRID (big blind) folded before Flop
Seat 6: ponchua folded before Flop (didn't bet)



PokerStars Hand #254590055376:  Hold'em No Limit ($0.50/$1.00 USD) - 2025/01/28 4:07:54 WET [2025/01/27 23:07:54 ET]
Table 'Minelava IV' 6-max Seat #4 is the button
Seat 1: reeqar ($130.16 in chips) 
Seat 2: Melenya ($112.50 in chips) 
Seat 3: Manifestorr ($104.10 in chips) 
Seat 4: JonnyAces7 ($22.14 in chips) 
Seat 5: shootingGRID ($100 in chips) 
Seat 6: ponchua ($108.35 in chips) 
shootingGRID: posts small blind $0.50
ponchua: posts big blind $1
*** HOLE CARDS ***
reeqar: folds 
reeqar leaves the table
Melenya: folds 
Manifestorr: folds 
JonnyAces7: folds 
shootingGRID: folds 
Uncalled bet ($0.50) returned to ponchua
ponchua collected $1 from pot
ponchua: doesn't show hand 
*** SUMMARY ***
Total pot $1 | Rake $0 
Seat 1: reeqar folded before Flop (didn't bet)
Seat 2: Melenya folded before Flop (didn't bet)
Seat 3: Manifestorr folded before Flop (didn't bet)
Seat 4: JonnyAces7 (button) folded before Flop (didn't bet)
Seat 5: shootingGRID (small blind) folded before Flop
Seat 6: ponchua (big blind) collected ($1)



PokerStars Hand #254590057025:  Hold'em No Limit ($0.50/$1.00 USD) - 2025/01/28 4:08:10 WET [2025/01/27 23:08:10 ET]
Table 'Minelava IV' 6-max Seat #5 is the button
Seat 2: Melenya ($112.50 in chips) 
Seat 3: Manifestorr ($104.10 in chips) 
Seat 4: JonnyAces7 ($22.14 in chips) 
Seat 5: shootingGRID ($100 in chips) 
Seat 6: ponchua ($108.85 in chips) 
ponchua: posts small blind $0.50
Melenya: posts big blind $1
*** HOLE CARDS ***
Manifestorr: folds 
JonnyAces7: folds 
shootingGRID: raises $1.50 to $2.50
ponchua: folds 
Melenya: folds 
Uncalled bet ($1.50) returned to shootingGRID
shootingGRID collected $2.50 from pot
*** SUMMARY ***
Total pot $2.50 | Rake $0 
Seat 2: Melenya (big blind) folded before Flop
Seat 3: Manifestorr folded before Flop (didn't bet)
Seat 4: JonnyAces7 folded before Flop (didn't bet)
Seat 5: shootingGRID (button) collected ($2.50)
Seat 6: ponchua (small blind) folded before Flop



PokerStars Hand #254590059329:  Hold'em No Limit ($0.50/$1.00 USD) - 2025/01/28 4:08:34 WET [2025/01/27 23:08:34 ET]
Table 'Minelava IV' 6-max Seat #6 is the button
Seat 2: Melenya ($111.50 in chips) 
Seat 3: Manifestorr ($104.10 in chips) 
Seat 4: JonnyAces7 ($22.14 in chips) 
Seat 5: shootingGRID ($101.50 in chips) 
Seat 6: ponchua ($108.35 in chips) 
Melenya: posts small blind $0.50
Manifestorr: posts big blind $1
*** HOLE CARDS ***
50CandyJoe joins the table at seat #1 
JonnyAces7: raises $2.50 to $3.50
shootingGRID: folds 
ponchua: folds 
Melenya: raises $19.50 to $23
Manifestorr: folds 
JonnyAces7: folds 
Uncalled bet ($19.50) returned to Melenya
Melenya collected $8 from pot
Melenya: doesn't show hand 
*** SUMMARY ***
Total pot $8 | Rake $0 
Seat 2: Melenya (small blind) collected ($8)
Seat 3: Manifestorr (big blind) folded before Flop
Seat 4: JonnyAces7 folded before Flop
Seat 5: shootingGRID folded before Flop (didn't bet)
Seat 6: ponchua (button) folded before Flop (didn't bet)



PokerStars Hand #254590062768:  Hold'em No Limit ($0.50/$1.00 USD) - 2025/01/28 4:09:09 WET [2025/01/27 23:09:09 ET]
Table 'Minelava IV' 6-max Seat #2 is the button
Seat 1: 50CandyJoe ($131.53 in chips) is sitting out
Seat 2: Melenya ($116 in chips) 
Seat 3: Manifestorr ($103.10 in chips) 
Seat 4: JonnyAces7 ($18.64 in chips) 
Seat 5: shootingGRID ($101.50 in chips) 
Seat 6: ponchua ($108.35 in chips) 
Manifestorr: posts small blind $0.50
JonnyAces7: posts big blind $1
50CandyJoe: sits out 
*** HOLE CARDS ***
shootingGRID: folds 
ponchua: folds 
Melenya: folds 
Manifestorr: raises $2 to $3
JonnyAces7: raises $15.64 to $18.64 and is all-in
Manifestorr: calls $15.64
*** FLOP *** [Jc Kc Jh]
*** TURN *** [Jc Kc Jh] [8s]
*** RIVER *** [Jc Kc Jh 8s] [3d]
*** SHOW DOWN ***
Manifestorr: shows [2d Kd] (two pair, Kings and Jacks)
JonnyAces7: shows [6c 6d] (two pair, Jacks and Sixes)
Manifestorr collected $35.42 from pot
*** SUMMARY ***
Total pot $37.28 | Rake $1.86 
Board [Jc Kc Jh 8s 3d]
Seat 1: 50CandyJoe
Seat 2: Melenya (button) folded before Flop (didn't bet)
Seat 3: Manifestorr (small blind) showed [2d Kd] and won ($35.42) with two pair, Kings and Jacks
Seat 4: JonnyAces7 (big blind) showed [6c 6d] and lost with two pair, Jacks and Sixes
Seat 5: shootingGRID folded before Flop (didn't bet)
Seat 6: ponchua folded before Flop (didn't bet)



PokerStars Hand #254590065562:  Hold'em No Limit ($0.50/$1.00 USD) - 2025/01/28 4:09:37 WET [2025/01/27 23:09:37 ET]
Table 'Minelava IV' 6-max Seat #3 is the button
Seat 1: 50CandyJoe ($131.53 in chips) is sitting out
Seat 4: JonnyAces7 ($0 in chips) is sitting out
Seat 2: Melenya ($116 in chips) 
Seat 3: Manifestorr ($119.88 in chips) 
Seat 5: shootingGRID ($101.50 in chips) 
Seat 6: ponchua ($108.35 in chips) 
shootingGRID: posts small blind $0.50
ponchua: posts big blind $1
50CandyJoe: sits out 
*** HOLE CARDS ***
Melenya: folds 
Manifestorr: folds 
shootingGRID: raises $2 to $3
ponchua: folds 
Uncalled bet ($2) returned to shootingGRID
shootingGRID collected $2 from pot
*** SUMMARY ***
Total pot $2 | Rake $0 
Seat 1: 50CandyJoe
Seat 4: JonnyAces7
Seat 2: Melenya folded before Flop (didn't bet)
Seat 3: Manifestorr (button) folded before Flop (didn't bet)
Seat 5: shootingGRID (small blind) collected ($2)
Seat 6: ponchua (big blind) folded before Flop



PokerStars Hand #254590068235:  Hold'em No Limit ($0.50/$1.00 USD) - 2025/01/28 4:10:04 WET [2025/01/27 23:10:04 ET]
Table 'Minelava IV' 6-max Seat #5 is the button
Seat 1: 50CandyJoe ($131.53 in chips) 
Seat 2: Melenya ($116 in chips) 
Seat 3: Manifestorr ($119.88 in chips) 
Seat 4: JonnyAces7 ($10 in chips) 
Seat 5: shootingGRID ($102.50 in chips) 
Seat 6: ponchua ($107.35 in chips) 
ponchua: posts small blind $0.50
50CandyJoe: posts big blind $1
JonnyAces7: posts small blind $0.50
*** HOLE CARDS ***
Melenya: folds 
Manifestorr: folds 
JonnyAces7: raises $8.50 to $9.50 and is all-in
shootingGRID: folds 
ponchua: folds 
50CandyJoe: calls $8.50
*** FLOP *** [Tc 8c 6c]
*** TURN *** [Tc 8c 6c] [3s]
*** RIVER *** [Tc 8c 6c 3s] [Qh]
*** SHOW DOWN ***
50CandyJoe: shows [Kh Ks] (a pair of Kings)
JonnyAces7: shows [9d 9s] (a pair of Nines)
50CandyJoe collected $19 from pot
*** SUMMARY ***
Total pot $20 | Rake $1 
Board [Tc 8c 6c 3s Qh]
Seat 1: 50CandyJoe (big blind) showed [Kh Ks] and won ($19) with a pair of Kings
Seat 2: Melenya folded before Flop (didn't bet)
Seat 3: Manifestorr folded before Flop (didn't bet)
Seat 4: JonnyAces7 showed [9d 9s] and lost with a pair of Nines
Seat 5: shootingGRID (button) folded before Flop (didn't bet)
Seat 6: ponchua (small blind) folded before Flop



PokerStars Hand #254590070402:  Hold'em No Limit ($0.50/$1.00 USD) - 2025/01/28 4:10:26 WET [2025/01/27 23:10:26 ET]
Table 'Minelava IV' 6-max Seat #6 is the button
Seat 2: Melenya ($116 in chips) is sitting out
Seat 1: 50CandyJoe ($141.03 in chips) 
Seat 3: Manifestorr ($119.88 in chips) 
Seat 5: shootingGRID ($102.50 in chips) 
Seat 6: ponchua ($106.85 in chips) 
50CandyJoe: posts small blind $0.50
Melenya: is sitting out 
JonnyAces7 leaves the table
Manifestorr: posts big blind $1
*** HOLE CARDS ***
shootingGRID: folds 
ponchua: folds 
Melenya leaves the table
50CandyJoe: folds 
Uncalled bet ($0.50) returned to Manifestorr
Manifestorr collected $1 from pot
*** SUMMARY ***
Total pot $1 | Rake $0 
Seat 2: Melenya
Seat 1: 50CandyJoe (small blind) folded before Flop
Seat 3: Manifestorr (big blind) collected ($1)
Seat 5: shootingGRID folded before Flop (didn't bet)
Seat 6: ponchua (button) folded before Flop (didn't bet)



PokerStars Hand #254590071609:  Hold'em No Limit ($0.50/$1.00 USD) - 2025/01/28 4:10:38 WET [2025/01/27 23:10:38 ET]
Table 'Minelava IV' 6-max Seat #1 is the button
Seat 1: 50CandyJoe ($140.53 in chips) 
Seat 3: Manifestorr ($120.38 in chips) 
Seat 5: shootingGRID ($102.50 in chips) 
Seat 6: ponchua ($106.85 in chips) 
Manifestorr: posts small blind $0.50
shootingGRID: posts big blind $1
*** HOLE CARDS ***
ponchua: folds 
50CandyJoe: raises $1.50 to $2.50
Manifestorr: raises $8.50 to $11
shootingGRID: folds 
50CandyJoe: folds 
Uncalled bet ($8.50) returned to Manifestorr
Manifestorr collected $6 from pot
50CandyJoe leaves the table
*** SUMMARY ***
Total pot $6 | Rake $0 
Seat 1: 50CandyJoe (button) folded before Flop
Seat 3: Manifestorr (small blind) collected ($6)
Seat 5: shootingGRID (big blind) folded before Flop
Seat 6: ponchua folded before Flop (didn't bet)



PokerStars Hand #254590072974:  Hold'em No Limit ($0.50/$1.00 USD) - 2025/01/28 4:10:53 WET [2025/01/27 23:10:53 ET]
Table 'Minelava IV' 6-max Seat #3 is the button
Seat 3: Manifestorr ($123.88 in chips) 
Seat 5: shootingGRID ($101.50 in chips) 
Seat 6: ponchua ($106.85 in chips) 
shootingGRID: posts small blind $0.50
ponchua: posts big blind $1
*** HOLE CARDS ***
Manifestorr: raises $1.20 to $2.20
shootingGRID: folds 
ponchua: calls $1.20
*** FLOP *** [2s Ad 3c]
ponchua: checks 
Manifestorr: checks 
*** TURN *** [2s Ad 3c] [8c]
ponchua: checks 
Manifestorr: checks 
*** RIVER *** [2s Ad 3c 8c] [5h]
ponchua: bets $9
Manifestorr: calls $9
*** SHOW DOWN ***
ponchua: shows [Th Jc] (high card Ace)
Manifestorr: shows [4s Ah] (a straight, Ace to Five)
Manifestorr collected $21.90 from pot
*** SUMMARY ***
Total pot $22.90 | Rake $1 
Board [2s Ad 3c 8c 5h]
Seat 3: Manifestorr (button) showed [4s Ah] and won ($21.90) with a straight, Ace to Five
Seat 5: shootingGRID (small blind) folded before Flop
Seat 6: ponchua (big blind) showed [Th Jc] and lost with high card Ace



PokerStars Hand #254590077554:  Hold'em No Limit ($0.50/$1.00 USD) - 2025/01/28 4:11:40 WET [2025/01/27 23:11:40 ET]
Table 'Minelava IV' 6-max Seat #6 is the button
Seat 3: Manifestorr ($134.58 in chips) is sitting out
Seat 5: shootingGRID ($101 in chips) 
Seat 6: ponchua ($100 in chips) 
ponchua: posts small blind $0.50
Manifestorr: is sitting out 
shootingGRID: posts big blind $1
*** HOLE CARDS ***
ponchua: folds 
Uncalled bet ($0.50) returned to shootingGRID
Manifestorr leaves the table
shootingGRID collected $1 from pot
*** SUMMARY ***
Total pot $1 | Rake $0 
Seat 3: Manifestorr
Seat 5: shootingGRID (big blind) collected ($1)
Seat 6: ponchua (button) (small blind) folded before Flop



