PokerStars Hand #254595643935:  Hold'em No Limit ($0.50/$1.00 USD) - 2025/01/28 20:13:07 WET [2025/01/28 15:13:07 ET]
Table 'Carpenter' 6-max Seat #6 is the button
Seat 4: Poker9803 ($104.66 in chips) is sitting out
Seat 1: aoish30 ($110.76 in chips) 
Seat 2: SorinS28 ($100 in chips) 
Seat 3: z00mba ($100 in chips) 
Seat 5: XneferX ($101.86 in chips) 
Seat 6: mushroom7707 ($56.12 in chips) 
aoish30: posts small blind $0.50
SorinS28: posts big blind $1
Poker9803: sits out 
*** HOLE CARDS ***
z00mba: folds 
XneferX: folds 
mushroom7707 has timed out while disconnected
mushroom7707: folds 
aoish30: folds 
Uncalled bet ($0.50) returned to SorinS28
SorinS28 collected $1 from pot
SorinS28: doesn't show hand 
*** SUMMARY ***
Total pot $1 | Rake $0 
Seat 4: Poker9803
Seat 1: aoish30 (small blind) folded before Flop
Seat 2: SorinS28 (big blind) collected ($1)
Seat 3: z00mba folded before Flop (didn't bet)
Seat 5: XneferX folded before Flop (didn't bet)
Seat 6: mushroom7707 (button) folded before Flop (didn't bet)



PokerStars Hand #254595651779:  Hold'em No Limit ($0.50/$1.00 USD) - 2025/01/28 20:13:26 WET [2025/01/28 15:13:26 ET]
Table 'Carpenter' 6-max Seat #1 is the button
Seat 4: Poker9803 ($104.66 in chips) is sitting out
Seat 6: mushroom7707 ($56.12 in chips) is sitting out
Seat 1: aoish30 ($110.26 in chips) 
Seat 2: SorinS28 ($100.50 in chips) 
Seat 3: z00mba ($100 in chips) 
Seat 5: XneferX ($101.86 in chips) 
SorinS28: posts small blind $0.50
z00mba: posts big blind $1
Poker9803: sits out 
*** HOLE CARDS ***
XneferX: folds 
aoish30: folds 
SorinS28: folds 
Uncalled bet ($0.50) returned to z00mba
z00mba collected $1 from pot
z00mba: doesn't show hand 
*** SUMMARY ***
Total pot $1 | Rake $0 
Seat 4: Poker9803
Seat 6: mushroom7707
Seat 1: aoish30 (button) folded before Flop (didn't bet)
Seat 2: SorinS28 (small blind) folded before Flop
Seat 3: z00mba (big blind) collected ($1)
Seat 5: XneferX folded before Flop (didn't bet)



PokerStars Hand #254595656154:  Hold'em No Limit ($0.50/$1.00 USD) - 2025/01/28 20:13:37 WET [2025/01/28 15:13:37 ET]
Table 'Carpenter' 6-max Seat #2 is the button
Seat 6: mushroom7707 ($56.12 in chips) is sitting out
Seat 1: aoish30 ($110.26 in chips) 
Seat 2: SorinS28 ($100 in chips) 
Seat 3: z00mba ($100.50 in chips) 
Seat 4: Poker9803 ($104.66 in chips) 
Seat 5: XneferX ($101.86 in chips) 
z00mba: posts small blind $0.50
Poker9803: posts big blind $1
*** HOLE CARDS ***
XneferX: folds 
aoish30: folds 
SorinS28: raises $1.50 to $2.50
z00mba: folds 
Poker9803: folds 
Uncalled bet ($1.50) returned to SorinS28
SorinS28 collected $2.50 from pot
SorinS28: doesn't show hand 
*** SUMMARY ***
Total pot $2.50 | Rake $0 
Seat 6: mushroom7707
Seat 1: aoish30 folded before Flop (didn't bet)
Seat 2: SorinS28 (button) collected ($2.50)
Seat 3: z00mba (small blind) folded before Flop
Seat 4: Poker9803 (big blind) folded before Flop
Seat 5: XneferX folded before Flop (didn't bet)



PokerStars Hand #254595662419:  Hold'em No Limit ($0.50/$1.00 USD) - 2025/01/28 20:13:51 WET [2025/01/28 15:13:51 ET]
Table 'Carpenter' 6-max Seat #3 is the button
Seat 6: mushroom7707 ($56.12 in chips) is sitting out
Seat 1: aoish30 ($110.26 in chips) 
Seat 2: SorinS28 ($101.50 in chips) 
Seat 3: z00mba ($100 in chips) 
Seat 4: Poker9803 ($103.66 in chips) 
Seat 5: XneferX ($101.86 in chips) 
Poker9803: posts small blind $0.50
XneferX: posts big blind $1
*** HOLE CARDS ***
aoish30: raises $1.10 to $2.10
SorinS28: folds 
z00mba: folds 
Poker9803: folds 
XneferX: folds 
Uncalled bet ($1.10) returned to aoish30
aoish30 collected $2.50 from pot
aoish30: doesn't show hand 
*** SUMMARY ***
Total pot $2.50 | Rake $0 
Seat 6: mushroom7707
Seat 1: aoish30 collected ($2.50)
Seat 2: SorinS28 folded before Flop (didn't bet)
Seat 3: z00mba (button) folded before Flop (didn't bet)
Seat 4: Poker9803 (small blind) folded before Flop
Seat 5: XneferX (big blind) folded before Flop



PokerStars Hand #254595668622:  Hold'em No Limit ($0.50/$1.00 USD) - 2025/01/28 20:14:05 WET [2025/01/28 15:14:05 ET]
Table 'Carpenter' 6-max Seat #4 is the button
Seat 6: mushroom7707 ($56.12 in chips) is sitting out
Seat 1: aoish30 ($111.76 in chips) 
Seat 2: SorinS28 ($101.50 in chips) 
Seat 3: z00mba ($100 in chips) 
Seat 4: Poker9803 ($103.16 in chips) 
Seat 5: XneferX ($100.86 in chips) 
XneferX: posts small blind $0.50
aoish30: posts big blind $1
*** HOLE CARDS ***
SorinS28: folds 
z00mba: raises $1.50 to $2.50
SorinS28 leaves the table
Poker9803: raises $6 to $8.50
XneferX: folds 
aoish30: folds 
z00mba: calls $6
*** FLOP *** [Qs 2h Ks]
z00mba: checks 
Poker9803: bets $5.80
z00mba: folds 
Uncalled bet ($5.80) returned to Poker9803
Poker9803 collected $17.58 from pot
Poker9803: doesn't show hand 
*** SUMMARY ***
Total pot $18.50 | Rake $0.92 
Board [Qs 2h Ks]
Seat 6: mushroom7707
Seat 1: aoish30 (big blind) folded before Flop
Seat 2: SorinS28 folded before Flop (didn't bet)
Seat 3: z00mba folded on the Flop
Seat 4: Poker9803 (button) collected ($17.58)
Seat 5: XneferX (small blind) folded before Flop



PokerStars Hand #254595685685:  Hold'em No Limit ($0.50/$1.00 USD) - 2025/01/28 20:14:46 WET [2025/01/28 15:14:46 ET]
Table 'Carpenter' 6-max Seat #5 is the button
Seat 6: mushroom7707 ($56.12 in chips) is sitting out
Seat 1: aoish30 ($110.76 in chips) 
Seat 3: z00mba ($100 in chips) 
Seat 4: Poker9803 ($112.24 in chips) 
Seat 5: XneferX ($100.36 in chips) 
aoish30: posts small blind $0.50
z00mba: posts big blind $1
*** HOLE CARDS ***
BGS013 joins the table at seat #2 
Poker9803: raises $1.50 to $2.50
XneferX: folds 
aoish30: raises $10 to $12.50
z00mba: folds 
Poker9803: calls $10
*** FLOP *** [Kd 8c Ah]
aoish30: bets $8.25
Poker9803: calls $8.25
*** TURN *** [Kd 8c Ah] [8d]
aoish30: bets $31.13
Poker9803: raises $60.36 to $91.49 and is all-in
aoish30: calls $58.88 and is all-in
Uncalled bet ($1.48) returned to Poker9803
*** RIVER *** [Kd 8c Ah 8d] [Jh]
*** SHOW DOWN ***
aoish30: shows [8s 8h] (four of a kind, Eights)
Poker9803: shows [9d As] (two pair, Aces and Eights)
aoish30 collected $221.52 from pot
*** SUMMARY ***
Total pot $222.52 | Rake $1 
Board [Kd 8c Ah 8d Jh]
Seat 6: mushroom7707
Seat 1: aoish30 (small blind) showed [8s 8h] and won ($221.52) with four of a kind, Eights
Seat 3: z00mba (big blind) folded before Flop
Seat 4: Poker9803 showed [9d As] and lost with two pair, Aces and Eights
Seat 5: XneferX (button) folded before Flop (didn't bet)



PokerStars Hand #254595714290:  Hold'em No Limit ($0.50/$1.00 USD) - 2025/01/28 20:16:01 WET [2025/01/28 15:16:01 ET]
Table 'Carpenter' 6-max Seat #1 is the button
Seat 2: BGS013 ($100 in chips) is sitting out
Seat 1: aoish30 ($221.52 in chips) 
Seat 3: z00mba ($100 in chips) 
Seat 4: Poker9803 ($100 in chips) 
Seat 5: XneferX ($100.36 in chips) 
Seat 6: mushroom7707 ($56.12 in chips) 
z00mba: posts small blind $0.50
Poker9803: posts big blind $1
mushroom7707: posts small & big blinds $1.50
*** HOLE CARDS ***
XneferX: raises $1.10 to $2.10
mushroom7707: calls $1.10
aoish30: folds 
z00mba: folds 
Poker9803: raises $10.90 to $13
BGS013 will be allowed to play after the button
XneferX is disconnected 
XneferX has timed out while disconnected
XneferX: folds 
mushroom7707: calls $10.90
*** FLOP *** [5d 7s Ks]
Poker9803: checks 
mushroom7707: checks 
*** TURN *** [5d 7s Ks] [Qc]
Poker9803: checks 
mushroom7707: bets $13.82
Poker9803: calls $13.82
*** RIVER *** [5d 7s Ks Qc] [6c]
Poker9803: checks 
mushroom7707: checks 
*** SHOW DOWN ***
Poker9803: shows [Jh Jd] (a pair of Jacks)
mushroom7707: mucks hand 
Poker9803 collected $54.24 from pot
*** SUMMARY ***
Total pot $56.74 | Rake $2.50 
Board [5d 7s Ks Qc 6c]
Seat 2: BGS013
Seat 1: aoish30 (button) folded before Flop (didn't bet)
Seat 3: z00mba (small blind) folded before Flop
Seat 4: Poker9803 (big blind) showed [Jh Jd] and won ($54.24) with a pair of Jacks
Seat 5: XneferX folded before Flop
Seat 6: mushroom7707 mucked



PokerStars Hand #254595747613:  Hold'em No Limit ($0.50/$1.00 USD) - 2025/01/28 20:17:36 WET [2025/01/28 15:17:36 ET]
Table 'Carpenter' 6-max Seat #3 is the button
Seat 2: BGS013 ($100 in chips) is sitting out
Seat 1: aoish30 ($221.52 in chips) 
Seat 3: z00mba ($100 in chips) 
Seat 4: Poker9803 ($127.42 in chips) 
Seat 5: XneferX ($100 in chips) 
Seat 6: mushroom7707 ($28.80 in chips) 
Poker9803: posts small blind $0.50
XneferX: posts big blind $1
BGS013: sits out 
*** HOLE CARDS ***
mushroom7707: calls $1
aoish30: folds 
z00mba: raises $2.50 to $3.50
Poker9803: folds 
XneferX: folds 
mushroom7707: calls $2.50
*** FLOP *** [5d Ah 7h]
mushroom7707: checks 
z00mba: bets $5
mushroom7707: calls $5
*** TURN *** [5d Ah 7h] [Th]
mushroom7707: checks 
z00mba: bets $25.67
mushroom7707: folds 
Uncalled bet ($25.67) returned to z00mba
z00mba collected $17.58 from pot
z00mba: doesn't show hand 
*** SUMMARY ***
Total pot $18.50 | Rake $0.92 
Board [5d Ah 7h Th]
Seat 2: BGS013
Seat 1: aoish30 folded before Flop (didn't bet)
Seat 3: z00mba (button) collected ($17.58)
Seat 4: Poker9803 (small blind) folded before Flop
Seat 5: XneferX (big blind) folded before Flop
Seat 6: mushroom7707 folded on the Turn



PokerStars Hand #254595767271:  Hold'em No Limit ($0.50/$1.00 USD) - 2025/01/28 20:18:22 WET [2025/01/28 15:18:22 ET]
Table 'Carpenter' 6-max Seat #4 is the button
Seat 2: BGS013 ($100 in chips) is sitting out
Seat 1: aoish30 ($221.52 in chips) 
Seat 3: z00mba ($109.08 in chips) 
Seat 4: Poker9803 ($126.92 in chips) 
Seat 5: XneferX ($100 in chips) 
Seat 6: mushroom7707 ($20.30 in chips) 
XneferX: posts small blind $0.50
mushroom7707: posts big blind $1
BGS013: sits out 
*** HOLE CARDS ***
aoish30: folds 
z00mba: folds 
Poker9803: raises $1 to $2
XneferX: folds 
mushroom7707: calls $1
*** FLOP *** [Kh 3s Ac]
mushroom7707: checks 
Poker9803: checks 
*** TURN *** [Kh 3s Ac] [5h]
mushroom7707: checks 
Poker9803: checks 
*** RIVER *** [Kh 3s Ac 5h] [8h]
mushroom7707: checks 
Poker9803: bets $3.21
mushroom7707: folds 
Uncalled bet ($3.21) returned to Poker9803
Poker9803 collected $4.28 from pot
Poker9803: doesn't show hand 
*** SUMMARY ***
Total pot $4.50 | Rake $0.22 
Board [Kh 3s Ac 5h 8h]
Seat 2: BGS013
Seat 1: aoish30 folded before Flop (didn't bet)
Seat 3: z00mba folded before Flop (didn't bet)
Seat 4: Poker9803 (button) collected ($4.28)
Seat 5: XneferX (small blind) folded before Flop
Seat 6: mushroom7707 (big blind) folded on the River



PokerStars Hand #254595788790:  Hold'em No Limit ($0.50/$1.00 USD) - 2025/01/28 20:19:16 WET [2025/01/28 15:19:16 ET]
Table 'Carpenter' 6-max Seat #5 is the button
Seat 2: BGS013 ($100 in chips) is sitting out
Seat 1: aoish30 ($221.52 in chips) 
Seat 3: z00mba ($109.08 in chips) 
Seat 4: Poker9803 ($129.20 in chips) 
Seat 5: XneferX ($100 in chips) 
Seat 6: mushroom7707 ($18.30 in chips) 
mushroom7707: posts small blind $0.50
aoish30: posts big blind $1
BGS013: sits out 
*** HOLE CARDS ***
z00mba: folds 
Poker9803: folds 
XneferX: raises $1.77 to $2.77
mushroom7707: calls $2.27
aoish30: folds 
*** FLOP *** [4c 7s Td]
mushroom7707: checks 
XneferX: bets $1.20
mushroom7707: calls $1.20
*** TURN *** [4c 7s Td] [8s]
mushroom7707: checks 
XneferX: bets $4.33
mushroom7707: calls $4.33
*** RIVER *** [4c 7s Td 8s] [3c]
mushroom7707: checks 
XneferX: bets $12.87
mushroom7707: folds 
Uncalled bet ($12.87) returned to XneferX
XneferX collected $16.72 from pot
XneferX: doesn't show hand 
*** SUMMARY ***
Total pot $17.60 | Rake $0.88 
Board [4c 7s Td 8s 3c]
Seat 2: BGS013
Seat 1: aoish30 (big blind) folded before Flop
Seat 3: z00mba folded before Flop (didn't bet)
Seat 4: Poker9803 folded before Flop (didn't bet)
Seat 5: XneferX (button) collected ($16.72)
Seat 6: mushroom7707 (small blind) folded on the River



PokerStars Hand #254595812445:  Hold'em No Limit ($0.50/$1.00 USD) - 2025/01/28 20:20:23 WET [2025/01/28 15:20:23 ET]
Table 'Carpenter' 6-max Seat #6 is the button
Seat 1: aoish30 ($220.52 in chips) 
Seat 2: BGS013 ($100 in chips) 
Seat 3: z00mba ($109.08 in chips) 
Seat 4: Poker9803 ($129.20 in chips) 
Seat 5: XneferX ($108.42 in chips) 
Seat 6: mushroom7707 ($10 in chips) 
aoish30: posts small blind $0.50
BGS013: posts big blind $1
*** HOLE CARDS ***
z00mba: folds 
Poker9803 is disconnected 
mushroom7707 is disconnected 
Poker9803 has timed out while disconnected
Poker9803: folds 
XneferX: folds 
mushroom7707 has timed out while disconnected
mushroom7707: folds 
aoish30: folds 
Uncalled bet ($0.50) returned to BGS013
BGS013 collected $1 from pot
BGS013: doesn't show hand 
*** SUMMARY ***
Total pot $1 | Rake $0 
Seat 1: aoish30 (small blind) folded before Flop
Seat 2: BGS013 (big blind) collected ($1)
Seat 3: z00mba folded before Flop (didn't bet)
Seat 4: Poker9803 folded before Flop (didn't bet)
Seat 5: XneferX folded before Flop (didn't bet)
Seat 6: mushroom7707 (button) folded before Flop (didn't bet)



PokerStars Hand #254595823505:  Hold'em No Limit ($0.50/$1.00 USD) - 2025/01/28 20:21:00 WET [2025/01/28 15:21:00 ET]
Table 'Carpenter' 6-max Seat #1 is the button
Seat 4: Poker9803 ($129.20 in chips) is sitting out
Seat 6: mushroom7707 ($10 in chips) is sitting out
Seat 1: aoish30 ($220.02 in chips) 
Seat 2: BGS013 ($100.50 in chips) 
Seat 3: z00mba ($109.08 in chips) 
Seat 5: XneferX ($108.42 in chips) 
BGS013: posts small blind $0.50
z00mba: posts big blind $1
*** HOLE CARDS ***
XneferX: folds 
aoish30: raises $1.50 to $2.50
BGS013: folds 
z00mba: folds 
Uncalled bet ($1.50) returned to aoish30
aoish30 collected $2.50 from pot
aoish30: doesn't show hand 
*** SUMMARY ***
Total pot $2.50 | Rake $0 
Seat 4: Poker9803
Seat 6: mushroom7707
Seat 1: aoish30 (button) collected ($2.50)
Seat 2: BGS013 (small blind) folded before Flop
Seat 3: z00mba (big blind) folded before Flop
Seat 5: XneferX folded before Flop (didn't bet)



PokerStars Hand #254595829511:  Hold'em No Limit ($0.50/$1.00 USD) - 2025/01/28 20:21:18 WET [2025/01/28 15:21:18 ET]
Table 'Carpenter' 6-max Seat #2 is the button
Seat 4: Poker9803 ($129.20 in chips) is sitting out
Seat 6: mushroom7707 ($10 in chips) is sitting out
Seat 1: aoish30 ($221.52 in chips) 
Seat 2: BGS013 ($100 in chips) 
Seat 3: z00mba ($108.08 in chips) 
Seat 5: XneferX ($108.42 in chips) 
z00mba: posts small blind $0.50
XneferX: posts big blind $1
*** HOLE CARDS ***
aoish30: raises $1.50 to $2.50
BGS013: folds 
z00mba: folds 
XneferX: folds 
Uncalled bet ($1.50) returned to aoish30
XneferX leaves the table
aoish30 collected $2.50 from pot
aoish30: doesn't show hand 
*** SUMMARY ***
Total pot $2.50 | Rake $0 
Seat 4: Poker9803
Seat 6: mushroom7707
Seat 1: aoish30 collected ($2.50)
Seat 2: BGS013 (button) folded before Flop (didn't bet)
Seat 3: z00mba (small blind) folded before Flop
Seat 5: XneferX (big blind) folded before Flop



PokerStars Hand #254595838417:  Hold'em No Limit ($0.50/$1.00 USD) - 2025/01/28 20:21:40 WET [2025/01/28 15:21:40 ET]
Table 'Carpenter' 6-max Seat #1 is the button
Seat 2: BGS013 ($100 in chips) is sitting out
Seat 4: Poker9803 ($129.20 in chips) is sitting out
Seat 6: mushroom7707 ($10 in chips) is sitting out
Seat 1: aoish30 ($223.02 in chips) 
Seat 3: z00mba ($107.58 in chips) 
aoish30: posts small blind $0.50
BGS013: is sitting out 
z00mba: posts big blind $1
*** HOLE CARDS ***
BGS013 leaves the table
aoish30: folds 
Uncalled bet ($0.50) returned to z00mba
z00mba collected $1 from pot
z00mba: doesn't show hand 
*** SUMMARY ***
Total pot $1 | Rake $0 
Seat 2: BGS013
Seat 4: Poker9803
Seat 6: mushroom7707
Seat 1: aoish30 (button) (small blind) folded before Flop
Seat 3: z00mba (big blind) collected ($1)



PokerStars Hand #254595841613:  Hold'em No Limit ($0.50/$1.00 USD) - 2025/01/28 20:21:48 WET [2025/01/28 15:21:48 ET]
Table 'Carpenter' 6-max Seat #3 is the button
Seat 4: Poker9803 ($129.20 in chips) is sitting out
Seat 6: mushroom7707 ($10 in chips) is sitting out
Seat 1: aoish30 ($222.52 in chips) 
Seat 3: z00mba ($108.08 in chips) 
z00mba: posts small blind $0.50
aoish30: posts big blind $1
*** HOLE CARDS ***
z00mba: folds 
Uncalled bet ($0.50) returned to aoish30
aoish30 collected $1 from pot
aoish30: doesn't show hand 
*** SUMMARY ***
Total pot $1 | Rake $0 
Seat 4: Poker9803
Seat 6: mushroom7707
Seat 1: aoish30 (big blind) collected ($1)
Seat 3: z00mba (button) (small blind) folded before Flop



