PokerStars Hand #254599820153:  Hold'em No Limit ($0.50/$1.00 USD) - 2025/01/28 23:36:10 WET [2025/01/28 18:36:10 ET]
Table 'Kundry' 6-max Seat #2 is the button
Seat 4: XneferX ($100 in chips) is sitting out
Seat 1: valmble ($10 in chips) 
Seat 2: jonyiyi ($38.55 in chips) 
Seat 3: SorinS28 ($100 in chips) 
Seat 5: Manifestorr ($100 in chips) 
Seat 6: Mr_Dick666 ($100 in chips) 
SorinS28: posts small blind $0.50
Manifestorr: posts big blind $1
*** HOLE CARDS ***
Mr_Dick666: folds 
valmble: folds 
jonyiyi: calls $1
SorinS28: folds 
Manifestorr: raises $3 to $4
jonyiyi: folds 
Uncalled bet ($3) returned to Manifestorr
Manifestorr collected $2.50 from pot
*** SUMMARY ***
Total pot $2.50 | Rake $0 
Seat 4: XneferX
Seat 1: valmble folded before Flop (didn't bet)
Seat 2: jonyiyi (button) folded before Flop
Seat 3: SorinS28 (small blind) folded before Flop
Seat 5: Manifestorr (big blind) collected ($2.50)
Seat 6: Mr_Dick666 folded before Flop (didn't bet)



PokerStars Hand #254599825888:  Hold'em No Limit ($0.50/$1.00 USD) - 2025/01/28 23:36:33 WET [2025/01/28 18:36:33 ET]
Table 'Kundry' 6-max Seat #3 is the button
Seat 4: XneferX ($100 in chips) is sitting out
Seat 1: valmble ($10 in chips) 
Seat 2: jonyiyi ($37.55 in chips) 
Seat 3: SorinS28 ($100 in chips) 
Seat 5: Manifestorr ($101.50 in chips) 
Seat 6: Mr_Dick666 ($100 in chips) 
Manifestorr: posts small blind $0.50
Mr_Dick666: posts big blind $1
*** HOLE CARDS ***
valmble: folds 
jonyiyi: raises $1 to $2
SorinS28: folds 
Manifestorr: folds 
Mr_Dick666: calls $1
*** FLOP *** [8s Jc 5h]
Mr_Dick666: checks 
jonyiyi: bets $1
Mr_Dick666: calls $1
*** TURN *** [8s Jc 5h] [Kd]
Mr_Dick666: checks 
jonyiyi: checks 
*** RIVER *** [8s Jc 5h Kd] [4s]
Mr_Dick666: checks 
jonyiyi: checks 
*** SHOW DOWN ***
Mr_Dick666: shows [8c 3c] (a pair of Eights)
jonyiyi: mucks hand 
Mr_Dick666 collected $6.18 from pot
*** SUMMARY ***
Total pot $6.50 | Rake $0.32 
Board [8s Jc 5h Kd 4s]
Seat 4: XneferX
Seat 1: valmble folded before Flop (didn't bet)
Seat 2: jonyiyi mucked
Seat 3: SorinS28 (button) folded before Flop (didn't bet)
Seat 5: Manifestorr (small blind) folded before Flop
Seat 6: Mr_Dick666 (big blind) showed [8c 3c] and won ($6.18) with a pair of Eights



PokerStars Hand #254599833121:  Hold'em No Limit ($0.50/$1.00 USD) - 2025/01/28 23:37:02 WET [2025/01/28 18:37:02 ET]
Table 'Kundry' 6-max Seat #5 is the button
Seat 1: valmble ($10 in chips) is sitting out
Seat 4: XneferX ($100 in chips) is sitting out
Seat 2: jonyiyi ($34.55 in chips) 
Seat 3: SorinS28 ($100 in chips) 
Seat 5: Manifestorr ($101 in chips) 
Seat 6: Mr_Dick666 ($103.18 in chips) 
Mr_Dick666: posts small blind $0.50
valmble: is sitting out 
jonyiyi: posts big blind $1
valmble leaves the table
XneferX: sits out 
*** HOLE CARDS ***
SorinS28: folds 
Manifestorr: folds 
Mr_Dick666: raises $2 to $3
BoyLoc0 joins the table at seat #1 
jonyiyi: calls $2
*** FLOP *** [6h 5c 2d]
Mr_Dick666: bets $3.82
jonyiyi: folds 
Uncalled bet ($3.82) returned to Mr_Dick666
Mr_Dick666 collected $5.70 from pot
Mr_Dick666: doesn't show hand 
*** SUMMARY ***
Total pot $6 | Rake $0.30 
Board [6h 5c 2d]
Seat 1: valmble
Seat 4: XneferX
Seat 2: jonyiyi (big blind) folded on the Flop
Seat 3: SorinS28 folded before Flop (didn't bet)
Seat 5: Manifestorr (button) folded before Flop (didn't bet)
Seat 6: Mr_Dick666 (small blind) collected ($5.70)



PokerStars Hand #254599837664:  Hold'em No Limit ($0.50/$1.00 USD) - 2025/01/28 23:37:20 WET [2025/01/28 18:37:20 ET]
Table 'Kundry' 6-max Seat #6 is the button
Seat 1: BoyLoc0 ($100 in chips) is sitting out
Seat 4: XneferX ($100 in chips) is sitting out
Seat 2: jonyiyi ($31.55 in chips) 
Seat 3: SorinS28 ($100 in chips) 
Seat 5: Manifestorr ($101 in chips) 
Seat 6: Mr_Dick666 ($105.88 in chips) 
jonyiyi: posts small blind $0.50
SorinS28: posts big blind $1
XneferX: sits out 
*** HOLE CARDS ***
Manifestorr: folds 
Mr_Dick666: raises $1.50 to $2.50
jonyiyi: folds 
SorinS28: calls $1.50
*** FLOP *** [4c 7h 5d]
SorinS28: checks 
Mr_Dick666: checks 
*** TURN *** [4c 7h 5d] [Ad]
SorinS28: checks 
Mr_Dick666: checks 
*** RIVER *** [4c 7h 5d Ad] [2s]
SorinS28: checks 
Mr_Dick666: bets $3.50
SorinS28: folds 
Uncalled bet ($3.50) returned to Mr_Dick666
Mr_Dick666 collected $5.22 from pot
Mr_Dick666: doesn't show hand 
*** SUMMARY ***
Total pot $5.50 | Rake $0.28 
Board [4c 7h 5d Ad 2s]
Seat 1: BoyLoc0
Seat 4: XneferX
Seat 2: jonyiyi (small blind) folded before Flop
Seat 3: SorinS28 (big blind) folded on the River
Seat 5: Manifestorr folded before Flop (didn't bet)
Seat 6: Mr_Dick666 (button) collected ($5.22)



PokerStars Hand #254599883130:  Hold'em No Limit ($0.50/$1.00 USD) - 2025/01/28 23:40:24 WET [2025/01/28 18:40:24 ET]
Table 'Kundry' 6-max Seat #5 is the button
Seat 3: SorinS28 ($138.94 in chips) 
Seat 4: XneferX ($100 in chips) 
Seat 5: Manifestorr ($103.30 in chips) 
Seat 6: Mr_Dick666 ($107.60 in chips) 
Mr_Dick666: posts small blind $0.50
SorinS28: posts big blind $1
*** HOLE CARDS ***
XneferX: raises $1.30 to $2.30
Manifestorr: folds 
Mr_Dick666: folds 
habib599 joins the table at seat #1 
habib599 is disconnected 
SorinS28: folds 
Uncalled bet ($1.30) returned to XneferX
Espada Fish joins the table at seat #2 
XneferX collected $2.50 from pot
XneferX: doesn't show hand 
*** SUMMARY ***
Total pot $2.50 | Rake $0 
Seat 3: SorinS28 (big blind) folded before Flop
Seat 4: XneferX collected ($2.50)
Seat 5: Manifestorr (button) folded before Flop (didn't bet)
Seat 6: Mr_Dick666 (small blind) folded before Flop



PokerStars Hand #254599887110:  Hold'em No Limit ($0.50/$1.00 USD) - 2025/01/28 23:40:40 WET [2025/01/28 18:40:40 ET]
Table 'Kundry' 6-max Seat #6 is the button
Seat 1: habib599 ($40.64 in chips) is sitting out
Seat 2: Espada Fish ($100 in chips) is sitting out
Seat 3: SorinS28 ($137.94 in chips) 
Seat 4: XneferX ($101.50 in chips) 
Seat 5: Manifestorr ($103.30 in chips) 
Seat 6: Mr_Dick666 ($107.10 in chips) 
SorinS28: posts small blind $0.50
XneferX: posts big blind $1
*** HOLE CARDS ***
Manifestorr: raises $1.20 to $2.20
Mr_Dick666: folds 
SorinS28: folds 
XneferX: folds 
Uncalled bet ($1.20) returned to Manifestorr
Manifestorr collected $2.50 from pot
*** SUMMARY ***
Total pot $2.50 | Rake $0 
Seat 1: habib599
Seat 2: Espada Fish
Seat 3: SorinS28 (small blind) folded before Flop
Seat 4: XneferX (big blind) folded before Flop
Seat 5: Manifestorr collected ($2.50)
Seat 6: Mr_Dick666 (button) folded before Flop (didn't bet)



PokerStars Hand #254599890097:  Hold'em No Limit ($0.50/$1.00 USD) - 2025/01/28 23:40:52 WET [2025/01/28 18:40:52 ET]
Table 'Kundry' 6-max Seat #3 is the button
Seat 1: habib599 ($40.64 in chips) is sitting out
Seat 2: Espada Fish ($100 in chips) is sitting out
Seat 3: SorinS28 ($137.44 in chips) 
Seat 4: XneferX ($100.50 in chips) 
Seat 5: Manifestorr ($104.80 in chips) 
Seat 6: Mr_Dick666 ($107.10 in chips) 
XneferX: posts small blind $0.50
Manifestorr: posts big blind $1
habib599: sits out 
Espada Fish: sits out 
*** HOLE CARDS ***
Mr_Dick666: folds 
SorinS28: folds 
XneferX: folds 
Uncalled bet ($0.50) returned to Manifestorr
Manifestorr collected $1 from pot
*** SUMMARY ***
Total pot $1 | Rake $0 
Seat 1: habib599
Seat 2: Espada Fish
Seat 3: SorinS28 (button) folded before Flop (didn't bet)
Seat 4: XneferX (small blind) folded before Flop
Seat 5: Manifestorr (big blind) collected ($1)
Seat 6: Mr_Dick666 folded before Flop (didn't bet)



PokerStars Hand #254599893747:  Hold'em No Limit ($0.50/$1.00 USD) - 2025/01/28 23:41:07 WET [2025/01/28 18:41:07 ET]
Table 'Kundry' 6-max Seat #4 is the button
Seat 1: habib599 ($40.64 in chips) is sitting out
Seat 2: Espada Fish ($100 in chips) is sitting out
Seat 3: SorinS28 ($137.44 in chips) 
Seat 4: XneferX ($100 in chips) 
Seat 5: Manifestorr ($105.30 in chips) 
Seat 6: Mr_Dick666 ($107.10 in chips) 
Manifestorr: posts small blind $0.50
Mr_Dick666: posts big blind $1
habib599: sits out 
Espada Fish: sits out 
*** HOLE CARDS ***
SorinS28: folds 
XneferX: raises $1.77 to $2.77
Manifestorr: folds 
Mr_Dick666: raises $9.23 to $12
XneferX: folds 
Uncalled bet ($9.23) returned to Mr_Dick666
Mr_Dick666 collected $6.04 from pot
Mr_Dick666: doesn't show hand 
*** SUMMARY ***
Total pot $6.04 | Rake $0 
Seat 1: habib599
Seat 2: Espada Fish
Seat 3: SorinS28 folded before Flop (didn't bet)
Seat 4: XneferX (button) folded before Flop
Seat 5: Manifestorr (small blind) folded before Flop
Seat 6: Mr_Dick666 (big blind) collected ($6.04)



PokerStars Hand #254599901645:  Hold'em No Limit ($0.50/$1.00 USD) - 2025/01/28 23:41:39 WET [2025/01/28 18:41:39 ET]
Table 'Kundry' 6-max Seat #5 is the button
Seat 2: Espada Fish ($100 in chips) is sitting out
Seat 1: habib599 ($40.64 in chips) 
Seat 3: SorinS28 ($137.44 in chips) 
Seat 4: XneferX ($100 in chips) 
Seat 5: Manifestorr ($104.80 in chips) 
Seat 6: Mr_Dick666 ($110.37 in chips) 
Mr_Dick666: posts small blind $0.50
habib599: posts big blind $1
Espada Fish: sits out 
*** HOLE CARDS ***
SorinS28: folds 
XneferX: folds 
Manifestorr: folds 
Mr_Dick666: folds 
Uncalled bet ($0.50) returned to habib599
habib599 collected $1 from pot
*** SUMMARY ***
Total pot $1 | Rake $0 
Seat 2: Espada Fish
Seat 1: habib599 (big blind) collected ($1)
Seat 3: SorinS28 folded before Flop (didn't bet)
Seat 4: XneferX folded before Flop (didn't bet)
Seat 5: Manifestorr (button) folded before Flop (didn't bet)
Seat 6: Mr_Dick666 (small blind) folded before Flop



PokerStars Hand #254599906207:  Hold'em No Limit ($0.50/$1.00 USD) - 2025/01/28 23:41:57 WET [2025/01/28 18:41:57 ET]
Table 'Kundry' 6-max Seat #6 is the button
Seat 1: habib599 ($41.14 in chips) 
Seat 2: Espada Fish ($100 in chips) 
Seat 3: SorinS28 ($137.44 in chips) 
Seat 4: XneferX ($100 in chips) 
Seat 5: Manifestorr ($104.80 in chips) 
Seat 6: Mr_Dick666 ($109.87 in chips) 
habib599: posts small blind $0.50
Espada Fish: posts big blind $1
*** HOLE CARDS ***
SorinS28: raises $1.02 to $2.02
XneferX: folds 
Manifestorr: folds 
Mr_Dick666: folds 
habib599: folds 
Espada Fish: folds 
Uncalled bet ($1.02) returned to SorinS28
SorinS28 collected $2.50 from pot
SorinS28: doesn't show hand 
*** SUMMARY ***
Total pot $2.50 | Rake $0 
Seat 1: habib599 (small blind) folded before Flop
Seat 2: Espada Fish (big blind) folded before Flop
Seat 3: SorinS28 collected ($2.50)
Seat 4: XneferX folded before Flop (didn't bet)
Seat 5: Manifestorr folded before Flop (didn't bet)
Seat 6: Mr_Dick666 (button) folded before Flop (didn't bet)



PokerStars Hand #254599910084:  Hold'em No Limit ($0.50/$1.00 USD) - 2025/01/28 23:42:13 WET [2025/01/28 18:42:13 ET]
Table 'Kundry' 6-max Seat #1 is the button
Seat 1: habib599 ($40.64 in chips) 
Seat 2: Espada Fish ($100 in chips) 
Seat 3: SorinS28 ($138.94 in chips) 
Seat 4: XneferX ($100 in chips) 
Seat 5: Manifestorr ($104.80 in chips) 
Seat 6: Mr_Dick666 ($109.87 in chips) 
Espada Fish: posts small blind $0.50
SorinS28: posts big blind $1
*** HOLE CARDS ***
XneferX: raises $1.10 to $2.10
Manifestorr: folds 
Mr_Dick666: folds 
habib599: folds 
Espada Fish: folds 
SorinS28: raises $9.40 to $11.50
XneferX: folds 
Uncalled bet ($9.40) returned to SorinS28
SorinS28 collected $4.70 from pot
SorinS28: doesn't show hand 
XneferX leaves the table
*** SUMMARY ***
Total pot $4.70 | Rake $0 
Seat 1: habib599 (button) folded before Flop (didn't bet)
Seat 2: Espada Fish (small blind) folded before Flop
Seat 3: SorinS28 (big blind) collected ($4.70)
Seat 4: XneferX folded before Flop
Seat 5: Manifestorr folded before Flop (didn't bet)
Seat 6: Mr_Dick666 folded before Flop (didn't bet)



PokerStars Hand #254599919090:  Hold'em No Limit ($0.50/$1.00 USD) - 2025/01/28 23:42:49 WET [2025/01/28 18:42:49 ET]
Table 'Kundry' 6-max Seat #2 is the button
Seat 1: habib599 ($40.64 in chips) 
Seat 2: Espada Fish ($100 in chips) 
Seat 3: SorinS28 ($141.54 in chips) 
Seat 5: Manifestorr ($104.80 in chips) 
Seat 6: Mr_Dick666 ($109.87 in chips) 
SorinS28: posts small blind $0.50
Manifestorr: posts big blind $1
*** HOLE CARDS ***
Mr_Dick666: raises $1 to $2
habib599: calls $2
tintin641 joins the table at seat #4 
Espada Fish: folds 
SorinS28: folds 
Manifestorr: folds 
*** FLOP *** [Kh 9d Qd]
Mr_Dick666: checks 
habib599: bets $2
Mr_Dick666: calls $2
*** TURN *** [Kh 9d Qd] [Qh]
Mr_Dick666: checks 
habib599: checks 
*** RIVER *** [Kh 9d Qd Qh] [Jc]
Mr_Dick666: bets $6.04
habib599: calls $6.04
*** SHOW DOWN ***
Mr_Dick666: shows [3d Ad] (a pair of Queens)
habib599: shows [8c Kd] (two pair, Kings and Queens)
habib599 collected $20.50 from pot
*** SUMMARY ***
Total pot $21.58 | Rake $1.08 
Board [Kh 9d Qd Qh Jc]
Seat 1: habib599 showed [8c Kd] and won ($20.50) with two pair, Kings and Queens
Seat 2: Espada Fish (button) folded before Flop (didn't bet)
Seat 3: SorinS28 (small blind) folded before Flop
Seat 5: Manifestorr (big blind) folded before Flop
Seat 6: Mr_Dick666 showed [3d Ad] and lost with a pair of Queens



PokerStars Hand #254599931514:  Hold'em No Limit ($0.50/$1.00 USD) - 2025/01/28 23:43:40 WET [2025/01/28 18:43:40 ET]
Table 'Kundry' 6-max Seat #3 is the button
Seat 4: tintin641 ($100 in chips) is sitting out
Seat 1: habib599 ($51.10 in chips) 
Seat 2: Espada Fish ($100 in chips) 
Seat 3: SorinS28 ($141.04 in chips) 
Seat 5: Manifestorr ($103.80 in chips) 
Seat 6: Mr_Dick666 ($100 in chips) 
Manifestorr: posts small blind $0.50
Mr_Dick666: posts big blind $1
*** HOLE CARDS ***
habib599: folds 
Espada Fish: folds 
SorinS28: folds 
Manifestorr: raises $2 to $3
Mr_Dick666: raises $6 to $9
Manifestorr: folds 
Uncalled bet ($6) returned to Mr_Dick666
Mr_Dick666 collected $6 from pot
Mr_Dick666: doesn't show hand 
*** SUMMARY ***
Total pot $6 | Rake $0 
Seat 4: tintin641
Seat 1: habib599 folded before Flop (didn't bet)
Seat 2: Espada Fish folded before Flop (didn't bet)
Seat 3: SorinS28 (button) folded before Flop (didn't bet)
Seat 5: Manifestorr (small blind) folded before Flop
Seat 6: Mr_Dick666 (big blind) collected ($6)



PokerStars Hand #254599936082:  Hold'em No Limit ($0.50/$1.00 USD) - 2025/01/28 23:43:58 WET [2025/01/28 18:43:58 ET]
Table 'Kundry' 6-max Seat #5 is the button
Seat 4: tintin641 ($100 in chips) is sitting out
Seat 1: habib599 ($51.10 in chips) 
Seat 2: Espada Fish ($100 in chips) 
Seat 3: SorinS28 ($141.04 in chips) 
Seat 5: Manifestorr ($100.80 in chips) 
Seat 6: Mr_Dick666 ($103 in chips) 
Mr_Dick666: posts small blind $0.50
habib599: posts big blind $1
tintin641: sits out 
*** HOLE CARDS ***
Espada Fish: raises $1.20 to $2.20
SorinS28: folds 
Manifestorr: folds 
Mr_Dick666: folds 
habib599: calls $1.20
*** FLOP *** [7d 4s Jd]
habib599: checks 
Espada Fish: bets $2.80
habib599: folds 
Uncalled bet ($2.80) returned to Espada Fish
Espada Fish collected $4.66 from pot
Espada Fish: doesn't show hand 
*** SUMMARY ***
Total pot $4.90 | Rake $0.24 
Board [7d 4s Jd]
Seat 4: tintin641
Seat 1: habib599 (big blind) folded on the Flop
Seat 2: Espada Fish collected ($4.66)
Seat 3: SorinS28 folded before Flop (didn't bet)
Seat 5: Manifestorr (button) folded before Flop (didn't bet)
Seat 6: Mr_Dick666 (small blind) folded before Flop



PokerStars Hand #254599941487:  Hold'em No Limit ($0.50/$1.00 USD) - 2025/01/28 23:44:20 WET [2025/01/28 18:44:20 ET]
Table 'Kundry' 6-max Seat #6 is the button
Seat 4: tintin641 ($100 in chips) is sitting out
Seat 1: habib599 ($48.90 in chips) 
Seat 2: Espada Fish ($102.46 in chips) 
Seat 3: SorinS28 ($141.04 in chips) 
Seat 5: Manifestorr ($100.80 in chips) 
Seat 6: Mr_Dick666 ($102.50 in chips) 
habib599: posts small blind $0.50
Espada Fish: posts big blind $1
tintin641: sits out 
*** HOLE CARDS ***
SorinS28: folds 
Manifestorr: folds 
Mr_Dick666: folds 
habib599: calls $0.50
Espada Fish: checks 
*** FLOP *** [7c 5d Kh]
habib599: checks 
Espada Fish: checks 
*** TURN *** [7c 5d Kh] [6c]
habib599: checks 
Espada Fish: bets $1.43
habib599: calls $1.43
*** RIVER *** [7c 5d Kh 6c] [As]
habib599: checks 
Espada Fish: checks 
*** SHOW DOWN ***
habib599: shows [6d 9h] (a pair of Sixes)
Espada Fish: shows [7h Qs] (a pair of Sevens)
Espada Fish collected $4.62 from pot
*** SUMMARY ***
Total pot $4.86 | Rake $0.24 
Board [7c 5d Kh 6c As]
Seat 4: tintin641
Seat 1: habib599 (small blind) showed [6d 9h] and lost with a pair of Sixes
Seat 2: Espada Fish (big blind) showed [7h Qs] and won ($4.62) with a pair of Sevens
Seat 3: SorinS28 folded before Flop (didn't bet)
Seat 5: Manifestorr folded before Flop (didn't bet)
Seat 6: Mr_Dick666 (button) folded before Flop (didn't bet)



PokerStars Hand #254599952526:  Hold'em No Limit ($0.50/$1.00 USD) - 2025/01/28 23:45:05 WET [2025/01/28 18:45:05 ET]
Table 'Kundry' 6-max Seat #1 is the button
Seat 4: tintin641 ($100 in chips) is sitting out
Seat 1: habib599 ($46.47 in chips) 
Seat 2: Espada Fish ($104.65 in chips) 
Seat 3: SorinS28 ($141.04 in chips) 
Seat 5: Manifestorr ($100.80 in chips) 
Seat 6: Mr_Dick666 ($102.50 in chips) 
Espada Fish: posts small blind $0.50
SorinS28: posts big blind $1
tintin641: sits out 
*** HOLE CARDS ***
Manifestorr: raises $1.20 to $2.20
Mr_Dick666: folds 
habib599: calls $2.20
Espada Fish: folds 
SorinS28: folds 
*** FLOP *** [6h 2d Js]
Manifestorr: bets $4.20
habib599: folds 
Uncalled bet ($4.20) returned to Manifestorr
Manifestorr collected $5.60 from pot
*** SUMMARY ***
Total pot $5.90 | Rake $0.30 
Board [6h 2d Js]
Seat 4: tintin641
Seat 1: habib599 (button) folded on the Flop
Seat 2: Espada Fish (small blind) folded before Flop
Seat 3: SorinS28 (big blind) folded before Flop
Seat 5: Manifestorr collected ($5.60)
Seat 6: Mr_Dick666 folded before Flop (didn't bet)



PokerStars Hand #254599957966:  Hold'em No Limit ($0.50/$1.00 USD) - 2025/01/28 23:45:27 WET [2025/01/28 18:45:27 ET]
Table 'Kundry' 6-max Seat #2 is the button
Seat 1: habib599 ($44.27 in chips) 
Seat 2: Espada Fish ($104.15 in chips) 
Seat 3: SorinS28 ($140.04 in chips) 
Seat 4: tintin641 ($100 in chips) 
Seat 5: Manifestorr ($104.20 in chips) 
Seat 6: Mr_Dick666 ($102.50 in chips) 
SorinS28: posts small blind $0.50
tintin641: posts big blind $1
*** HOLE CARDS ***
Manifestorr: folds 
Mr_Dick666: folds 
habib599: folds 
Espada Fish: raises $1.50 to $2.50
SorinS28: folds 
tintin641: calls $1.50
*** FLOP *** [Ac 4d 5h]
tintin641: checks 
Espada Fish: checks 
*** TURN *** [Ac 4d 5h] [2h]
tintin641: checks 
Espada Fish: checks 
*** RIVER *** [Ac 4d 5h 2h] [4s]
tintin641: checks 
Espada Fish: checks 
*** SHOW DOWN ***
tintin641: shows [7s 7h] (two pair, Sevens and Fours)
Espada Fish: mucks hand 
tintin641 collected $5.22 from pot
*** SUMMARY ***
Total pot $5.50 | Rake $0.28 
Board [Ac 4d 5h 2h 4s]
Seat 1: habib599 folded before Flop (didn't bet)
Seat 2: Espada Fish (button) mucked
Seat 3: SorinS28 (small blind) folded before Flop
Seat 4: tintin641 (big blind) showed [7s 7h] and won ($5.22) with two pair, Sevens and Fours
Seat 5: Manifestorr folded before Flop (didn't bet)
Seat 6: Mr_Dick666 folded before Flop (didn't bet)



PokerStars Hand #254599973721:  Hold'em No Limit ($0.50/$1.00 USD) - 2025/01/28 23:46:32 WET [2025/01/28 18:46:32 ET]
Table 'Kundry' 6-max Seat #3 is the button
Seat 1: habib599 ($44.27 in chips) 
Seat 2: Espada Fish ($101.65 in chips) 
Seat 3: SorinS28 ($139.54 in chips) 
Seat 4: tintin641 ($102.72 in chips) 
Seat 5: Manifestorr ($104.20 in chips) 
Seat 6: Mr_Dick666 ($102.50 in chips) 
tintin641: posts small blind $0.50
Manifestorr: posts big blind $1
*** HOLE CARDS ***
Mr_Dick666: folds 
habib599: raises $4 to $5
Espada Fish: folds 
SorinS28: calls $5
tintin641: folds 
Manifestorr: folds 
*** FLOP *** [5h Qd Td]
habib599: bets $10
SorinS28: folds 
Uncalled bet ($10) returned to habib599
habib599 collected $10.92 from pot
*** SUMMARY ***
Total pot $11.50 | Rake $0.58 
Board [5h Qd Td]
Seat 1: habib599 collected ($10.92)
Seat 2: Espada Fish folded before Flop (didn't bet)
Seat 3: SorinS28 (button) folded on the Flop
Seat 4: tintin641 (small blind) folded before Flop
Seat 5: Manifestorr (big blind) folded before Flop
Seat 6: Mr_Dick666 folded before Flop (didn't bet)



PokerStars Hand #254599980902:  Hold'em No Limit ($0.50/$1.00 USD) - 2025/01/28 23:47:02 WET [2025/01/28 18:47:02 ET]
Table 'Kundry' 6-max Seat #4 is the button
Seat 1: habib599 ($50.19 in chips) 
Seat 2: Espada Fish ($101.65 in chips) 
Seat 3: SorinS28 ($134.54 in chips) 
Seat 4: tintin641 ($102.22 in chips) 
Seat 5: Manifestorr ($103.20 in chips) 
Seat 6: Mr_Dick666 ($102.50 in chips) 
Manifestorr: posts small blind $0.50
Mr_Dick666: posts big blind $1
*** HOLE CARDS ***
habib599: folds 
Espada Fish: folds 
SorinS28: raises $1.30 to $2.30
tintin641: folds 
Manifestorr: folds 
Mr_Dick666: folds 
Uncalled bet ($1.30) returned to SorinS28
SorinS28 collected $2.50 from pot
SorinS28: doesn't show hand 
*** SUMMARY ***
Total pot $2.50 | Rake $0 
Seat 1: habib599 folded before Flop (didn't bet)
Seat 2: Espada Fish folded before Flop (didn't bet)
Seat 3: SorinS28 collected ($2.50)
Seat 4: tintin641 (button) folded before Flop (didn't bet)
Seat 5: Manifestorr (small blind) folded before Flop
Seat 6: Mr_Dick666 (big blind) folded before Flop



PokerStars Hand #254599986837:  Hold'em No Limit ($0.50/$1.00 USD) - 2025/01/28 23:47:26 WET [2025/01/28 18:47:26 ET]
Table 'Kundry' 6-max Seat #5 is the button
Seat 1: habib599 ($50.19 in chips) 
Seat 2: Espada Fish ($101.65 in chips) 
Seat 3: SorinS28 ($136.04 in chips) 
Seat 4: tintin641 ($102.22 in chips) 
Seat 5: Manifestorr ($102.70 in chips) 
Seat 6: Mr_Dick666 ($101.50 in chips) 
Mr_Dick666: posts small blind $0.50
habib599: posts big blind $1
*** HOLE CARDS ***
Espada Fish: folds 
SorinS28: folds 
tintin641: folds 
Manifestorr: folds 
Mr_Dick666: raises $2 to $3
habib599: folds 
Uncalled bet ($2) returned to Mr_Dick666
Mr_Dick666 collected $2 from pot
Mr_Dick666: doesn't show hand 
*** SUMMARY ***
Total pot $2 | Rake $0 
Seat 1: habib599 (big blind) folded before Flop
Seat 2: Espada Fish folded before Flop (didn't bet)
Seat 3: SorinS28 folded before Flop (didn't bet)
Seat 4: tintin641 folded before Flop (didn't bet)
Seat 5: Manifestorr (button) folded before Flop (didn't bet)
Seat 6: Mr_Dick666 (small blind) collected ($2)



PokerStars Hand #254599990687:  Hold'em No Limit ($0.50/$1.00 USD) - 2025/01/28 23:47:42 WET [2025/01/28 18:47:42 ET]
Table 'Kundry' 6-max Seat #6 is the button
Seat 1: habib599 ($49.19 in chips) 
Seat 2: Espada Fish ($101.65 in chips) 
Seat 3: SorinS28 ($136.04 in chips) 
Seat 4: tintin641 ($102.22 in chips) 
Seat 5: Manifestorr ($102.70 in chips) 
Seat 6: Mr_Dick666 ($102.50 in chips) 
habib599: posts small blind $0.50
Espada Fish: posts big blind $1
*** HOLE CARDS ***
SorinS28: folds 
tintin641: raises $1.50 to $2.50
Manifestorr: folds 
Mr_Dick666: folds 
habib599: folds 
Espada Fish: folds 
Uncalled bet ($1.50) returned to tintin641
tintin641 collected $2.50 from pot
tintin641: doesn't show hand 
*** SUMMARY ***
Total pot $2.50 | Rake $0 
Seat 1: habib599 (small blind) folded before Flop
Seat 2: Espada Fish (big blind) folded before Flop
Seat 3: SorinS28 folded before Flop (didn't bet)
Seat 4: tintin641 collected ($2.50)
Seat 5: Manifestorr folded before Flop (didn't bet)
Seat 6: Mr_Dick666 (button) folded before Flop (didn't bet)



PokerStars Hand #254599995134:  Hold'em No Limit ($0.50/$1.00 USD) - 2025/01/28 23:48:00 WET [2025/01/28 18:48:00 ET]
Table 'Kundry' 6-max Seat #1 is the button
Seat 1: habib599 ($48.69 in chips) 
Seat 2: Espada Fish ($100.65 in chips) 
Seat 3: SorinS28 ($136.04 in chips) 
Seat 4: tintin641 ($103.72 in chips) 
Seat 5: Manifestorr ($102.70 in chips) 
Seat 6: Mr_Dick666 ($102.50 in chips) 
Espada Fish: posts small blind $0.50
SorinS28: posts big blind $1
*** HOLE CARDS ***
tintin641: folds 
Manifestorr: folds 
Mr_Dick666: folds 
habib599: calls $1
Espada Fish: folds 
SorinS28: raises $5 to $6
habib599: calls $5
*** FLOP *** [Kh 4c 4h]
SorinS28: bets $2.97
habib599: calls $2.97
*** TURN *** [Kh 4c 4h] [9h]
SorinS28: checks 
habib599: bets $11
SorinS28: folds 
Uncalled bet ($11) returned to habib599
habib599 collected $17.52 from pot
*** SUMMARY ***
Total pot $18.44 | Rake $0.92 
Board [Kh 4c 4h 9h]
Seat 1: habib599 (button) collected ($17.52)
Seat 2: Espada Fish (small blind) folded before Flop
Seat 3: SorinS28 (big blind) folded on the Turn
Seat 4: tintin641 folded before Flop (didn't bet)
Seat 5: Manifestorr folded before Flop (didn't bet)
Seat 6: Mr_Dick666 folded before Flop (didn't bet)



PokerStars Hand #254600004543:  Hold'em No Limit ($0.50/$1.00 USD) - 2025/01/28 23:48:39 WET [2025/01/28 18:48:39 ET]
Table 'Kundry' 6-max Seat #2 is the button
Seat 1: habib599 ($57.24 in chips) 
Seat 2: Espada Fish ($100.15 in chips) 
Seat 3: SorinS28 ($127.07 in chips) 
Seat 4: tintin641 ($103.72 in chips) 
Seat 5: Manifestorr ($102.70 in chips) 
Seat 6: Mr_Dick666 ($102.50 in chips) 
SorinS28: posts small blind $0.50
tintin641: posts big blind $1
*** HOLE CARDS ***
Manifestorr: folds 
Mr_Dick666: raises $1 to $2
habib599: folds 
Espada Fish: folds 
SorinS28: folds 
tintin641: folds 
Uncalled bet ($1) returned to Mr_Dick666
Mr_Dick666 collected $2.50 from pot
Mr_Dick666: doesn't show hand 
*** SUMMARY ***
Total pot $2.50 | Rake $0 
Seat 1: habib599 folded before Flop (didn't bet)
Seat 2: Espada Fish (button) folded before Flop (didn't bet)
Seat 3: SorinS28 (small blind) folded before Flop
Seat 4: tintin641 (big blind) folded before Flop
Seat 5: Manifestorr folded before Flop (didn't bet)
Seat 6: Mr_Dick666 collected ($2.50)



PokerStars Hand #254600011652:  Hold'em No Limit ($0.50/$1.00 USD) - 2025/01/28 23:49:08 WET [2025/01/28 18:49:08 ET]
Table 'Kundry' 6-max Seat #3 is the button
Seat 1: habib599 ($57.24 in chips) 
Seat 2: Espada Fish ($100.15 in chips) 
Seat 3: SorinS28 ($126.57 in chips) 
Seat 4: tintin641 ($102.72 in chips) 
Seat 5: Manifestorr ($102.70 in chips) 
Seat 6: Mr_Dick666 ($104 in chips) 
tintin641: posts small blind $0.50
Manifestorr: posts big blind $1
*** HOLE CARDS ***
Mr_Dick666: folds 
habib599: calls $1
Espada Fish: folds 
SorinS28: raises $3.50 to $4.50
tintin641: folds 
Manifestorr: calls $3.50
habib599: folds 
*** FLOP *** [Ac Td 9c]
Manifestorr: checks 
SorinS28: bets $2.50
Manifestorr: calls $2.50
*** TURN *** [Ac Td 9c] [2h]
Manifestorr: checks 
SorinS28: bets $22.08
Manifestorr: folds 
Uncalled bet ($22.08) returned to SorinS28
SorinS28 collected $14.72 from pot
SorinS28: doesn't show hand 
*** SUMMARY ***
Total pot $15.50 | Rake $0.78 
Board [Ac Td 9c 2h]
Seat 1: habib599 folded before Flop
Seat 2: Espada Fish folded before Flop (didn't bet)
Seat 3: SorinS28 (button) collected ($14.72)
Seat 4: tintin641 (small blind) folded before Flop
Seat 5: Manifestorr (big blind) folded on the Turn
Seat 6: Mr_Dick666 folded before Flop (didn't bet)



PokerStars Hand #254600026491:  Hold'em No Limit ($0.50/$1.00 USD) - 2025/01/28 23:50:10 WET [2025/01/28 18:50:10 ET]
Table 'Kundry' 6-max Seat #4 is the button
Seat 1: habib599 ($56.24 in chips) 
Seat 2: Espada Fish ($100.15 in chips) 
Seat 3: SorinS28 ($134.29 in chips) 
Seat 4: tintin641 ($102.22 in chips) 
Seat 5: Manifestorr ($100 in chips) 
Seat 6: Mr_Dick666 ($104 in chips) 
Manifestorr: posts small blind $0.50
Mr_Dick666: posts big blind $1
*** HOLE CARDS ***
habib599: folds 
Espada Fish: folds 
SorinS28: folds 
habib599 leaves the table
tintin641: folds 
Manifestorr: folds 
Uncalled bet ($0.50) returned to Mr_Dick666
Mr_Dick666 collected $1 from pot
Mr_Dick666: doesn't show hand 
*** SUMMARY ***
Total pot $1 | Rake $0 
Seat 1: habib599 folded before Flop (didn't bet)
Seat 2: Espada Fish folded before Flop (didn't bet)
Seat 3: SorinS28 folded before Flop (didn't bet)
Seat 4: tintin641 (button) folded before Flop (didn't bet)
Seat 5: Manifestorr (small blind) folded before Flop
Seat 6: Mr_Dick666 (big blind) collected ($1)



PokerStars Hand #254600031161:  Hold'em No Limit ($0.50/$1.00 USD) - 2025/01/28 23:50:30 WET [2025/01/28 18:50:30 ET]
Table 'Kundry' 6-max Seat #5 is the button
Seat 2: Espada Fish ($100.15 in chips) is sitting out
Seat 3: SorinS28 ($134.29 in chips) 
Seat 4: tintin641 ($102.22 in chips) 
Seat 5: Manifestorr ($100 in chips) 
Seat 6: Mr_Dick666 ($104.50 in chips) 
Mr_Dick666: posts small blind $0.50
Espada Fish: is sitting out 
SorinS28: posts big blind $1
*** HOLE CARDS ***
tintin641: folds 
Manifestorr: raises $1.20 to $2.20
Mr_Dick666: folds 
SorinS28: folds 
Uncalled bet ($1.20) returned to Manifestorr
Manifestorr collected $2.50 from pot
Espada Fish leaves the table
*** SUMMARY ***
Total pot $2.50 | Rake $0 
Seat 2: Espada Fish
Seat 3: SorinS28 (big blind) folded before Flop
Seat 4: tintin641 folded before Flop (didn't bet)
Seat 5: Manifestorr (button) collected ($2.50)
Seat 6: Mr_Dick666 (small blind) folded before Flop



PokerStars Hand #254600034500:  Hold'em No Limit ($0.50/$1.00 USD) - 2025/01/28 23:50:43 WET [2025/01/28 18:50:43 ET]
Table 'Kundry' 6-max Seat #6 is the button
Seat 4: tintin641 ($102.22 in chips) is sitting out
Seat 3: SorinS28 ($133.29 in chips) 
Seat 5: Manifestorr ($101.50 in chips) 
Seat 6: Mr_Dick666 ($104 in chips) 
SorinS28: posts small blind $0.50
tintin641: is sitting out 
Manifestorr: posts big blind $1
*** HOLE CARDS ***
tintin641 leaves the table
Mr_Dick666: folds 
SorinS28: raises $2 to $3
Manifestorr: folds 
Uncalled bet ($2) returned to SorinS28
SorinS28 collected $2 from pot
SorinS28: doesn't show hand 
*** SUMMARY ***
Total pot $2 | Rake $0 
Seat 4: tintin641
Seat 3: SorinS28 (small blind) collected ($2)
Seat 5: Manifestorr (big blind) folded before Flop
Seat 6: Mr_Dick666 (button) folded before Flop (didn't bet)



