PokerStars Hand #254595364610:  Hold'em No Limit ($0.50/$1.00 USD) - 2025/01/28 19:58:20 WET [2025/01/28 14:58:20 ET]
Table 'Janina' 6-max Seat #2 is the button
Seat 5: jeffy27dt1 ($100 in chips) is sitting out
Seat 1: mikel929292 ($57.49 in chips) 
Seat 2: tintin641 ($100 in chips) 
Seat 3: CichiChanMarian ($100.50 in chips) 
Seat 4: z00mba ($100 in chips) 
CichiChanMarian: posts small blind $0.50
z00mba: posts big blind $1
jeffy27dt1: sits out 
*** HOLE CARDS ***
MaRKiToScoK joins the table at seat #6 
mikel929292: raises $2 to $3
tintin641: folds 
CichiChanMarian: folds 
z00mba: folds 
Uncalled bet ($2) returned to mikel929292
mikel929292 collected $2.50 from pot
*** SUMMARY ***
Total pot $2.50 | Rake $0 
Seat 5: jeffy27dt1
Seat 1: mikel929292 collected ($2.50)
Seat 2: tintin641 (button) folded before Flop (didn't bet)
Seat 3: CichiChanMarian (small blind) folded before Flop
Seat 4: z00mba (big blind) folded before Flop



PokerStars Hand #254595367790:  Hold'em No Limit ($0.50/$1.00 USD) - 2025/01/28 19:58:33 WET [2025/01/28 14:58:33 ET]
Table 'Janina' 6-max Seat #3 is the button
Seat 6: MaRKiToScoK ($100 in chips) is sitting out
Seat 1: mikel929292 ($58.99 in chips) 
Seat 2: tintin641 ($100 in chips) 
Seat 3: CichiChanMarian ($100 in chips) 
Seat 4: z00mba ($100 in chips) 
Seat 5: jeffy27dt1 ($100 in chips) 
z00mba: posts small blind $0.50
jeffy27dt1: posts big blind $1
MaRKiToScoK: sits out 
*** HOLE CARDS ***
mikel929292: folds 
tintin641: raises $1.50 to $2.50
CichiChanMarian: folds 
z00mba: folds 
jeffy27dt1: calls $1.50
*** FLOP *** [8c 9d 2h]
jeffy27dt1: checks 
mikel929292 is disconnected 
tintin641: bets $3.92
jeffy27dt1 is disconnected 
jeffy27dt1 has timed out while disconnected
jeffy27dt1: folds 
Uncalled bet ($3.92) returned to tintin641
tintin641 collected $5.22 from pot
tintin641: doesn't show hand 
*** SUMMARY ***
Total pot $5.50 | Rake $0.28 
Board [8c 9d 2h]
Seat 6: MaRKiToScoK
Seat 1: mikel929292 folded before Flop (didn't bet)
Seat 2: tintin641 collected ($5.22)
Seat 3: CichiChanMarian (button) folded before Flop (didn't bet)
Seat 4: z00mba (small blind) folded before Flop
Seat 5: jeffy27dt1 (big blind) folded on the Flop



PokerStars Hand #254595381610:  Hold'em No Limit ($0.50/$1.00 USD) - 2025/01/28 19:59:38 WET [2025/01/28 14:59:38 ET]
Table 'Janina' 6-max Seat #4 is the button
Seat 1: mikel929292 ($58.99 in chips) 
Seat 2: tintin641 ($102.72 in chips) 
Seat 3: CichiChanMarian ($100 in chips) 
Seat 4: z00mba ($100 in chips) 
Seat 5: jeffy27dt1 ($97.50 in chips) 
Seat 6: MaRKiToScoK ($100 in chips) 
jeffy27dt1: posts small blind $0.50
MaRKiToScoK: posts big blind $1
*** HOLE CARDS ***
mikel929292: folds 
tintin641: folds 
CichiChanMarian: folds 
z00mba: folds 
jeffy27dt1: folds 
Uncalled bet ($0.50) returned to MaRKiToScoK
MaRKiToScoK collected $1 from pot
*** SUMMARY ***
Total pot $1 | Rake $0 
Seat 1: mikel929292 folded before Flop (didn't bet)
Seat 2: tintin641 folded before Flop (didn't bet)
Seat 3: CichiChanMarian folded before Flop (didn't bet)
Seat 4: z00mba (button) folded before Flop (didn't bet)
Seat 5: jeffy27dt1 (small blind) folded before Flop
Seat 6: MaRKiToScoK (big blind) collected ($1)



PokerStars Hand #254595387223:  Hold'em No Limit ($0.50/$1.00 USD) - 2025/01/28 19:59:58 WET [2025/01/28 14:59:58 ET]
Table 'Janina' 6-max Seat #5 is the button
Seat 1: mikel929292 ($58.99 in chips) 
Seat 2: tintin641 ($102.72 in chips) 
Seat 3: CichiChanMarian ($100 in chips) 
Seat 4: z00mba ($100 in chips) 
Seat 5: jeffy27dt1 ($100 in chips) 
Seat 6: MaRKiToScoK ($100.50 in chips) 
MaRKiToScoK: posts small blind $0.50
mikel929292: posts big blind $1
*** HOLE CARDS ***
tintin641: folds 
CichiChanMarian: raises $1.50 to $2.50
z00mba: folds 
jeffy27dt1: folds 
MaRKiToScoK: folds 
mikel929292: folds 
Uncalled bet ($1.50) returned to CichiChanMarian
CichiChanMarian collected $2.50 from pot
CichiChanMarian: doesn't show hand 
*** SUMMARY ***
Total pot $2.50 | Rake $0 
Seat 1: mikel929292 (big blind) folded before Flop
Seat 2: tintin641 folded before Flop (didn't bet)
Seat 3: CichiChanMarian collected ($2.50)
Seat 4: z00mba folded before Flop (didn't bet)
Seat 5: jeffy27dt1 (button) folded before Flop (didn't bet)
Seat 6: MaRKiToScoK (small blind) folded before Flop



PokerStars Hand #254595558888:  Hold'em No Limit ($0.50/$1.00 USD) - 2025/01/28 20:09:12 WET [2025/01/28 15:09:12 ET]
Table 'Janina' 6-max Seat #2 is the button
Seat 2: tintin641 ($159.10 in chips) 
Seat 3: z00mba ($199.50 in chips) 
Seat 5: jeffy27dt1 ($100 in chips) 
z00mba: posts small blind $0.50
jeffy27dt1: posts big blind $1
*** HOLE CARDS ***
tintin641 has timed out while disconnected
tintin641: folds 
z00mba: folds 
Uncalled bet ($0.50) returned to jeffy27dt1
jeffy27dt1 collected $1 from pot
jeffy27dt1: doesn't show hand 
*** SUMMARY ***
Total pot $1 | Rake $0 
Seat 2: tintin641 (button) folded before Flop (didn't bet)
Seat 3: z00mba (small blind) folded before Flop
Seat 5: jeffy27dt1 (big blind) collected ($1)



