PokerStars Hand #254593991583:  Hold'em No Limit ($0.50/$1.00 USD) - 2025/01/28 19:13:35 WET [2025/01/28 14:13:35 ET]
Table 'Thessalia' 6-max Seat #6 is the button
Seat 1: poker_soul11 ($100 in chips) is sitting out
Seat 4: socito ($100 in chips) 
Seat 6: Supermegopro ($100 in chips) 
Supermegopro: posts small blind $0.50
socito: posts big blind $1
*** HOLE CARDS ***
Supermegopro: raises $2 to $3
socito: calls $2
*** FLOP *** [5s Jd 8h]
socito: checks 
Supermegopro: checks 
*** TURN *** [5s Jd 8h] [Qh]
socito: bets $4.28
Supermegopro: folds 
Uncalled bet ($4.28) returned to socito
poker_soul11 leaves the table
socito collected $5.70 from pot
socito: doesn't show hand 
*** SUMMARY ***
Total pot $6 | Rake $0.30 
Board [5s Jd 8h Qh]
Seat 1: poker_soul11
Seat 4: socito (big blind) collected ($5.70)
Seat 6: Supermegopro (button) (small blind) folded on the Turn



PokerStars Hand #254594007925:  Hold'em No Limit ($0.50/$1.00 USD) - 2025/01/28 19:14:17 WET [2025/01/28 14:14:17 ET]
Table 'Thessalia' 6-max Seat #4 is the button
Seat 4: socito ($102.70 in chips) 
Seat 6: Supermegopro ($100 in chips) 
socito: posts small blind $0.50
Supermegopro: posts big blind $1
*** HOLE CARDS ***
socito: raises $1.50 to $2.50
Supermegopro: calls $1.50
*** FLOP *** [Ac Jd Kc]
Supermegopro: checks 
socito: bets $1.57
Supermegopro: calls $1.57
*** TURN *** [Ac Jd Kc] [Qc]
Supermegopro: checks 
socito: checks 
*** RIVER *** [Ac Jd Kc Qc] [Qs]
Supermegopro: checks 
socito: checks 
*** SHOW DOWN ***
Supermegopro: shows [Kh 8h] (two pair, Kings and Queens)
socito: shows [Ad 3h] (two pair, Aces and Queens)
socito collected $7.73 from pot
*** SUMMARY ***
Total pot $8.14 | Rake $0.41 
Board [Ac Jd Kc Qc Qs]
Seat 4: socito (button) (small blind) showed [Ad 3h] and won ($7.73) with two pair, Aces and Queens
Seat 6: Supermegopro (big blind) showed [Kh 8h] and lost with two pair, Kings and Queens



PokerStars Hand #254594592210:  Hold'em No Limit ($0.50/$1.00 USD) - 2025/01/28 19:18:03 WET [2025/01/28 14:18:03 ET]
Table 'Thessalia' 6-max Seat #6 is the button
Seat 2: I TAKE IT 85 ($100 in chips) 
Seat 4: socito ($106.36 in chips) 
Seat 6: Supermegopro ($100 in chips) 
I TAKE IT 85: posts small blind $0.50
socito: posts big blind $1
*** HOLE CARDS ***
Supermegopro: raises $1.50 to $2.50
I TAKE IT 85: folds 
socito: folds 
Uncalled bet ($1.50) returned to Supermegopro
Supermegopro collected $2.50 from pot
Supermegopro: doesn't show hand 
*** SUMMARY ***
Total pot $2.50 | Rake $0 
Seat 2: I TAKE IT 85 (small blind) folded before Flop
Seat 4: socito (big blind) folded before Flop
Seat 6: Supermegopro (button) collected ($2.50)



PokerStars Hand #254594594887:  Hold'em No Limit ($0.50/$1.00 USD) - 2025/01/28 19:18:11 WET [2025/01/28 14:18:11 ET]
Table 'Thessalia' 6-max Seat #2 is the button
Seat 2: I TAKE IT 85 ($100 in chips) 
Seat 4: socito ($105.36 in chips) 
Seat 6: Supermegopro ($101.50 in chips) 
socito: posts small blind $0.50
Supermegopro: posts big blind $1
*** HOLE CARDS ***
I TAKE IT 85: folds 
socito: raises $2 to $3
Supermegopro: raises $6 to $9
socito: folds 
Uncalled bet ($6) returned to Supermegopro
Supermegopro collected $6 from pot
Supermegopro: doesn't show hand 
*** SUMMARY ***
Total pot $6 | Rake $0 
Seat 2: I TAKE IT 85 (button) folded before Flop (didn't bet)
Seat 4: socito (small blind) folded before Flop
Seat 6: Supermegopro (big blind) collected ($6)



PokerStars Hand #254594604296:  Hold'em No Limit ($0.50/$1.00 USD) - 2025/01/28 19:18:37 WET [2025/01/28 14:18:37 ET]
Table 'Thessalia' 6-max Seat #4 is the button
Seat 2: I TAKE IT 85 ($100 in chips) 
Seat 4: socito ($102.36 in chips) 
Seat 6: Supermegopro ($104.50 in chips) 
Supermegopro: posts small blind $0.50
I TAKE IT 85: posts big blind $1
*** HOLE CARDS ***
socito: raises $1.50 to $2.50
Supermegopro: folds 
I TAKE IT 85: calls $1.50
*** FLOP *** [Jh 3h Ac]
I TAKE IT 85: checks 
socito: bets $1.72
I TAKE IT 85: calls $1.72
*** TURN *** [Jh 3h Ac] [5s]
I TAKE IT 85: checks 
socito: checks 
*** RIVER *** [Jh 3h Ac 5s] [Jc]
I TAKE IT 85: bets $2.55
socito: raises $13.59 to $16.14
I TAKE IT 85: folds 
Uncalled bet ($13.59) returned to socito
socito collected $13.34 from pot
socito: doesn't show hand 
*** SUMMARY ***
Total pot $14.04 | Rake $0.70 
Board [Jh 3h Ac 5s Jc]
Seat 2: I TAKE IT 85 (big blind) folded on the River
Seat 4: socito (button) collected ($13.34)
Seat 6: Supermegopro (small blind) folded before Flop



PokerStars Hand #254594630452:  Hold'em No Limit ($0.50/$1.00 USD) - 2025/01/28 19:19:50 WET [2025/01/28 14:19:50 ET]
Table 'Thessalia' 6-max Seat #6 is the button
Seat 2: I TAKE IT 85 ($100 in chips) 
Seat 4: socito ($108.93 in chips) 
Seat 6: Supermegopro ($104 in chips) 
I TAKE IT 85: posts small blind $0.50
socito: posts big blind $1
*** HOLE CARDS ***
Supermegopro: folds 
I TAKE IT 85: folds 
Uncalled bet ($0.50) returned to socito
socito collected $1 from pot
socito: doesn't show hand 
*** SUMMARY ***
Total pot $1 | Rake $0 
Seat 2: I TAKE IT 85 (small blind) folded before Flop
Seat 4: socito (big blind) collected ($1)
Seat 6: Supermegopro (button) folded before Flop (didn't bet)



PokerStars Hand #254594633315:  Hold'em No Limit ($0.50/$1.00 USD) - 2025/01/28 19:19:58 WET [2025/01/28 14:19:58 ET]
Table 'Thessalia' 6-max Seat #2 is the button
Seat 2: I TAKE IT 85 ($100 in chips) 
Seat 4: socito ($109.43 in chips) 
Seat 6: Supermegopro ($104 in chips) 
socito: posts small blind $0.50
Supermegopro: posts big blind $1
*** HOLE CARDS ***
I TAKE IT 85: raises $1.05 to $2.05
socito: folds 
Supermegopro: raises $9.95 to $12
I TAKE IT 85: folds 
Uncalled bet ($9.95) returned to Supermegopro
Supermegopro collected $4.60 from pot
Supermegopro: doesn't show hand 
*** SUMMARY ***
Total pot $4.60 | Rake $0 
Seat 2: I TAKE IT 85 (button) folded before Flop
Seat 4: socito (small blind) folded before Flop
Seat 6: Supermegopro (big blind) collected ($4.60)



PokerStars Hand #254594641750:  Hold'em No Limit ($0.50/$1.00 USD) - 2025/01/28 19:20:23 WET [2025/01/28 14:20:23 ET]
Table 'Thessalia' 6-max Seat #4 is the button
Seat 2: I TAKE IT 85 ($100 in chips) 
Seat 4: socito ($108.93 in chips) 
Seat 6: Supermegopro ($106.55 in chips) 
Supermegopro: posts small blind $0.50
I TAKE IT 85: posts big blind $1
*** HOLE CARDS ***
socito: raises $1.50 to $2.50
Supermegopro: folds 
I TAKE IT 85: calls $1.50
*** FLOP *** [Kh Ah 3s]
I TAKE IT 85: checks 
socito: bets $1.72
I TAKE IT 85: calls $1.72
*** TURN *** [Kh Ah 3s] [Qh]
I TAKE IT 85: checks 
socito: checks 
*** RIVER *** [Kh Ah 3s Qh] [9c]
I TAKE IT 85: checks 
socito: checks 
*** SHOW DOWN ***
I TAKE IT 85: shows [Kc 8c] (a pair of Kings)
socito: mucks hand 
I TAKE IT 85 collected $8.49 from pot
*** SUMMARY ***
Total pot $8.94 | Rake $0.45 
Board [Kh Ah 3s Qh 9c]
Seat 2: I TAKE IT 85 (big blind) showed [Kc 8c] and won ($8.49) with a pair of Kings
Seat 4: socito (button) mucked
Seat 6: Supermegopro (small blind) folded before Flop



PokerStars Hand #254594665157:  Hold'em No Limit ($0.50/$1.00 USD) - 2025/01/28 19:21:31 WET [2025/01/28 14:21:31 ET]
Table 'Thessalia' 6-max Seat #6 is the button
Seat 2: I TAKE IT 85 ($104.27 in chips) 
Seat 4: socito ($104.71 in chips) 
Seat 6: Supermegopro ($106.05 in chips) 
I TAKE IT 85: posts small blind $0.50
socito: posts big blind $1
*** HOLE CARDS ***
Supermegopro: raises $1.50 to $2.50
I TAKE IT 85: folds 
socito: folds 
Uncalled bet ($1.50) returned to Supermegopro
Supermegopro collected $2.50 from pot
Supermegopro: doesn't show hand 
*** SUMMARY ***
Total pot $2.50 | Rake $0 
Seat 2: I TAKE IT 85 (small blind) folded before Flop
Seat 4: socito (big blind) folded before Flop
Seat 6: Supermegopro (button) collected ($2.50)



PokerStars Hand #254594667998:  Hold'em No Limit ($0.50/$1.00 USD) - 2025/01/28 19:21:40 WET [2025/01/28 14:21:40 ET]
Table 'Thessalia' 6-max Seat #2 is the button
Seat 2: I TAKE IT 85 ($103.77 in chips) 
Seat 4: socito ($103.71 in chips) 
Seat 6: Supermegopro ($107.55 in chips) 
socito: posts small blind $0.50
Supermegopro: posts big blind $1
*** HOLE CARDS ***
I TAKE IT 85: raises $1.05 to $2.05
socito: folds 
Supermegopro: folds 
Uncalled bet ($1.05) returned to I TAKE IT 85
I TAKE IT 85 collected $2.50 from pot
worker0k joins the table at seat #3 
I TAKE IT 85: doesn't show hand 
*** SUMMARY ***
Total pot $2.50 | Rake $0 
Seat 2: I TAKE IT 85 (button) collected ($2.50)
Seat 4: socito (small blind) folded before Flop
Seat 6: Supermegopro (big blind) folded before Flop



PokerStars Hand #254594671072:  Hold'em No Limit ($0.50/$1.00 USD) - 2025/01/28 19:21:49 WET [2025/01/28 14:21:49 ET]
Table 'Thessalia' 6-max Seat #4 is the button
Seat 3: worker0k ($100 in chips) is sitting out
Seat 2: I TAKE IT 85 ($105.27 in chips) 
Seat 4: socito ($103.21 in chips) 
Seat 6: Supermegopro ($106.55 in chips) 
Supermegopro: posts small blind $0.50
z00mba joins the table at seat #5 
I TAKE IT 85: posts big blind $1
worker0k: sits out 
*** HOLE CARDS ***
philippk751 joins the table at seat #1 
philippk751 is disconnected 
socito: folds 
Supermegopro: folds 
Uncalled bet ($0.50) returned to I TAKE IT 85
I TAKE IT 85 collected $1 from pot
I TAKE IT 85: doesn't show hand 
*** SUMMARY ***
Total pot $1 | Rake $0 
Seat 3: worker0k
Seat 2: I TAKE IT 85 (big blind) collected ($1)
Seat 4: socito (button) folded before Flop (didn't bet)
Seat 6: Supermegopro (small blind) folded before Flop



PokerStars Hand #254594674126:  Hold'em No Limit ($0.50/$1.00 USD) - 2025/01/28 19:21:58 WET [2025/01/28 14:21:58 ET]
Table 'Thessalia' 6-max Seat #6 is the button
Seat 1: philippk751 ($50.38 in chips) is sitting out
Seat 5: z00mba ($100 in chips) is sitting out
Seat 2: I TAKE IT 85 ($105.77 in chips) 
Seat 3: worker0k ($100 in chips) 
Seat 4: socito ($103.21 in chips) 
Seat 6: Supermegopro ($106.05 in chips) 
I TAKE IT 85: posts small blind $0.50
worker0k: posts big blind $1
*** HOLE CARDS ***
socito: raises $1.50 to $2.50
Supermegopro: raises $5 to $7.50
I TAKE IT 85: folds 
worker0k: folds 
socito: folds 
Uncalled bet ($5) returned to Supermegopro
Supermegopro collected $6.50 from pot
Supermegopro: doesn't show hand 
*** SUMMARY ***
Total pot $6.50 | Rake $0 
Seat 1: philippk751
Seat 5: z00mba
Seat 2: I TAKE IT 85 (small blind) folded before Flop
Seat 3: worker0k (big blind) folded before Flop
Seat 4: socito folded before Flop
Seat 6: Supermegopro (button) collected ($6.50)



PokerStars Hand #254594679315:  Hold'em No Limit ($0.50/$1.00 USD) - 2025/01/28 19:22:14 WET [2025/01/28 14:22:14 ET]
Table 'Thessalia' 6-max Seat #2 is the button
Seat 1: philippk751 ($50.38 in chips) is sitting out
Seat 5: z00mba ($100 in chips) is sitting out
Seat 2: I TAKE IT 85 ($105.27 in chips) 
Seat 3: worker0k ($100 in chips) 
Seat 4: socito ($100.71 in chips) 
Seat 6: Supermegopro ($110.05 in chips) 
worker0k: posts small blind $0.50
socito: posts big blind $1
z00mba: sits out 
philippk751: sits out 
*** HOLE CARDS ***
Supermegopro: raises $1.50 to $2.50
I TAKE IT 85: folds 
worker0k: folds 
socito: calls $1.50
*** FLOP *** [3c 5s Jh]
socito: checks 
Supermegopro: bets $1.72
socito: folds 
Uncalled bet ($1.72) returned to Supermegopro
Supermegopro collected $5.22 from pot
Supermegopro: doesn't show hand 
*** SUMMARY ***
Total pot $5.50 | Rake $0.28 
Board [3c 5s Jh]
Seat 1: philippk751
Seat 5: z00mba
Seat 2: I TAKE IT 85 (button) folded before Flop (didn't bet)
Seat 3: worker0k (small blind) folded before Flop
Seat 4: socito (big blind) folded on the Flop
Seat 6: Supermegopro collected ($5.22)



PokerStars Hand #254594690958:  Hold'em No Limit ($0.50/$1.00 USD) - 2025/01/28 19:22:49 WET [2025/01/28 14:22:49 ET]
Table 'Thessalia' 6-max Seat #3 is the button
Seat 1: philippk751 ($50.38 in chips) 
Seat 2: I TAKE IT 85 ($105.27 in chips) 
Seat 3: worker0k ($100 in chips) 
Seat 4: socito ($100 in chips) 
Seat 5: z00mba ($100 in chips) 
Seat 6: Supermegopro ($112.77 in chips) 
socito: posts small blind $0.50
z00mba: posts big blind $1
philippk751: posts big blind $1
*** HOLE CARDS ***
Supermegopro: folds 
philippk751: checks 
I TAKE IT 85: raises $2.50 to $3.50
worker0k: folds 
socito: calls $3
z00mba: folds 
Supermegopro leaves the table
philippk751: folds 
*** FLOP *** [3d Ks 4s]
socito: checks 
I TAKE IT 85: bets $3.25
coeeeelho joins the table at seat #6 
socito: calls $3.25
*** TURN *** [3d Ks 4s] [As]
socito: checks 
I TAKE IT 85: bets $4.86
socito: folds 
Uncalled bet ($4.86) returned to I TAKE IT 85
I TAKE IT 85 collected $14.72 from pot
I TAKE IT 85: doesn't show hand 
*** SUMMARY ***
Total pot $15.50 | Rake $0.78 
Board [3d Ks 4s As]
Seat 1: philippk751 folded before Flop (didn't bet)
Seat 2: I TAKE IT 85 collected ($14.72)
Seat 3: worker0k (button) folded before Flop (didn't bet)
Seat 4: socito (small blind) folded on the Turn
Seat 5: z00mba (big blind) folded before Flop
Seat 6: Supermegopro folded before Flop (didn't bet)



PokerStars Hand #254594726941:  Hold'em No Limit ($0.50/$1.00 USD) - 2025/01/28 19:24:39 WET [2025/01/28 14:24:39 ET]
Table 'Thessalia' 6-max Seat #4 is the button
Seat 1: philippk751 ($49.38 in chips) 
Seat 2: I TAKE IT 85 ($113.24 in chips) 
Seat 3: worker0k ($100 in chips) 
Seat 4: socito ($100 in chips) 
Seat 5: z00mba ($100 in chips) 
Seat 6: coeeeelho ($100 in chips) 
z00mba: posts small blind $0.50
coeeeelho: posts big blind $1
*** HOLE CARDS ***
philippk751: calls $1
I TAKE IT 85: raises $2.45 to $3.45
worker0k: folds 
socito: folds 
z00mba: folds 
coeeeelho: folds 
philippk751: calls $2.45
*** FLOP *** [8c 9s Qd]
philippk751: checks 
I TAKE IT 85: checks 
*** TURN *** [8c 9s Qd] [Ah]
philippk751: checks 
I TAKE IT 85: checks 
*** RIVER *** [8c 9s Qd Ah] [9h]
philippk751: checks 
I TAKE IT 85: bets $3.99
philippk751: folds 
Uncalled bet ($3.99) returned to I TAKE IT 85
I TAKE IT 85 collected $7.98 from pot
I TAKE IT 85: doesn't show hand 
*** SUMMARY ***
Total pot $8.40 | Rake $0.42 
Board [8c 9s Qd Ah 9h]
Seat 1: philippk751 folded on the River
Seat 2: I TAKE IT 85 collected ($7.98)
Seat 3: worker0k folded before Flop (didn't bet)
Seat 4: socito (button) folded before Flop (didn't bet)
Seat 5: z00mba (small blind) folded before Flop
Seat 6: coeeeelho (big blind) folded before Flop



PokerStars Hand #254594745376:  Hold'em No Limit ($0.50/$1.00 USD) - 2025/01/28 19:25:36 WET [2025/01/28 14:25:36 ET]
Table 'Thessalia' 6-max Seat #5 is the button
Seat 1: philippk751 ($45.93 in chips) 
Seat 2: I TAKE IT 85 ($117.77 in chips) 
Seat 3: worker0k ($100 in chips) 
Seat 4: socito ($100 in chips) 
Seat 5: z00mba ($100 in chips) 
Seat 6: coeeeelho ($100 in chips) 
coeeeelho: posts small blind $0.50
philippk751: posts big blind $1
*** HOLE CARDS ***
I TAKE IT 85: raises $1.05 to $2.05
worker0k: folds 
socito: folds 
z00mba: folds 
coeeeelho: folds 
philippk751: calls $1.05
*** FLOP *** [3d 8c 3h]
philippk751: checks 
I TAKE IT 85: bets $1.66
philippk751: folds 
Uncalled bet ($1.66) returned to I TAKE IT 85
I TAKE IT 85 collected $4.37 from pot
I TAKE IT 85: doesn't show hand 
*** SUMMARY ***
Total pot $4.60 | Rake $0.23 
Board [3d 8c 3h]
Seat 1: philippk751 (big blind) folded on the Flop
Seat 2: I TAKE IT 85 collected ($4.37)
Seat 3: worker0k folded before Flop (didn't bet)
Seat 4: socito folded before Flop (didn't bet)
Seat 5: z00mba (button) folded before Flop (didn't bet)
Seat 6: coeeeelho (small blind) folded before Flop



PokerStars Hand #254594755315:  Hold'em No Limit ($0.50/$1.00 USD) - 2025/01/28 19:26:07 WET [2025/01/28 14:26:07 ET]
Table 'Thessalia' 6-max Seat #6 is the button
Seat 1: philippk751 ($43.88 in chips) 
Seat 2: I TAKE IT 85 ($120.09 in chips) 
Seat 3: worker0k ($100 in chips) 
Seat 4: socito ($100 in chips) 
Seat 5: z00mba ($100 in chips) 
Seat 6: coeeeelho ($100 in chips) 
philippk751: posts small blind $0.50
I TAKE IT 85: posts big blind $1
*** HOLE CARDS ***
worker0k: folds 
socito: folds 
z00mba: raises $1.50 to $2.50
coeeeelho: folds 
philippk751: folds 
I TAKE IT 85: folds 
Uncalled bet ($1.50) returned to z00mba
z00mba collected $2.50 from pot
z00mba: doesn't show hand 
*** SUMMARY ***
Total pot $2.50 | Rake $0 
Seat 1: philippk751 (small blind) folded before Flop
Seat 2: I TAKE IT 85 (big blind) folded before Flop
Seat 3: worker0k folded before Flop (didn't bet)
Seat 4: socito folded before Flop (didn't bet)
Seat 5: z00mba collected ($2.50)
Seat 6: coeeeelho (button) folded before Flop (didn't bet)



PokerStars Hand #254594762198:  Hold'em No Limit ($0.50/$1.00 USD) - 2025/01/28 19:26:28 WET [2025/01/28 14:26:28 ET]
Table 'Thessalia' 6-max Seat #1 is the button
Seat 3: worker0k ($100 in chips) is sitting out
Seat 1: philippk751 ($43.38 in chips) 
Seat 2: I TAKE IT 85 ($119.09 in chips) 
Seat 4: socito ($100 in chips) 
Seat 5: z00mba ($101.50 in chips) 
Seat 6: coeeeelho ($100 in chips) 
I TAKE IT 85: posts small blind $0.50
worker0k: is sitting out 
socito: posts big blind $1
*** HOLE CARDS ***
z00mba: folds 
coeeeelho: folds 
philippk751: calls $1
I TAKE IT 85: calls $0.50
socito: checks 
*** FLOP *** [Th 7c Ks]
I TAKE IT 85: checks 
socito: checks 
philippk751: checks 
*** TURN *** [Th 7c Ks] [Ad]
I TAKE IT 85: checks 
socito: checks 
philippk751: bets $1
worker0k leaves the table
I TAKE IT 85: folds 
socito: folds 
Uncalled bet ($1) returned to philippk751
philippk751 collected $2.81 from pot
philippk751: doesn't show hand 
*** SUMMARY ***
Total pot $3 | Rake $0.19 
Board [Th 7c Ks Ad]
Seat 3: worker0k
Seat 1: philippk751 (button) collected ($2.81)
Seat 2: I TAKE IT 85 (small blind) folded on the Turn
Seat 4: socito (big blind) folded on the Turn
Seat 5: z00mba folded before Flop (didn't bet)
Seat 6: coeeeelho folded before Flop (didn't bet)



PokerStars Hand #254594776969:  Hold'em No Limit ($0.50/$1.00 USD) - 2025/01/28 19:27:14 WET [2025/01/28 14:27:14 ET]
Table 'Thessalia' 6-max Seat #2 is the button
Seat 1: philippk751 ($45.19 in chips) 
Seat 2: I TAKE IT 85 ($118.09 in chips) 
Seat 4: socito ($100 in chips) 
Seat 5: z00mba ($101.50 in chips) 
Seat 6: coeeeelho ($100 in chips) 
socito: posts small blind $0.50
z00mba: posts big blind $1
*** HOLE CARDS ***
paramourx joins the table at seat #3 
coeeeelho: folds 
philippk751: calls $1
I TAKE IT 85: folds 
socito: raises $3.50 to $4.50
z00mba: folds 
philippk751: folds 
Uncalled bet ($3.50) returned to socito
socito collected $3 from pot
socito: doesn't show hand 
*** SUMMARY ***
Total pot $3 | Rake $0 
Seat 1: philippk751 folded before Flop
Seat 2: I TAKE IT 85 (button) folded before Flop (didn't bet)
Seat 4: socito (small blind) collected ($3)
Seat 5: z00mba (big blind) folded before Flop
Seat 6: coeeeelho folded before Flop (didn't bet)



PokerStars Hand #254594783584:  Hold'em No Limit ($0.50/$1.00 USD) - 2025/01/28 19:27:35 WET [2025/01/28 14:27:35 ET]
Table 'Thessalia' 6-max Seat #4 is the button
Seat 3: paramourx ($100 in chips) is sitting out
Seat 1: philippk751 ($44.19 in chips) 
Seat 2: I TAKE IT 85 ($118.09 in chips) 
Seat 4: socito ($102 in chips) 
Seat 5: z00mba ($100.50 in chips) 
Seat 6: coeeeelho ($100 in chips) 
z00mba: posts small blind $0.50
coeeeelho: posts big blind $1
paramourx: sits out 
*** HOLE CARDS ***
philippk751: folds 
I TAKE IT 85: folds 
socito: raises $1.50 to $2.50
z00mba: folds 
coeeeelho: folds 
Uncalled bet ($1.50) returned to socito
socito collected $2.50 from pot
socito: doesn't show hand 
*** SUMMARY ***
Total pot $2.50 | Rake $0 
Seat 3: paramourx
Seat 1: philippk751 folded before Flop (didn't bet)
Seat 2: I TAKE IT 85 folded before Flop (didn't bet)
Seat 4: socito (button) collected ($2.50)
Seat 5: z00mba (small blind) folded before Flop
Seat 6: coeeeelho (big blind) folded before Flop



PokerStars Hand #254594788119:  Hold'em No Limit ($0.50/$1.00 USD) - 2025/01/28 19:27:49 WET [2025/01/28 14:27:49 ET]
Table 'Thessalia' 6-max Seat #5 is the button
Seat 3: paramourx ($100 in chips) is sitting out
Seat 1: philippk751 ($44.19 in chips) 
Seat 2: I TAKE IT 85 ($118.09 in chips) 
Seat 4: socito ($103.50 in chips) 
Seat 5: z00mba ($100 in chips) 
Seat 6: coeeeelho ($100 in chips) 
coeeeelho: posts small blind $0.50
philippk751: posts big blind $1
paramourx: sits out 
*** HOLE CARDS ***
I TAKE IT 85: folds 
socito: folds 
z00mba: folds 
coeeeelho: raises $2 to $3
philippk751: folds 
Uncalled bet ($2) returned to coeeeelho
coeeeelho collected $2 from pot
*** SUMMARY ***
Total pot $2 | Rake $0 
Seat 3: paramourx
Seat 1: philippk751 (big blind) folded before Flop
Seat 2: I TAKE IT 85 folded before Flop (didn't bet)
Seat 4: socito folded before Flop (didn't bet)
Seat 5: z00mba (button) folded before Flop (didn't bet)
Seat 6: coeeeelho (small blind) collected ($2)



PokerStars Hand #254594793022:  Hold'em No Limit ($0.50/$1.00 USD) - 2025/01/28 19:28:04 WET [2025/01/28 14:28:04 ET]
Table 'Thessalia' 6-max Seat #6 is the button
Seat 3: paramourx ($100 in chips) is sitting out
Seat 1: philippk751 ($43.19 in chips) 
Seat 2: I TAKE IT 85 ($118.09 in chips) 
Seat 4: socito ($103.50 in chips) 
Seat 5: z00mba ($100 in chips) 
Seat 6: coeeeelho ($101 in chips) 
philippk751: posts small blind $0.50
I TAKE IT 85: posts big blind $1
paramourx: sits out 
*** HOLE CARDS ***
socito: folds 
z00mba: raises $1.50 to $2.50
coeeeelho: folds 
philippk751: folds 
I TAKE IT 85: folds 
Uncalled bet ($1.50) returned to z00mba
z00mba collected $2.50 from pot
z00mba: doesn't show hand 
*** SUMMARY ***
Total pot $2.50 | Rake $0 
Seat 3: paramourx
Seat 1: philippk751 (small blind) folded before Flop
Seat 2: I TAKE IT 85 (big blind) folded before Flop
Seat 4: socito folded before Flop (didn't bet)
Seat 5: z00mba collected ($2.50)
Seat 6: coeeeelho (button) folded before Flop (didn't bet)



PokerStars Hand #254594798640:  Hold'em No Limit ($0.50/$1.00 USD) - 2025/01/28 19:28:22 WET [2025/01/28 14:28:22 ET]
Table 'Thessalia' 6-max Seat #1 is the button
Seat 1: philippk751 ($42.69 in chips) 
Seat 2: I TAKE IT 85 ($117.09 in chips) 
Seat 3: paramourx ($100 in chips) 
Seat 4: socito ($103.50 in chips) 
Seat 5: z00mba ($101.50 in chips) 
Seat 6: coeeeelho ($101 in chips) 
I TAKE IT 85: posts small blind $0.50
paramourx: posts big blind $1
*** HOLE CARDS ***
socito: folds 
z00mba: folds 
coeeeelho: folds 
philippk751: calls $1
I TAKE IT 85: calls $0.50
paramourx: raises $5 to $6
philippk751: folds 
I TAKE IT 85: folds 
Uncalled bet ($5) returned to paramourx
paramourx collected $3 from pot
paramourx: doesn't show hand 
*** SUMMARY ***
Total pot $3 | Rake $0 
Seat 1: philippk751 (button) folded before Flop
Seat 2: I TAKE IT 85 (small blind) folded before Flop
Seat 3: paramourx (big blind) collected ($3)
Seat 4: socito folded before Flop (didn't bet)
Seat 5: z00mba folded before Flop (didn't bet)
Seat 6: coeeeelho folded before Flop (didn't bet)



PokerStars Hand #254594810598:  Hold'em No Limit ($0.50/$1.00 USD) - 2025/01/28 19:28:58 WET [2025/01/28 14:28:58 ET]
Table 'Thessalia' 6-max Seat #2 is the button
Seat 1: philippk751 ($41.69 in chips) 
Seat 2: I TAKE IT 85 ($116.09 in chips) 
Seat 3: paramourx ($102 in chips) 
Seat 4: socito ($103.50 in chips) 
Seat 5: z00mba ($101.50 in chips) 
Seat 6: coeeeelho ($101 in chips) 
paramourx: posts small blind $0.50
socito: posts big blind $1
*** HOLE CARDS ***
z00mba: folds 
coeeeelho: folds 
philippk751: calls $1
I TAKE IT 85: folds 
paramourx: folds 
socito: checks 
*** FLOP *** [Js Jd Th]
socito: checks 
philippk751: checks 
*** TURN *** [Js Jd Th] [2c]
socito: checks 
philippk751: bets $1
socito: folds 
Uncalled bet ($1) returned to philippk751
philippk751 collected $2.35 from pot
*** SUMMARY ***
Total pot $2.50 | Rake $0.15 
Board [Js Jd Th 2c]
Seat 1: philippk751 collected ($2.35)
Seat 2: I TAKE IT 85 (button) folded before Flop (didn't bet)
Seat 3: paramourx (small blind) folded before Flop
Seat 4: socito (big blind) folded on the Turn
Seat 5: z00mba folded before Flop (didn't bet)
Seat 6: coeeeelho folded before Flop (didn't bet)



PokerStars Hand #254594823552:  Hold'em No Limit ($0.50/$1.00 USD) - 2025/01/28 19:29:39 WET [2025/01/28 14:29:39 ET]
Table 'Thessalia' 6-max Seat #3 is the button
Seat 1: philippk751 ($43.04 in chips) 
Seat 2: I TAKE IT 85 ($116.09 in chips) 
Seat 3: paramourx ($101.50 in chips) 
Seat 4: socito ($102.50 in chips) 
Seat 5: z00mba ($101.50 in chips) 
Seat 6: coeeeelho ($101 in chips) 
socito: posts small blind $0.50
z00mba: posts big blind $1
*** HOLE CARDS ***
coeeeelho: folds 
philippk751: calls $1
I TAKE IT 85: folds 
paramourx: raises $3.50 to $4.50
socito: folds 
z00mba: folds 
philippk751: folds 
Uncalled bet ($3.50) returned to paramourx
paramourx collected $3.50 from pot
paramourx: doesn't show hand 
*** SUMMARY ***
Total pot $3.50 | Rake $0 
Seat 1: philippk751 folded before Flop
Seat 2: I TAKE IT 85 folded before Flop (didn't bet)
Seat 3: paramourx (button) collected ($3.50)
Seat 4: socito (small blind) folded before Flop
Seat 5: z00mba (big blind) folded before Flop
Seat 6: coeeeelho folded before Flop (didn't bet)



PokerStars Hand #254594830978:  Hold'em No Limit ($0.50/$1.00 USD) - 2025/01/28 19:30:00 WET [2025/01/28 14:30:00 ET]
Table 'Thessalia' 6-max Seat #4 is the button
Seat 1: philippk751 ($42.04 in chips) 
Seat 2: I TAKE IT 85 ($116.09 in chips) 
Seat 3: paramourx ($104 in chips) 
Seat 4: socito ($102 in chips) 
Seat 5: z00mba ($100.50 in chips) 
Seat 6: coeeeelho ($101 in chips) 
z00mba: posts small blind $0.50
coeeeelho: posts big blind $1
*** HOLE CARDS ***
philippk751: calls $1
I TAKE IT 85: folds 
paramourx: folds 
socito: folds 
z00mba: folds 
coeeeelho: checks 
*** FLOP *** [2c Th Ts]
coeeeelho: checks 
philippk751: checks 
*** TURN *** [2c Th Ts] [Ah]
coeeeelho: checks 
philippk751: checks 
*** RIVER *** [2c Th Ts Ah] [Kd]
coeeeelho: bets $3.57
philippk751: folds 
Uncalled bet ($3.57) returned to coeeeelho
coeeeelho collected $2.38 from pot
*** SUMMARY ***
Total pot $2.50 | Rake $0.12 
Board [2c Th Ts Ah Kd]
Seat 1: philippk751 folded on the River
Seat 2: I TAKE IT 85 folded before Flop (didn't bet)
Seat 3: paramourx folded before Flop (didn't bet)
Seat 4: socito (button) folded before Flop (didn't bet)
Seat 5: z00mba (small blind) folded before Flop
Seat 6: coeeeelho (big blind) collected ($2.38)



PokerStars Hand #254594845520:  Hold'em No Limit ($0.50/$1.00 USD) - 2025/01/28 19:30:45 WET [2025/01/28 14:30:45 ET]
Table 'Thessalia' 6-max Seat #5 is the button
Seat 1: philippk751 ($41.04 in chips) 
Seat 2: I TAKE IT 85 ($116.09 in chips) 
Seat 3: paramourx ($104 in chips) 
Seat 4: socito ($102 in chips) 
Seat 5: z00mba ($100 in chips) 
Seat 6: coeeeelho ($102.38 in chips) 
coeeeelho: posts small blind $0.50
philippk751: posts big blind $1
*** HOLE CARDS ***
I TAKE IT 85: raises $1.05 to $2.05
paramourx: folds 
socito: raises $4.95 to $7
z00mba: folds 
coeeeelho: folds 
philippk751: folds 
I TAKE IT 85: folds 
Uncalled bet ($4.95) returned to socito
socito collected $5.60 from pot
socito: doesn't show hand 
*** SUMMARY ***
Total pot $5.60 | Rake $0 
Seat 1: philippk751 (big blind) folded before Flop
Seat 2: I TAKE IT 85 folded before Flop
Seat 3: paramourx folded before Flop (didn't bet)
Seat 4: socito collected ($5.60)
Seat 5: z00mba (button) folded before Flop (didn't bet)
Seat 6: coeeeelho (small blind) folded before Flop



PokerStars Hand #254594853683:  Hold'em No Limit ($0.50/$1.00 USD) - 2025/01/28 19:31:10 WET [2025/01/28 14:31:10 ET]
Table 'Thessalia' 6-max Seat #6 is the button
Seat 1: philippk751 ($40.04 in chips) 
Seat 2: I TAKE IT 85 ($114.04 in chips) 
Seat 3: paramourx ($104 in chips) 
Seat 4: socito ($105.55 in chips) 
Seat 5: z00mba ($100 in chips) 
Seat 6: coeeeelho ($101.88 in chips) 
philippk751: posts small blind $0.50
I TAKE IT 85: posts big blind $1
*** HOLE CARDS ***
paramourx: folds 
socito: folds 
z00mba: folds 
coeeeelho: raises $1.20 to $2.20
philippk751: folds 
I TAKE IT 85: raises $9.80 to $12
coeeeelho: folds 
Uncalled bet ($9.80) returned to I TAKE IT 85
I TAKE IT 85 collected $4.90 from pot
I TAKE IT 85: doesn't show hand 
*** SUMMARY ***
Total pot $4.90 | Rake $0 
Seat 1: philippk751 (small blind) folded before Flop
Seat 2: I TAKE IT 85 (big blind) collected ($4.90)
Seat 3: paramourx folded before Flop (didn't bet)
Seat 4: socito folded before Flop (didn't bet)
Seat 5: z00mba folded before Flop (didn't bet)
Seat 6: coeeeelho (button) folded before Flop



PokerStars Hand #254594860732:  Hold'em No Limit ($0.50/$1.00 USD) - 2025/01/28 19:31:31 WET [2025/01/28 14:31:31 ET]
Table 'Thessalia' 6-max Seat #1 is the button
Seat 1: philippk751 ($39.54 in chips) 
Seat 2: I TAKE IT 85 ($116.74 in chips) 
Seat 3: paramourx ($104 in chips) 
Seat 4: socito ($105.55 in chips) 
Seat 5: z00mba ($100 in chips) 
Seat 6: coeeeelho ($100 in chips) 
I TAKE IT 85: posts small blind $0.50
paramourx: posts big blind $1
*** HOLE CARDS ***
socito: folds 
z00mba: folds 
coeeeelho: raises $1.20 to $2.20
philippk751: calls $2.20
I TAKE IT 85: raises $9.80 to $12
paramourx: folds 
coeeeelho: folds 
philippk751: folds 
Uncalled bet ($9.80) returned to I TAKE IT 85
I TAKE IT 85 collected $7.60 from pot
I TAKE IT 85: doesn't show hand 
*** SUMMARY ***
Total pot $7.60 | Rake $0 
Seat 1: philippk751 (button) folded before Flop
Seat 2: I TAKE IT 85 (small blind) collected ($7.60)
Seat 3: paramourx (big blind) folded before Flop
Seat 4: socito folded before Flop (didn't bet)
Seat 5: z00mba folded before Flop (didn't bet)
Seat 6: coeeeelho folded before Flop



PokerStars Hand #254594870289:  Hold'em No Limit ($0.50/$1.00 USD) - 2025/01/28 19:32:00 WET [2025/01/28 14:32:00 ET]
Table 'Thessalia' 6-max Seat #2 is the button
Seat 1: philippk751 ($37.34 in chips) 
Seat 2: I TAKE IT 85 ($122.14 in chips) 
Seat 3: paramourx ($103 in chips) 
Seat 4: socito ($105.55 in chips) 
Seat 5: z00mba ($100 in chips) 
Seat 6: coeeeelho ($100 in chips) 
paramourx: posts small blind $0.50
socito: posts big blind $1
*** HOLE CARDS ***
z00mba: folds 
coeeeelho: folds 
philippk751: folds 
I TAKE IT 85: raises $1.05 to $2.05
paramourx: folds 
socito: folds 
Uncalled bet ($1.05) returned to I TAKE IT 85
I TAKE IT 85 collected $2.50 from pot
I TAKE IT 85: doesn't show hand 
*** SUMMARY ***
Total pot $2.50 | Rake $0 
Seat 1: philippk751 folded before Flop (didn't bet)
Seat 2: I TAKE IT 85 (button) collected ($2.50)
Seat 3: paramourx (small blind) folded before Flop
Seat 4: socito (big blind) folded before Flop
Seat 5: z00mba folded before Flop (didn't bet)
Seat 6: coeeeelho folded before Flop (didn't bet)



PokerStars Hand #254594876888:  Hold'em No Limit ($0.50/$1.00 USD) - 2025/01/28 19:32:20 WET [2025/01/28 14:32:20 ET]
Table 'Thessalia' 6-max Seat #3 is the button
Seat 1: philippk751 ($37.34 in chips) 
Seat 2: I TAKE IT 85 ($123.64 in chips) 
Seat 3: paramourx ($102.50 in chips) 
Seat 4: socito ($104.55 in chips) 
Seat 5: z00mba ($100 in chips) 
Seat 6: coeeeelho ($100 in chips) 
socito: posts small blind $0.50
z00mba: posts big blind $1
*** HOLE CARDS ***
coeeeelho: folds 
philippk751: calls $1
I TAKE IT 85: folds 
paramourx: folds 
socito: folds 
z00mba: checks 
*** FLOP *** [Ah 3c Td]
z00mba: checks 
philippk751: bets $2
z00mba: folds 
Uncalled bet ($2) returned to philippk751
philippk751 collected $2.35 from pot
*** SUMMARY ***
Total pot $2.50 | Rake $0.15 
Board [Ah 3c Td]
Seat 1: philippk751 collected ($2.35)
Seat 2: I TAKE IT 85 folded before Flop (didn't bet)
Seat 3: paramourx (button) folded before Flop (didn't bet)
Seat 4: socito (small blind) folded before Flop
Seat 5: z00mba (big blind) folded on the Flop
Seat 6: coeeeelho folded before Flop (didn't bet)



PokerStars Hand #254594887925:  Hold'em No Limit ($0.50/$1.00 USD) - 2025/01/28 19:32:53 WET [2025/01/28 14:32:53 ET]
Table 'Thessalia' 6-max Seat #4 is the button
Seat 1: philippk751 ($38.69 in chips) 
Seat 2: I TAKE IT 85 ($123.64 in chips) 
Seat 3: paramourx ($102.50 in chips) 
Seat 4: socito ($104.05 in chips) 
Seat 5: z00mba ($100 in chips) 
Seat 6: coeeeelho ($100 in chips) 
z00mba: posts small blind $0.50
coeeeelho: posts big blind $1
*** HOLE CARDS ***
philippk751: calls $1
I TAKE IT 85: raises $1.50 to $2.50
paramourx: folds 
socito: folds 
z00mba: folds 
coeeeelho: folds 
philippk751: calls $1.50
*** FLOP *** [6s Tc 3c]
philippk751: checks 
I TAKE IT 85: bets $3.09
philippk751: folds 
Uncalled bet ($3.09) returned to I TAKE IT 85
I TAKE IT 85 collected $6.18 from pot
I TAKE IT 85: doesn't show hand 
*** SUMMARY ***
Total pot $6.50 | Rake $0.32 
Board [6s Tc 3c]
Seat 1: philippk751 folded on the Flop
Seat 2: I TAKE IT 85 collected ($6.18)
Seat 3: paramourx folded before Flop (didn't bet)
Seat 4: socito (button) folded before Flop (didn't bet)
Seat 5: z00mba (small blind) folded before Flop
Seat 6: coeeeelho (big blind) folded before Flop



PokerStars Hand #254594899012:  Hold'em No Limit ($0.50/$1.00 USD) - 2025/01/28 19:33:27 WET [2025/01/28 14:33:27 ET]
Table 'Thessalia' 6-max Seat #5 is the button
Seat 1: philippk751 ($36.19 in chips) 
Seat 2: I TAKE IT 85 ($127.32 in chips) 
Seat 3: paramourx ($102.50 in chips) 
Seat 4: socito ($104.05 in chips) 
Seat 5: z00mba ($100 in chips) 
Seat 6: coeeeelho ($100 in chips) 
coeeeelho: posts small blind $0.50
philippk751: posts big blind $1
*** HOLE CARDS ***
I TAKE IT 85: folds 
paramourx: folds 
socito: folds 
z00mba: folds 
coeeeelho: raises $2 to $3
philippk751: folds 
Uncalled bet ($2) returned to coeeeelho
coeeeelho collected $2 from pot
*** SUMMARY ***
Total pot $2 | Rake $0 
Seat 1: philippk751 (big blind) folded before Flop
Seat 2: I TAKE IT 85 folded before Flop (didn't bet)
Seat 3: paramourx folded before Flop (didn't bet)
Seat 4: socito folded before Flop (didn't bet)
Seat 5: z00mba (button) folded before Flop (didn't bet)
Seat 6: coeeeelho (small blind) collected ($2)



PokerStars Hand #254594903651:  Hold'em No Limit ($0.50/$1.00 USD) - 2025/01/28 19:33:40 WET [2025/01/28 14:33:40 ET]
Table 'Thessalia' 6-max Seat #6 is the button
Seat 1: philippk751 ($35.19 in chips) 
Seat 2: I TAKE IT 85 ($127.32 in chips) 
Seat 3: paramourx ($102.50 in chips) 
Seat 4: socito ($104.05 in chips) 
Seat 5: z00mba ($100 in chips) 
Seat 6: coeeeelho ($101 in chips) 
philippk751: posts small blind $0.50
I TAKE IT 85: posts big blind $1
*** HOLE CARDS ***
paramourx: folds 
socito: folds 
z00mba: folds 
coeeeelho: folds 
philippk751: folds 
Uncalled bet ($0.50) returned to I TAKE IT 85
I TAKE IT 85 collected $1 from pot
I TAKE IT 85: doesn't show hand 
*** SUMMARY ***
Total pot $1 | Rake $0 
Seat 1: philippk751 (small blind) folded before Flop
Seat 2: I TAKE IT 85 (big blind) collected ($1)
Seat 3: paramourx folded before Flop (didn't bet)
Seat 4: socito folded before Flop (didn't bet)
Seat 5: z00mba folded before Flop (didn't bet)
Seat 6: coeeeelho (button) folded before Flop (didn't bet)



PokerStars Hand #254594906956:  Hold'em No Limit ($0.50/$1.00 USD) - 2025/01/28 19:33:50 WET [2025/01/28 14:33:50 ET]
Table 'Thessalia' 6-max Seat #1 is the button
Seat 1: philippk751 ($34.69 in chips) 
Seat 2: I TAKE IT 85 ($127.82 in chips) 
Seat 3: paramourx ($102.50 in chips) 
Seat 4: socito ($104.05 in chips) 
Seat 5: z00mba ($100 in chips) 
Seat 6: coeeeelho ($101 in chips) 
I TAKE IT 85: posts small blind $0.50
paramourx: posts big blind $1
*** HOLE CARDS ***
socito: raises $1.50 to $2.50
z00mba: folds 
coeeeelho: folds 
philippk751: folds 
I TAKE IT 85: folds 
paramourx: folds 
Uncalled bet ($1.50) returned to socito
socito collected $2.50 from pot
socito: doesn't show hand 
*** SUMMARY ***
Total pot $2.50 | Rake $0 
Seat 1: philippk751 (button) folded before Flop (didn't bet)
Seat 2: I TAKE IT 85 (small blind) folded before Flop
Seat 3: paramourx (big blind) folded before Flop
Seat 4: socito collected ($2.50)
Seat 5: z00mba folded before Flop (didn't bet)
Seat 6: coeeeelho folded before Flop (didn't bet)



PokerStars Hand #254594910929:  Hold'em No Limit ($0.50/$1.00 USD) - 2025/01/28 19:34:02 WET [2025/01/28 14:34:02 ET]
Table 'Thessalia' 6-max Seat #2 is the button
Seat 1: philippk751 ($34.69 in chips) 
Seat 2: I TAKE IT 85 ($127.32 in chips) 
Seat 3: paramourx ($101.50 in chips) 
Seat 4: socito ($105.55 in chips) 
Seat 5: z00mba ($100 in chips) 
Seat 6: coeeeelho ($101 in chips) 
paramourx: posts small blind $0.50
socito: posts big blind $1
*** HOLE CARDS ***
z00mba: folds 
coeeeelho: folds 
philippk751: folds 
I TAKE IT 85: folds 
paramourx: folds 
Uncalled bet ($0.50) returned to socito
socito collected $1 from pot
socito: doesn't show hand 
*** SUMMARY ***
Total pot $1 | Rake $0 
Seat 1: philippk751 folded before Flop (didn't bet)
Seat 2: I TAKE IT 85 (button) folded before Flop (didn't bet)
Seat 3: paramourx (small blind) folded before Flop
Seat 4: socito (big blind) collected ($1)
Seat 5: z00mba folded before Flop (didn't bet)
Seat 6: coeeeelho folded before Flop (didn't bet)



PokerStars Hand #254594914615:  Hold'em No Limit ($0.50/$1.00 USD) - 2025/01/28 19:34:14 WET [2025/01/28 14:34:14 ET]
Table 'Thessalia' 6-max Seat #3 is the button
Seat 1: philippk751 ($34.69 in chips) 
Seat 2: I TAKE IT 85 ($127.32 in chips) 
Seat 3: paramourx ($101 in chips) 
Seat 4: socito ($106.05 in chips) 
Seat 5: z00mba ($100 in chips) 
Seat 6: coeeeelho ($101 in chips) 
socito: posts small blind $0.50
z00mba: posts big blind $1
*** HOLE CARDS ***
coeeeelho: folds 
philippk751: folds 
I TAKE IT 85: folds 
paramourx: raises $2 to $3
socito: raises $9 to $12
z00mba: folds 
paramourx: raises $14.50 to $26.50
socito: folds 
Uncalled bet ($14.50) returned to paramourx
paramourx collected $25 from pot
paramourx: doesn't show hand 
*** SUMMARY ***
Total pot $25 | Rake $0 
Seat 1: philippk751 folded before Flop (didn't bet)
Seat 2: I TAKE IT 85 folded before Flop (didn't bet)
Seat 3: paramourx (button) collected ($25)
Seat 4: socito (small blind) folded before Flop
Seat 5: z00mba (big blind) folded before Flop
Seat 6: coeeeelho folded before Flop (didn't bet)



PokerStars Hand #254594928013:  Hold'em No Limit ($0.50/$1.00 USD) - 2025/01/28 19:34:54 WET [2025/01/28 14:34:54 ET]
Table 'Thessalia' 6-max Seat #4 is the button
Seat 1: philippk751 ($34.69 in chips) 
Seat 2: I TAKE IT 85 ($127.32 in chips) 
Seat 3: paramourx ($114 in chips) 
Seat 4: socito ($100 in chips) 
Seat 5: z00mba ($100 in chips) 
Seat 6: coeeeelho ($101 in chips) 
z00mba: posts small blind $0.50
coeeeelho: posts big blind $1
*** HOLE CARDS ***
philippk751: calls $1
I TAKE IT 85: folds 
paramourx: folds 
socito: folds 
z00mba: folds 
coeeeelho: checks 
*** FLOP *** [8d 4h 7h]
coeeeelho: checks 
philippk751: bets $1
coeeeelho: calls $1
*** TURN *** [8d 4h 7h] [3s]
coeeeelho: checks 
philippk751: bets $2
coeeeelho: calls $2
*** RIVER *** [8d 4h 7h 3s] [Kd]
coeeeelho: checks 
philippk751: bets $2
coeeeelho: calls $2
*** SHOW DOWN ***
philippk751: shows [2s 2c] (a pair of Deuces)
coeeeelho: shows [6c 8h] (a pair of Eights)
coeeeelho collected $11.88 from pot
socito leaves the table
*** SUMMARY ***
Total pot $12.50 | Rake $0.62 
Board [8d 4h 7h 3s Kd]
Seat 1: philippk751 showed [2s 2c] and lost with a pair of Deuces
Seat 2: I TAKE IT 85 folded before Flop (didn't bet)
Seat 3: paramourx folded before Flop (didn't bet)
Seat 4: socito (button) folded before Flop (didn't bet)
Seat 5: z00mba (small blind) folded before Flop
Seat 6: coeeeelho (big blind) showed [6c 8h] and won ($11.88) with a pair of Eights



PokerStars Hand #254594947007:  Hold'em No Limit ($0.50/$1.00 USD) - 2025/01/28 19:35:51 WET [2025/01/28 14:35:51 ET]
Table 'Thessalia' 6-max Seat #5 is the button
Seat 1: philippk751 ($28.69 in chips) 
Seat 2: I TAKE IT 85 ($127.32 in chips) 
Seat 3: paramourx ($114 in chips) 
Seat 5: z00mba ($100 in chips) 
Seat 6: coeeeelho ($106.88 in chips) 
coeeeelho: posts small blind $0.50
philippk751: posts big blind $1
*** HOLE CARDS ***
I TAKE IT 85: raises $1.05 to $2.05
paramourx: folds 
z00mba: folds 
coeeeelho: folds 
philippk751: folds 
Uncalled bet ($1.05) returned to I TAKE IT 85
I TAKE IT 85 collected $2.50 from pot
I TAKE IT 85: doesn't show hand 
*** SUMMARY ***
Total pot $2.50 | Rake $0 
Seat 1: philippk751 (big blind) folded before Flop
Seat 2: I TAKE IT 85 collected ($2.50)
Seat 3: paramourx folded before Flop (didn't bet)
Seat 5: z00mba (button) folded before Flop (didn't bet)
Seat 6: coeeeelho (small blind) folded before Flop



PokerStars Hand #254594951269:  Hold'em No Limit ($0.50/$1.00 USD) - 2025/01/28 19:36:04 WET [2025/01/28 14:36:04 ET]
Table 'Thessalia' 6-max Seat #6 is the button
Seat 1: philippk751 ($27.69 in chips) 
Seat 2: I TAKE IT 85 ($128.82 in chips) 
Seat 3: paramourx ($114 in chips) 
Seat 5: z00mba ($100 in chips) 
Seat 6: coeeeelho ($106.38 in chips) 
philippk751: posts small blind $0.50
I TAKE IT 85: posts big blind $1
*** HOLE CARDS ***
BoyLoc0 joins the table at seat #4 
paramourx: raises $2 to $3
z00mba: folds 
coeeeelho: raises $6 to $9
philippk751: folds 
I TAKE IT 85: folds 
paramourx: folds 
Uncalled bet ($6) returned to coeeeelho
coeeeelho collected $7.50 from pot
*** SUMMARY ***
Total pot $7.50 | Rake $0 
Seat 1: philippk751 (small blind) folded before Flop
Seat 2: I TAKE IT 85 (big blind) folded before Flop
Seat 3: paramourx folded before Flop
Seat 5: z00mba folded before Flop (didn't bet)
Seat 6: coeeeelho (button) collected ($7.50)



PokerStars Hand #254594957397:  Hold'em No Limit ($0.50/$1.00 USD) - 2025/01/28 19:36:23 WET [2025/01/28 14:36:23 ET]
Table 'Thessalia' 6-max Seat #1 is the button
Seat 4: BoyLoc0 ($100 in chips) is sitting out
Seat 1: philippk751 ($27.19 in chips) 
Seat 2: I TAKE IT 85 ($127.82 in chips) 
Seat 3: paramourx ($111 in chips) 
Seat 5: z00mba ($100 in chips) 
Seat 6: coeeeelho ($110.88 in chips) 
I TAKE IT 85: posts small blind $0.50
paramourx: posts big blind $1
BoyLoc0: sits out 
*** HOLE CARDS ***
z00mba: folds 
coeeeelho: folds 
philippk751: raises $1 to $2
I TAKE IT 85: folds 
paramourx: calls $1
*** FLOP *** [4c Th 3c]
paramourx: bets $1
philippk751: calls $1
*** TURN *** [4c Th 3c] [6s]
paramourx: bets $7.50
philippk751: raises $16.69 to $24.19 and is all-in
paramourx: calls $16.69
*** RIVER *** [4c Th 3c 6s] [Qh]
*** SHOW DOWN ***
paramourx: shows [4d 6d] (two pair, Sixes and Fours)
philippk751: shows [Qd Ad] (a pair of Queens)
paramourx collected $52.38 from pot
*** SUMMARY ***
Total pot $54.88 | Rake $2.50 
Board [4c Th 3c 6s Qh]
Seat 4: BoyLoc0
Seat 1: philippk751 (button) showed [Qd Ad] and lost with a pair of Queens
Seat 2: I TAKE IT 85 (small blind) folded before Flop
Seat 3: paramourx (big blind) showed [4d 6d] and won ($52.38) with two pair, Sixes and Fours
Seat 5: z00mba folded before Flop (didn't bet)
Seat 6: coeeeelho folded before Flop (didn't bet)



PokerStars Hand #254594971753:  Hold'em No Limit ($0.50/$1.00 USD) - 2025/01/28 19:37:07 WET [2025/01/28 14:37:07 ET]
Table 'Thessalia' 6-max Seat #2 is the button
Seat 1: philippk751 ($0 in chips) is sitting out
Seat 2: I TAKE IT 85 ($127.32 in chips) 
Seat 3: paramourx ($136.19 in chips) 
Seat 4: BoyLoc0 ($100 in chips) 
Seat 5: z00mba ($100 in chips) 
Seat 6: coeeeelho ($110.88 in chips) 
paramourx: posts small blind $0.50
BoyLoc0: posts big blind $1
*** HOLE CARDS ***
z00mba: folds 
coeeeelho: raises $1.20 to $2.20
I TAKE IT 85: folds 
paramourx: folds 
BoyLoc0: folds 
Uncalled bet ($1.20) returned to coeeeelho
coeeeelho collected $2.50 from pot
*** SUMMARY ***
Total pot $2.50 | Rake $0 
Seat 1: philippk751
Seat 2: I TAKE IT 85 (button) folded before Flop (didn't bet)
Seat 3: paramourx (small blind) folded before Flop
Seat 4: BoyLoc0 (big blind) folded before Flop
Seat 5: z00mba folded before Flop (didn't bet)
Seat 6: coeeeelho collected ($2.50)



PokerStars Hand #254594979664:  Hold'em No Limit ($0.50/$1.00 USD) - 2025/01/28 19:37:31 WET [2025/01/28 14:37:31 ET]
Table 'Thessalia' 6-max Seat #3 is the button
Seat 1: philippk751 ($50.48 in chips) 
Seat 2: I TAKE IT 85 ($127.32 in chips) 
Seat 3: paramourx ($135.69 in chips) 
Seat 4: BoyLoc0 ($100 in chips) 
Seat 5: z00mba ($100 in chips) 
Seat 6: coeeeelho ($112.38 in chips) 
BoyLoc0: posts small blind $0.50
z00mba: posts big blind $1
*** HOLE CARDS ***
coeeeelho: folds 
philippk751: calls $1
I TAKE IT 85: raises $2.45 to $3.45
paramourx: folds 
BoyLoc0: folds 
z00mba: folds 
philippk751: calls $2.45
*** FLOP *** [Tc 5c 7h]
philippk751: bets $2
I TAKE IT 85: calls $2
*** TURN *** [Tc 5c 7h] [Qd]
philippk751: checks 
I TAKE IT 85: bets $8.25
philippk751: folds 
Uncalled bet ($8.25) returned to I TAKE IT 85
I TAKE IT 85 collected $11.78 from pot
I TAKE IT 85: doesn't show hand 
*** SUMMARY ***
Total pot $12.40 | Rake $0.62 
Board [Tc 5c 7h Qd]
Seat 1: philippk751 folded on the Turn
Seat 2: I TAKE IT 85 collected ($11.78)
Seat 3: paramourx (button) folded before Flop (didn't bet)
Seat 4: BoyLoc0 (small blind) folded before Flop
Seat 5: z00mba (big blind) folded before Flop
Seat 6: coeeeelho folded before Flop (didn't bet)



PokerStars Hand #254594991491:  Hold'em No Limit ($0.50/$1.00 USD) - 2025/01/28 19:38:07 WET [2025/01/28 14:38:07 ET]
Table 'Thessalia' 6-max Seat #4 is the button
Seat 1: philippk751 ($45.03 in chips) 
Seat 2: I TAKE IT 85 ($133.65 in chips) 
Seat 3: paramourx ($135.69 in chips) 
Seat 4: BoyLoc0 ($100 in chips) 
Seat 5: z00mba ($100 in chips) 
Seat 6: coeeeelho ($112.38 in chips) 
z00mba: posts small blind $0.50
coeeeelho: posts big blind $1
*** HOLE CARDS ***
philippk751: calls $1
I TAKE IT 85: folds 
paramourx: folds 
BoyLoc0: folds 
z00mba: folds 
coeeeelho: checks 
*** FLOP *** [9c 2d Js]
coeeeelho: checks 
philippk751: checks 
*** TURN *** [9c 2d Js] [Jc]
coeeeelho: bets $1.78
philippk751: calls $1.78
*** RIVER *** [9c 2d Js Jc] [6d]
coeeeelho: bets $1.90
philippk751: folds 
Uncalled bet ($1.90) returned to coeeeelho
coeeeelho collected $5.76 from pot
*** SUMMARY ***
Total pot $6.06 | Rake $0.30 
Board [9c 2d Js Jc 6d]
Seat 1: philippk751 folded on the River
Seat 2: I TAKE IT 85 folded before Flop (didn't bet)
Seat 3: paramourx folded before Flop (didn't bet)
Seat 4: BoyLoc0 (button) folded before Flop (didn't bet)
Seat 5: z00mba (small blind) folded before Flop
Seat 6: coeeeelho (big blind) collected ($5.76)



PokerStars Hand #254595010792:  Hold'em No Limit ($0.50/$1.00 USD) - 2025/01/28 19:39:06 WET [2025/01/28 14:39:06 ET]
Table 'Thessalia' 6-max Seat #5 is the button
Seat 1: philippk751 ($42.25 in chips) 
Seat 2: I TAKE IT 85 ($133.65 in chips) 
Seat 3: paramourx ($135.69 in chips) 
Seat 4: BoyLoc0 ($100 in chips) 
Seat 5: z00mba ($100 in chips) 
Seat 6: coeeeelho ($115.36 in chips) 
coeeeelho: posts small blind $0.50
philippk751: posts big blind $1
*** HOLE CARDS ***
I TAKE IT 85: folds 
paramourx: folds 
BoyLoc0: folds 
z00mba: folds 
coeeeelho: raises $2 to $3
philippk751: folds 
Uncalled bet ($2) returned to coeeeelho
coeeeelho collected $2 from pot
*** SUMMARY ***
Total pot $2 | Rake $0 
Seat 1: philippk751 (big blind) folded before Flop
Seat 2: I TAKE IT 85 folded before Flop (didn't bet)
Seat 3: paramourx folded before Flop (didn't bet)
Seat 4: BoyLoc0 folded before Flop (didn't bet)
Seat 5: z00mba (button) folded before Flop (didn't bet)
Seat 6: coeeeelho (small blind) collected ($2)



PokerStars Hand #254595020076:  Hold'em No Limit ($0.50/$1.00 USD) - 2025/01/28 19:39:35 WET [2025/01/28 14:39:35 ET]
Table 'Thessalia' 6-max Seat #6 is the button
Seat 1: philippk751 ($41.25 in chips) 
Seat 2: I TAKE IT 85 ($133.65 in chips) 
Seat 3: paramourx ($135.69 in chips) 
Seat 4: BoyLoc0 ($100 in chips) 
Seat 5: z00mba ($100 in chips) 
Seat 6: coeeeelho ($116.36 in chips) 
philippk751: posts small blind $0.50
I TAKE IT 85: posts big blind $1
*** HOLE CARDS ***
paramourx: folds 
BoyLoc0: folds 
z00mba: folds 
coeeeelho: raises $1.50 to $2.50
philippk751: calls $2
I TAKE IT 85: folds 
*** FLOP *** [Js Qs 3s]
philippk751: checks 
coeeeelho: bets $1.43
philippk751: folds 
Uncalled bet ($1.43) returned to coeeeelho
coeeeelho collected $5.70 from pot
*** SUMMARY ***
Total pot $6 | Rake $0.30 
Board [Js Qs 3s]
Seat 1: philippk751 (small blind) folded on the Flop
Seat 2: I TAKE IT 85 (big blind) folded before Flop
Seat 3: paramourx folded before Flop (didn't bet)
Seat 4: BoyLoc0 folded before Flop (didn't bet)
Seat 5: z00mba folded before Flop (didn't bet)
Seat 6: coeeeelho (button) collected ($5.70)



PokerStars Hand #254595033707:  Hold'em No Limit ($0.50/$1.00 USD) - 2025/01/28 19:40:17 WET [2025/01/28 14:40:17 ET]
Table 'Thessalia' 6-max Seat #1 is the button
Seat 1: philippk751 ($38.75 in chips) 
Seat 2: I TAKE IT 85 ($132.65 in chips) 
Seat 3: paramourx ($135.69 in chips) 
Seat 4: BoyLoc0 ($100 in chips) 
Seat 5: z00mba ($100 in chips) 
Seat 6: coeeeelho ($119.56 in chips) 
I TAKE IT 85: posts small blind $0.50
paramourx: posts big blind $1
*** HOLE CARDS ***
BoyLoc0: raises $1.50 to $2.50
z00mba: calls $2.50
coeeeelho: raises $7.50 to $10
philippk751: folds 
I TAKE IT 85: raises $12 to $22
paramourx: folds 
BoyLoc0: raises $78 to $100 and is all-in
z00mba: folds 
coeeeelho: folds 
I TAKE IT 85: calls $78
*** FLOP *** [2c 6d 7d]
*** TURN *** [2c 6d 7d] [4s]
*** RIVER *** [2c 6d 7d 4s] [4c]
*** SHOW DOWN ***
I TAKE IT 85: shows [Kc Ks] (two pair, Kings and Fours)
BoyLoc0: shows [Kh As] (a pair of Fours)
I TAKE IT 85 collected $211 from pot
*** SUMMARY ***
Total pot $213.50 | Rake $2.50 
Board [2c 6d 7d 4s 4c]
Seat 1: philippk751 (button) folded before Flop (didn't bet)
Seat 2: I TAKE IT 85 (small blind) showed [Kc Ks] and won ($211) with two pair, Kings and Fours
Seat 3: paramourx (big blind) folded before Flop
Seat 4: BoyLoc0 showed [Kh As] and lost with a pair of Fours
Seat 5: z00mba folded before Flop
Seat 6: coeeeelho folded before Flop



PokerStars Hand #254595048123:  Hold'em No Limit ($0.50/$1.00 USD) - 2025/01/28 19:41:02 WET [2025/01/28 14:41:02 ET]
Table 'Thessalia' 6-max Seat #2 is the button
Seat 1: philippk751 ($38.75 in chips) 
Seat 2: I TAKE IT 85 ($243.65 in chips) 
Seat 3: paramourx ($134.69 in chips) 
Seat 4: BoyLoc0 ($100 in chips) 
Seat 5: z00mba ($100 in chips) 
Seat 6: coeeeelho ($109.56 in chips) 
paramourx: posts small blind $0.50
BoyLoc0: posts big blind $1
*** HOLE CARDS ***
z00mba: folds 
coeeeelho: raises $1.10 to $2.10
philippk751: folds 
I TAKE IT 85: folds 
paramourx: folds 
BoyLoc0: calls $1.10
*** FLOP *** [3s 3h Jd]
BoyLoc0: checks 
coeeeelho: bets $1.47
BoyLoc0: folds 
Uncalled bet ($1.47) returned to coeeeelho
coeeeelho collected $4.46 from pot
*** SUMMARY ***
Total pot $4.70 | Rake $0.24 
Board [3s 3h Jd]
Seat 1: philippk751 folded before Flop (didn't bet)
Seat 2: I TAKE IT 85 (button) folded before Flop (didn't bet)
Seat 3: paramourx (small blind) folded before Flop
Seat 4: BoyLoc0 (big blind) folded on the Flop
Seat 5: z00mba folded before Flop (didn't bet)
Seat 6: coeeeelho collected ($4.46)



PokerStars Hand #254595059203:  Hold'em No Limit ($0.50/$1.00 USD) - 2025/01/28 19:41:37 WET [2025/01/28 14:41:37 ET]
Table 'Thessalia' 6-max Seat #3 is the button
Seat 1: philippk751 ($38.75 in chips) 
Seat 2: I TAKE IT 85 ($243.65 in chips) 
Seat 3: paramourx ($134.19 in chips) 
Seat 4: BoyLoc0 ($100 in chips) 
Seat 5: z00mba ($100 in chips) 
Seat 6: coeeeelho ($111.92 in chips) 
BoyLoc0: posts small blind $0.50
z00mba: posts big blind $1
*** HOLE CARDS ***
coeeeelho: folds 
philippk751: calls $1
I TAKE IT 85: raises $2.50 to $3.50
paramourx: folds 
BoyLoc0: folds 
z00mba: folds 
philippk751: calls $2.50
*** FLOP *** [Ks 9s Qh]
philippk751: bets $2
I TAKE IT 85: calls $2
*** TURN *** [Ks 9s Qh] [5s]
philippk751: bets $2
I TAKE IT 85: raises $7.94 to $9.94
philippk751: calls $7.94
*** RIVER *** [Ks 9s Qh 5s] [9c]
philippk751: checks 
I TAKE IT 85: checks 
*** SHOW DOWN ***
philippk751: shows [Jh Kd] (two pair, Kings and Nines)
I TAKE IT 85: mucks hand 
philippk751 collected $30.36 from pot
*** SUMMARY ***
Total pot $32.38 | Rake $2.02 
Board [Ks 9s Qh 5s 9c]
Seat 1: philippk751 showed [Jh Kd] and won ($30.36) with two pair, Kings and Nines
Seat 2: I TAKE IT 85 mucked
Seat 3: paramourx (button) folded before Flop (didn't bet)
Seat 4: BoyLoc0 (small blind) folded before Flop
Seat 5: z00mba (big blind) folded before Flop
Seat 6: coeeeelho folded before Flop (didn't bet)



PokerStars Hand #254595078928:  Hold'em No Limit ($0.50/$1.00 USD) - 2025/01/28 19:42:40 WET [2025/01/28 14:42:40 ET]
Table 'Thessalia' 6-max Seat #4 is the button
Seat 1: philippk751 ($53.67 in chips) 
Seat 2: I TAKE IT 85 ($228.21 in chips) 
Seat 3: paramourx ($134.19 in chips) 
Seat 4: BoyLoc0 ($100 in chips) 
Seat 5: z00mba ($100 in chips) 
Seat 6: coeeeelho ($111.92 in chips) 
z00mba: posts small blind $0.50
coeeeelho: posts big blind $1
*** HOLE CARDS ***
philippk751: raises $1 to $2
I TAKE IT 85: folds 
paramourx: folds 
BoyLoc0: folds 
z00mba: folds 
coeeeelho: calls $1
*** FLOP *** [4c 6c 7h]
coeeeelho: checks 
philippk751: bets $2
coeeeelho: folds 
Uncalled bet ($2) returned to philippk751
philippk751 collected $4.22 from pot
*** SUMMARY ***
Total pot $4.50 | Rake $0.28 
Board [4c 6c 7h]
Seat 1: philippk751 collected ($4.22)
Seat 2: I TAKE IT 85 folded before Flop (didn't bet)
Seat 3: paramourx folded before Flop (didn't bet)
Seat 4: BoyLoc0 (button) folded before Flop (didn't bet)
Seat 5: z00mba (small blind) folded before Flop
Seat 6: coeeeelho (big blind) folded on the Flop



PokerStars Hand #254595087618:  Hold'em No Limit ($0.50/$1.00 USD) - 2025/01/28 19:43:07 WET [2025/01/28 14:43:07 ET]
Table 'Thessalia' 6-max Seat #5 is the button
Seat 1: philippk751 ($55.89 in chips) 
Seat 2: I TAKE IT 85 ($228.21 in chips) 
Seat 3: paramourx ($134.19 in chips) 
Seat 4: BoyLoc0 ($100 in chips) 
Seat 5: z00mba ($100 in chips) 
Seat 6: coeeeelho ($109.92 in chips) 
coeeeelho: posts small blind $0.50
philippk751: posts big blind $1
*** HOLE CARDS ***
I TAKE IT 85: folds 
paramourx: folds 
BoyLoc0: raises $1.50 to $2.50
z00mba: folds 
coeeeelho: folds 
philippk751: folds 
Uncalled bet ($1.50) returned to BoyLoc0
BoyLoc0 collected $2.50 from pot
BoyLoc0: doesn't show hand 
*** SUMMARY ***
Total pot $2.50 | Rake $0 
Seat 1: philippk751 (big blind) folded before Flop
Seat 2: I TAKE IT 85 folded before Flop (didn't bet)
Seat 3: paramourx folded before Flop (didn't bet)
Seat 4: BoyLoc0 collected ($2.50)
Seat 5: z00mba (button) folded before Flop (didn't bet)
Seat 6: coeeeelho (small blind) folded before Flop



PokerStars Hand #254595094402:  Hold'em No Limit ($0.50/$1.00 USD) - 2025/01/28 19:43:28 WET [2025/01/28 14:43:28 ET]
Table 'Thessalia' 6-max Seat #6 is the button
Seat 1: philippk751 ($54.89 in chips) 
Seat 2: I TAKE IT 85 ($228.21 in chips) 
Seat 3: paramourx ($134.19 in chips) 
Seat 4: BoyLoc0 ($101.50 in chips) 
Seat 5: z00mba ($100 in chips) 
Seat 6: coeeeelho ($109.42 in chips) 
philippk751: posts small blind $0.50
I TAKE IT 85: posts big blind $1
*** HOLE CARDS ***
paramourx: folds 
BoyLoc0: folds 
z00mba: folds 
coeeeelho: raises $1.50 to $2.50
philippk751: folds 
I TAKE IT 85: raises $11.50 to $14
coeeeelho: raises $95.42 to $109.42 and is all-in
I TAKE IT 85: folds 
Uncalled bet ($95.42) returned to coeeeelho
coeeeelho collected $28.50 from pot
*** SUMMARY ***
Total pot $28.50 | Rake $0 
Seat 1: philippk751 (small blind) folded before Flop
Seat 2: I TAKE IT 85 (big blind) folded before Flop
Seat 3: paramourx folded before Flop (didn't bet)
Seat 4: BoyLoc0 folded before Flop (didn't bet)
Seat 5: z00mba folded before Flop (didn't bet)
Seat 6: coeeeelho (button) collected ($28.50)



PokerStars Hand #254595108870:  Hold'em No Limit ($0.50/$1.00 USD) - 2025/01/28 19:44:14 WET [2025/01/28 14:44:14 ET]
Table 'Thessalia' 6-max Seat #1 is the button
Seat 1: philippk751 ($54.39 in chips) 
Seat 2: I TAKE IT 85 ($214.21 in chips) 
Seat 3: paramourx ($134.19 in chips) 
Seat 4: BoyLoc0 ($101.50 in chips) 
Seat 5: z00mba ($100 in chips) 
Seat 6: coeeeelho ($123.92 in chips) 
I TAKE IT 85: posts small blind $0.50
paramourx: posts big blind $1
*** HOLE CARDS ***
BoyLoc0: folds 
z00mba: folds 
coeeeelho: folds 
philippk751: calls $1
I TAKE IT 85: raises $4.50 to $5.50
paramourx: folds 
philippk751: calls $4.50
*** FLOP *** [Qh 2s 5d]
I TAKE IT 85: bets $7.98
philippk751: calls $7.98
*** TURN *** [Qh 2s 5d] [8c]
I TAKE IT 85: bets $18.59
philippk751: calls $18.59
*** RIVER *** [Qh 2s 5d 8c] [Jh]
I TAKE IT 85: bets $31.32
philippk751: calls $22.32 and is all-in
Uncalled bet ($9) returned to I TAKE IT 85
*** SHOW DOWN ***
I TAKE IT 85: shows [Qc Ac] (a pair of Queens)
philippk751: shows [Qs Kd] (a pair of Queens - lower kicker)
I TAKE IT 85 collected $107.28 from pot
*** SUMMARY ***
Total pot $109.78 | Rake $2.50 
Board [Qh 2s 5d 8c Jh]
Seat 1: philippk751 (button) showed [Qs Kd] and lost with a pair of Queens
Seat 2: I TAKE IT 85 (small blind) showed [Qc Ac] and won ($107.28) with a pair of Queens
Seat 3: paramourx (big blind) folded before Flop
Seat 4: BoyLoc0 folded before Flop (didn't bet)
Seat 5: z00mba folded before Flop (didn't bet)
Seat 6: coeeeelho folded before Flop (didn't bet)



PokerStars Hand #254595126225:  Hold'em No Limit ($0.50/$1.00 USD) - 2025/01/28 19:45:07 WET [2025/01/28 14:45:07 ET]
Table 'Thessalia' 6-max Seat #2 is the button
Seat 1: philippk751 ($0 in chips) is sitting out
Seat 2: I TAKE IT 85 ($267.10 in chips) 
Seat 3: paramourx ($133.19 in chips) 
Seat 4: BoyLoc0 ($101.50 in chips) 
Seat 5: z00mba ($100 in chips) 
Seat 6: coeeeelho ($123.92 in chips) 
paramourx: posts small blind $0.50
BoyLoc0: posts big blind $1
*** HOLE CARDS ***
philippk751 leaves the table
z00mba: folds 
socito joins the table at seat #1 
z00mba leaves the table
coeeeelho: folds 
I TAKE IT 85: raises $1.05 to $2.05
paramourx: raises $9.45 to $11.50
socito leaves the table
BoyLoc0: folds 
philippk751 joins the table at seat #5 
philippk751 is disconnected 
I TAKE IT 85: folds 
Uncalled bet ($9.45) returned to paramourx
paramourx collected $5.10 from pot
paramourx: doesn't show hand 
treds17 joins the table at seat #1 
*** SUMMARY ***
Total pot $5.10 | Rake $0 
Seat 1: philippk751
Seat 2: I TAKE IT 85 (button) folded before Flop
Seat 3: paramourx (small blind) collected ($5.10)
Seat 4: BoyLoc0 (big blind) folded before Flop
Seat 5: z00mba folded before Flop (didn't bet)
Seat 6: coeeeelho folded before Flop (didn't bet)



PokerStars Hand #254595133681:  Hold'em No Limit ($0.50/$1.00 USD) - 2025/01/28 19:45:30 WET [2025/01/28 14:45:30 ET]
Table 'Thessalia' 6-max Seat #3 is the button
Seat 1: treds17 ($100 in chips) is sitting out
Seat 2: I TAKE IT 85 ($265.05 in chips) 
Seat 3: paramourx ($136.24 in chips) 
Seat 4: BoyLoc0 ($100.50 in chips) 
Seat 5: philippk751 ($97.13 in chips) 
Seat 6: coeeeelho ($123.92 in chips) 
BoyLoc0: posts small blind $0.50
philippk751: posts big blind $1
treds17: sits out 
*** HOLE CARDS ***
coeeeelho: folds 
I TAKE IT 85: folds 
paramourx: folds 
BoyLoc0: raises $2 to $3
philippk751: calls $2
*** FLOP *** [7c 7d Qd]
BoyLoc0: bets $4.28
philippk751: folds 
Uncalled bet ($4.28) returned to BoyLoc0
BoyLoc0 collected $5.70 from pot
BoyLoc0: doesn't show hand 
*** SUMMARY ***
Total pot $6 | Rake $0.30 
Board [7c 7d Qd]
Seat 1: treds17
Seat 2: I TAKE IT 85 folded before Flop (didn't bet)
Seat 3: paramourx (button) folded before Flop (didn't bet)
Seat 4: BoyLoc0 (small blind) collected ($5.70)
Seat 5: philippk751 (big blind) folded on the Flop
Seat 6: coeeeelho folded before Flop (didn't bet)



PokerStars Hand #254595142287:  Hold'em No Limit ($0.50/$1.00 USD) - 2025/01/28 19:45:57 WET [2025/01/28 14:45:57 ET]
Table 'Thessalia' 6-max Seat #4 is the button
Seat 1: treds17 ($100 in chips) is sitting out
Seat 2: I TAKE IT 85 ($265.05 in chips) 
Seat 3: paramourx ($136.24 in chips) 
Seat 4: BoyLoc0 ($103.20 in chips) 
Seat 5: philippk751 ($94.13 in chips) 
Seat 6: coeeeelho ($123.92 in chips) 
philippk751: posts small blind $0.50
coeeeelho: posts big blind $1
treds17: sits out 
*** HOLE CARDS ***
I TAKE IT 85: folds 
paramourx: raises $2 to $3
BoyLoc0: folds 
philippk751: folds 
coeeeelho: folds 
Uncalled bet ($2) returned to paramourx
paramourx collected $2.50 from pot
paramourx: doesn't show hand 
*** SUMMARY ***
Total pot $2.50 | Rake $0 
Seat 1: treds17
Seat 2: I TAKE IT 85 folded before Flop (didn't bet)
Seat 3: paramourx collected ($2.50)
Seat 4: BoyLoc0 (button) folded before Flop (didn't bet)
Seat 5: philippk751 (small blind) folded before Flop
Seat 6: coeeeelho (big blind) folded before Flop



PokerStars Hand #254595147323:  Hold'em No Limit ($0.50/$1.00 USD) - 2025/01/28 19:46:12 WET [2025/01/28 14:46:12 ET]
Table 'Thessalia' 6-max Seat #5 is the button
Seat 1: treds17 ($100 in chips) 
Seat 2: I TAKE IT 85 ($265.05 in chips) 
Seat 3: paramourx ($137.74 in chips) 
Seat 4: BoyLoc0 ($103.20 in chips) 
Seat 5: philippk751 ($93.63 in chips) 
Seat 6: coeeeelho ($122.92 in chips) 
coeeeelho: posts small blind $0.50
treds17: posts big blind $1
*** HOLE CARDS ***
I TAKE IT 85: folds 
paramourx: folds 
BoyLoc0: raises $1.50 to $2.50
philippk751: folds 
coeeeelho: folds 
treds17: raises $9.50 to $12
BoyLoc0: folds 
Uncalled bet ($9.50) returned to treds17
treds17 collected $5.50 from pot
treds17: doesn't show hand 
*** SUMMARY ***
Total pot $5.50 | Rake $0 
Seat 1: treds17 (big blind) collected ($5.50)
Seat 2: I TAKE IT 85 folded before Flop (didn't bet)
Seat 3: paramourx folded before Flop (didn't bet)
Seat 4: BoyLoc0 folded before Flop
Seat 5: philippk751 (button) folded before Flop (didn't bet)
Seat 6: coeeeelho (small blind) folded before Flop



PokerStars Hand #254595155357:  Hold'em No Limit ($0.50/$1.00 USD) - 2025/01/28 19:46:37 WET [2025/01/28 14:46:37 ET]
Table 'Thessalia' 6-max Seat #6 is the button
Seat 1: treds17 ($103 in chips) 
Seat 2: I TAKE IT 85 ($265.05 in chips) 
Seat 3: paramourx ($137.74 in chips) 
Seat 4: BoyLoc0 ($100.70 in chips) 
Seat 5: philippk751 ($93.63 in chips) 
Seat 6: coeeeelho ($122.42 in chips) 
treds17: posts small blind $0.50
I TAKE IT 85: posts big blind $1
*** HOLE CARDS ***
paramourx: raises $2 to $3
BoyLoc0: folds 
philippk751: calls $3
coeeeelho: folds 
treds17: folds 
I TAKE IT 85: folds 
*** FLOP *** [2h 4c 6h]
paramourx: checks 
philippk751: bets $1
paramourx: raises $4.56 to $5.56
philippk751: calls $4.56
*** TURN *** [2h 4c 6h] [Td]
paramourx: bets $20
philippk751: folds 
Uncalled bet ($20) returned to paramourx
paramourx collected $17.69 from pot
paramourx: doesn't show hand 
*** SUMMARY ***
Total pot $18.62 | Rake $0.93 
Board [2h 4c 6h Td]
Seat 1: treds17 (small blind) folded before Flop
Seat 2: I TAKE IT 85 (big blind) folded before Flop
Seat 3: paramourx collected ($17.69)
Seat 4: BoyLoc0 folded before Flop (didn't bet)
Seat 5: philippk751 folded on the Turn
Seat 6: coeeeelho (button) folded before Flop (didn't bet)



PokerStars Hand #254595175678:  Hold'em No Limit ($0.50/$1.00 USD) - 2025/01/28 19:47:40 WET [2025/01/28 14:47:40 ET]
Table 'Thessalia' 6-max Seat #1 is the button
Seat 1: treds17 ($102.50 in chips) 
Seat 2: I TAKE IT 85 ($264.05 in chips) 
Seat 3: paramourx ($146.87 in chips) 
Seat 4: BoyLoc0 ($100.70 in chips) 
Seat 5: philippk751 ($85.07 in chips) 
Seat 6: coeeeelho ($122.42 in chips) 
I TAKE IT 85: posts small blind $0.50
paramourx: posts big blind $1
*** HOLE CARDS ***
BoyLoc0: folds 
philippk751: calls $1
coeeeelho: folds 
treds17: folds 
I TAKE IT 85: folds 
paramourx: checks 
*** FLOP *** [Ad Qc Kc]
paramourx: checks 
philippk751: checks 
*** TURN *** [Ad Qc Kc] [8h]
paramourx: checks 
philippk751: bets $1
paramourx: folds 
Uncalled bet ($1) returned to philippk751
philippk751 collected $2.35 from pot
philippk751: doesn't show hand 
*** SUMMARY ***
Total pot $2.50 | Rake $0.15 
Board [Ad Qc Kc 8h]
Seat 1: treds17 (button) folded before Flop (didn't bet)
Seat 2: I TAKE IT 85 (small blind) folded before Flop
Seat 3: paramourx (big blind) folded on the Turn
Seat 4: BoyLoc0 folded before Flop (didn't bet)
Seat 5: philippk751 collected ($2.35)
Seat 6: coeeeelho folded before Flop (didn't bet)



PokerStars Hand #254595189515:  Hold'em No Limit ($0.50/$1.00 USD) - 2025/01/28 19:48:23 WET [2025/01/28 14:48:23 ET]
Table 'Thessalia' 6-max Seat #2 is the button
Seat 1: treds17 ($102.50 in chips) 
Seat 2: I TAKE IT 85 ($263.55 in chips) 
Seat 3: paramourx ($145.87 in chips) 
Seat 4: BoyLoc0 ($100.70 in chips) 
Seat 5: philippk751 ($86.42 in chips) 
Seat 6: coeeeelho ($122.42 in chips) 
paramourx: posts small blind $0.50
BoyLoc0: posts big blind $1
*** HOLE CARDS ***
philippk751: calls $1
coeeeelho: folds 
treds17: folds 
I TAKE IT 85: raises $3.15 to $4.15
paramourx: folds 
BoyLoc0: folds 
philippk751: folds 
Uncalled bet ($3.15) returned to I TAKE IT 85
I TAKE IT 85 collected $3.50 from pot
I TAKE IT 85: doesn't show hand 
*** SUMMARY ***
Total pot $3.50 | Rake $0 
Seat 1: treds17 folded before Flop (didn't bet)
Seat 2: I TAKE IT 85 (button) collected ($3.50)
Seat 3: paramourx (small blind) folded before Flop
Seat 4: BoyLoc0 (big blind) folded before Flop
Seat 5: philippk751 folded before Flop
Seat 6: coeeeelho folded before Flop (didn't bet)



PokerStars Hand #254595201197:  Hold'em No Limit ($0.50/$1.00 USD) - 2025/01/28 19:48:59 WET [2025/01/28 14:48:59 ET]
Table 'Thessalia' 6-max Seat #3 is the button
Seat 1: treds17 ($102.50 in chips) 
Seat 2: I TAKE IT 85 ($266.05 in chips) 
Seat 3: paramourx ($145.37 in chips) 
Seat 4: BoyLoc0 ($100 in chips) 
Seat 5: philippk751 ($85.42 in chips) 
Seat 6: coeeeelho ($122.42 in chips) 
BoyLoc0: posts small blind $0.50
philippk751: posts big blind $1
*** HOLE CARDS ***
coeeeelho: raises $1.20 to $2.20
treds17: raises $5.30 to $7.50
I TAKE IT 85: folds 
paramourx: folds 
BoyLoc0: folds 
philippk751: folds 
coeeeelho: folds 
Uncalled bet ($5.30) returned to treds17
treds17 collected $5.90 from pot
treds17: doesn't show hand 
*** SUMMARY ***
Total pot $5.90 | Rake $0 
Seat 1: treds17 collected ($5.90)
Seat 2: I TAKE IT 85 folded before Flop (didn't bet)
Seat 3: paramourx (button) folded before Flop (didn't bet)
Seat 4: BoyLoc0 (small blind) folded before Flop
Seat 5: philippk751 (big blind) folded before Flop
Seat 6: coeeeelho folded before Flop



PokerStars Hand #254595206680:  Hold'em No Limit ($0.50/$1.00 USD) - 2025/01/28 19:49:16 WET [2025/01/28 14:49:16 ET]
Table 'Thessalia' 6-max Seat #4 is the button
Seat 1: treds17 ($106.20 in chips) 
Seat 2: I TAKE IT 85 ($266.05 in chips) 
Seat 3: paramourx ($145.37 in chips) 
Seat 4: BoyLoc0 ($100 in chips) 
Seat 5: philippk751 ($84.42 in chips) 
Seat 6: coeeeelho ($120.22 in chips) 
philippk751: posts small blind $0.50
coeeeelho: posts big blind $1
*** HOLE CARDS ***
treds17: folds 
I TAKE IT 85: folds 
paramourx: folds 
BoyLoc0: folds 
philippk751: folds 
Uncalled bet ($0.50) returned to coeeeelho
coeeeelho collected $1 from pot
*** SUMMARY ***
Total pot $1 | Rake $0 
Seat 1: treds17 folded before Flop (didn't bet)
Seat 2: I TAKE IT 85 folded before Flop (didn't bet)
Seat 3: paramourx folded before Flop (didn't bet)
Seat 4: BoyLoc0 (button) folded before Flop (didn't bet)
Seat 5: philippk751 (small blind) folded before Flop
Seat 6: coeeeelho (big blind) collected ($1)



PokerStars Hand #254595210824:  Hold'em No Limit ($0.50/$1.00 USD) - 2025/01/28 19:49:29 WET [2025/01/28 14:49:29 ET]
Table 'Thessalia' 6-max Seat #5 is the button
Seat 1: treds17 ($106.20 in chips) 
Seat 2: I TAKE IT 85 ($266.05 in chips) 
Seat 3: paramourx ($145.37 in chips) 
Seat 4: BoyLoc0 ($100 in chips) 
Seat 5: philippk751 ($83.92 in chips) 
Seat 6: coeeeelho ($120.72 in chips) 
coeeeelho: posts small blind $0.50
treds17: posts big blind $1
*** HOLE CARDS ***
I TAKE IT 85: folds 
paramourx: folds 
BoyLoc0: folds 
philippk751: calls $1
coeeeelho: raises $3.20 to $4.20
treds17: folds 
philippk751: calls $3.20
*** FLOP *** [6c Qc 2h]
coeeeelho: bets $2.23
philippk751: calls $2.23
*** TURN *** [6c Qc 2h] [7h]
coeeeelho: checks 
philippk751: checks 
*** RIVER *** [6c Qc 2h 7h] [Qs]
coeeeelho: bets $4.35
philippk751: folds 
Uncalled bet ($4.35) returned to coeeeelho
coeeeelho collected $13.17 from pot
*** SUMMARY ***
Total pot $13.86 | Rake $0.69 
Board [6c Qc 2h 7h Qs]
Seat 1: treds17 (big blind) folded before Flop
Seat 2: I TAKE IT 85 folded before Flop (didn't bet)
Seat 3: paramourx folded before Flop (didn't bet)
Seat 4: BoyLoc0 folded before Flop (didn't bet)
Seat 5: philippk751 (button) folded on the River
Seat 6: coeeeelho (small blind) collected ($13.17)



PokerStars Hand #254595226521:  Hold'em No Limit ($0.50/$1.00 USD) - 2025/01/28 19:50:17 WET [2025/01/28 14:50:17 ET]
Table 'Thessalia' 6-max Seat #6 is the button
Seat 1: treds17 ($105.20 in chips) 
Seat 2: I TAKE IT 85 ($266.05 in chips) 
Seat 3: paramourx ($145.37 in chips) 
Seat 4: BoyLoc0 ($100 in chips) 
Seat 5: philippk751 ($77.49 in chips) 
Seat 6: coeeeelho ($127.46 in chips) 
treds17: posts small blind $0.50
I TAKE IT 85: posts big blind $1
*** HOLE CARDS ***
paramourx: folds 
BoyLoc0: raises $1.50 to $2.50
philippk751: folds 
coeeeelho: folds 
treds17: folds 
I TAKE IT 85: calls $1.50
*** FLOP *** [7s Ts 6s]
I TAKE IT 85: checks 
BoyLoc0: checks 
*** TURN *** [7s Ts 6s] [Qh]
I TAKE IT 85: checks 
BoyLoc0: bets $3.92
I TAKE IT 85: calls $3.92
*** RIVER *** [7s Ts 6s Qh] [3d]
I TAKE IT 85: checks 
BoyLoc0: bets $9.50
I TAKE IT 85: calls $9.50
*** SHOW DOWN ***
BoyLoc0: shows [9c Kc] (high card King)
I TAKE IT 85: shows [Tc Ad] (a pair of Tens)
I TAKE IT 85 collected $30.72 from pot
*** SUMMARY ***
Total pot $32.34 | Rake $1.62 
Board [7s Ts 6s Qh 3d]
Seat 1: treds17 (small blind) folded before Flop
Seat 2: I TAKE IT 85 (big blind) showed [Tc Ad] and won ($30.72) with a pair of Tens
Seat 3: paramourx folded before Flop (didn't bet)
Seat 4: BoyLoc0 showed [9c Kc] and lost with high card King
Seat 5: philippk751 folded before Flop (didn't bet)
Seat 6: coeeeelho (button) folded before Flop (didn't bet)



PokerStars Hand #254595248441:  Hold'em No Limit ($0.50/$1.00 USD) - 2025/01/28 19:51:25 WET [2025/01/28 14:51:25 ET]
Table 'Thessalia' 6-max Seat #1 is the button
Seat 1: treds17 ($104.70 in chips) 
Seat 2: I TAKE IT 85 ($280.85 in chips) 
Seat 3: paramourx ($145.37 in chips) 
Seat 4: BoyLoc0 ($100 in chips) 
Seat 5: philippk751 ($77.49 in chips) 
Seat 6: coeeeelho ($127.46 in chips) 
I TAKE IT 85: posts small blind $0.50
paramourx: posts big blind $1
*** HOLE CARDS ***
BoyLoc0: folds 
philippk751: calls $1
coeeeelho: folds 
treds17: raises $2.50 to $3.50
I TAKE IT 85: folds 
paramourx: folds 
philippk751: calls $2.50
*** FLOP *** [3s 4c 8d]
philippk751: checks 
treds17: bets $2.42
philippk751: calls $2.42
*** TURN *** [3s 4c 8d] [9h]
philippk751: checks 
treds17: bets $7.60
philippk751: folds 
Uncalled bet ($7.60) returned to treds17
treds17 collected $12.67 from pot
treds17: doesn't show hand 
*** SUMMARY ***
Total pot $13.34 | Rake $0.67 
Board [3s 4c 8d 9h]
Seat 1: treds17 (button) collected ($12.67)
Seat 2: I TAKE IT 85 (small blind) folded before Flop
Seat 3: paramourx (big blind) folded before Flop
Seat 4: BoyLoc0 folded before Flop (didn't bet)
Seat 5: philippk751 folded on the Turn
Seat 6: coeeeelho folded before Flop (didn't bet)



PokerStars Hand #254595258816:  Hold'em No Limit ($0.50/$1.00 USD) - 2025/01/28 19:51:57 WET [2025/01/28 14:51:57 ET]
Table 'Thessalia' 6-max Seat #2 is the button
Seat 1: treds17 ($111.45 in chips) 
Seat 2: I TAKE IT 85 ($280.35 in chips) 
Seat 3: paramourx ($144.37 in chips) 
Seat 4: BoyLoc0 ($100 in chips) 
Seat 5: philippk751 ($71.57 in chips) 
Seat 6: coeeeelho ($127.46 in chips) 
paramourx: posts small blind $0.50
BoyLoc0: posts big blind $1
*** HOLE CARDS ***
philippk751: folds 
coeeeelho: folds 
treds17: folds 
I TAKE IT 85: folds 
paramourx: folds 
Uncalled bet ($0.50) returned to BoyLoc0
BoyLoc0 collected $1 from pot
BoyLoc0: doesn't show hand 
*** SUMMARY ***
Total pot $1 | Rake $0 
Seat 1: treds17 folded before Flop (didn't bet)
Seat 2: I TAKE IT 85 (button) folded before Flop (didn't bet)
Seat 3: paramourx (small blind) folded before Flop
Seat 4: BoyLoc0 (big blind) collected ($1)
Seat 5: philippk751 folded before Flop (didn't bet)
Seat 6: coeeeelho folded before Flop (didn't bet)



PokerStars Hand #254595264416:  Hold'em No Limit ($0.50/$1.00 USD) - 2025/01/28 19:52:14 WET [2025/01/28 14:52:14 ET]
Table 'Thessalia' 6-max Seat #3 is the button
Seat 1: treds17 ($111.45 in chips) 
Seat 2: I TAKE IT 85 ($280.35 in chips) 
Seat 3: paramourx ($143.87 in chips) 
Seat 4: BoyLoc0 ($100.50 in chips) 
Seat 5: philippk751 ($71.57 in chips) 
Seat 6: coeeeelho ($127.46 in chips) 
BoyLoc0: posts small blind $0.50
philippk751: posts big blind $1
*** HOLE CARDS ***
coeeeelho: raises $1.10 to $2.10
treds17: folds 
I TAKE IT 85: raises $4.40 to $6.50
paramourx: folds 
BoyLoc0: folds 
philippk751: folds 
coeeeelho: folds 
Uncalled bet ($4.40) returned to I TAKE IT 85
I TAKE IT 85 collected $5.70 from pot
I TAKE IT 85: doesn't show hand 
*** SUMMARY ***
Total pot $5.70 | Rake $0 
Seat 1: treds17 folded before Flop (didn't bet)
Seat 2: I TAKE IT 85 collected ($5.70)
Seat 3: paramourx (button) folded before Flop (didn't bet)
Seat 4: BoyLoc0 (small blind) folded before Flop
Seat 5: philippk751 (big blind) folded before Flop
Seat 6: coeeeelho folded before Flop



PokerStars Hand #254595269908:  Hold'em No Limit ($0.50/$1.00 USD) - 2025/01/28 19:52:32 WET [2025/01/28 14:52:32 ET]
Table 'Thessalia' 6-max Seat #4 is the button
Seat 1: treds17 ($111.45 in chips) 
Seat 2: I TAKE IT 85 ($283.95 in chips) 
Seat 3: paramourx ($143.87 in chips) 
Seat 4: BoyLoc0 ($100 in chips) 
Seat 5: philippk751 ($70.57 in chips) 
Seat 6: coeeeelho ($125.36 in chips) 
philippk751: posts small blind $0.50
coeeeelho: posts big blind $1
*** HOLE CARDS ***
treds17: folds 
I TAKE IT 85: folds 
paramourx: folds 
BoyLoc0: folds 
philippk751: calls $0.50
coeeeelho: raises $4 to $5
philippk751: folds 
Uncalled bet ($4) returned to coeeeelho
coeeeelho collected $2 from pot
*** SUMMARY ***
Total pot $2 | Rake $0 
Seat 1: treds17 folded before Flop (didn't bet)
Seat 2: I TAKE IT 85 folded before Flop (didn't bet)
Seat 3: paramourx folded before Flop (didn't bet)
Seat 4: BoyLoc0 (button) folded before Flop (didn't bet)
Seat 5: philippk751 (small blind) folded before Flop
Seat 6: coeeeelho (big blind) collected ($2)



PokerStars Hand #254595277650:  Hold'em No Limit ($0.50/$1.00 USD) - 2025/01/28 19:52:55 WET [2025/01/28 14:52:55 ET]
Table 'Thessalia' 6-max Seat #5 is the button
Seat 1: treds17 ($111.45 in chips) 
Seat 2: I TAKE IT 85 ($283.95 in chips) 
Seat 3: paramourx ($143.87 in chips) 
Seat 4: BoyLoc0 ($100 in chips) 
Seat 5: philippk751 ($69.57 in chips) 
Seat 6: coeeeelho ($126.36 in chips) 
coeeeelho: posts small blind $0.50
treds17: posts big blind $1
*** HOLE CARDS ***
I TAKE IT 85: folds 
paramourx: folds 
BoyLoc0: raises $1.50 to $2.50
philippk751: calls $2.50
coeeeelho: folds 
treds17: folds 
*** FLOP *** [6d 9d Jh]
BoyLoc0: bets $4.64
philippk751: raises $15.46 to $20.10
BoyLoc0: folds 
Uncalled bet ($15.46) returned to philippk751
philippk751 collected $14.79 from pot
philippk751: doesn't show hand 
*** SUMMARY ***
Total pot $15.78 | Rake $0.99 
Board [6d 9d Jh]
Seat 1: treds17 (big blind) folded before Flop
Seat 2: I TAKE IT 85 folded before Flop (didn't bet)
Seat 3: paramourx folded before Flop (didn't bet)
Seat 4: BoyLoc0 folded on the Flop
Seat 5: philippk751 (button) collected ($14.79)
Seat 6: coeeeelho (small blind) folded before Flop



PokerStars Hand #254595288893:  Hold'em No Limit ($0.50/$1.00 USD) - 2025/01/28 19:53:30 WET [2025/01/28 14:53:30 ET]
Table 'Thessalia' 6-max Seat #6 is the button
Seat 1: treds17 ($110.45 in chips) 
Seat 2: I TAKE IT 85 ($283.95 in chips) 
Seat 3: paramourx ($143.87 in chips) 
Seat 4: BoyLoc0 ($100 in chips) 
Seat 5: philippk751 ($77.22 in chips) 
Seat 6: coeeeelho ($125.86 in chips) 
treds17: posts small blind $0.50
I TAKE IT 85: posts big blind $1
*** HOLE CARDS ***
paramourx: folds 
BoyLoc0: folds 
philippk751: folds 
coeeeelho: raises $1.50 to $2.50
treds17: raises $9.50 to $12
I TAKE IT 85: folds 
coeeeelho: folds 
Uncalled bet ($9.50) returned to treds17
treds17 collected $6 from pot
treds17: doesn't show hand 
*** SUMMARY ***
Total pot $6 | Rake $0 
Seat 1: treds17 (small blind) collected ($6)
Seat 2: I TAKE IT 85 (big blind) folded before Flop
Seat 3: paramourx folded before Flop (didn't bet)
Seat 4: BoyLoc0 folded before Flop (didn't bet)
Seat 5: philippk751 folded before Flop (didn't bet)
Seat 6: coeeeelho (button) folded before Flop



PokerStars Hand #254595295172:  Hold'em No Limit ($0.50/$1.00 USD) - 2025/01/28 19:53:49 WET [2025/01/28 14:53:49 ET]
Table 'Thessalia' 6-max Seat #1 is the button
Seat 1: treds17 ($113.95 in chips) 
Seat 2: I TAKE IT 85 ($282.95 in chips) 
Seat 3: paramourx ($143.87 in chips) 
Seat 4: BoyLoc0 ($100 in chips) 
Seat 5: philippk751 ($77.22 in chips) 
Seat 6: coeeeelho ($123.36 in chips) 
I TAKE IT 85: posts small blind $0.50
paramourx: posts big blind $1
*** HOLE CARDS ***
BoyLoc0: folds 
philippk751: calls $1
coeeeelho: folds 
treds17: raises $3 to $4
I TAKE IT 85: folds 
paramourx: folds 
philippk751: folds 
Uncalled bet ($3) returned to treds17
treds17 collected $3.50 from pot
treds17: doesn't show hand 
*** SUMMARY ***
Total pot $3.50 | Rake $0 
Seat 1: treds17 (button) collected ($3.50)
Seat 2: I TAKE IT 85 (small blind) folded before Flop
Seat 3: paramourx (big blind) folded before Flop
Seat 4: BoyLoc0 folded before Flop (didn't bet)
Seat 5: philippk751 folded before Flop
Seat 6: coeeeelho folded before Flop (didn't bet)



PokerStars Hand #254595300539:  Hold'em No Limit ($0.50/$1.00 USD) - 2025/01/28 19:54:06 WET [2025/01/28 14:54:06 ET]
Table 'Thessalia' 6-max Seat #2 is the button
Seat 1: treds17 ($116.45 in chips) 
Seat 2: I TAKE IT 85 ($282.45 in chips) 
Seat 3: paramourx ($142.87 in chips) 
Seat 4: BoyLoc0 ($100 in chips) 
Seat 5: philippk751 ($76.22 in chips) 
Seat 6: coeeeelho ($123.36 in chips) 
paramourx: posts small blind $0.50
BoyLoc0: posts big blind $1
*** HOLE CARDS ***
philippk751: folds 
coeeeelho: raises $1.20 to $2.20
treds17: folds 
I TAKE IT 85: folds 
paramourx: folds 
BoyLoc0: folds 
Uncalled bet ($1.20) returned to coeeeelho
coeeeelho collected $2.50 from pot
*** SUMMARY ***
Total pot $2.50 | Rake $0 
Seat 1: treds17 folded before Flop (didn't bet)
Seat 2: I TAKE IT 85 (button) folded before Flop (didn't bet)
Seat 3: paramourx (small blind) folded before Flop
Seat 4: BoyLoc0 (big blind) folded before Flop
Seat 5: philippk751 folded before Flop (didn't bet)
Seat 6: coeeeelho collected ($2.50)



PokerStars Hand #254595304795:  Hold'em No Limit ($0.50/$1.00 USD) - 2025/01/28 19:54:19 WET [2025/01/28 14:54:19 ET]
Table 'Thessalia' 6-max Seat #3 is the button
Seat 1: treds17 ($116.45 in chips) 
Seat 2: I TAKE IT 85 ($282.45 in chips) 
Seat 3: paramourx ($142.37 in chips) 
Seat 4: BoyLoc0 ($100 in chips) 
Seat 5: philippk751 ($76.22 in chips) 
Seat 6: coeeeelho ($124.86 in chips) 
BoyLoc0: posts small blind $0.50
philippk751: posts big blind $1
*** HOLE CARDS ***
coeeeelho: folds 
treds17: folds 
I TAKE IT 85: folds 
paramourx: raises $2 to $3
BoyLoc0: raises $9 to $12
philippk751: folds 
paramourx: calls $9
*** FLOP *** [5h Kd 6h]
BoyLoc0: bets $7.84
paramourx: calls $7.84
*** TURN *** [5h Kd 6h] [As]
BoyLoc0: bets $26
paramourx: folds 
Uncalled bet ($26) returned to BoyLoc0
BoyLoc0 collected $38.65 from pot
BoyLoc0: doesn't show hand 
*** SUMMARY ***
Total pot $40.68 | Rake $2.03 
Board [5h Kd 6h As]
Seat 1: treds17 folded before Flop (didn't bet)
Seat 2: I TAKE IT 85 folded before Flop (didn't bet)
Seat 3: paramourx (button) folded on the Turn
Seat 4: BoyLoc0 (small blind) collected ($38.65)
Seat 5: philippk751 (big blind) folded before Flop
Seat 6: coeeeelho folded before Flop (didn't bet)



PokerStars Hand #254595327453:  Hold'em No Limit ($0.50/$1.00 USD) - 2025/01/28 19:55:41 WET [2025/01/28 14:55:41 ET]
Table 'Thessalia' 6-max Seat #4 is the button
Seat 1: treds17 ($116.45 in chips) 
Seat 2: I TAKE IT 85 ($282.45 in chips) 
Seat 3: paramourx ($122.53 in chips) 
Seat 4: BoyLoc0 ($118.81 in chips) 
Seat 5: philippk751 ($75.22 in chips) 
Seat 6: coeeeelho ($124.86 in chips) 
philippk751: posts small blind $0.50
coeeeelho: posts big blind $1
*** HOLE CARDS ***
treds17: folds 
I TAKE IT 85: folds 
paramourx: folds 
BoyLoc0: raises $1.50 to $2.50
philippk751: folds 
coeeeelho: folds 
Uncalled bet ($1.50) returned to BoyLoc0
BoyLoc0 collected $2.50 from pot
BoyLoc0: doesn't show hand 
*** SUMMARY ***
Total pot $2.50 | Rake $0 
Seat 1: treds17 folded before Flop (didn't bet)
Seat 2: I TAKE IT 85 folded before Flop (didn't bet)
Seat 3: paramourx folded before Flop (didn't bet)
Seat 4: BoyLoc0 (button) collected ($2.50)
Seat 5: philippk751 (small blind) folded before Flop
Seat 6: coeeeelho (big blind) folded before Flop



PokerStars Hand #254595332624:  Hold'em No Limit ($0.50/$1.00 USD) - 2025/01/28 19:56:03 WET [2025/01/28 14:56:03 ET]
Table 'Thessalia' 6-max Seat #5 is the button
Seat 1: treds17 ($116.45 in chips) 
Seat 2: I TAKE IT 85 ($282.45 in chips) 
Seat 3: paramourx ($122.53 in chips) 
Seat 4: BoyLoc0 ($120.31 in chips) 
Seat 5: philippk751 ($74.72 in chips) 
Seat 6: coeeeelho ($123.86 in chips) 
coeeeelho: posts small blind $0.50
treds17: posts big blind $1
*** HOLE CARDS ***
I TAKE IT 85: folds 
paramourx: folds 
BoyLoc0: raises $1.50 to $2.50
philippk751: folds 
coeeeelho: folds 
treds17: calls $1.50
*** FLOP *** [7d Qh Qs]
treds17: checks 
BoyLoc0: bets $1.72
treds17: folds 
Uncalled bet ($1.72) returned to BoyLoc0
BoyLoc0 collected $5.22 from pot
BoyLoc0: doesn't show hand 
*** SUMMARY ***
Total pot $5.50 | Rake $0.28 
Board [7d Qh Qs]
Seat 1: treds17 (big blind) folded on the Flop
Seat 2: I TAKE IT 85 folded before Flop (didn't bet)
Seat 3: paramourx folded before Flop (didn't bet)
Seat 4: BoyLoc0 collected ($5.22)
Seat 5: philippk751 (button) folded before Flop (didn't bet)
Seat 6: coeeeelho (small blind) folded before Flop



PokerStars Hand #254595339166:  Hold'em No Limit ($0.50/$1.00 USD) - 2025/01/28 19:56:32 WET [2025/01/28 14:56:32 ET]
Table 'Thessalia' 6-max Seat #6 is the button
Seat 1: treds17 ($113.95 in chips) 
Seat 2: I TAKE IT 85 ($282.45 in chips) 
Seat 3: paramourx ($122.53 in chips) 
Seat 4: BoyLoc0 ($123.03 in chips) 
Seat 5: philippk751 ($74.72 in chips) 
Seat 6: coeeeelho ($123.36 in chips) 
treds17: posts small blind $0.50
I TAKE IT 85: posts big blind $1
*** HOLE CARDS ***
paramourx: folds 
BoyLoc0: folds 
philippk751: folds 
coeeeelho: folds 
treds17: raises $2 to $3
I TAKE IT 85: folds 
Uncalled bet ($2) returned to treds17
treds17 collected $2 from pot
treds17: doesn't show hand 
*** SUMMARY ***
Total pot $2 | Rake $0 
Seat 1: treds17 (small blind) collected ($2)
Seat 2: I TAKE IT 85 (big blind) folded before Flop
Seat 3: paramourx folded before Flop (didn't bet)
Seat 4: BoyLoc0 folded before Flop (didn't bet)
Seat 5: philippk751 folded before Flop (didn't bet)
Seat 6: coeeeelho (button) folded before Flop (didn't bet)



PokerStars Hand #254595346019:  Hold'em No Limit ($0.50/$1.00 USD) - 2025/01/28 19:57:01 WET [2025/01/28 14:57:01 ET]
Table 'Thessalia' 6-max Seat #1 is the button
Seat 1: treds17 ($114.95 in chips) 
Seat 2: I TAKE IT 85 ($281.45 in chips) 
Seat 3: paramourx ($122.53 in chips) 
Seat 4: BoyLoc0 ($123.03 in chips) 
Seat 5: philippk751 ($74.72 in chips) 
Seat 6: coeeeelho ($123.36 in chips) 
I TAKE IT 85: posts small blind $0.50
paramourx: posts big blind $1
*** HOLE CARDS ***
BoyLoc0: folds 
philippk751: calls $1
coeeeelho: raises $3.20 to $4.20
treds17: folds 
I TAKE IT 85: folds 
paramourx: folds 
philippk751: folds 
Uncalled bet ($3.20) returned to coeeeelho
coeeeelho collected $3.50 from pot
*** SUMMARY ***
Total pot $3.50 | Rake $0 
Seat 1: treds17 (button) folded before Flop (didn't bet)
Seat 2: I TAKE IT 85 (small blind) folded before Flop
Seat 3: paramourx (big blind) folded before Flop
Seat 4: BoyLoc0 folded before Flop (didn't bet)
Seat 5: philippk751 folded before Flop
Seat 6: coeeeelho collected ($3.50)



PokerStars Hand #254595353891:  Hold'em No Limit ($0.50/$1.00 USD) - 2025/01/28 19:57:34 WET [2025/01/28 14:57:34 ET]
Table 'Thessalia' 6-max Seat #2 is the button
Seat 1: treds17 ($114.95 in chips) 
Seat 2: I TAKE IT 85 ($280.95 in chips) 
Seat 3: paramourx ($121.53 in chips) 
Seat 4: BoyLoc0 ($123.03 in chips) 
Seat 5: philippk751 ($73.72 in chips) 
Seat 6: coeeeelho ($125.86 in chips) 
paramourx: posts small blind $0.50
BoyLoc0: posts big blind $1
*** HOLE CARDS ***
philippk751: folds 
coeeeelho: folds 
treds17: raises $1.30 to $2.30
I TAKE IT 85: raises $5.49 to $7.79
paramourx: folds 
BoyLoc0: folds 
treds17: folds 
Uncalled bet ($5.49) returned to I TAKE IT 85
I TAKE IT 85 collected $6.10 from pot
I TAKE IT 85: doesn't show hand 
*** SUMMARY ***
Total pot $6.10 | Rake $0 
Seat 1: treds17 folded before Flop
Seat 2: I TAKE IT 85 (button) collected ($6.10)
Seat 3: paramourx (small blind) folded before Flop
Seat 4: BoyLoc0 (big blind) folded before Flop
Seat 5: philippk751 folded before Flop (didn't bet)
Seat 6: coeeeelho folded before Flop (didn't bet)



PokerStars Hand #254595359139:  Hold'em No Limit ($0.50/$1.00 USD) - 2025/01/28 19:57:57 WET [2025/01/28 14:57:57 ET]
Table 'Thessalia' 6-max Seat #3 is the button
Seat 1: treds17 ($112.65 in chips) 
Seat 2: I TAKE IT 85 ($284.75 in chips) 
Seat 3: paramourx ($121.03 in chips) 
Seat 4: BoyLoc0 ($122.03 in chips) 
Seat 5: philippk751 ($73.72 in chips) 
Seat 6: coeeeelho ($125.86 in chips) 
BoyLoc0: posts small blind $0.50
philippk751: posts big blind $1
*** HOLE CARDS ***
coeeeelho: folds 
treds17: raises $1.20 to $2.20
I TAKE IT 85: folds 
paramourx: folds 
BoyLoc0: folds 
philippk751: calls $1.20
*** FLOP *** [8s Qc 5s]
philippk751: checks 
treds17: bets $1.40
philippk751: folds 
Uncalled bet ($1.40) returned to treds17
treds17 collected $4.66 from pot
treds17: doesn't show hand 
*** SUMMARY ***
Total pot $4.90 | Rake $0.24 
Board [8s Qc 5s]
Seat 1: treds17 collected ($4.66)
Seat 2: I TAKE IT 85 folded before Flop (didn't bet)
Seat 3: paramourx (button) folded before Flop (didn't bet)
Seat 4: BoyLoc0 (small blind) folded before Flop
Seat 5: philippk751 (big blind) folded on the Flop
Seat 6: coeeeelho folded before Flop (didn't bet)



PokerStars Hand #254595366766:  Hold'em No Limit ($0.50/$1.00 USD) - 2025/01/28 19:58:29 WET [2025/01/28 14:58:29 ET]
Table 'Thessalia' 6-max Seat #4 is the button
Seat 1: treds17 ($115.11 in chips) 
Seat 2: I TAKE IT 85 ($284.75 in chips) 
Seat 3: paramourx ($121.03 in chips) 
Seat 4: BoyLoc0 ($121.53 in chips) 
Seat 5: philippk751 ($71.52 in chips) 
Seat 6: coeeeelho ($125.86 in chips) 
philippk751: posts small blind $0.50
coeeeelho: posts big blind $1
*** HOLE CARDS ***
treds17: folds 
I TAKE IT 85: folds 
paramourx: folds 
BoyLoc0: folds 
philippk751: folds 
Uncalled bet ($0.50) returned to coeeeelho
coeeeelho collected $1 from pot
*** SUMMARY ***
Total pot $1 | Rake $0 
Seat 1: treds17 folded before Flop (didn't bet)
Seat 2: I TAKE IT 85 folded before Flop (didn't bet)
Seat 3: paramourx folded before Flop (didn't bet)
Seat 4: BoyLoc0 (button) folded before Flop (didn't bet)
Seat 5: philippk751 (small blind) folded before Flop
Seat 6: coeeeelho (big blind) collected ($1)



PokerStars Hand #254595369271:  Hold'em No Limit ($0.50/$1.00 USD) - 2025/01/28 19:58:40 WET [2025/01/28 14:58:40 ET]
Table 'Thessalia' 6-max Seat #5 is the button
Seat 1: treds17 ($115.11 in chips) 
Seat 2: I TAKE IT 85 ($284.75 in chips) 
Seat 3: paramourx ($121.03 in chips) 
Seat 4: BoyLoc0 ($121.53 in chips) 
Seat 5: philippk751 ($71.02 in chips) 
Seat 6: coeeeelho ($126.36 in chips) 
coeeeelho: posts small blind $0.50
treds17: posts big blind $1
*** HOLE CARDS ***
I TAKE IT 85: folds 
paramourx: folds 
BoyLoc0: folds 
philippk751: folds 
coeeeelho: raises $2 to $3
treds17: folds 
Uncalled bet ($2) returned to coeeeelho
coeeeelho collected $2 from pot
*** SUMMARY ***
Total pot $2 | Rake $0 
Seat 1: treds17 (big blind) folded before Flop
Seat 2: I TAKE IT 85 folded before Flop (didn't bet)
Seat 3: paramourx folded before Flop (didn't bet)
Seat 4: BoyLoc0 folded before Flop (didn't bet)
Seat 5: philippk751 (button) folded before Flop (didn't bet)
Seat 6: coeeeelho (small blind) collected ($2)



PokerStars Hand #254595373059:  Hold'em No Limit ($0.50/$1.00 USD) - 2025/01/28 19:58:56 WET [2025/01/28 14:58:56 ET]
Table 'Thessalia' 6-max Seat #6 is the button
Seat 1: treds17 ($114.11 in chips) 
Seat 2: I TAKE IT 85 ($284.75 in chips) 
Seat 3: paramourx ($121.03 in chips) 
Seat 4: BoyLoc0 ($121.53 in chips) 
Seat 5: philippk751 ($71.02 in chips) 
Seat 6: coeeeelho ($127.36 in chips) 
treds17: posts small blind $0.50
I TAKE IT 85: posts big blind $1
*** HOLE CARDS ***
paramourx: folds 
BoyLoc0: raises $1.50 to $2.50
philippk751: folds 
coeeeelho: folds 
treds17: folds 
paramourx is disconnected 
I TAKE IT 85: folds 
Uncalled bet ($1.50) returned to BoyLoc0
BoyLoc0 collected $2.50 from pot
BoyLoc0: doesn't show hand 
*** SUMMARY ***
Total pot $2.50 | Rake $0 
Seat 1: treds17 (small blind) folded before Flop
Seat 2: I TAKE IT 85 (big blind) folded before Flop
Seat 3: paramourx folded before Flop (didn't bet)
Seat 4: BoyLoc0 collected ($2.50)
Seat 5: philippk751 folded before Flop (didn't bet)
Seat 6: coeeeelho (button) folded before Flop (didn't bet)



PokerStars Hand #254595376200:  Hold'em No Limit ($0.50/$1.00 USD) - 2025/01/28 19:59:10 WET [2025/01/28 14:59:10 ET]
Table 'Thessalia' 6-max Seat #1 is the button
Seat 3: paramourx ($121.03 in chips) is sitting out
Seat 1: treds17 ($113.61 in chips) 
Seat 2: I TAKE IT 85 ($283.75 in chips) 
Seat 4: BoyLoc0 ($123.03 in chips) 
Seat 5: philippk751 ($71.02 in chips) 
Seat 6: coeeeelho ($127.36 in chips) 
I TAKE IT 85: posts small blind $0.50
paramourx has timed out while disconnected
paramourx: is sitting out 
BoyLoc0: posts big blind $1
*** HOLE CARDS ***
philippk751: calls $1
coeeeelho: folds 
treds17: raises $3 to $4
I TAKE IT 85: folds 
BoyLoc0: calls $3
philippk751: calls $3
*** FLOP *** [Ts Js Kc]
BoyLoc0: checks 
philippk751: checks 
treds17: bets $8.91
paramourx is disconnected 
BoyLoc0: folds 
philippk751: calls $8.91
*** TURN *** [Ts Js Kc] [3d]
philippk751: checks 
treds17: bets $17.91
philippk751: calls $17.91
*** RIVER *** [Ts Js Kc 3d] [5h]
philippk751: checks 
treds17: bets $82.79 and is all-in
philippk751: folds 
Uncalled bet ($82.79) returned to treds17
treds17 collected $63.64 from pot
*** SUMMARY ***
Total pot $66.14 | Rake $2.50 
Board [Ts Js Kc 3d 5h]
Seat 3: paramourx
Seat 1: treds17 (button) collected ($63.64)
Seat 2: I TAKE IT 85 (small blind) folded before Flop
Seat 4: BoyLoc0 (big blind) folded on the Flop
Seat 5: philippk751 folded on the River
Seat 6: coeeeelho folded before Flop (didn't bet)



PokerStars Hand #254595535238:  Hold'em No Limit ($0.50/$1.00 USD) - 2025/01/28 20:07:54 WET [2025/01/28 15:07:54 ET]
Table 'Thessalia' 6-max Seat #6 is the button
Seat 1: treds17 ($194.39 in chips) is sitting out
Seat 2: I TAKE IT 85 ($283.95 in chips) 
Seat 3: BGS013 ($100 in chips) 
Seat 4: BoyLoc0 ($125.65 in chips) 
Seat 5: philippk751 ($137.45 in chips) 
Seat 6: coeeeelho ($106.74 in chips) 
I TAKE IT 85: posts small blind $0.50
BGS013: posts big blind $1
*** HOLE CARDS ***
BoyLoc0: folds 
philippk751: calls $1
coeeeelho: raises $3.20 to $4.20
I TAKE IT 85: folds 
BoyLoc0 is disconnected 
BGS013: raises $11.30 to $15.50
philippk751: folds 
coeeeelho: folds 
Uncalled bet ($11.30) returned to BGS013
BGS013 collected $9.90 from pot
BGS013: doesn't show hand 
*** SUMMARY ***
Total pot $9.90 | Rake $0 
Seat 1: treds17
Seat 2: I TAKE IT 85 (small blind) folded before Flop
Seat 3: BGS013 (big blind) collected ($9.90)
Seat 4: BoyLoc0 folded before Flop (didn't bet)
Seat 5: philippk751 folded before Flop
Seat 6: coeeeelho (button) folded before Flop



PokerStars Hand #254595541904:  Hold'em No Limit ($0.50/$1.00 USD) - 2025/01/28 20:08:16 WET [2025/01/28 15:08:16 ET]
Table 'Thessalia' 6-max Seat #2 is the button
Seat 1: treds17 ($194.39 in chips) is sitting out
Seat 4: BoyLoc0 ($125.65 in chips) is sitting out
Seat 2: I TAKE IT 85 ($283.45 in chips) 
Seat 3: BGS013 ($105.70 in chips) 
Seat 5: philippk751 ($136.45 in chips) 
Seat 6: coeeeelho ($102.54 in chips) 
BGS013: posts small blind $0.50
BoyLoc0 has timed out while disconnected
BoyLoc0: is sitting out 
philippk751: posts big blind $1
treds17: sits out 
*** HOLE CARDS ***
coeeeelho: folds 
I TAKE IT 85: folds 
BGS013: raises $2 to $3
philippk751: calls $2
*** FLOP *** [5d Ad 2c]
BGS013: bets $1.48
philippk751: calls $1.48
*** TURN *** [5d Ad 2c] [Qs]
BGS013: checks 
philippk751: checks 
*** RIVER *** [5d Ad 2c Qs] [2d]
BGS013: bets $6.64
philippk751: folds 
Uncalled bet ($6.64) returned to BGS013
BGS013 collected $8.51 from pot
BGS013: doesn't show hand 
*** SUMMARY ***
Total pot $8.96 | Rake $0.45 
Board [5d Ad 2c Qs 2d]
Seat 1: treds17
Seat 4: BoyLoc0
Seat 2: I TAKE IT 85 (button) folded before Flop (didn't bet)
Seat 3: BGS013 (small blind) collected ($8.51)
Seat 5: philippk751 (big blind) folded on the River
Seat 6: coeeeelho folded before Flop (didn't bet)



PokerStars Hand #254595550972:  Hold'em No Limit ($0.50/$1.00 USD) - 2025/01/28 20:08:51 WET [2025/01/28 15:08:51 ET]
Table 'Thessalia' 6-max Seat #3 is the button
Seat 1: treds17 ($194.39 in chips) is sitting out
Seat 4: BoyLoc0 ($125.65 in chips) is sitting out
Seat 2: I TAKE IT 85 ($283.45 in chips) 
Seat 3: BGS013 ($109.73 in chips) 
Seat 5: philippk751 ($131.97 in chips) 
Seat 6: coeeeelho ($102.54 in chips) 
philippk751: posts small blind $0.50
coeeeelho: posts big blind $1
treds17: sits out 
*** HOLE CARDS ***
I TAKE IT 85: folds 
BGS013: raises $1.50 to $2.50
philippk751: folds 
coeeeelho: folds 
Uncalled bet ($1.50) returned to BGS013
BGS013 collected $2.50 from pot
BGS013: doesn't show hand 
*** SUMMARY ***
Total pot $2.50 | Rake $0 
Seat 1: treds17
Seat 4: BoyLoc0
Seat 2: I TAKE IT 85 folded before Flop (didn't bet)
Seat 3: BGS013 (button) collected ($2.50)
Seat 5: philippk751 (small blind) folded before Flop
Seat 6: coeeeelho (big blind) folded before Flop



PokerStars Hand #254595556342:  Hold'em No Limit ($0.50/$1.00 USD) - 2025/01/28 20:09:05 WET [2025/01/28 15:09:05 ET]
Table 'Thessalia' 6-max Seat #5 is the button
Seat 4: BoyLoc0 ($125.65 in chips) is sitting out
Seat 1: treds17 ($194.39 in chips) 
Seat 2: I TAKE IT 85 ($283.45 in chips) 
Seat 3: BGS013 ($111.23 in chips) 
Seat 5: philippk751 ($131.47 in chips) 
Seat 6: coeeeelho ($101.54 in chips) 
coeeeelho: posts small blind $0.50
treds17: posts big blind $1
BoyLoc0: sits out 
*** HOLE CARDS ***
I TAKE IT 85: raises $1.05 to $2.05
BGS013: folds 
philippk751: folds 
coeeeelho: folds 
treds17: calls $1.05
*** FLOP *** [Qd 8s Jd]
treds17: checks 
I TAKE IT 85: checks 
*** TURN *** [Qd 8s Jd] [Ts]
treds17: checks 
I TAKE IT 85: bets $4.59
treds17: calls $4.59
*** RIVER *** [Qd 8s Jd Ts] [Jh]
treds17: checks 
I TAKE IT 85: bets $19.63
treds17: calls $19.63
*** SHOW DOWN ***
I TAKE IT 85: shows [Ac Ks] (a straight, Ten to Ace)
treds17: mucks hand 
I TAKE IT 85 collected $50.54 from pot
*** SUMMARY ***
Total pot $53.04 | Rake $2.50 
Board [Qd 8s Jd Ts Jh]
Seat 4: BoyLoc0
Seat 1: treds17 (big blind) mucked
Seat 2: I TAKE IT 85 showed [Ac Ks] and won ($50.54) with a straight, Ten to Ace
Seat 3: BGS013 folded before Flop (didn't bet)
Seat 5: philippk751 (button) folded before Flop (didn't bet)
Seat 6: coeeeelho (small blind) folded before Flop



PokerStars Hand #254595592010:  Hold'em No Limit ($0.50/$1.00 USD) - 2025/01/28 20:10:31 WET [2025/01/28 15:10:31 ET]
Table 'Thessalia' 6-max Seat #6 is the button
Seat 4: BoyLoc0 ($125.65 in chips) is sitting out
Seat 1: treds17 ($168.12 in chips) 
Seat 2: I TAKE IT 85 ($307.72 in chips) 
Seat 3: BGS013 ($111.23 in chips) 
Seat 5: philippk751 ($131.47 in chips) 
Seat 6: coeeeelho ($101.04 in chips) 
treds17: posts small blind $0.50
I TAKE IT 85: posts big blind $1
BoyLoc0: sits out 
*** HOLE CARDS ***
BGS013: folds 
philippk751: folds 
coeeeelho: raises $1.50 to $2.50
treds17: raises $9.50 to $12
I TAKE IT 85: folds 
coeeeelho: calls $9.50
*** FLOP *** [6s 7c Th]
treds17: checks 
coeeeelho: checks 
*** TURN *** [6s 7c Th] [5d]
treds17: checks 
coeeeelho: checks 
*** RIVER *** [6s 7c Th 5d] [Kd]
treds17: bets $7.13
coeeeelho: folds 
Uncalled bet ($7.13) returned to treds17
treds17 collected $23.75 from pot
treds17: doesn't show hand 
*** SUMMARY ***
Total pot $25 | Rake $1.25 
Board [6s 7c Th 5d Kd]
Seat 4: BoyLoc0
Seat 1: treds17 (small blind) collected ($23.75)
Seat 2: I TAKE IT 85 (big blind) folded before Flop
Seat 3: BGS013 folded before Flop (didn't bet)
Seat 5: philippk751 folded before Flop (didn't bet)
Seat 6: coeeeelho (button) folded on the River



PokerStars Hand #254595619182:  Hold'em No Limit ($0.50/$1.00 USD) - 2025/01/28 20:11:47 WET [2025/01/28 15:11:47 ET]
Table 'Thessalia' 6-max Seat #1 is the button
Seat 4: BoyLoc0 ($125.65 in chips) is sitting out
Seat 1: treds17 ($179.87 in chips) 
Seat 2: I TAKE IT 85 ($306.72 in chips) 
Seat 3: BGS013 ($111.23 in chips) 
Seat 5: philippk751 ($131.47 in chips) 
Seat 6: coeeeelho ($100 in chips) 
I TAKE IT 85: posts small blind $0.50
BGS013: posts big blind $1
BoyLoc0: sits out 
*** HOLE CARDS ***
philippk751: calls $1
coeeeelho: folds 
treds17: raises $2.50 to $3.50
I TAKE IT 85: folds 
BGS013: folds 
philippk751: calls $2.50
*** FLOP *** [9c 8d 8h]
philippk751: checks 
treds17 is disconnected 
BGS013 is disconnected 
treds17 has timed out while disconnected
treds17: checks 
*** TURN *** [9c 8d 8h] [6c]
philippk751: checks 
treds17 is connected 
treds17: bets $4.85
philippk751: folds 
Uncalled bet ($4.85) returned to treds17
treds17 collected $8.08 from pot
treds17: doesn't show hand 
*** SUMMARY ***
Total pot $8.50 | Rake $0.42 
Board [9c 8d 8h 6c]
Seat 4: BoyLoc0
Seat 1: treds17 (button) collected ($8.08)
Seat 2: I TAKE IT 85 (small blind) folded before Flop
Seat 3: BGS013 (big blind) folded before Flop
Seat 5: philippk751 folded on the Turn
Seat 6: coeeeelho folded before Flop (didn't bet)



PokerStars Hand #254595643614:  Hold'em No Limit ($0.50/$1.00 USD) - 2025/01/28 20:13:06 WET [2025/01/28 15:13:06 ET]
Table 'Thessalia' 6-max Seat #2 is the button
Seat 1: treds17 ($184.45 in chips) 
Seat 2: I TAKE IT 85 ($306.22 in chips) 
Seat 3: BGS013 ($110.23 in chips) 
Seat 4: BoyLoc0 ($125.65 in chips) 
Seat 5: philippk751 ($127.97 in chips) 
Seat 6: coeeeelho ($100 in chips) 
BGS013: posts small blind $0.50
BoyLoc0: posts big blind $1
*** HOLE CARDS ***
philippk751: folds 
coeeeelho: raises $1.20 to $2.20
treds17: folds 
I TAKE IT 85: raises $5.31 to $7.51
BGS013: folds 
BoyLoc0: folds 
coeeeelho: calls $5.31
*** FLOP *** [5h Qd Tc]
coeeeelho: checks 
I TAKE IT 85: bets $7.85
coeeeelho: folds 
Uncalled bet ($7.85) returned to I TAKE IT 85
I TAKE IT 85 collected $15.69 from pot
I TAKE IT 85: doesn't show hand 
*** SUMMARY ***
Total pot $16.52 | Rake $0.83 
Board [5h Qd Tc]
Seat 1: treds17 folded before Flop (didn't bet)
Seat 2: I TAKE IT 85 (button) collected ($15.69)
Seat 3: BGS013 (small blind) folded before Flop
Seat 4: BoyLoc0 (big blind) folded before Flop
Seat 5: philippk751 folded before Flop (didn't bet)
Seat 6: coeeeelho folded on the Flop



PokerStars Hand #254595659901:  Hold'em No Limit ($0.50/$1.00 USD) - 2025/01/28 20:13:45 WET [2025/01/28 15:13:45 ET]
Table 'Thessalia' 6-max Seat #3 is the button
Seat 1: treds17 ($184.45 in chips) 
Seat 2: I TAKE IT 85 ($314.40 in chips) 
Seat 3: BGS013 ($109.73 in chips) 
Seat 4: BoyLoc0 ($124.65 in chips) 
Seat 5: philippk751 ($127.97 in chips) 
Seat 6: coeeeelho ($100 in chips) 
BoyLoc0: posts small blind $0.50
philippk751: posts big blind $1
*** HOLE CARDS ***
coeeeelho: folds 
treds17: folds 
I TAKE IT 85: folds 
BGS013: folds 
BoyLoc0: raises $2 to $3
philippk751: folds 
Uncalled bet ($2) returned to BoyLoc0
BoyLoc0 collected $2 from pot
BoyLoc0: doesn't show hand 
*** SUMMARY ***
Total pot $2 | Rake $0 
Seat 1: treds17 folded before Flop (didn't bet)
Seat 2: I TAKE IT 85 folded before Flop (didn't bet)
Seat 3: BGS013 (button) folded before Flop (didn't bet)
Seat 4: BoyLoc0 (small blind) collected ($2)
Seat 5: philippk751 (big blind) folded before Flop
Seat 6: coeeeelho folded before Flop (didn't bet)



PokerStars Hand #254595669337:  Hold'em No Limit ($0.50/$1.00 USD) - 2025/01/28 20:14:07 WET [2025/01/28 15:14:07 ET]
Table 'Thessalia' 6-max Seat #4 is the button
Seat 1: treds17 ($184.45 in chips) 
Seat 2: I TAKE IT 85 ($314.40 in chips) 
Seat 3: BGS013 ($109.73 in chips) 
Seat 4: BoyLoc0 ($125.65 in chips) 
Seat 5: philippk751 ($126.97 in chips) 
Seat 6: coeeeelho ($100 in chips) 
philippk751: posts small blind $0.50
coeeeelho: posts big blind $1
*** HOLE CARDS ***
treds17: raises $1.50 to $2.50
I TAKE IT 85: folds 
BGS013: folds 
BoyLoc0: calls $2.50
philippk751: calls $2
coeeeelho: folds 
*** FLOP *** [5d Qd Ah]
philippk751: checks 
treds17: bets $3
BoyLoc0: folds 
philippk751: folds 
Uncalled bet ($3) returned to treds17
treds17 collected $8.08 from pot
treds17: doesn't show hand 
*** SUMMARY ***
Total pot $8.50 | Rake $0.42 
Board [5d Qd Ah]
Seat 1: treds17 collected ($8.08)
Seat 2: I TAKE IT 85 folded before Flop (didn't bet)
Seat 3: BGS013 folded before Flop (didn't bet)
Seat 4: BoyLoc0 (button) folded on the Flop
Seat 5: philippk751 (small blind) folded on the Flop
Seat 6: coeeeelho (big blind) folded before Flop



PokerStars Hand #254595684484:  Hold'em No Limit ($0.50/$1.00 USD) - 2025/01/28 20:14:43 WET [2025/01/28 15:14:43 ET]
Table 'Thessalia' 6-max Seat #5 is the button
Seat 1: treds17 ($190.03 in chips) 
Seat 2: I TAKE IT 85 ($314.40 in chips) 
Seat 3: BGS013 ($109.73 in chips) 
Seat 4: BoyLoc0 ($123.15 in chips) 
Seat 5: philippk751 ($124.47 in chips) 
Seat 6: coeeeelho ($100 in chips) 
coeeeelho: posts small blind $0.50
treds17: posts big blind $1
*** HOLE CARDS ***
I TAKE IT 85: raises $1.05 to $2.05
BGS013: folds 
BoyLoc0: folds 
philippk751: calls $2.05
coeeeelho: folds 
treds17: calls $1.05
*** FLOP *** [7d 6d Kd]
treds17: checks 
I TAKE IT 85: checks 
philippk751: checks 
*** TURN *** [7d 6d Kd] [6c]
treds17: checks 
I TAKE IT 85: checks 
philippk751: bets $2
treds17: folds 
I TAKE IT 85: calls $2
*** RIVER *** [7d 6d Kd 6c] [Jh]
I TAKE IT 85: checks 
philippk751: checks 
*** SHOW DOWN ***
I TAKE IT 85: shows [9h 8h] (a pair of Sixes)
philippk751: shows [Kc Qh] (two pair, Kings and Sixes)
philippk751 collected $9.99 from pot
*** SUMMARY ***
Total pot $10.65 | Rake $0.66 
Board [7d 6d Kd 6c Jh]
Seat 1: treds17 (big blind) folded on the Turn
Seat 2: I TAKE IT 85 showed [9h 8h] and lost with a pair of Sixes
Seat 3: BGS013 folded before Flop (didn't bet)
Seat 4: BoyLoc0 folded before Flop (didn't bet)
Seat 5: philippk751 (button) showed [Kc Qh] and won ($9.99) with two pair, Kings and Sixes
Seat 6: coeeeelho (small blind) folded before Flop



PokerStars Hand #254595711494:  Hold'em No Limit ($0.50/$1.00 USD) - 2025/01/28 20:15:54 WET [2025/01/28 15:15:54 ET]
Table 'Thessalia' 6-max Seat #6 is the button
Seat 1: treds17 ($187.98 in chips) 
Seat 2: I TAKE IT 85 ($310.35 in chips) 
Seat 3: BGS013 ($109.73 in chips) 
Seat 4: BoyLoc0 ($123.15 in chips) 
Seat 5: philippk751 ($130.41 in chips) 
Seat 6: coeeeelho ($100 in chips) 
treds17: posts small blind $0.50
I TAKE IT 85: posts big blind $1
*** HOLE CARDS ***
BGS013: folds 
BoyLoc0: folds 
philippk751: folds 
coeeeelho: raises $1.50 to $2.50
treds17: folds 
I TAKE IT 85: calls $1.50
*** FLOP *** [Jh Jc 7c]
I TAKE IT 85: checks 
coeeeelho: bets $1.72
philippk751 is disconnected 
I TAKE IT 85: raises $5.16 to $6.88
coeeeelho: raises $12.12 to $19
I TAKE IT 85: calls $12.12
*** TURN *** [Jh Jc 7c] [Qc]
I TAKE IT 85: checks 
coeeeelho: checks 
*** RIVER *** [Jh Jc 7c Qc] [6s]
I TAKE IT 85: bets $10.33
coeeeelho: folds 
Uncalled bet ($10.33) returned to I TAKE IT 85
I TAKE IT 85 collected $41.32 from pot
I TAKE IT 85: doesn't show hand 
*** SUMMARY ***
Total pot $43.50 | Rake $2.18 
Board [Jh Jc 7c Qc 6s]
Seat 1: treds17 (small blind) folded before Flop
Seat 2: I TAKE IT 85 (big blind) collected ($41.32)
Seat 3: BGS013 folded before Flop (didn't bet)
Seat 4: BoyLoc0 folded before Flop (didn't bet)
Seat 5: philippk751 folded before Flop (didn't bet)
Seat 6: coeeeelho (button) folded on the River



PokerStars Hand #254595736708:  Hold'em No Limit ($0.50/$1.00 USD) - 2025/01/28 20:17:10 WET [2025/01/28 15:17:10 ET]
Table 'Thessalia' 6-max Seat #1 is the button
Seat 1: treds17 ($187.48 in chips) 
Seat 2: I TAKE IT 85 ($330.17 in chips) 
Seat 3: BGS013 ($109.73 in chips) 
Seat 4: BoyLoc0 ($123.15 in chips) 
Seat 5: philippk751 ($130.41 in chips) 
Seat 6: coeeeelho ($100 in chips) 
I TAKE IT 85: posts small blind $0.50
BGS013: posts big blind $1
*** HOLE CARDS ***
BoyLoc0: raises $1.50 to $2.50
philippk751: folds 
coeeeelho: folds 
treds17: folds 
I TAKE IT 85: folds 
BGS013: folds 
Uncalled bet ($1.50) returned to BoyLoc0
BoyLoc0 collected $2.50 from pot
BoyLoc0: doesn't show hand 
*** SUMMARY ***
Total pot $2.50 | Rake $0 
Seat 1: treds17 (button) folded before Flop (didn't bet)
Seat 2: I TAKE IT 85 (small blind) folded before Flop
Seat 3: BGS013 (big blind) folded before Flop
Seat 4: BoyLoc0 collected ($2.50)
Seat 5: philippk751 folded before Flop (didn't bet)
Seat 6: coeeeelho folded before Flop (didn't bet)



PokerStars Hand #254595743708:  Hold'em No Limit ($0.50/$1.00 USD) - 2025/01/28 20:17:27 WET [2025/01/28 15:17:27 ET]
Table 'Thessalia' 6-max Seat #2 is the button
Seat 1: treds17 ($187.48 in chips) 
Seat 2: I TAKE IT 85 ($329.67 in chips) 
Seat 3: BGS013 ($108.73 in chips) 
Seat 4: BoyLoc0 ($124.65 in chips) 
Seat 5: philippk751 ($130.41 in chips) 
Seat 6: coeeeelho ($100 in chips) 
BGS013: posts small blind $0.50
BoyLoc0: posts big blind $1
*** HOLE CARDS ***
philippk751: calls $1
coeeeelho: folds 
treds17: raises $2.50 to $3.50
I TAKE IT 85: folds 
BGS013: folds 
BoyLoc0: folds 
philippk751: calls $2.50
*** FLOP *** [8s 5d 7d]
philippk751: checks 
treds17: checks 
*** TURN *** [8s 5d 7d] [2d]
philippk751: bets $2
treds17: calls $2
*** RIVER *** [8s 5d 7d 2d] [6s]
philippk751: bets $1
treds17: raises $10.41 to $11.41
philippk751: folds 
Uncalled bet ($10.41) returned to treds17
treds17 collected $13.78 from pot
treds17: doesn't show hand 
*** SUMMARY ***
Total pot $14.50 | Rake $0.72 
Board [8s 5d 7d 2d 6s]
Seat 1: treds17 collected ($13.78)
Seat 2: I TAKE IT 85 (button) folded before Flop (didn't bet)
Seat 3: BGS013 (small blind) folded before Flop
Seat 4: BoyLoc0 (big blind) folded before Flop
Seat 5: philippk751 folded on the River
Seat 6: coeeeelho folded before Flop (didn't bet)



PokerStars Hand #254595764042:  Hold'em No Limit ($0.50/$1.00 USD) - 2025/01/28 20:18:15 WET [2025/01/28 15:18:15 ET]
Table 'Thessalia' 6-max Seat #3 is the button
Seat 1: treds17 ($194.76 in chips) 
Seat 2: I TAKE IT 85 ($329.67 in chips) 
Seat 3: BGS013 ($108.23 in chips) 
Seat 4: BoyLoc0 ($123.65 in chips) 
Seat 5: philippk751 ($123.91 in chips) 
Seat 6: coeeeelho ($100 in chips) 
BoyLoc0: posts small blind $0.50
philippk751: posts big blind $1
*** HOLE CARDS ***
coeeeelho: folds 
treds17: folds 
I TAKE IT 85: folds 
BGS013: raises $1.50 to $2.50
BoyLoc0: raises $7.50 to $10
philippk751: folds 
BGS013: folds 
Uncalled bet ($7.50) returned to BoyLoc0
BoyLoc0 collected $6 from pot
BoyLoc0: doesn't show hand 
*** SUMMARY ***
Total pot $6 | Rake $0 
Seat 1: treds17 folded before Flop (didn't bet)
Seat 2: I TAKE IT 85 folded before Flop (didn't bet)
Seat 3: BGS013 (button) folded before Flop
Seat 4: BoyLoc0 (small blind) collected ($6)
Seat 5: philippk751 (big blind) folded before Flop
Seat 6: coeeeelho folded before Flop (didn't bet)



PokerStars Hand #254595771896:  Hold'em No Limit ($0.50/$1.00 USD) - 2025/01/28 20:18:33 WET [2025/01/28 15:18:33 ET]
Table 'Thessalia' 6-max Seat #4 is the button
Seat 6: coeeeelho ($100 in chips) is sitting out
Seat 1: treds17 ($194.76 in chips) 
Seat 2: I TAKE IT 85 ($329.67 in chips) 
Seat 3: BGS013 ($105.73 in chips) 
Seat 4: BoyLoc0 ($127.15 in chips) 
Seat 5: philippk751 ($122.91 in chips) 
philippk751: posts small blind $0.50
coeeeelho is disconnected 
coeeeelho has timed out while disconnected
coeeeelho: is sitting out 
treds17: posts big blind $1
*** HOLE CARDS ***
I TAKE IT 85: folds 
BGS013: folds 
BoyLoc0: raises $1.50 to $2.50
philippk751: folds 
treds17: calls $1.50
*** FLOP *** [9h Js Tc]
treds17: checks 
BoyLoc0: checks 
*** TURN *** [9h Js Tc] [7h]
treds17: checks 
BoyLoc0: bets $3.92
treds17: calls $3.92
*** RIVER *** [9h Js Tc 7h] [8s]
treds17: bets $18.50
BoyLoc0: folds 
Uncalled bet ($18.50) returned to treds17
treds17 collected $12.67 from pot
treds17: doesn't show hand 
*** SUMMARY ***
Total pot $13.34 | Rake $0.67 
Board [9h Js Tc 7h 8s]
Seat 6: coeeeelho
Seat 1: treds17 (big blind) collected ($12.67)
Seat 2: I TAKE IT 85 folded before Flop (didn't bet)
Seat 3: BGS013 folded before Flop (didn't bet)
Seat 4: BoyLoc0 (button) folded on the River
Seat 5: philippk751 (small blind) folded before Flop



PokerStars Hand #254595799930:  Hold'em No Limit ($0.50/$1.00 USD) - 2025/01/28 20:19:46 WET [2025/01/28 15:19:46 ET]
Table 'Thessalia' 6-max Seat #5 is the button
Seat 6: coeeeelho ($100 in chips) is sitting out
Seat 1: treds17 ($201.01 in chips) 
Seat 2: I TAKE IT 85 ($329.67 in chips) 
Seat 3: BGS013 ($105.73 in chips) 
Seat 4: BoyLoc0 ($120.73 in chips) 
Seat 5: philippk751 ($122.41 in chips) 
treds17: posts small blind $0.50
I TAKE IT 85: posts big blind $1
*** HOLE CARDS ***
BGS013: folds 
BoyLoc0: folds 
philippk751: calls $1
treds17: folds 
I TAKE IT 85: checks 
*** FLOP *** [3s 8s 3h]
I TAKE IT 85: checks 
philippk751: checks 
*** TURN *** [3s 8s 3h] [Jc]
I TAKE IT 85: checks 
philippk751: bets $1
I TAKE IT 85: folds 
Uncalled bet ($1) returned to philippk751
philippk751 collected $2.35 from pot
philippk751: doesn't show hand 
*** SUMMARY ***
Total pot $2.50 | Rake $0.15 
Board [3s 8s 3h Jc]
Seat 6: coeeeelho
Seat 1: treds17 (small blind) folded before Flop
Seat 2: I TAKE IT 85 (big blind) folded on the Turn
Seat 3: BGS013 folded before Flop (didn't bet)
Seat 4: BoyLoc0 folded before Flop (didn't bet)
Seat 5: philippk751 (button) collected ($2.35)



PokerStars Hand #254595811390:  Hold'em No Limit ($0.50/$1.00 USD) - 2025/01/28 20:20:19 WET [2025/01/28 15:20:19 ET]
Table 'Thessalia' 6-max Seat #1 is the button
Seat 6: coeeeelho ($100 in chips) is sitting out
Seat 1: treds17 ($200.51 in chips) 
Seat 2: I TAKE IT 85 ($328.67 in chips) 
Seat 3: BGS013 ($105.73 in chips) 
Seat 4: BoyLoc0 ($120.73 in chips) 
Seat 5: philippk751 ($123.76 in chips) 
I TAKE IT 85: posts small blind $0.50
BGS013: posts big blind $1
*** HOLE CARDS ***
BoyLoc0: raises $1.50 to $2.50
philippk751: folds 
treds17: folds 
I TAKE IT 85: folds 
BGS013: folds 
Uncalled bet ($1.50) returned to BoyLoc0
BoyLoc0 collected $2.50 from pot
BoyLoc0: doesn't show hand 
*** SUMMARY ***
Total pot $2.50 | Rake $0 
Seat 6: coeeeelho
Seat 1: treds17 (button) folded before Flop (didn't bet)
Seat 2: I TAKE IT 85 (small blind) folded before Flop
Seat 3: BGS013 (big blind) folded before Flop
Seat 4: BoyLoc0 collected ($2.50)
Seat 5: philippk751 folded before Flop (didn't bet)



PokerStars Hand #254595818183:  Hold'em No Limit ($0.50/$1.00 USD) - 2025/01/28 20:20:41 WET [2025/01/28 15:20:41 ET]
Table 'Thessalia' 6-max Seat #2 is the button
Seat 6: coeeeelho ($100 in chips) is sitting out
Seat 1: treds17 ($200.51 in chips) 
Seat 2: I TAKE IT 85 ($328.17 in chips) 
Seat 3: BGS013 ($104.73 in chips) 
Seat 4: BoyLoc0 ($122.23 in chips) 
Seat 5: philippk751 ($123.76 in chips) 
BGS013: posts small blind $0.50
BoyLoc0: posts big blind $1
*** HOLE CARDS ***
philippk751: folds 
treds17: folds 
I TAKE IT 85: raises $1.05 to $2.05
BGS013: folds 
BoyLoc0: folds 
Uncalled bet ($1.05) returned to I TAKE IT 85
I TAKE IT 85 collected $2.50 from pot
I TAKE IT 85: doesn't show hand 
*** SUMMARY ***
Total pot $2.50 | Rake $0 
Seat 6: coeeeelho
Seat 1: treds17 folded before Flop (didn't bet)
Seat 2: I TAKE IT 85 (button) collected ($2.50)
Seat 3: BGS013 (small blind) folded before Flop
Seat 4: BoyLoc0 (big blind) folded before Flop
Seat 5: philippk751 folded before Flop (didn't bet)



PokerStars Hand #254595827245:  Hold'em No Limit ($0.50/$1.00 USD) - 2025/01/28 20:21:11 WET [2025/01/28 15:21:11 ET]
Table 'Thessalia' 6-max Seat #3 is the button
Seat 6: coeeeelho ($100 in chips) is sitting out
Seat 1: treds17 ($200.51 in chips) 
Seat 2: I TAKE IT 85 ($329.67 in chips) 
Seat 3: BGS013 ($104.23 in chips) 
Seat 4: BoyLoc0 ($121.23 in chips) 
Seat 5: philippk751 ($123.76 in chips) 
BoyLoc0: posts small blind $0.50
philippk751: posts big blind $1
*** HOLE CARDS ***
treds17: raises $1.20 to $2.20
I TAKE IT 85: folds 
BGS013: folds 
BoyLoc0: folds 
philippk751: calls $1.20
*** FLOP *** [9c Jh 3s]
philippk751: bets $2
treds17: folds 
Uncalled bet ($2) returned to philippk751
philippk751 collected $4.60 from pot
*** SUMMARY ***
Total pot $4.90 | Rake $0.30 
Board [9c Jh 3s]
Seat 6: coeeeelho
Seat 1: treds17 folded on the Flop
Seat 2: I TAKE IT 85 folded before Flop (didn't bet)
Seat 3: BGS013 (button) folded before Flop (didn't bet)
Seat 4: BoyLoc0 (small blind) folded before Flop
Seat 5: philippk751 (big blind) collected ($4.60)



PokerStars Hand #254595836668:  Hold'em No Limit ($0.50/$1.00 USD) - 2025/01/28 20:21:36 WET [2025/01/28 15:21:36 ET]
Table 'Thessalia' 6-max Seat #4 is the button
Seat 6: coeeeelho ($100 in chips) is sitting out
Seat 1: treds17 ($198.31 in chips) 
Seat 2: I TAKE IT 85 ($329.67 in chips) 
Seat 3: BGS013 ($104.23 in chips) 
Seat 4: BoyLoc0 ($120.73 in chips) 
Seat 5: philippk751 ($126.16 in chips) 
philippk751: posts small blind $0.50
treds17: posts big blind $1
*** HOLE CARDS ***
I TAKE IT 85: folds 
BGS013: folds 
BoyLoc0: raises $1.50 to $2.50
philippk751: calls $2
treds17: raises $11.50 to $14
BoyLoc0: folds 
philippk751: folds 
Uncalled bet ($11.50) returned to treds17
treds17 collected $7.50 from pot
treds17: doesn't show hand 
*** SUMMARY ***
Total pot $7.50 | Rake $0 
Seat 6: coeeeelho
Seat 1: treds17 (big blind) collected ($7.50)
Seat 2: I TAKE IT 85 folded before Flop (didn't bet)
Seat 3: BGS013 folded before Flop (didn't bet)
Seat 4: BoyLoc0 (button) folded before Flop
Seat 5: philippk751 (small blind) folded before Flop



PokerStars Hand #254595850066:  Hold'em No Limit ($0.50/$1.00 USD) - 2025/01/28 20:22:07 WET [2025/01/28 15:22:07 ET]
Table 'Thessalia' 6-max Seat #5 is the button
Seat 6: coeeeelho ($100 in chips) is sitting out
Seat 1: treds17 ($203.31 in chips) 
Seat 2: I TAKE IT 85 ($329.67 in chips) 
Seat 3: BGS013 ($104.23 in chips) 
Seat 4: BoyLoc0 ($118.23 in chips) 
Seat 5: philippk751 ($123.66 in chips) 
treds17: posts small blind $0.50
I TAKE IT 85: posts big blind $1
*** HOLE CARDS ***
BGS013: folds 
BoyLoc0: folds 
philippk751: calls $1
treds17: calls $0.50
I TAKE IT 85: raises $4.50 to $5.50
philippk751: folds 
treds17: folds 
Uncalled bet ($4.50) returned to I TAKE IT 85
I TAKE IT 85 collected $3 from pot
I TAKE IT 85: doesn't show hand 
*** SUMMARY ***
Total pot $3 | Rake $0 
Seat 6: coeeeelho
Seat 1: treds17 (small blind) folded before Flop
Seat 2: I TAKE IT 85 (big blind) collected ($3)
Seat 3: BGS013 folded before Flop (didn't bet)
Seat 4: BoyLoc0 folded before Flop (didn't bet)
Seat 5: philippk751 (button) folded before Flop



PokerStars Hand #254595859367:  Hold'em No Limit ($0.50/$1.00 USD) - 2025/01/28 20:22:30 WET [2025/01/28 15:22:30 ET]
Table 'Thessalia' 6-max Seat #1 is the button
Seat 6: coeeeelho ($100 in chips) is sitting out
Seat 1: treds17 ($202.31 in chips) 
Seat 2: I TAKE IT 85 ($331.67 in chips) 
Seat 3: BGS013 ($104.23 in chips) 
Seat 4: BoyLoc0 ($118.23 in chips) 
Seat 5: philippk751 ($122.66 in chips) 
I TAKE IT 85: posts small blind $0.50
BGS013: posts big blind $1
*** HOLE CARDS ***
BoyLoc0: folds 
philippk751: folds 
treds17: folds 
I TAKE IT 85: folds 
Uncalled bet ($0.50) returned to BGS013
BGS013 collected $1 from pot
BGS013: doesn't show hand 
*** SUMMARY ***
Total pot $1 | Rake $0 
Seat 6: coeeeelho
Seat 1: treds17 (button) folded before Flop (didn't bet)
Seat 2: I TAKE IT 85 (small blind) folded before Flop
Seat 3: BGS013 (big blind) collected ($1)
Seat 4: BoyLoc0 folded before Flop (didn't bet)
Seat 5: philippk751 folded before Flop (didn't bet)



PokerStars Hand #254595868408:  Hold'em No Limit ($0.50/$1.00 USD) - 2025/01/28 20:22:51 WET [2025/01/28 15:22:51 ET]
Table 'Thessalia' 6-max Seat #2 is the button
Seat 6: coeeeelho ($100 in chips) is sitting out
Seat 1: treds17 ($202.31 in chips) 
Seat 2: I TAKE IT 85 ($331.17 in chips) 
Seat 3: BGS013 ($104.73 in chips) 
Seat 4: BoyLoc0 ($118.23 in chips) 
Seat 5: philippk751 ($122.66 in chips) 
BGS013: posts small blind $0.50
BoyLoc0: posts big blind $1
*** HOLE CARDS ***
philippk751: folds 
treds17: raises $1.30 to $2.30
I TAKE IT 85: folds 
BGS013: folds 
BoyLoc0: calls $1.30
*** FLOP *** [9s 2h 3s]
BoyLoc0: checks 
treds17: bets $3.63
BoyLoc0: calls $3.63
*** TURN *** [9s 2h 3s] [Th]
BoyLoc0: checks 
treds17: bets $20.47
BoyLoc0: folds 
Uncalled bet ($20.47) returned to treds17
treds17 collected $11.74 from pot
treds17: doesn't show hand 
*** SUMMARY ***
Total pot $12.36 | Rake $0.62 
Board [9s 2h 3s Th]
Seat 6: coeeeelho
Seat 1: treds17 collected ($11.74)
Seat 2: I TAKE IT 85 (button) folded before Flop (didn't bet)
Seat 3: BGS013 (small blind) folded before Flop
Seat 4: BoyLoc0 (big blind) folded on the Turn
Seat 5: philippk751 folded before Flop (didn't bet)



PokerStars Hand #254595889962:  Hold'em No Limit ($0.50/$1.00 USD) - 2025/01/28 20:23:47 WET [2025/01/28 15:23:47 ET]
Table 'Thessalia' 6-max Seat #3 is the button
Seat 6: coeeeelho ($100 in chips) is sitting out
Seat 1: treds17 ($208.12 in chips) 
Seat 2: I TAKE IT 85 ($331.17 in chips) 
Seat 3: BGS013 ($104.23 in chips) 
Seat 4: BoyLoc0 ($112.30 in chips) 
Seat 5: philippk751 ($122.66 in chips) 
BoyLoc0: posts small blind $0.50
philippk751: posts big blind $1
coeeeelho: sits out 
*** HOLE CARDS ***
treds17: raises $1.20 to $2.20
I TAKE IT 85: folds 
BGS013: folds 
BoyLoc0: raises $7.80 to $10
philippk751: folds 
treds17: folds 
Uncalled bet ($7.80) returned to BoyLoc0
BoyLoc0 collected $5.40 from pot
BoyLoc0: doesn't show hand 
*** SUMMARY ***
Total pot $5.40 | Rake $0 
Seat 6: coeeeelho
Seat 1: treds17 folded before Flop
Seat 2: I TAKE IT 85 folded before Flop (didn't bet)
Seat 3: BGS013 (button) folded before Flop (didn't bet)
Seat 4: BoyLoc0 (small blind) collected ($5.40)
Seat 5: philippk751 (big blind) folded before Flop



PokerStars Hand #254595896697:  Hold'em No Limit ($0.50/$1.00 USD) - 2025/01/28 20:24:05 WET [2025/01/28 15:24:05 ET]
Table 'Thessalia' 6-max Seat #4 is the button
Seat 1: treds17 ($205.92 in chips) 
Seat 2: I TAKE IT 85 ($331.17 in chips) 
Seat 3: BGS013 ($104.23 in chips) 
Seat 4: BoyLoc0 ($115.50 in chips) 
Seat 5: philippk751 ($121.66 in chips) 
Seat 6: coeeeelho ($100 in chips) 
philippk751: posts small blind $0.50
coeeeelho: posts big blind $1
*** HOLE CARDS ***
treds17: folds 
treds17 leaves the table
I TAKE IT 85: folds 
BGS013: folds 
BoyLoc0: folds 
philippk751: calls $0.50
coeeeelho: raises $4 to $5
philippk751: folds 
Uncalled bet ($4) returned to coeeeelho
coeeeelho collected $2 from pot
*** SUMMARY ***
Total pot $2 | Rake $0 
Seat 1: treds17 folded before Flop (didn't bet)
Seat 2: I TAKE IT 85 folded before Flop (didn't bet)
Seat 3: BGS013 folded before Flop (didn't bet)
Seat 4: BoyLoc0 (button) folded before Flop (didn't bet)
Seat 5: philippk751 (small blind) folded before Flop
Seat 6: coeeeelho (big blind) collected ($2)



PokerStars Hand #254595902698:  Hold'em No Limit ($0.50/$1.00 USD) - 2025/01/28 20:24:23 WET [2025/01/28 15:24:23 ET]
Table 'Thessalia' 6-max Seat #5 is the button
Seat 2: I TAKE IT 85 ($331.17 in chips) 
Seat 3: BGS013 ($104.23 in chips) 
Seat 4: BoyLoc0 ($115.50 in chips) 
Seat 5: philippk751 ($120.66 in chips) 
Seat 6: coeeeelho ($101 in chips) 
coeeeelho: posts small blind $0.50
I TAKE IT 85: posts big blind $1
*** HOLE CARDS ***
BGS013: folds 
aoish30 joins the table at seat #1 
BoyLoc0: raises $1.50 to $2.50
philippk751: folds 
coeeeelho: folds 
I TAKE IT 85: calls $1.50
*** FLOP *** [4s 9d 4h]
I TAKE IT 85: checks 
BoyLoc0: checks 
*** TURN *** [4s 9d 4h] [8d]
I TAKE IT 85: checks 
BoyLoc0: checks 
*** RIVER *** [4s 9d 4h 8d] [8s]
I TAKE IT 85: bets $1
BoyLoc0: calls $1
*** SHOW DOWN ***
I TAKE IT 85: shows [6c Ac] (two pair, Eights and Fours)
BoyLoc0: shows [Qs Ad] (two pair, Eights and Fours)
I TAKE IT 85 collected $3.56 from pot
BoyLoc0 collected $3.56 from pot
*** SUMMARY ***
Total pot $7.50 | Rake $0.38 
Board [4s 9d 4h 8d 8s]
Seat 2: I TAKE IT 85 (big blind) showed [6c Ac] and won ($3.56) with two pair, Eights and Fours
Seat 3: BGS013 folded before Flop (didn't bet)
Seat 4: BoyLoc0 showed [Qs Ad] and won ($3.56) with two pair, Eights and Fours
Seat 5: philippk751 (button) folded before Flop (didn't bet)
Seat 6: coeeeelho (small blind) folded before Flop



PokerStars Hand #254595918877:  Hold'em No Limit ($0.50/$1.00 USD) - 2025/01/28 20:25:12 WET [2025/01/28 15:25:12 ET]
Table 'Thessalia' 6-max Seat #6 is the button
Seat 1: aoish30 ($100 in chips) is sitting out
Seat 2: I TAKE IT 85 ($331.23 in chips) 
Seat 3: BGS013 ($104.23 in chips) 
Seat 4: BoyLoc0 ($115.56 in chips) 
Seat 5: philippk751 ($120.66 in chips) 
Seat 6: coeeeelho ($100.50 in chips) 
I TAKE IT 85: posts small blind $0.50
BGS013: posts big blind $1
*** HOLE CARDS ***
BoyLoc0: raises $1.50 to $2.50
philippk751: folds 
coeeeelho: folds 
I TAKE IT 85: folds 
BGS013: folds 
Uncalled bet ($1.50) returned to BoyLoc0
BoyLoc0 collected $2.50 from pot
BoyLoc0: doesn't show hand 
*** SUMMARY ***
Total pot $2.50 | Rake $0 
Seat 1: aoish30
Seat 2: I TAKE IT 85 (small blind) folded before Flop
Seat 3: BGS013 (big blind) folded before Flop
Seat 4: BoyLoc0 collected ($2.50)
Seat 5: philippk751 folded before Flop (didn't bet)
Seat 6: coeeeelho (button) folded before Flop (didn't bet)



PokerStars Hand #254595924324:  Hold'em No Limit ($0.50/$1.00 USD) - 2025/01/28 20:25:29 WET [2025/01/28 15:25:29 ET]
Table 'Thessalia' 6-max Seat #2 is the button
Seat 1: aoish30 ($100 in chips) is sitting out
Seat 2: I TAKE IT 85 ($330.73 in chips) 
Seat 3: BGS013 ($103.23 in chips) 
Seat 4: BoyLoc0 ($117.06 in chips) 
Seat 5: philippk751 ($120.66 in chips) 
Seat 6: coeeeelho ($100.50 in chips) 
BGS013: posts small blind $0.50
BoyLoc0: posts big blind $1
aoish30: sits out 
*** HOLE CARDS ***
philippk751: folds 
coeeeelho: raises $1.20 to $2.20
I TAKE IT 85: folds 
BGS013: folds 
BoyLoc0: folds 
Uncalled bet ($1.20) returned to coeeeelho
coeeeelho collected $2.50 from pot
*** SUMMARY ***
Total pot $2.50 | Rake $0 
Seat 1: aoish30
Seat 2: I TAKE IT 85 (button) folded before Flop (didn't bet)
Seat 3: BGS013 (small blind) folded before Flop
Seat 4: BoyLoc0 (big blind) folded before Flop
Seat 5: philippk751 folded before Flop (didn't bet)
Seat 6: coeeeelho collected ($2.50)



PokerStars Hand #254595932756:  Hold'em No Limit ($0.50/$1.00 USD) - 2025/01/28 20:25:57 WET [2025/01/28 15:25:57 ET]
Table 'Thessalia' 6-max Seat #3 is the button
Seat 1: aoish30 ($100 in chips) is sitting out
Seat 2: I TAKE IT 85 ($330.73 in chips) 
Seat 3: BGS013 ($102.73 in chips) 
Seat 4: BoyLoc0 ($116.06 in chips) 
Seat 5: philippk751 ($120.66 in chips) 
Seat 6: coeeeelho ($102 in chips) 
BoyLoc0: posts small blind $0.50
philippk751: posts big blind $1
aoish30: sits out 
*** HOLE CARDS ***
coeeeelho: folds 
I TAKE IT 85: folds 
BGS013: raises $1.50 to $2.50
BoyLoc0: folds 
philippk751: calls $1.50
*** FLOP *** [Kh Qh 5d]
philippk751: bets $1
BGS013: folds 
Uncalled bet ($1) returned to philippk751
philippk751 collected $5.15 from pot
*** SUMMARY ***
Total pot $5.50 | Rake $0.35 
Board [Kh Qh 5d]
Seat 1: aoish30
Seat 2: I TAKE IT 85 folded before Flop (didn't bet)
Seat 3: BGS013 (button) folded on the Flop
Seat 4: BoyLoc0 (small blind) folded before Flop
Seat 5: philippk751 (big blind) collected ($5.15)
Seat 6: coeeeelho folded before Flop (didn't bet)



PokerStars Hand #254595938579:  Hold'em No Limit ($0.50/$1.00 USD) - 2025/01/28 20:26:17 WET [2025/01/28 15:26:17 ET]
Table 'Thessalia' 6-max Seat #4 is the button
Seat 1: aoish30 ($100 in chips) is sitting out
Seat 2: I TAKE IT 85 ($330.73 in chips) 
Seat 3: BGS013 ($100.23 in chips) 
Seat 4: BoyLoc0 ($115.56 in chips) 
Seat 5: philippk751 ($123.31 in chips) 
Seat 6: coeeeelho ($102 in chips) 
philippk751: posts small blind $0.50
coeeeelho: posts big blind $1
aoish30: sits out 
*** HOLE CARDS ***
I TAKE IT 85: folds 
BGS013: raises $1.50 to $2.50
BoyLoc0: folds 
philippk751: folds 
coeeeelho: folds 
Uncalled bet ($1.50) returned to BGS013
BGS013 collected $2.50 from pot
BGS013: doesn't show hand 
*** SUMMARY ***
Total pot $2.50 | Rake $0 
Seat 1: aoish30
Seat 2: I TAKE IT 85 folded before Flop (didn't bet)
Seat 3: BGS013 collected ($2.50)
Seat 4: BoyLoc0 (button) folded before Flop (didn't bet)
Seat 5: philippk751 (small blind) folded before Flop
Seat 6: coeeeelho (big blind) folded before Flop



PokerStars Hand #254595942917:  Hold'em No Limit ($0.50/$1.00 USD) - 2025/01/28 20:26:33 WET [2025/01/28 15:26:33 ET]
Table 'Thessalia' 6-max Seat #5 is the button
Seat 1: aoish30 ($100 in chips) 
Seat 2: I TAKE IT 85 ($330.73 in chips) 
Seat 3: BGS013 ($101.73 in chips) 
Seat 4: BoyLoc0 ($115.56 in chips) 
Seat 5: philippk751 ($122.81 in chips) 
Seat 6: coeeeelho ($101 in chips) 
coeeeelho: posts small blind $0.50
aoish30: posts big blind $1
*** HOLE CARDS ***
I TAKE IT 85: raises $1.05 to $2.05
BGS013: folds 
BoyLoc0: folds 
philippk751: calls $2.05
coeeeelho: folds 
aoish30: folds 
*** FLOP *** [Ah 9s 8s]
I TAKE IT 85: checks 
philippk751: checks 
*** TURN *** [Ah 9s 8s] [8h]
I TAKE IT 85: checks 
philippk751: checks 
*** RIVER *** [Ah 9s 8s 8h] [Kh]
I TAKE IT 85: bets $1.60
philippk751: folds 
Uncalled bet ($1.60) returned to I TAKE IT 85
I TAKE IT 85 collected $5.32 from pot
I TAKE IT 85: doesn't show hand 
*** SUMMARY ***
Total pot $5.60 | Rake $0.28 
Board [Ah 9s 8s 8h Kh]
Seat 1: aoish30 (big blind) folded before Flop
Seat 2: I TAKE IT 85 collected ($5.32)
Seat 3: BGS013 folded before Flop (didn't bet)
Seat 4: BoyLoc0 folded before Flop (didn't bet)
Seat 5: philippk751 (button) folded on the River
Seat 6: coeeeelho (small blind) folded before Flop



PokerStars Hand #254595952813:  Hold'em No Limit ($0.50/$1.00 USD) - 2025/01/28 20:27:08 WET [2025/01/28 15:27:08 ET]
Table 'Thessalia' 6-max Seat #6 is the button
Seat 1: aoish30 ($100 in chips) 
Seat 2: I TAKE IT 85 ($334 in chips) 
Seat 3: BGS013 ($101.73 in chips) 
Seat 4: BoyLoc0 ($115.56 in chips) 
Seat 5: philippk751 ($120.76 in chips) 
Seat 6: coeeeelho ($100.50 in chips) 
aoish30: posts small blind $0.50
I TAKE IT 85: posts big blind $1
*** HOLE CARDS ***
BGS013: raises $1 to $2
BoyLoc0: folds 
philippk751: folds 
coeeeelho: folds 
aoish30: folds 
I TAKE IT 85: folds 
Uncalled bet ($1) returned to BGS013
BGS013 collected $2.50 from pot
BGS013: doesn't show hand 
*** SUMMARY ***
Total pot $2.50 | Rake $0 
Seat 1: aoish30 (small blind) folded before Flop
Seat 2: I TAKE IT 85 (big blind) folded before Flop
Seat 3: BGS013 collected ($2.50)
Seat 4: BoyLoc0 folded before Flop (didn't bet)
Seat 5: philippk751 folded before Flop (didn't bet)
Seat 6: coeeeelho (button) folded before Flop (didn't bet)



PokerStars Hand #254595958774:  Hold'em No Limit ($0.50/$1.00 USD) - 2025/01/28 20:27:30 WET [2025/01/28 15:27:30 ET]
Table 'Thessalia' 6-max Seat #1 is the button
Seat 1: aoish30 ($100 in chips) 
Seat 2: I TAKE IT 85 ($333 in chips) 
Seat 3: BGS013 ($103.23 in chips) 
Seat 4: BoyLoc0 ($115.56 in chips) 
Seat 5: philippk751 ($120.76 in chips) 
Seat 6: coeeeelho ($100.50 in chips) 
I TAKE IT 85: posts small blind $0.50
BGS013: posts big blind $1
*** HOLE CARDS ***
BoyLoc0: folds 
philippk751: folds 
coeeeelho: folds 
aoish30: raises $1.50 to $2.50
I TAKE IT 85: folds 
BGS013: folds 
Uncalled bet ($1.50) returned to aoish30
aoish30 collected $2.50 from pot
aoish30: doesn't show hand 
*** SUMMARY ***
Total pot $2.50 | Rake $0 
Seat 1: aoish30 (button) collected ($2.50)
Seat 2: I TAKE IT 85 (small blind) folded before Flop
Seat 3: BGS013 (big blind) folded before Flop
Seat 4: BoyLoc0 folded before Flop (didn't bet)
Seat 5: philippk751 folded before Flop (didn't bet)
Seat 6: coeeeelho folded before Flop (didn't bet)



PokerStars Hand #254595963443:  Hold'em No Limit ($0.50/$1.00 USD) - 2025/01/28 20:27:47 WET [2025/01/28 15:27:47 ET]
Table 'Thessalia' 6-max Seat #2 is the button
Seat 1: aoish30 ($101.50 in chips) 
Seat 2: I TAKE IT 85 ($332.50 in chips) 
Seat 3: BGS013 ($102.23 in chips) 
Seat 4: BoyLoc0 ($115.56 in chips) 
Seat 5: philippk751 ($120.76 in chips) 
Seat 6: coeeeelho ($100.50 in chips) 
BGS013: posts small blind $0.50
BoyLoc0: posts big blind $1
*** HOLE CARDS ***
philippk751: calls $1
coeeeelho: folds 
aoish30: folds 
I TAKE IT 85: folds 
BGS013: folds 
BoyLoc0: raises $4 to $5
philippk751: calls $4
*** FLOP *** [3h Jd 6d]
BoyLoc0: bets $7.49
philippk751: calls $7.49
*** TURN *** [3h Jd 6d] [8d]
BoyLoc0: bets $18.16
philippk751: folds 
Uncalled bet ($18.16) returned to BoyLoc0
BoyLoc0 collected $24.21 from pot
BoyLoc0: doesn't show hand 
*** SUMMARY ***
Total pot $25.48 | Rake $1.27 
Board [3h Jd 6d 8d]
Seat 1: aoish30 folded before Flop (didn't bet)
Seat 2: I TAKE IT 85 (button) folded before Flop (didn't bet)
Seat 3: BGS013 (small blind) folded before Flop
Seat 4: BoyLoc0 (big blind) collected ($24.21)
Seat 5: philippk751 folded on the Turn
Seat 6: coeeeelho folded before Flop (didn't bet)



PokerStars Hand #254595973194:  Hold'em No Limit ($0.50/$1.00 USD) - 2025/01/28 20:28:22 WET [2025/01/28 15:28:22 ET]
Table 'Thessalia' 6-max Seat #3 is the button
Seat 1: aoish30 ($101.50 in chips) 
Seat 2: I TAKE IT 85 ($332.50 in chips) 
Seat 3: BGS013 ($101.73 in chips) 
Seat 4: BoyLoc0 ($127.28 in chips) 
Seat 5: philippk751 ($108.27 in chips) 
Seat 6: coeeeelho ($100.50 in chips) 
BoyLoc0: posts small blind $0.50
philippk751: posts big blind $1
*** HOLE CARDS ***
coeeeelho: raises $1.10 to $2.10
aoish30: folds 
I TAKE IT 85: folds 
BGS013: raises $5.90 to $8
BoyLoc0: folds 
philippk751: folds 
coeeeelho: calls $5.90
*** FLOP *** [9h Kd 7d]
coeeeelho: checks 
BGS013: bets $4.32
coeeeelho: folds 
Uncalled bet ($4.32) returned to BGS013
BGS013 collected $16.62 from pot
BGS013: doesn't show hand 
*** SUMMARY ***
Total pot $17.50 | Rake $0.88 
Board [9h Kd 7d]
Seat 1: aoish30 folded before Flop (didn't bet)
Seat 2: I TAKE IT 85 folded before Flop (didn't bet)
Seat 3: BGS013 (button) collected ($16.62)
Seat 4: BoyLoc0 (small blind) folded before Flop
Seat 5: philippk751 (big blind) folded before Flop
Seat 6: coeeeelho folded on the Flop



PokerStars Hand #254595981383:  Hold'em No Limit ($0.50/$1.00 USD) - 2025/01/28 20:28:52 WET [2025/01/28 15:28:52 ET]
Table 'Thessalia' 6-max Seat #4 is the button
Seat 1: aoish30 ($101.50 in chips) 
Seat 2: I TAKE IT 85 ($332.50 in chips) 
Seat 3: BGS013 ($110.35 in chips) 
Seat 4: BoyLoc0 ($126.78 in chips) 
Seat 5: philippk751 ($107.27 in chips) 
Seat 6: coeeeelho ($100 in chips) 
philippk751: posts small blind $0.50
coeeeelho: posts big blind $1
*** HOLE CARDS ***
aoish30: folds 
I TAKE IT 85: folds 
BGS013: folds 
BoyLoc0: raises $1.50 to $2.50
philippk751: folds 
coeeeelho: folds 
Uncalled bet ($1.50) returned to BoyLoc0
BoyLoc0 collected $2.50 from pot
BoyLoc0: doesn't show hand 
*** SUMMARY ***
Total pot $2.50 | Rake $0 
Seat 1: aoish30 folded before Flop (didn't bet)
Seat 2: I TAKE IT 85 folded before Flop (didn't bet)
Seat 3: BGS013 folded before Flop (didn't bet)
Seat 4: BoyLoc0 (button) collected ($2.50)
Seat 5: philippk751 (small blind) folded before Flop
Seat 6: coeeeelho (big blind) folded before Flop



PokerStars Hand #254595988179:  Hold'em No Limit ($0.50/$1.00 USD) - 2025/01/28 20:29:16 WET [2025/01/28 15:29:16 ET]
Table 'Thessalia' 6-max Seat #5 is the button
Seat 1: aoish30 ($101.50 in chips) 
Seat 2: I TAKE IT 85 ($332.50 in chips) 
Seat 3: BGS013 ($110.35 in chips) 
Seat 4: BoyLoc0 ($128.28 in chips) 
Seat 5: philippk751 ($106.77 in chips) 
Seat 6: coeeeelho ($100 in chips) 
coeeeelho: posts small blind $0.50
aoish30: posts big blind $1
*** HOLE CARDS ***
I TAKE IT 85: folds 
BGS013: raises $1 to $2
BoyLoc0: folds 
philippk751: calls $2
coeeeelho: folds 
aoish30: folds 
*** FLOP *** [4d 6s 9h]
BGS013: checks 
philippk751: bets $2
BGS013: calls $2
*** TURN *** [4d 6s 9h] [Ad]
BGS013: checks 
philippk751: bets $2
BGS013: folds 
Uncalled bet ($2) returned to philippk751
philippk751 collected $8.90 from pot
*** SUMMARY ***
Total pot $9.50 | Rake $0.60 
Board [4d 6s 9h Ad]
Seat 1: aoish30 (big blind) folded before Flop
Seat 2: I TAKE IT 85 folded before Flop (didn't bet)
Seat 3: BGS013 folded on the Turn
Seat 4: BoyLoc0 folded before Flop (didn't bet)
Seat 5: philippk751 (button) collected ($8.90)
Seat 6: coeeeelho (small blind) folded before Flop



PokerStars Hand #254596005869:  Hold'em No Limit ($0.50/$1.00 USD) - 2025/01/28 20:30:18 WET [2025/01/28 15:30:18 ET]
Table 'Thessalia' 6-max Seat #6 is the button
Seat 1: aoish30 ($100.50 in chips) 
Seat 2: I TAKE IT 85 ($332.50 in chips) 
Seat 3: BGS013 ($106.35 in chips) 
Seat 4: BoyLoc0 ($128.28 in chips) 
Seat 5: philippk751 ($111.67 in chips) 
Seat 6: coeeeelho ($100 in chips) 
aoish30: posts small blind $0.50
I TAKE IT 85: posts big blind $1
*** HOLE CARDS ***
BGS013: folds 
BoyLoc0: folds 
philippk751: folds 
coeeeelho: raises $1.50 to $2.50
aoish30: folds 
I TAKE IT 85: folds 
Uncalled bet ($1.50) returned to coeeeelho
coeeeelho collected $2.50 from pot
*** SUMMARY ***
Total pot $2.50 | Rake $0 
Seat 1: aoish30 (small blind) folded before Flop
Seat 2: I TAKE IT 85 (big blind) folded before Flop
Seat 3: BGS013 folded before Flop (didn't bet)
Seat 4: BoyLoc0 folded before Flop (didn't bet)
Seat 5: philippk751 folded before Flop (didn't bet)
Seat 6: coeeeelho (button) collected ($2.50)



PokerStars Hand #254596015587:  Hold'em No Limit ($0.50/$1.00 USD) - 2025/01/28 20:30:51 WET [2025/01/28 15:30:51 ET]
Table 'Thessalia' 6-max Seat #1 is the button
Seat 1: aoish30 ($100 in chips) 
Seat 2: I TAKE IT 85 ($331.50 in chips) 
Seat 3: BGS013 ($106.35 in chips) 
Seat 4: BoyLoc0 ($128.28 in chips) 
Seat 5: philippk751 ($111.67 in chips) 
Seat 6: coeeeelho ($101.50 in chips) 
I TAKE IT 85: posts small blind $0.50
BGS013: posts big blind $1
*** HOLE CARDS ***
BoyLoc0: folds 
philippk751: calls $1
coeeeelho: folds 
aoish30: folds 
I TAKE IT 85: folds 
BGS013: checks 
*** FLOP *** [4c 9d Ts]
BGS013: checks 
philippk751: checks 
*** TURN *** [4c 9d Ts] [6c]
BGS013: checks 
philippk751: checks 
*** RIVER *** [4c 9d Ts 6c] [Tc]
BGS013: checks 
philippk751: checks 
*** SHOW DOWN ***
BGS013: shows [3c 9s] (two pair, Tens and Nines)
philippk751: mucks hand 
BGS013 collected $2.38 from pot
*** SUMMARY ***
Total pot $2.50 | Rake $0.12 
Board [4c 9d Ts 6c Tc]
Seat 1: aoish30 (button) folded before Flop (didn't bet)
Seat 2: I TAKE IT 85 (small blind) folded before Flop
Seat 3: BGS013 (big blind) showed [3c 9s] and won ($2.38) with two pair, Tens and Nines
Seat 4: BoyLoc0 folded before Flop (didn't bet)
Seat 5: philippk751 mucked
Seat 6: coeeeelho folded before Flop (didn't bet)



PokerStars Hand #254596025395:  Hold'em No Limit ($0.50/$1.00 USD) - 2025/01/28 20:31:24 WET [2025/01/28 15:31:24 ET]
Table 'Thessalia' 6-max Seat #2 is the button
Seat 1: aoish30 ($100 in chips) 
Seat 2: I TAKE IT 85 ($331 in chips) 
Seat 3: BGS013 ($107.73 in chips) 
Seat 4: BoyLoc0 ($128.28 in chips) 
Seat 5: philippk751 ($110.67 in chips) 
Seat 6: coeeeelho ($101.50 in chips) 
BGS013: posts small blind $0.50
BoyLoc0: posts big blind $1
*** HOLE CARDS ***
philippk751: folds 
coeeeelho: raises $1.10 to $2.10
aoish30: folds 
I TAKE IT 85: folds 
BGS013: folds 
BoyLoc0: calls $1.10
*** FLOP *** [Kh 4h Ts]
BoyLoc0: checks 
coeeeelho: bets $3.34
BoyLoc0: calls $3.34
*** TURN *** [Kh 4h Ts] [Jd]
BoyLoc0: checks 
coeeeelho: bets $8.11
BoyLoc0: folds 
Uncalled bet ($8.11) returned to coeeeelho
coeeeelho collected $10.81 from pot
*** SUMMARY ***
Total pot $11.38 | Rake $0.57 
Board [Kh 4h Ts Jd]
Seat 1: aoish30 folded before Flop (didn't bet)
Seat 2: I TAKE IT 85 (button) folded before Flop (didn't bet)
Seat 3: BGS013 (small blind) folded before Flop
Seat 4: BoyLoc0 (big blind) folded on the Turn
Seat 5: philippk751 folded before Flop (didn't bet)
Seat 6: coeeeelho collected ($10.81)



PokerStars Hand #254596042578:  Hold'em No Limit ($0.50/$1.00 USD) - 2025/01/28 20:32:21 WET [2025/01/28 15:32:21 ET]
Table 'Thessalia' 6-max Seat #3 is the button
Seat 1: aoish30 ($100 in chips) 
Seat 2: I TAKE IT 85 ($331 in chips) 
Seat 3: BGS013 ($107.23 in chips) 
Seat 4: BoyLoc0 ($122.84 in chips) 
Seat 5: philippk751 ($110.67 in chips) 
Seat 6: coeeeelho ($106.87 in chips) 
BoyLoc0: posts small blind $0.50
philippk751: posts big blind $1
*** HOLE CARDS ***
coeeeelho: folds 
aoish30: folds 
I TAKE IT 85: folds 
BGS013: folds 
BoyLoc0: folds 
Uncalled bet ($0.50) returned to philippk751
philippk751 collected $1 from pot
*** SUMMARY ***
Total pot $1 | Rake $0 
Seat 1: aoish30 folded before Flop (didn't bet)
Seat 2: I TAKE IT 85 folded before Flop (didn't bet)
Seat 3: BGS013 (button) folded before Flop (didn't bet)
Seat 4: BoyLoc0 (small blind) folded before Flop
Seat 5: philippk751 (big blind) collected ($1)
Seat 6: coeeeelho folded before Flop (didn't bet)



PokerStars Hand #254596047266:  Hold'em No Limit ($0.50/$1.00 USD) - 2025/01/28 20:32:37 WET [2025/01/28 15:32:37 ET]
Table 'Thessalia' 6-max Seat #4 is the button
Seat 1: aoish30 ($100 in chips) 
Seat 2: I TAKE IT 85 ($331 in chips) 
Seat 3: BGS013 ($107.23 in chips) 
Seat 4: BoyLoc0 ($122.34 in chips) 
Seat 5: philippk751 ($111.17 in chips) 
Seat 6: coeeeelho ($106.87 in chips) 
philippk751: posts small blind $0.50
coeeeelho: posts big blind $1
*** HOLE CARDS ***
aoish30: folds 
I TAKE IT 85: folds 
BGS013: folds 
BoyLoc0: folds 
philippk751: calls $0.50
coeeeelho: raises $3.20 to $4.20
philippk751: folds 
Uncalled bet ($3.20) returned to coeeeelho
coeeeelho collected $2 from pot
*** SUMMARY ***
Total pot $2 | Rake $0 
Seat 1: aoish30 folded before Flop (didn't bet)
Seat 2: I TAKE IT 85 folded before Flop (didn't bet)
Seat 3: BGS013 folded before Flop (didn't bet)
Seat 4: BoyLoc0 (button) folded before Flop (didn't bet)
Seat 5: philippk751 (small blind) folded before Flop
Seat 6: coeeeelho (big blind) collected ($2)



PokerStars Hand #254596054019:  Hold'em No Limit ($0.50/$1.00 USD) - 2025/01/28 20:32:59 WET [2025/01/28 15:32:59 ET]
Table 'Thessalia' 6-max Seat #5 is the button
Seat 1: aoish30 ($100 in chips) 
Seat 2: I TAKE IT 85 ($331 in chips) 
Seat 3: BGS013 ($107.23 in chips) 
Seat 4: BoyLoc0 ($122.34 in chips) 
Seat 5: philippk751 ($110.17 in chips) 
Seat 6: coeeeelho ($107.87 in chips) 
coeeeelho: posts small blind $0.50
aoish30: posts big blind $1
*** HOLE CARDS ***
I TAKE IT 85: folds 
BGS013: folds 
BoyLoc0: folds 
philippk751: folds 
I TAKE IT 85 leaves the table
coeeeelho: folds 
Uncalled bet ($0.50) returned to aoish30
aoish30 collected $1 from pot
aoish30: doesn't show hand 
*** SUMMARY ***
Total pot $1 | Rake $0 
Seat 1: aoish30 (big blind) collected ($1)
Seat 2: I TAKE IT 85 folded before Flop (didn't bet)
Seat 3: BGS013 folded before Flop (didn't bet)
Seat 4: BoyLoc0 folded before Flop (didn't bet)
Seat 5: philippk751 (button) folded before Flop (didn't bet)
Seat 6: coeeeelho (small blind) folded before Flop



PokerStars Hand #254596058481:  Hold'em No Limit ($0.50/$1.00 USD) - 2025/01/28 20:33:14 WET [2025/01/28 15:33:14 ET]
Table 'Thessalia' 6-max Seat #6 is the button
Seat 1: aoish30 ($100.50 in chips) 
Seat 3: BGS013 ($107.23 in chips) 
Seat 4: BoyLoc0 ($122.34 in chips) 
Seat 5: philippk751 ($110.17 in chips) 
Seat 6: coeeeelho ($107.37 in chips) 
aoish30: posts small blind $0.50
BGS013: posts big blind $1
*** HOLE CARDS ***
BoyLoc0: folds 
philippk751: folds 
coeeeelho: folds 
aoish30: raises $2 to $3
BGS013: folds 
Uncalled bet ($2) returned to aoish30
aoish30 collected $2 from pot
aoish30: doesn't show hand 
*** SUMMARY ***
Total pot $2 | Rake $0 
Seat 1: aoish30 (small blind) collected ($2)
Seat 3: BGS013 (big blind) folded before Flop
Seat 4: BoyLoc0 folded before Flop (didn't bet)
Seat 5: philippk751 folded before Flop (didn't bet)
Seat 6: coeeeelho (button) folded before Flop (didn't bet)



PokerStars Hand #254596062330:  Hold'em No Limit ($0.50/$1.00 USD) - 2025/01/28 20:33:27 WET [2025/01/28 15:33:27 ET]
Table 'Thessalia' 6-max Seat #1 is the button
Seat 1: aoish30 ($101.50 in chips) 
Seat 3: BGS013 ($106.23 in chips) 
Seat 4: BoyLoc0 ($122.34 in chips) 
Seat 5: philippk751 ($110.17 in chips) 
Seat 6: coeeeelho ($107.37 in chips) 
BGS013: posts small blind $0.50
JUANS2 joins the table at seat #2 
BoyLoc0: posts big blind $1
*** HOLE CARDS ***
philippk751: calls $1
coeeeelho: folds 
aoish30: raises $3 to $4
BGS013: folds 
BoyLoc0: folds 
philippk751: calls $3
*** FLOP *** [Ad Js 8h]
philippk751: checks 
aoish30: bets $2.98
philippk751: raises $2.98 to $5.96
aoish30: calls $2.98
*** TURN *** [Ad Js 8h] [6c]
philippk751: bets $4
aoish30: calls $4
*** RIVER *** [Ad Js 8h 6c] [2h]
philippk751: bets $5
aoish30: calls $5
*** SHOW DOWN ***
philippk751: shows [Kh Ac] (a pair of Aces)
aoish30: mucks hand 
philippk751 collected $36.96 from pot
*** SUMMARY ***
Total pot $39.42 | Rake $2.46 
Board [Ad Js 8h 6c 2h]
Seat 1: aoish30 (button) mucked
Seat 3: BGS013 (small blind) folded before Flop
Seat 4: BoyLoc0 (big blind) folded before Flop
Seat 5: philippk751 showed [Kh Ac] and won ($36.96) with a pair of Aces
Seat 6: coeeeelho folded before Flop (didn't bet)



PokerStars Hand #254596081885:  Hold'em No Limit ($0.50/$1.00 USD) - 2025/01/28 20:34:31 WET [2025/01/28 15:34:31 ET]
Table 'Thessalia' 6-max Seat #3 is the button
Seat 2: JUANS2 ($100 in chips) is sitting out
Seat 1: aoish30 ($100 in chips) 
Seat 3: BGS013 ($105.73 in chips) 
Seat 4: BoyLoc0 ($121.34 in chips) 
Seat 5: philippk751 ($128.17 in chips) 
Seat 6: coeeeelho ($107.37 in chips) 
BoyLoc0: posts small blind $0.50
philippk751: posts big blind $1
JUANS2: sits out 
*** HOLE CARDS ***
coeeeelho: raises $1.20 to $2.20
aoish30: folds 
BGS013: folds 
BoyLoc0: folds 
philippk751: folds 
Uncalled bet ($1.20) returned to coeeeelho
coeeeelho collected $2.50 from pot
*** SUMMARY ***
Total pot $2.50 | Rake $0 
Seat 2: JUANS2
Seat 1: aoish30 folded before Flop (didn't bet)
Seat 3: BGS013 (button) folded before Flop (didn't bet)
Seat 4: BoyLoc0 (small blind) folded before Flop
Seat 5: philippk751 (big blind) folded before Flop
Seat 6: coeeeelho collected ($2.50)



PokerStars Hand #254596086700:  Hold'em No Limit ($0.50/$1.00 USD) - 2025/01/28 20:34:47 WET [2025/01/28 15:34:47 ET]
Table 'Thessalia' 6-max Seat #4 is the button
Seat 2: JUANS2 ($100 in chips) is sitting out
Seat 1: aoish30 ($100 in chips) 
Seat 3: BGS013 ($105.73 in chips) 
Seat 4: BoyLoc0 ($120.84 in chips) 
Seat 5: philippk751 ($127.17 in chips) 
Seat 6: coeeeelho ($108.87 in chips) 
philippk751: posts small blind $0.50
coeeeelho: posts big blind $1
JUANS2: sits out 
*** HOLE CARDS ***
aoish30: raises $1.10 to $2.10
BGS013: folds 
BoyLoc0: folds 
philippk751: folds 
coeeeelho: folds 
Uncalled bet ($1.10) returned to aoish30
aoish30 collected $2.50 from pot
aoish30: doesn't show hand 
*** SUMMARY ***
Total pot $2.50 | Rake $0 
Seat 2: JUANS2
Seat 1: aoish30 collected ($2.50)
Seat 3: BGS013 folded before Flop (didn't bet)
Seat 4: BoyLoc0 (button) folded before Flop (didn't bet)
Seat 5: philippk751 (small blind) folded before Flop
Seat 6: coeeeelho (big blind) folded before Flop



PokerStars Hand #254596089848:  Hold'em No Limit ($0.50/$1.00 USD) - 2025/01/28 20:34:57 WET [2025/01/28 15:34:57 ET]
Table 'Thessalia' 6-max Seat #5 is the button
Seat 1: aoish30 ($101.50 in chips) is sitting out
Seat 2: JUANS2 ($100 in chips) 
Seat 3: BGS013 ($105.73 in chips) 
Seat 4: BoyLoc0 ($120.84 in chips) 
Seat 5: philippk751 ($126.67 in chips) 
Seat 6: coeeeelho ($107.87 in chips) 
coeeeelho: posts small blind $0.50
aoish30: is sitting out 
JUANS2: posts big blind $1
*** HOLE CARDS ***
BGS013: folds 
aoish30 leaves the table
BoyLoc0: raises $1.50 to $2.50
philippk751: folds 
Pippa83 joins the table at seat #1 
coeeeelho: raises $8.72 to $11.22
JUANS2: folds 
BoyLoc0: folds 
Uncalled bet ($8.72) returned to coeeeelho
coeeeelho collected $6 from pot
*** SUMMARY ***
Total pot $6 | Rake $0 
Seat 1: aoish30
Seat 2: JUANS2 (big blind) folded before Flop
Seat 3: BGS013 folded before Flop (didn't bet)
Seat 4: BoyLoc0 folded before Flop
Seat 5: philippk751 (button) folded before Flop (didn't bet)
Seat 6: coeeeelho (small blind) collected ($6)



PokerStars Hand #254596095798:  Hold'em No Limit ($0.50/$1.00 USD) - 2025/01/28 20:35:17 WET [2025/01/28 15:35:17 ET]
Table 'Thessalia' 6-max Seat #6 is the button
Seat 1: Pippa83 ($100 in chips) is sitting out
Seat 2: JUANS2 ($100 in chips) 
Seat 3: BGS013 ($105.73 in chips) 
Seat 4: BoyLoc0 ($118.34 in chips) 
Seat 5: philippk751 ($126.67 in chips) 
Seat 6: coeeeelho ($111.37 in chips) 
JUANS2: posts small blind $0.50
BGS013: posts big blind $1
*** HOLE CARDS ***
BoyLoc0: folds 
philippk751: folds 
coeeeelho: raises $1.50 to $2.50
JUANS2: folds 
BGS013: calls $1.50
*** FLOP *** [8c 3s 4c]
BGS013: checks 
coeeeelho: bets $3.92
BGS013: calls $3.92
*** TURN *** [8c 3s 4c] [Td]
BGS013: checks 
coeeeelho: bets $19
BGS013: folds 
Uncalled bet ($19) returned to coeeeelho
coeeeelho collected $12.67 from pot
*** SUMMARY ***
Total pot $13.34 | Rake $0.67 
Board [8c 3s 4c Td]
Seat 1: Pippa83
Seat 2: JUANS2 (small blind) folded before Flop
Seat 3: BGS013 (big blind) folded on the Turn
Seat 4: BoyLoc0 folded before Flop (didn't bet)
Seat 5: philippk751 folded before Flop (didn't bet)
Seat 6: coeeeelho (button) collected ($12.67)



PokerStars Hand #254596119526:  Hold'em No Limit ($0.50/$1.00 USD) - 2025/01/28 20:36:33 WET [2025/01/28 15:36:33 ET]
Table 'Thessalia' 6-max Seat #2 is the button
Seat 1: Pippa83 ($100 in chips) is sitting out
Seat 2: JUANS2 ($100 in chips) 
Seat 3: BGS013 ($100 in chips) 
Seat 4: BoyLoc0 ($118.34 in chips) 
Seat 5: philippk751 ($126.67 in chips) 
Seat 6: coeeeelho ($117.62 in chips) 
BGS013: posts small blind $0.50
BoyLoc0: posts big blind $1
Pippa83: sits out 
*** HOLE CARDS ***
philippk751: folds 
coeeeelho: raises $1.30 to $2.30
JUANS2: folds 
BGS013: folds 
BoyLoc0: folds 
Uncalled bet ($1.30) returned to coeeeelho
coeeeelho collected $2.50 from pot
*** SUMMARY ***
Total pot $2.50 | Rake $0 
Seat 1: Pippa83
Seat 2: JUANS2 (button) folded before Flop (didn't bet)
Seat 3: BGS013 (small blind) folded before Flop
Seat 4: BoyLoc0 (big blind) folded before Flop
Seat 5: philippk751 folded before Flop (didn't bet)
Seat 6: coeeeelho collected ($2.50)



PokerStars Hand #254596125334:  Hold'em No Limit ($0.50/$1.00 USD) - 2025/01/28 20:36:52 WET [2025/01/28 15:36:52 ET]
Table 'Thessalia' 6-max Seat #3 is the button
Seat 1: Pippa83 ($100 in chips) is sitting out
Seat 2: JUANS2 ($100 in chips) 
Seat 3: BGS013 ($100 in chips) 
Seat 4: BoyLoc0 ($117.34 in chips) 
Seat 5: philippk751 ($126.67 in chips) 
Seat 6: coeeeelho ($119.12 in chips) 
BoyLoc0: posts small blind $0.50
philippk751: posts big blind $1
Pippa83: sits out 
*** HOLE CARDS ***
coeeeelho: folds 
JUANS2: folds 
BGS013: folds 
BoyLoc0: folds 
Uncalled bet ($0.50) returned to philippk751
philippk751 collected $1 from pot
*** SUMMARY ***
Total pot $1 | Rake $0 
Seat 1: Pippa83
Seat 2: JUANS2 folded before Flop (didn't bet)
Seat 3: BGS013 (button) folded before Flop (didn't bet)
Seat 4: BoyLoc0 (small blind) folded before Flop
Seat 5: philippk751 (big blind) collected ($1)
Seat 6: coeeeelho folded before Flop (didn't bet)



PokerStars Hand #254596129300:  Hold'em No Limit ($0.50/$1.00 USD) - 2025/01/28 20:37:05 WET [2025/01/28 15:37:05 ET]
Table 'Thessalia' 6-max Seat #4 is the button
Seat 1: Pippa83 ($100 in chips) is sitting out
Seat 2: JUANS2 ($100 in chips) 
Seat 3: BGS013 ($100 in chips) 
Seat 4: BoyLoc0 ($116.84 in chips) 
Seat 5: philippk751 ($127.17 in chips) 
Seat 6: coeeeelho ($119.12 in chips) 
philippk751: posts small blind $0.50
coeeeelho: posts big blind $1
Pippa83: sits out 
*** HOLE CARDS ***
JUANS2: raises $1.20 to $2.20
BGS013: folds 
BoyLoc0: folds 
philippk751: folds 
coeeeelho: folds 
Uncalled bet ($1.20) returned to JUANS2
JUANS2 collected $2.50 from pot
JUANS2: doesn't show hand 
*** SUMMARY ***
Total pot $2.50 | Rake $0 
Seat 1: Pippa83
Seat 2: JUANS2 collected ($2.50)
Seat 3: BGS013 folded before Flop (didn't bet)
Seat 4: BoyLoc0 (button) folded before Flop (didn't bet)
Seat 5: philippk751 (small blind) folded before Flop
Seat 6: coeeeelho (big blind) folded before Flop



PokerStars Hand #254596134101:  Hold'em No Limit ($0.50/$1.00 USD) - 2025/01/28 20:37:21 WET [2025/01/28 15:37:21 ET]
Table 'Thessalia' 6-max Seat #5 is the button
Seat 1: Pippa83 ($100 in chips) 
Seat 2: JUANS2 ($101.50 in chips) 
Seat 3: BGS013 ($100 in chips) 
Seat 4: BoyLoc0 ($116.84 in chips) 
Seat 5: philippk751 ($126.67 in chips) 
Seat 6: coeeeelho ($118.12 in chips) 
coeeeelho: posts small blind $0.50
Pippa83: posts big blind $1
*** HOLE CARDS ***
JUANS2: folds 
BGS013: folds 
BoyLoc0: folds 
philippk751: folds 
coeeeelho: folds 
Uncalled bet ($0.50) returned to Pippa83
Pippa83 collected $1 from pot
Pippa83: doesn't show hand 
*** SUMMARY ***
Total pot $1 | Rake $0 
Seat 1: Pippa83 (big blind) collected ($1)
Seat 2: JUANS2 folded before Flop (didn't bet)
Seat 3: BGS013 folded before Flop (didn't bet)
Seat 4: BoyLoc0 folded before Flop (didn't bet)
Seat 5: philippk751 (button) folded before Flop (didn't bet)
Seat 6: coeeeelho (small blind) folded before Flop



PokerStars Hand #254596139463:  Hold'em No Limit ($0.50/$1.00 USD) - 2025/01/28 20:37:38 WET [2025/01/28 15:37:38 ET]
Table 'Thessalia' 6-max Seat #6 is the button
Seat 1: Pippa83 ($100.50 in chips) 
Seat 2: JUANS2 ($101.50 in chips) 
Seat 3: BGS013 ($100 in chips) 
Seat 4: BoyLoc0 ($116.84 in chips) 
Seat 5: philippk751 ($126.67 in chips) 
Seat 6: coeeeelho ($117.62 in chips) 
Pippa83: posts small blind $0.50
JUANS2: posts big blind $1
*** HOLE CARDS ***
BGS013: folds 
BoyLoc0: folds 
philippk751: folds 
coeeeelho: raises $1.20 to $2.20
Pippa83: folds 
JUANS2: raises $9.30 to $11.50
coeeeelho: folds 
Uncalled bet ($9.30) returned to JUANS2
JUANS2 collected $4.90 from pot
JUANS2: doesn't show hand 
*** SUMMARY ***
Total pot $4.90 | Rake $0 
Seat 1: Pippa83 (small blind) folded before Flop
Seat 2: JUANS2 (big blind) collected ($4.90)
Seat 3: BGS013 folded before Flop (didn't bet)
Seat 4: BoyLoc0 folded before Flop (didn't bet)
Seat 5: philippk751 folded before Flop (didn't bet)
Seat 6: coeeeelho (button) folded before Flop



PokerStars Hand #254596148263:  Hold'em No Limit ($0.50/$1.00 USD) - 2025/01/28 20:38:06 WET [2025/01/28 15:38:06 ET]
Table 'Thessalia' 6-max Seat #1 is the button
Seat 1: Pippa83 ($100 in chips) 
Seat 2: JUANS2 ($104.20 in chips) 
Seat 3: BGS013 ($100 in chips) 
Seat 4: BoyLoc0 ($116.84 in chips) 
Seat 5: philippk751 ($126.67 in chips) 
Seat 6: coeeeelho ($115.42 in chips) 
JUANS2: posts small blind $0.50
BGS013: posts big blind $1
*** HOLE CARDS ***
BoyLoc0: folds 
philippk751: folds 
coeeeelho: folds 
Pippa83: folds 
JUANS2: raises $2 to $3
BGS013: raises $6.50 to $9.50
JUANS2: calls $6.50
*** FLOP *** [8d Qs 6c]
JUANS2: checks 
BGS013: bets $4.69
JUANS2: folds 
Uncalled bet ($4.69) returned to BGS013
BGS013 collected $18.05 from pot
BGS013: doesn't show hand 
*** SUMMARY ***
Total pot $19 | Rake $0.95 
Board [8d Qs 6c]
Seat 1: Pippa83 (button) folded before Flop (didn't bet)
Seat 2: JUANS2 (small blind) folded on the Flop
Seat 3: BGS013 (big blind) collected ($18.05)
Seat 4: BoyLoc0 folded before Flop (didn't bet)
Seat 5: philippk751 folded before Flop (didn't bet)
Seat 6: coeeeelho folded before Flop (didn't bet)



PokerStars Hand #254596160528:  Hold'em No Limit ($0.50/$1.00 USD) - 2025/01/28 20:38:45 WET [2025/01/28 15:38:45 ET]
Table 'Thessalia' 6-max Seat #2 is the button
Seat 1: Pippa83 ($100 in chips) 
Seat 2: JUANS2 ($100 in chips) 
Seat 3: BGS013 ($108.55 in chips) 
Seat 4: BoyLoc0 ($116.84 in chips) 
Seat 5: philippk751 ($126.67 in chips) 
Seat 6: coeeeelho ($115.42 in chips) 
BGS013: posts small blind $0.50
BoyLoc0: posts big blind $1
*** HOLE CARDS ***
philippk751: calls $1
coeeeelho: folds 
Pippa83: folds 
JUANS2: raises $3 to $4
BGS013: folds 
BoyLoc0: folds 
philippk751: folds 
Uncalled bet ($3) returned to JUANS2
JUANS2 collected $3.50 from pot
JUANS2: doesn't show hand 
*** SUMMARY ***
Total pot $3.50 | Rake $0 
Seat 1: Pippa83 folded before Flop (didn't bet)
Seat 2: JUANS2 (button) collected ($3.50)
Seat 3: BGS013 (small blind) folded before Flop
Seat 4: BoyLoc0 (big blind) folded before Flop
Seat 5: philippk751 folded before Flop
Seat 6: coeeeelho folded before Flop (didn't bet)



PokerStars Hand #254596170241:  Hold'em No Limit ($0.50/$1.00 USD) - 2025/01/28 20:39:17 WET [2025/01/28 15:39:17 ET]
Table 'Thessalia' 6-max Seat #3 is the button
Seat 1: Pippa83 ($100 in chips) 
Seat 2: JUANS2 ($102.50 in chips) 
Seat 3: BGS013 ($108.05 in chips) 
Seat 4: BoyLoc0 ($115.84 in chips) 
Seat 5: philippk751 ($125.67 in chips) 
Seat 6: coeeeelho ($115.42 in chips) 
BoyLoc0: posts small blind $0.50
philippk751: posts big blind $1
*** HOLE CARDS ***
coeeeelho: folds 
Pippa83: folds 
JUANS2: folds 
BGS013: folds 
BoyLoc0: raises $2 to $3
philippk751: folds 
Uncalled bet ($2) returned to BoyLoc0
BoyLoc0 collected $2 from pot
BoyLoc0: doesn't show hand 
*** SUMMARY ***
Total pot $2 | Rake $0 
Seat 1: Pippa83 folded before Flop (didn't bet)
Seat 2: JUANS2 folded before Flop (didn't bet)
Seat 3: BGS013 (button) folded before Flop (didn't bet)
Seat 4: BoyLoc0 (small blind) collected ($2)
Seat 5: philippk751 (big blind) folded before Flop
Seat 6: coeeeelho folded before Flop (didn't bet)



PokerStars Hand #254596177322:  Hold'em No Limit ($0.50/$1.00 USD) - 2025/01/28 20:39:40 WET [2025/01/28 15:39:40 ET]
Table 'Thessalia' 6-max Seat #4 is the button
Seat 1: Pippa83 ($100 in chips) 
Seat 2: JUANS2 ($102.50 in chips) 
Seat 3: BGS013 ($108.05 in chips) 
Seat 4: BoyLoc0 ($116.84 in chips) 
Seat 5: philippk751 ($124.67 in chips) 
Seat 6: coeeeelho ($115.42 in chips) 
philippk751: posts small blind $0.50
coeeeelho: posts big blind $1
*** HOLE CARDS ***
Pippa83: folds 
JUANS2: folds 
BGS013: folds 
BoyLoc0: raises $1.50 to $2.50
philippk751: calls $2
coeeeelho: calls $1.50
*** FLOP *** [Kh As Jc]
philippk751: bets $1
coeeeelho: calls $1
BoyLoc0: calls $1
*** TURN *** [Kh As Jc] [4d]
philippk751: bets $3
coeeeelho: folds 
BoyLoc0: calls $3
*** RIVER *** [Kh As Jc 4d] [Ts]
philippk751: checks 
BoyLoc0: checks 
*** SHOW DOWN ***
philippk751: shows [Js Jh] (three of a kind, Jacks)
BoyLoc0: mucks hand 
philippk751 collected $15.48 from pot
*** SUMMARY ***
Total pot $16.50 | Rake $1.02 
Board [Kh As Jc 4d Ts]
Seat 1: Pippa83 folded before Flop (didn't bet)
Seat 2: JUANS2 folded before Flop (didn't bet)
Seat 3: BGS013 folded before Flop (didn't bet)
Seat 4: BoyLoc0 (button) mucked
Seat 5: philippk751 (small blind) showed [Js Jh] and won ($15.48) with three of a kind, Jacks
Seat 6: coeeeelho (big blind) folded on the Turn



PokerStars Hand #254596194434:  Hold'em No Limit ($0.50/$1.00 USD) - 2025/01/28 20:40:34 WET [2025/01/28 15:40:34 ET]
Table 'Thessalia' 6-max Seat #5 is the button
Seat 1: Pippa83 ($100 in chips) 
Seat 2: JUANS2 ($102.50 in chips) 
Seat 3: BGS013 ($108.05 in chips) 
Seat 4: BoyLoc0 ($110.34 in chips) 
Seat 5: philippk751 ($133.65 in chips) 
Seat 6: coeeeelho ($111.92 in chips) 
coeeeelho: posts small blind $0.50
Pippa83: posts big blind $1
*** HOLE CARDS ***
JUANS2: folds 
BGS013: folds 
BoyLoc0: raises $1.50 to $2.50
philippk751: folds 
coeeeelho: folds 
Pippa83: folds 
Uncalled bet ($1.50) returned to BoyLoc0
BoyLoc0 collected $2.50 from pot
BoyLoc0: doesn't show hand 
*** SUMMARY ***
Total pot $2.50 | Rake $0 
Seat 1: Pippa83 (big blind) folded before Flop
Seat 2: JUANS2 folded before Flop (didn't bet)
Seat 3: BGS013 folded before Flop (didn't bet)
Seat 4: BoyLoc0 collected ($2.50)
Seat 5: philippk751 (button) folded before Flop (didn't bet)
Seat 6: coeeeelho (small blind) folded before Flop



PokerStars Hand #254596206178:  Hold'em No Limit ($0.50/$1.00 USD) - 2025/01/28 20:41:12 WET [2025/01/28 15:41:12 ET]
Table 'Thessalia' 6-max Seat #6 is the button
Seat 1: Pippa83 ($100 in chips) 
Seat 2: JUANS2 ($102.50 in chips) 
Seat 3: BGS013 ($108.05 in chips) 
Seat 4: BoyLoc0 ($111.84 in chips) 
Seat 5: philippk751 ($133.65 in chips) 
Seat 6: coeeeelho ($111.42 in chips) 
Pippa83: posts small blind $0.50
JUANS2: posts big blind $1
*** HOLE CARDS ***
BGS013: folds 
BoyLoc0: folds 
philippk751: calls $1
coeeeelho: raises $3.20 to $4.20
Pippa83: folds 
JUANS2: folds 
philippk751: calls $3.20
*** FLOP *** [4s As 6s]
philippk751: checks 
coeeeelho: bets $2
philippk751: folds 
Uncalled bet ($2) returned to coeeeelho
coeeeelho collected $9.40 from pot
*** SUMMARY ***
Total pot $9.90 | Rake $0.50 
Board [4s As 6s]
Seat 1: Pippa83 (small blind) folded before Flop
Seat 2: JUANS2 (big blind) folded before Flop
Seat 3: BGS013 folded before Flop (didn't bet)
Seat 4: BoyLoc0 folded before Flop (didn't bet)
Seat 5: philippk751 folded on the Flop
Seat 6: coeeeelho (button) collected ($9.40)



PokerStars Hand #254596216924:  Hold'em No Limit ($0.50/$1.00 USD) - 2025/01/28 20:41:46 WET [2025/01/28 15:41:46 ET]
Table 'Thessalia' 6-max Seat #1 is the button
Seat 1: Pippa83 ($100 in chips) 
Seat 2: JUANS2 ($101.50 in chips) 
Seat 3: BGS013 ($108.05 in chips) 
Seat 4: BoyLoc0 ($111.84 in chips) 
Seat 5: philippk751 ($129.45 in chips) 
Seat 6: coeeeelho ($116.62 in chips) 
JUANS2: posts small blind $0.50
BGS013: posts big blind $1
*** HOLE CARDS ***
BoyLoc0: folds 
philippk751: folds 
coeeeelho: folds 
Pippa83: folds 
JUANS2: folds 
Uncalled bet ($0.50) returned to BGS013
BGS013 collected $1 from pot
BGS013: doesn't show hand 
*** SUMMARY ***
Total pot $1 | Rake $0 
Seat 1: Pippa83 (button) folded before Flop (didn't bet)
Seat 2: JUANS2 (small blind) folded before Flop
Seat 3: BGS013 (big blind) collected ($1)
Seat 4: BoyLoc0 folded before Flop (didn't bet)
Seat 5: philippk751 folded before Flop (didn't bet)
Seat 6: coeeeelho folded before Flop (didn't bet)



PokerStars Hand #254596223077:  Hold'em No Limit ($0.50/$1.00 USD) - 2025/01/28 20:42:06 WET [2025/01/28 15:42:06 ET]
Table 'Thessalia' 6-max Seat #2 is the button
Seat 1: Pippa83 ($100 in chips) 
Seat 2: JUANS2 ($101 in chips) 
Seat 3: BGS013 ($108.55 in chips) 
Seat 4: BoyLoc0 ($111.84 in chips) 
Seat 5: philippk751 ($129.45 in chips) 
Seat 6: coeeeelho ($116.62 in chips) 
BGS013: posts small blind $0.50
BoyLoc0: posts big blind $1
*** HOLE CARDS ***
philippk751: folds 
coeeeelho: raises $1.10 to $2.10
Pippa83: folds 
JUANS2: folds 
BGS013: raises $8.90 to $11
BoyLoc0: folds 
coeeeelho: folds 
Uncalled bet ($8.90) returned to BGS013
BGS013 collected $5.20 from pot
BGS013: doesn't show hand 
*** SUMMARY ***
Total pot $5.20 | Rake $0 
Seat 1: Pippa83 folded before Flop (didn't bet)
Seat 2: JUANS2 (button) folded before Flop (didn't bet)
Seat 3: BGS013 (small blind) collected ($5.20)
Seat 4: BoyLoc0 (big blind) folded before Flop
Seat 5: philippk751 folded before Flop (didn't bet)
Seat 6: coeeeelho folded before Flop



PokerStars Hand #254596235168:  Hold'em No Limit ($0.50/$1.00 USD) - 2025/01/28 20:42:44 WET [2025/01/28 15:42:44 ET]
Table 'Thessalia' 6-max Seat #3 is the button
Seat 1: Pippa83 ($100 in chips) 
Seat 2: JUANS2 ($101 in chips) 
Seat 3: BGS013 ($111.65 in chips) 
Seat 4: BoyLoc0 ($110.84 in chips) 
Seat 5: philippk751 ($129.45 in chips) 
Seat 6: coeeeelho ($114.52 in chips) 
BoyLoc0: posts small blind $0.50
philippk751: posts big blind $1
*** HOLE CARDS ***
coeeeelho: folds 
Pippa83: raises $1.20 to $2.20
JUANS2: folds 
BGS013: folds 
BoyLoc0: folds 
philippk751: calls $1.20
*** FLOP *** [7s Kh 3h]
philippk751: checks 
Pippa83: bets $1.54
philippk751: folds 
Uncalled bet ($1.54) returned to Pippa83
Pippa83 collected $4.66 from pot
Pippa83: doesn't show hand 
*** SUMMARY ***
Total pot $4.90 | Rake $0.24 
Board [7s Kh 3h]
Seat 1: Pippa83 collected ($4.66)
Seat 2: JUANS2 folded before Flop (didn't bet)
Seat 3: BGS013 (button) folded before Flop (didn't bet)
Seat 4: BoyLoc0 (small blind) folded before Flop
Seat 5: philippk751 (big blind) folded on the Flop
Seat 6: coeeeelho folded before Flop (didn't bet)



PokerStars Hand #254596243940:  Hold'em No Limit ($0.50/$1.00 USD) - 2025/01/28 20:43:13 WET [2025/01/28 15:43:13 ET]
Table 'Thessalia' 6-max Seat #4 is the button
Seat 1: Pippa83 ($102.46 in chips) 
Seat 2: JUANS2 ($101 in chips) 
Seat 3: BGS013 ($111.65 in chips) 
Seat 4: BoyLoc0 ($110.34 in chips) 
Seat 5: philippk751 ($127.25 in chips) 
Seat 6: coeeeelho ($114.52 in chips) 
philippk751: posts small blind $0.50
coeeeelho: posts big blind $1
*** HOLE CARDS ***
Pippa83: folds 
JUANS2: raises $1.20 to $2.20
BGS013: folds 
BoyLoc0: folds 
philippk751: calls $1.70
coeeeelho: folds 
*** FLOP *** [8d 3s Jd]
philippk751: checks 
JUANS2: bets $2.57
philippk751: folds 
Uncalled bet ($2.57) returned to JUANS2
JUANS2 collected $5.13 from pot
JUANS2: doesn't show hand 
*** SUMMARY ***
Total pot $5.40 | Rake $0.27 
Board [8d 3s Jd]
Seat 1: Pippa83 folded before Flop (didn't bet)
Seat 2: JUANS2 collected ($5.13)
Seat 3: BGS013 folded before Flop (didn't bet)
Seat 4: BoyLoc0 (button) folded before Flop (didn't bet)
Seat 5: philippk751 (small blind) folded on the Flop
Seat 6: coeeeelho (big blind) folded before Flop



PokerStars Hand #254596251126:  Hold'em No Limit ($0.50/$1.00 USD) - 2025/01/28 20:43:35 WET [2025/01/28 15:43:35 ET]
Table 'Thessalia' 6-max Seat #5 is the button
Seat 1: Pippa83 ($102.46 in chips) 
Seat 2: JUANS2 ($103.93 in chips) 
Seat 3: BGS013 ($111.65 in chips) 
Seat 4: BoyLoc0 ($110.34 in chips) 
Seat 5: philippk751 ($125.05 in chips) 
Seat 6: coeeeelho ($113.52 in chips) 
coeeeelho: posts small blind $0.50
Pippa83: posts big blind $1
*** HOLE CARDS ***
JUANS2: folds 
BGS013: folds 
BoyLoc0: raises $1.50 to $2.50
philippk751: calls $2.50
coeeeelho: folds 
Pippa83: calls $1.50
*** FLOP *** [As 2s Jd]
Pippa83: checks 
BoyLoc0: checks 
philippk751: checks 
*** TURN *** [As 2s Jd] [Js]
Pippa83: bets $2.51
BoyLoc0: folds 
philippk751: calls $2.51
*** RIVER *** [As 2s Jd Js] [2h]
Pippa83: checks 
philippk751: checks 
*** SHOW DOWN ***
Pippa83: shows [9s Ks] (a flush, Ace high)
philippk751: mucks hand 
Pippa83 collected $12.37 from pot
*** SUMMARY ***
Total pot $13.02 | Rake $0.65 
Board [As 2s Jd Js 2h]
Seat 1: Pippa83 (big blind) showed [9s Ks] and won ($12.37) with a flush, Ace high
Seat 2: JUANS2 folded before Flop (didn't bet)
Seat 3: BGS013 folded before Flop (didn't bet)
Seat 4: BoyLoc0 folded on the Turn
Seat 5: philippk751 (button) mucked
Seat 6: coeeeelho (small blind) folded before Flop



PokerStars Hand #254596276423:  Hold'em No Limit ($0.50/$1.00 USD) - 2025/01/28 20:44:55 WET [2025/01/28 15:44:55 ET]
Table 'Thessalia' 6-max Seat #6 is the button
Seat 1: Pippa83 ($109.82 in chips) 
Seat 2: JUANS2 ($103.93 in chips) 
Seat 3: BGS013 ($111.65 in chips) 
Seat 4: BoyLoc0 ($107.84 in chips) 
Seat 5: philippk751 ($120.04 in chips) 
Seat 6: coeeeelho ($113.02 in chips) 
Pippa83: posts small blind $0.50
JUANS2: posts big blind $1
*** HOLE CARDS ***
BGS013: folds 
BoyLoc0: folds 
philippk751: folds 
coeeeelho: raises $1.50 to $2.50
Pippa83: folds 
JUANS2: folds 
Uncalled bet ($1.50) returned to coeeeelho
coeeeelho collected $2.50 from pot
*** SUMMARY ***
Total pot $2.50 | Rake $0 
Seat 1: Pippa83 (small blind) folded before Flop
Seat 2: JUANS2 (big blind) folded before Flop
Seat 3: BGS013 folded before Flop (didn't bet)
Seat 4: BoyLoc0 folded before Flop (didn't bet)
Seat 5: philippk751 folded before Flop (didn't bet)
Seat 6: coeeeelho (button) collected ($2.50)



PokerStars Hand #254596756989:  Hold'em No Limit ($0.50/$1.00 USD) - 2025/01/28 21:11:15 WET [2025/01/28 16:11:15 ET]
Table 'Thessalia' 6-max Seat #3 is the button
Seat 6: coeeeelho ($244.50 in chips) is sitting out
Seat 3: Supermegopro ($112.77 in chips) 
Seat 5: nikalas22 ($100 in chips) 
Supermegopro: posts small blind $0.50
nikalas22: posts big blind $1
*** HOLE CARDS ***
Supermegopro: folds 
Uncalled bet ($0.50) returned to nikalas22
nikalas22 collected $1 from pot
nikalas22: doesn't show hand 
*** SUMMARY ***
Total pot $1 | Rake $0 
Seat 6: coeeeelho
Seat 3: Supermegopro (button) (small blind) folded before Flop
Seat 5: nikalas22 (big blind) collected ($1)



PokerStars Hand #254596759136:  Hold'em No Limit ($0.50/$1.00 USD) - 2025/01/28 21:11:22 WET [2025/01/28 16:11:22 ET]
Table 'Thessalia' 6-max Seat #5 is the button
Seat 6: coeeeelho ($244.50 in chips) is sitting out
Seat 3: Supermegopro ($112.27 in chips) 
Seat 5: nikalas22 ($100.50 in chips) 
nikalas22: posts small blind $0.50
Supermegopro: posts big blind $1
*** HOLE CARDS ***
nikalas22: raises $1.50 to $2.50
Supermegopro: calls $1.50
*** FLOP *** [2s 6s Ts]
Supermegopro: checks 
nikalas22: checks 
*** TURN *** [2s 6s Ts] [Kc]
Supermegopro: checks 
nikalas22: checks 
*** RIVER *** [2s 6s Ts Kc] [2h]
Supermegopro: checks 
nikalas22: bets $3.56
Supermegopro: folds 
Uncalled bet ($3.56) returned to nikalas22
nikalas22 collected $4.75 from pot
nikalas22: doesn't show hand 
*** SUMMARY ***
Total pot $5 | Rake $0.25 
Board [2s 6s Ts Kc 2h]
Seat 6: coeeeelho
Seat 3: Supermegopro (big blind) folded on the River
Seat 5: nikalas22 (button) (small blind) collected ($4.75)



