PokerStars Hand #254592725118:  Hold'em No Limit ($0.50/$1.00 USD) - 2025/01/28 18:09:54 WET [2025/01/28 13:09:54 ET]
Table 'Chort' 6-max Seat #1 is the button
Seat 1: Xenicide ($121.44 in chips) 
Seat 4: RAidakCo ($100 in chips) 
Seat 5: elcutez ($100 in chips) 
RAidakCo: posts small blind $0.50
elcutez: posts big blind $1
*** HOLE CARDS ***
Supermegopro joins the table at seat #2 
Xenicide: raises $1.25 to $2.25
RAidakCo: folds 
elcutez: folds 
Uncalled bet ($1.25) returned to Xenicide
Xenicide collected $2.50 from pot
*** SUMMARY ***
Total pot $2.50 | Rake $0 
Seat 1: Xenicide (button) collected ($2.50)
Seat 4: RAidakCo (small blind) folded before Flop
Seat 5: elcutez (big blind) folded before Flop



PokerStars Hand #254592730995:  Hold'em No Limit ($0.50/$1.00 USD) - 2025/01/28 18:10:14 WET [2025/01/28 13:10:14 ET]
Table 'Chort' 6-max Seat #4 is the button
Seat 2: Supermegopro ($100 in chips) is sitting out
Seat 1: Xenicide ($122.94 in chips) 
Seat 4: RAidakCo ($100 in chips) 
Seat 5: elcutez ($99 in chips) 
elcutez: posts small blind $0.50
Xenicide: posts big blind $1
Supermegopro: sits out 
*** HOLE CARDS ***
RAidakCo: folds 
elcutez: folds 
Uncalled bet ($0.50) returned to Xenicide
Xenicide collected $1 from pot
*** SUMMARY ***
Total pot $1 | Rake $0 
Seat 2: Supermegopro
Seat 1: Xenicide (big blind) collected ($1)
Seat 4: RAidakCo (button) folded before Flop (didn't bet)
Seat 5: elcutez (small blind) folded before Flop



PokerStars Hand #254592737511:  Hold'em No Limit ($0.50/$1.00 USD) - 2025/01/28 18:10:37 WET [2025/01/28 13:10:37 ET]
Table 'Chort' 6-max Seat #5 is the button
Seat 1: Xenicide ($123.44 in chips) 
Seat 2: Supermegopro ($100 in chips) 
Seat 4: RAidakCo ($100 in chips) 
Seat 5: elcutez ($98.50 in chips) 
Xenicide: posts small blind $0.50
Supermegopro: posts big blind $1
*** HOLE CARDS ***
RAidakCo: folds 
elcutez: folds 
Xenicide: folds 
Uncalled bet ($0.50) returned to Supermegopro
Supermegopro collected $1 from pot
Nicedaymybro joins the table at seat #6 
Supermegopro: doesn't show hand 
marceloas206 joins the table at seat #3 
*** SUMMARY ***
Total pot $1 | Rake $0 
Seat 1: Xenicide (small blind) folded before Flop
Seat 2: Supermegopro (big blind) collected ($1)
Seat 4: RAidakCo folded before Flop (didn't bet)
Seat 5: elcutez (button) folded before Flop (didn't bet)



PokerStars Hand #254592739583:  Hold'em No Limit ($0.50/$1.00 USD) - 2025/01/28 18:10:44 WET [2025/01/28 13:10:44 ET]
Table 'Chort' 6-max Seat #1 is the button
Seat 6: Nicedaymybro ($100 in chips) is sitting out
Seat 1: Xenicide ($122.94 in chips) 
Seat 2: Supermegopro ($100.50 in chips) 
Seat 3: marceloas206 ($100 in chips) 
Seat 4: RAidakCo ($100 in chips) 
Seat 5: elcutez ($98.50 in chips) 
Supermegopro: posts small blind $0.50
marceloas206: posts big blind $1
Nicedaymybro: sits out 
*** HOLE CARDS ***
RAidakCo: folds 
elcutez: folds 
Xenicide: folds 
Supermegopro: raises $2 to $3
marceloas206: calls $2
*** FLOP *** [Qs 7d 7s]
Supermegopro: bets $3
marceloas206: folds 
Uncalled bet ($3) returned to Supermegopro
Supermegopro collected $5.70 from pot
Supermegopro: doesn't show hand 
*** SUMMARY ***
Total pot $6 | Rake $0.30 
Board [Qs 7d 7s]
Seat 6: Nicedaymybro
Seat 1: Xenicide (button) folded before Flop (didn't bet)
Seat 2: Supermegopro (small blind) collected ($5.70)
Seat 3: marceloas206 (big blind) folded on the Flop
Seat 4: RAidakCo folded before Flop (didn't bet)
Seat 5: elcutez folded before Flop (didn't bet)



PokerStars Hand #254592746113:  Hold'em No Limit ($0.50/$1.00 USD) - 2025/01/28 18:11:06 WET [2025/01/28 13:11:06 ET]
Table 'Chort' 6-max Seat #2 is the button
Seat 6: Nicedaymybro ($100 in chips) is sitting out
Seat 1: Xenicide ($122.94 in chips) 
Seat 2: Supermegopro ($103.20 in chips) 
Seat 3: marceloas206 ($97 in chips) 
Seat 4: RAidakCo ($100 in chips) 
Seat 5: elcutez ($98.50 in chips) 
marceloas206: posts small blind $0.50
RAidakCo: posts big blind $1
Nicedaymybro: sits out 
*** HOLE CARDS ***
elcutez: folds 
Xenicide: folds 
Supermegopro: folds 
marceloas206: folds 
Uncalled bet ($0.50) returned to RAidakCo
RAidakCo collected $1 from pot
RAidakCo: doesn't show hand 
*** SUMMARY ***
Total pot $1 | Rake $0 
Seat 6: Nicedaymybro
Seat 1: Xenicide folded before Flop (didn't bet)
Seat 2: Supermegopro (button) folded before Flop (didn't bet)
Seat 3: marceloas206 (small blind) folded before Flop
Seat 4: RAidakCo (big blind) collected ($1)
Seat 5: elcutez folded before Flop (didn't bet)



PokerStars Hand #254592753185:  Hold'em No Limit ($0.50/$1.00 USD) - 2025/01/28 18:11:30 WET [2025/01/28 13:11:30 ET]
Table 'Chort' 6-max Seat #3 is the button
Seat 6: Nicedaymybro ($100 in chips) is sitting out
Seat 1: Xenicide ($122.94 in chips) 
Seat 2: Supermegopro ($103.20 in chips) 
Seat 3: marceloas206 ($96.50 in chips) 
Seat 4: RAidakCo ($100.50 in chips) 
Seat 5: elcutez ($98.50 in chips) 
RAidakCo: posts small blind $0.50
elcutez: posts big blind $1
Nicedaymybro: sits out 
*** HOLE CARDS ***
Xenicide: folds 
Supermegopro: folds 
marceloas206: raises $1 to $2
RAidakCo: folds 
elcutez: folds 
Uncalled bet ($1) returned to marceloas206
marceloas206 collected $2.50 from pot
marceloas206: doesn't show hand 
*** SUMMARY ***
Total pot $2.50 | Rake $0 
Seat 6: Nicedaymybro
Seat 1: Xenicide folded before Flop (didn't bet)
Seat 2: Supermegopro folded before Flop (didn't bet)
Seat 3: marceloas206 (button) collected ($2.50)
Seat 4: RAidakCo (small blind) folded before Flop
Seat 5: elcutez (big blind) folded before Flop



PokerStars Hand #254592761602:  Hold'em No Limit ($0.50/$1.00 USD) - 2025/01/28 18:11:58 WET [2025/01/28 13:11:58 ET]
Table 'Chort' 6-max Seat #4 is the button
Seat 1: Xenicide ($122.94 in chips) 
Seat 2: Supermegopro ($103.20 in chips) 
Seat 3: marceloas206 ($98 in chips) 
Seat 4: RAidakCo ($100 in chips) 
Seat 5: elcutez ($97.50 in chips) 
Seat 6: Nicedaymybro ($100 in chips) 
elcutez: posts small blind $0.50
Nicedaymybro: posts big blind $1
*** HOLE CARDS ***
Xenicide: folds 
Supermegopro: folds 
marceloas206: raises $1 to $2
RAidakCo: folds 
elcutez: folds 
Nicedaymybro: raises $9 to $11
marceloas206: folds 
Uncalled bet ($9) returned to Nicedaymybro
Nicedaymybro collected $4.50 from pot
Nicedaymybro: doesn't show hand 
*** SUMMARY ***
Total pot $4.50 | Rake $0 
Seat 1: Xenicide folded before Flop (didn't bet)
Seat 2: Supermegopro folded before Flop (didn't bet)
Seat 3: marceloas206 folded before Flop
Seat 4: RAidakCo (button) folded before Flop (didn't bet)
Seat 5: elcutez (small blind) folded before Flop
Seat 6: Nicedaymybro (big blind) collected ($4.50)



PokerStars Hand #254592770456:  Hold'em No Limit ($0.50/$1.00 USD) - 2025/01/28 18:12:28 WET [2025/01/28 13:12:28 ET]
Table 'Chort' 6-max Seat #5 is the button
Seat 1: Xenicide ($122.94 in chips) 
Seat 2: Supermegopro ($103.20 in chips) 
Seat 3: marceloas206 ($96 in chips) 
Seat 4: RAidakCo ($100 in chips) 
Seat 5: elcutez ($97 in chips) 
Seat 6: Nicedaymybro ($102.50 in chips) 
Nicedaymybro: posts small blind $0.50
Xenicide: posts big blind $1
*** HOLE CARDS ***
Supermegopro: folds 
marceloas206: folds 
RAidakCo: folds 
elcutez: raises $2 to $3
Nicedaymybro: folds 
Xenicide: folds 
Uncalled bet ($2) returned to elcutez
elcutez collected $2.50 from pot
*** SUMMARY ***
Total pot $2.50 | Rake $0 
Seat 1: Xenicide (big blind) folded before Flop
Seat 2: Supermegopro folded before Flop (didn't bet)
Seat 3: marceloas206 folded before Flop (didn't bet)
Seat 4: RAidakCo folded before Flop (didn't bet)
Seat 5: elcutez (button) collected ($2.50)
Seat 6: Nicedaymybro (small blind) folded before Flop



PokerStars Hand #254592774070:  Hold'em No Limit ($0.50/$1.00 USD) - 2025/01/28 18:12:40 WET [2025/01/28 13:12:40 ET]
Table 'Chort' 6-max Seat #6 is the button
Seat 1: Xenicide ($121.94 in chips) 
Seat 2: Supermegopro ($103.20 in chips) 
Seat 3: marceloas206 ($96 in chips) 
Seat 4: RAidakCo ($100 in chips) 
Seat 5: elcutez ($98.50 in chips) 
Seat 6: Nicedaymybro ($102 in chips) 
Xenicide: posts small blind $0.50
Supermegopro: posts big blind $1
*** HOLE CARDS ***
marceloas206: raises $1 to $2
RAidakCo: folds 
elcutez: raises $5 to $7
Nicedaymybro: folds 
Xenicide: folds 
Supermegopro: folds 
marceloas206: calls $5
*** FLOP *** [5d 8s 2c]
marceloas206: checks 
elcutez: bets $10
marceloas206: folds 
Uncalled bet ($10) returned to elcutez
elcutez collected $14.72 from pot
*** SUMMARY ***
Total pot $15.50 | Rake $0.78 
Board [5d 8s 2c]
Seat 1: Xenicide (small blind) folded before Flop
Seat 2: Supermegopro (big blind) folded before Flop
Seat 3: marceloas206 folded on the Flop
Seat 4: RAidakCo folded before Flop (didn't bet)
Seat 5: elcutez collected ($14.72)
Seat 6: Nicedaymybro (button) folded before Flop (didn't bet)



PokerStars Hand #254592784545:  Hold'em No Limit ($0.50/$1.00 USD) - 2025/01/28 18:13:16 WET [2025/01/28 13:13:16 ET]
Table 'Chort' 6-max Seat #1 is the button
Seat 1: Xenicide ($121.44 in chips) 
Seat 2: Supermegopro ($102.20 in chips) 
Seat 3: marceloas206 ($89 in chips) 
Seat 4: RAidakCo ($100 in chips) 
Seat 5: elcutez ($106.22 in chips) 
Seat 6: Nicedaymybro ($102 in chips) 
Supermegopro: posts small blind $0.50
marceloas206: posts big blind $1
*** HOLE CARDS ***
RAidakCo: folds 
elcutez: folds 
Nicedaymybro: raises $1.50 to $2.50
Xenicide: folds 
Supermegopro: calls $2
marceloas206: folds 
*** FLOP *** [9h 7c 5d]
Supermegopro: checks 
Nicedaymybro: checks 
*** TURN *** [9h 7c 5d] [5c]
Supermegopro: checks 
Nicedaymybro: bets $4.28
Supermegopro: folds 
Uncalled bet ($4.28) returned to Nicedaymybro
Nicedaymybro collected $5.70 from pot
Nicedaymybro: doesn't show hand 
*** SUMMARY ***
Total pot $6 | Rake $0.30 
Board [9h 7c 5d 5c]
Seat 1: Xenicide (button) folded before Flop (didn't bet)
Seat 2: Supermegopro (small blind) folded on the Turn
Seat 3: marceloas206 (big blind) folded before Flop
Seat 4: RAidakCo folded before Flop (didn't bet)
Seat 5: elcutez folded before Flop (didn't bet)
Seat 6: Nicedaymybro collected ($5.70)



PokerStars Hand #254592797722:  Hold'em No Limit ($0.50/$1.00 USD) - 2025/01/28 18:14:01 WET [2025/01/28 13:14:01 ET]
Table 'Chort' 6-max Seat #2 is the button
Seat 1: Xenicide ($121.44 in chips) 
Seat 2: Supermegopro ($100 in chips) 
Seat 3: marceloas206 ($88 in chips) 
Seat 4: RAidakCo ($100 in chips) 
Seat 5: elcutez ($106.22 in chips) 
Seat 6: Nicedaymybro ($105.20 in chips) 
marceloas206: posts small blind $0.50
RAidakCo: posts big blind $1
*** HOLE CARDS ***
elcutez: folds 
Nicedaymybro: folds 
Xenicide: raises $1 to $2
Supermegopro: folds 
marceloas206: folds 
RAidakCo: calls $1
*** FLOP *** [5c 4h Kh]
RAidakCo: checks 
Xenicide: bets $1.07
RAidakCo: folds 
Uncalled bet ($1.07) returned to Xenicide
Xenicide collected $4.28 from pot
*** SUMMARY ***
Total pot $4.50 | Rake $0.22 
Board [5c 4h Kh]
Seat 1: Xenicide collected ($4.28)
Seat 2: Supermegopro (button) folded before Flop (didn't bet)
Seat 3: marceloas206 (small blind) folded before Flop
Seat 4: RAidakCo (big blind) folded on the Flop
Seat 5: elcutez folded before Flop (didn't bet)
Seat 6: Nicedaymybro folded before Flop (didn't bet)



PokerStars Hand #254592806910:  Hold'em No Limit ($0.50/$1.00 USD) - 2025/01/28 18:14:32 WET [2025/01/28 13:14:32 ET]
Table 'Chort' 6-max Seat #3 is the button
Seat 1: Xenicide ($123.72 in chips) 
Seat 2: Supermegopro ($100 in chips) 
Seat 3: marceloas206 ($87.50 in chips) 
Seat 4: RAidakCo ($100 in chips) 
Seat 5: elcutez ($106.22 in chips) 
Seat 6: Nicedaymybro ($105.20 in chips) 
RAidakCo: posts small blind $0.50
elcutez: posts big blind $1
*** HOLE CARDS ***
Nicedaymybro: folds 
Xenicide: folds 
Supermegopro: raises $1.50 to $2.50
marceloas206: folds 
RAidakCo: folds 
elcutez: raises $6.50 to $9
Supermegopro: folds 
Uncalled bet ($6.50) returned to elcutez
elcutez collected $5.50 from pot
*** SUMMARY ***
Total pot $5.50 | Rake $0 
Seat 1: Xenicide folded before Flop (didn't bet)
Seat 2: Supermegopro folded before Flop
Seat 3: marceloas206 (button) folded before Flop (didn't bet)
Seat 4: RAidakCo (small blind) folded before Flop
Seat 5: elcutez (big blind) collected ($5.50)
Seat 6: Nicedaymybro folded before Flop (didn't bet)



PokerStars Hand #254592968512:  Hold'em No Limit ($0.50/$1.00 USD) - 2025/01/28 18:23:40 WET [2025/01/28 13:23:40 ET]
Table 'Chort' 6-max Seat #3 is the button
Seat 5: elcutez ($106.22 in chips) is sitting out
Seat 1: Xenicide ($135.10 in chips) 
Seat 2: laloo246 ($100 in chips) 
Seat 3: marceloas206 ($98 in chips) 
Seat 4: RAidakCo ($115.86 in chips) 
Seat 6: Nicedaymybro ($102.20 in chips) 
RAidakCo: posts small blind $0.50
Nicedaymybro: posts big blind $1
*** HOLE CARDS ***
Xenicide: folds 
laloo246: folds 
marceloas206: folds 
RAidakCo: raises $2 to $3
Nicedaymybro: folds 
Uncalled bet ($2) returned to RAidakCo
RAidakCo collected $2 from pot
RAidakCo: doesn't show hand 
*** SUMMARY ***
Total pot $2 | Rake $0 
Seat 5: elcutez
Seat 1: Xenicide folded before Flop (didn't bet)
Seat 2: laloo246 folded before Flop (didn't bet)
Seat 3: marceloas206 (button) folded before Flop (didn't bet)
Seat 4: RAidakCo (small blind) collected ($2)
Seat 6: Nicedaymybro (big blind) folded before Flop



PokerStars Hand #254592973728:  Hold'em No Limit ($0.50/$1.00 USD) - 2025/01/28 18:23:57 WET [2025/01/28 13:23:57 ET]
Table 'Chort' 6-max Seat #4 is the button
Seat 5: elcutez ($106.22 in chips) is sitting out
Seat 1: Xenicide ($135.10 in chips) 
Seat 2: laloo246 ($100 in chips) 
Seat 3: marceloas206 ($98 in chips) 
Seat 4: RAidakCo ($116.86 in chips) 
Seat 6: Nicedaymybro ($101.20 in chips) 
Nicedaymybro: posts small blind $0.50
Xenicide: posts big blind $1
*** HOLE CARDS ***
laloo246: folds 
marceloas206: raises $1 to $2
RAidakCo: folds 
Nicedaymybro: folds 
Xenicide: calls $1
*** FLOP *** [5h Ah 4h]
Xenicide: checks 
marceloas206: bets $2.50
Xenicide: folds 
Uncalled bet ($2.50) returned to marceloas206
marceloas206 collected $4.28 from pot
marceloas206: doesn't show hand 
*** SUMMARY ***
Total pot $4.50 | Rake $0.22 
Board [5h Ah 4h]
Seat 5: elcutez
Seat 1: Xenicide (big blind) folded on the Flop
Seat 2: laloo246 folded before Flop (didn't bet)
Seat 3: marceloas206 collected ($4.28)
Seat 4: RAidakCo (button) folded before Flop (didn't bet)
Seat 6: Nicedaymybro (small blind) folded before Flop



PokerStars Hand #254592986199:  Hold'em No Limit ($0.50/$1.00 USD) - 2025/01/28 18:24:39 WET [2025/01/28 13:24:39 ET]
Table 'Chort' 6-max Seat #6 is the button
Seat 5: elcutez ($106.22 in chips) is sitting out
Seat 1: Xenicide ($133.10 in chips) 
Seat 2: laloo246 ($100 in chips) 
Seat 3: marceloas206 ($100.28 in chips) 
Seat 4: RAidakCo ($116.86 in chips) 
Seat 6: Nicedaymybro ($100.70 in chips) 
Xenicide: posts small blind $0.50
laloo246: posts big blind $1
*** HOLE CARDS ***
marceloas206: folds 
RAidakCo: folds 
Nicedaymybro: folds 
Xenicide: folds 
Uncalled bet ($0.50) returned to laloo246
laloo246 collected $1 from pot
laloo246: doesn't show hand 
*** SUMMARY ***
Total pot $1 | Rake $0 
Seat 5: elcutez
Seat 1: Xenicide (small blind) folded before Flop
Seat 2: laloo246 (big blind) collected ($1)
Seat 3: marceloas206 folded before Flop (didn't bet)
Seat 4: RAidakCo folded before Flop (didn't bet)
Seat 6: Nicedaymybro (button) folded before Flop (didn't bet)



PokerStars Hand #254592990157:  Hold'em No Limit ($0.50/$1.00 USD) - 2025/01/28 18:24:53 WET [2025/01/28 13:24:53 ET]
Table 'Chort' 6-max Seat #1 is the button
Seat 5: elcutez ($106.22 in chips) is sitting out
Seat 1: Xenicide ($132.60 in chips) 
Seat 2: laloo246 ($100.50 in chips) 
Seat 3: marceloas206 ($100.28 in chips) 
Seat 4: RAidakCo ($116.86 in chips) 
Seat 6: Nicedaymybro ($100.70 in chips) 
laloo246: posts small blind $0.50
marceloas206: posts big blind $1
*** HOLE CARDS ***
RAidakCo: folds 
Nicedaymybro: raises $1.50 to $2.50
Xenicide: folds 
laloo246: folds 
marceloas206: calls $1.50
*** FLOP *** [Th 5s Qd]
marceloas206: checks 
Nicedaymybro: bets $2.61
marceloas206: calls $2.61
*** TURN *** [Th 5s Qd] [8s]
marceloas206: checks 
Nicedaymybro: checks 
*** RIVER *** [Th 5s Qd 8s] [Ah]
marceloas206: checks 
Nicedaymybro: bets $5.10
marceloas206: calls $5.10
*** SHOW DOWN ***
Nicedaymybro: shows [Kd 6d] (high card Ace)
marceloas206: shows [Kc Td] (a pair of Tens)
marceloas206 collected $19.87 from pot
*** SUMMARY ***
Total pot $20.92 | Rake $1.05 
Board [Th 5s Qd 8s Ah]
Seat 5: elcutez
Seat 1: Xenicide (button) folded before Flop (didn't bet)
Seat 2: laloo246 (small blind) folded before Flop
Seat 3: marceloas206 (big blind) showed [Kc Td] and won ($19.87) with a pair of Tens
Seat 4: RAidakCo folded before Flop (didn't bet)
Seat 6: Nicedaymybro showed [Kd 6d] and lost with high card Ace



PokerStars Hand #254593013983:  Hold'em No Limit ($0.50/$1.00 USD) - 2025/01/28 18:26:11 WET [2025/01/28 13:26:11 ET]
Table 'Chort' 6-max Seat #2 is the button
Seat 5: elcutez ($106.22 in chips) is sitting out
Seat 1: Xenicide ($132.60 in chips) 
Seat 2: laloo246 ($100 in chips) 
Seat 3: marceloas206 ($109.94 in chips) 
Seat 4: RAidakCo ($116.86 in chips) 
Seat 6: Nicedaymybro ($100 in chips) 
marceloas206: posts small blind $0.50
RAidakCo: posts big blind $1
*** HOLE CARDS ***
Nicedaymybro: folds 
Xenicide: folds 
laloo246: raises $1.50 to $2.50
marceloas206: folds 
RAidakCo: calls $1.50
*** FLOP *** [Ac Qh 9c]
RAidakCo: checks 
laloo246: bets $1.72
RAidakCo: folds 
Uncalled bet ($1.72) returned to laloo246
laloo246 collected $5.22 from pot
laloo246: doesn't show hand 
*** SUMMARY ***
Total pot $5.50 | Rake $0.28 
Board [Ac Qh 9c]
Seat 5: elcutez
Seat 1: Xenicide folded before Flop (didn't bet)
Seat 2: laloo246 (button) collected ($5.22)
Seat 3: marceloas206 (small blind) folded before Flop
Seat 4: RAidakCo (big blind) folded on the Flop
Seat 6: Nicedaymybro folded before Flop (didn't bet)



PokerStars Hand #254593027951:  Hold'em No Limit ($0.50/$1.00 USD) - 2025/01/28 18:26:58 WET [2025/01/28 13:26:58 ET]
Table 'Chort' 6-max Seat #3 is the button
Seat 1: Xenicide ($132.60 in chips) 
Seat 2: laloo246 ($102.72 in chips) 
Seat 3: marceloas206 ($109.44 in chips) 
Seat 4: RAidakCo ($114.36 in chips) 
Seat 5: elcutez ($106.22 in chips) 
Seat 6: Nicedaymybro ($100 in chips) 
RAidakCo: posts small blind $0.50
elcutez: posts big blind $1
*** HOLE CARDS ***
Nicedaymybro: folds 
Xenicide: folds 
Nicedaymybro leaves the table
laloo246: folds 
marceloas206: folds 
RAidakCo: folds 
Uncalled bet ($0.50) returned to elcutez
elcutez collected $1 from pot
*** SUMMARY ***
Total pot $1 | Rake $0 
Seat 1: Xenicide folded before Flop (didn't bet)
Seat 2: laloo246 folded before Flop (didn't bet)
Seat 3: marceloas206 (button) folded before Flop (didn't bet)
Seat 4: RAidakCo (small blind) folded before Flop
Seat 5: elcutez (big blind) collected ($1)
Seat 6: Nicedaymybro folded before Flop (didn't bet)



PokerStars Hand #254593032837:  Hold'em No Limit ($0.50/$1.00 USD) - 2025/01/28 18:27:14 WET [2025/01/28 13:27:14 ET]
Table 'Chort' 6-max Seat #4 is the button
Seat 1: Xenicide ($132.60 in chips) 
Seat 2: laloo246 ($102.72 in chips) 
Seat 3: marceloas206 ($109.44 in chips) 
Seat 4: RAidakCo ($113.86 in chips) 
Seat 5: elcutez ($106.72 in chips) 
elcutez: posts small blind $0.50
Xenicide: posts big blind $1
*** HOLE CARDS ***
laloo246: folds 
marceloas206: raises $1.50 to $2.50
RAidakCo: folds 
elcutez: raises $6.50 to $9
BoyLoc0 joins the table at seat #6 
Xenicide: folds 
marceloas206: raises $12.35 to $21.35
elcutez: calls $12.35
*** FLOP *** [Qs 2d 5s]
elcutez: checks 
marceloas206: bets $26.99
elcutez: folds 
Uncalled bet ($26.99) returned to marceloas206
marceloas206 collected $41.52 from pot
marceloas206: doesn't show hand 
*** SUMMARY ***
Total pot $43.70 | Rake $2.18 
Board [Qs 2d 5s]
Seat 1: Xenicide (big blind) folded before Flop
Seat 2: laloo246 folded before Flop (didn't bet)
Seat 3: marceloas206 collected ($41.52)
Seat 4: RAidakCo (button) folded before Flop (didn't bet)
Seat 5: elcutez (small blind) folded on the Flop



PokerStars Hand #254593047821:  Hold'em No Limit ($0.50/$1.00 USD) - 2025/01/28 18:28:03 WET [2025/01/28 13:28:03 ET]
Table 'Chort' 6-max Seat #5 is the button
Seat 6: BoyLoc0 ($100 in chips) is sitting out
Seat 1: Xenicide ($131.60 in chips) 
Seat 2: laloo246 ($102.72 in chips) 
Seat 3: marceloas206 ($129.61 in chips) 
Seat 4: RAidakCo ($113.86 in chips) 
Seat 5: elcutez ($85.37 in chips) 
Xenicide: posts small blind $0.50
laloo246: posts big blind $1
*** HOLE CARDS ***
marceloas206: folds 
RAidakCo: folds 
elcutez: folds 
Xenicide: folds 
Uncalled bet ($0.50) returned to laloo246
laloo246 collected $1 from pot
laloo246: doesn't show hand 
*** SUMMARY ***
Total pot $1 | Rake $0 
Seat 6: BoyLoc0
Seat 1: Xenicide (small blind) folded before Flop
Seat 2: laloo246 (big blind) collected ($1)
Seat 3: marceloas206 folded before Flop (didn't bet)
Seat 4: RAidakCo folded before Flop (didn't bet)
Seat 5: elcutez (button) folded before Flop (didn't bet)



PokerStars Hand #254593051698:  Hold'em No Limit ($0.50/$1.00 USD) - 2025/01/28 18:28:17 WET [2025/01/28 13:28:17 ET]
Table 'Chort' 6-max Seat #1 is the button
Seat 6: BoyLoc0 ($100 in chips) is sitting out
Seat 1: Xenicide ($131.10 in chips) 
Seat 2: laloo246 ($103.22 in chips) 
Seat 3: marceloas206 ($129.61 in chips) 
Seat 4: RAidakCo ($113.86 in chips) 
Seat 5: elcutez ($85.37 in chips) 
laloo246: posts small blind $0.50
marceloas206: posts big blind $1
BoyLoc0: sits out 
*** HOLE CARDS ***
RAidakCo: folds 
elcutez: folds 
Xenicide: folds 
laloo246: raises $2 to $3
marceloas206: calls $2
*** FLOP *** [3c 5s Qc]
laloo246: bets $1.88
marceloas206: folds 
Uncalled bet ($1.88) returned to laloo246
laloo246 collected $5.70 from pot
laloo246: doesn't show hand 
*** SUMMARY ***
Total pot $6 | Rake $0.30 
Board [3c 5s Qc]
Seat 6: BoyLoc0
Seat 1: Xenicide (button) folded before Flop (didn't bet)
Seat 2: laloo246 (small blind) collected ($5.70)
Seat 3: marceloas206 (big blind) folded on the Flop
Seat 4: RAidakCo folded before Flop (didn't bet)
Seat 5: elcutez folded before Flop (didn't bet)



PokerStars Hand #254593068157:  Hold'em No Limit ($0.50/$1.00 USD) - 2025/01/28 18:29:11 WET [2025/01/28 13:29:11 ET]
Table 'Chort' 6-max Seat #2 is the button
Seat 6: BoyLoc0 ($100 in chips) is sitting out
Seat 1: Xenicide ($131.10 in chips) 
Seat 2: laloo246 ($105.92 in chips) 
Seat 3: marceloas206 ($126.61 in chips) 
Seat 4: RAidakCo ($113.86 in chips) 
Seat 5: elcutez ($100 in chips) 
marceloas206: posts small blind $0.50
RAidakCo: posts big blind $1
BoyLoc0: sits out 
*** HOLE CARDS ***
elcutez: folds 
Xenicide: raises $1 to $2
laloo246: folds 
marceloas206: folds 
RAidakCo: folds 
Uncalled bet ($1) returned to Xenicide
Xenicide collected $2.50 from pot
*** SUMMARY ***
Total pot $2.50 | Rake $0 
Seat 6: BoyLoc0
Seat 1: Xenicide collected ($2.50)
Seat 2: laloo246 (button) folded before Flop (didn't bet)
Seat 3: marceloas206 (small blind) folded before Flop
Seat 4: RAidakCo (big blind) folded before Flop
Seat 5: elcutez folded before Flop (didn't bet)



PokerStars Hand #254593076087:  Hold'em No Limit ($0.50/$1.00 USD) - 2025/01/28 18:29:37 WET [2025/01/28 13:29:37 ET]
Table 'Chort' 6-max Seat #3 is the button
Seat 6: BoyLoc0 ($100 in chips) is sitting out
Seat 1: Xenicide ($132.60 in chips) 
Seat 2: laloo246 ($105.92 in chips) 
Seat 3: marceloas206 ($126.11 in chips) 
Seat 4: RAidakCo ($112.86 in chips) 
Seat 5: elcutez ($100 in chips) 
RAidakCo: posts small blind $0.50
elcutez: posts big blind $1
BoyLoc0: sits out 
*** HOLE CARDS ***
Xenicide: folds 
laloo246: folds 
marceloas206: raises $1 to $2
RAidakCo: folds 
elcutez: folds 
Uncalled bet ($1) returned to marceloas206
marceloas206 collected $2.50 from pot
marceloas206: doesn't show hand 
*** SUMMARY ***
Total pot $2.50 | Rake $0 
Seat 6: BoyLoc0
Seat 1: Xenicide folded before Flop (didn't bet)
Seat 2: laloo246 folded before Flop (didn't bet)
Seat 3: marceloas206 (button) collected ($2.50)
Seat 4: RAidakCo (small blind) folded before Flop
Seat 5: elcutez (big blind) folded before Flop



PokerStars Hand #254593083660:  Hold'em No Limit ($0.50/$1.00 USD) - 2025/01/28 18:30:01 WET [2025/01/28 13:30:01 ET]
Table 'Chort' 6-max Seat #4 is the button
Seat 1: Xenicide ($132.60 in chips) 
Seat 2: laloo246 ($105.92 in chips) 
Seat 3: marceloas206 ($127.61 in chips) 
Seat 4: RAidakCo ($112.36 in chips) 
Seat 5: elcutez ($99 in chips) 
Seat 6: BoyLoc0 ($100 in chips) 
elcutez: posts small blind $0.50
BoyLoc0: posts big blind $1
*** HOLE CARDS ***
Xenicide: folds 
laloo246: folds 
marceloas206: folds 
RAidakCo: raises $1.50 to $2.50
elcutez: folds 
BoyLoc0: calls $1.50
*** FLOP *** [Jc 6c 7c]
BoyLoc0: checks 
RAidakCo: checks 
*** TURN *** [Jc 6c 7c] [3s]
BoyLoc0: checks 
RAidakCo: bets $1.72
BoyLoc0: folds 
Uncalled bet ($1.72) returned to RAidakCo
RAidakCo collected $5.22 from pot
RAidakCo: doesn't show hand 
*** SUMMARY ***
Total pot $5.50 | Rake $0.28 
Board [Jc 6c 7c 3s]
Seat 1: Xenicide folded before Flop (didn't bet)
Seat 2: laloo246 folded before Flop (didn't bet)
Seat 3: marceloas206 folded before Flop (didn't bet)
Seat 4: RAidakCo (button) collected ($5.22)
Seat 5: elcutez (small blind) folded before Flop
Seat 6: BoyLoc0 (big blind) folded on the Turn



PokerStars Hand #254593096396:  Hold'em No Limit ($0.50/$1.00 USD) - 2025/01/28 18:30:43 WET [2025/01/28 13:30:43 ET]
Table 'Chort' 6-max Seat #6 is the button
Seat 5: elcutez ($98.50 in chips) is sitting out
Seat 1: Xenicide ($132.60 in chips) 
Seat 2: laloo246 ($105.92 in chips) 
Seat 3: marceloas206 ($127.61 in chips) 
Seat 4: RAidakCo ($115.08 in chips) 
Seat 6: BoyLoc0 ($100 in chips) 
Xenicide: posts small blind $0.50
laloo246: posts big blind $1
*** HOLE CARDS ***
marceloas206: folds 
RAidakCo: folds 
BoyLoc0: folds 
Xenicide: folds 
Uncalled bet ($0.50) returned to laloo246
laloo246 collected $1 from pot
laloo246: doesn't show hand 
*** SUMMARY ***
Total pot $1 | Rake $0 
Seat 5: elcutez
Seat 1: Xenicide (small blind) folded before Flop
Seat 2: laloo246 (big blind) collected ($1)
Seat 3: marceloas206 folded before Flop (didn't bet)
Seat 4: RAidakCo folded before Flop (didn't bet)
Seat 6: BoyLoc0 (button) folded before Flop (didn't bet)



PokerStars Hand #254593103195:  Hold'em No Limit ($0.50/$1.00 USD) - 2025/01/28 18:31:05 WET [2025/01/28 13:31:05 ET]
Table 'Chort' 6-max Seat #1 is the button
Seat 5: elcutez ($98.50 in chips) is sitting out
Seat 1: Xenicide ($132.10 in chips) 
Seat 2: laloo246 ($106.42 in chips) 
Seat 3: marceloas206 ($127.61 in chips) 
Seat 4: RAidakCo ($115.08 in chips) 
Seat 6: BoyLoc0 ($100 in chips) 
laloo246: posts small blind $0.50
marceloas206: posts big blind $1
*** HOLE CARDS ***
elcutez is disconnected 
RAidakCo: folds 
BoyLoc0: folds 
Xenicide: raises $1.25 to $2.25
laloo246: folds 
marceloas206: folds 
Uncalled bet ($1.25) returned to Xenicide
Xenicide collected $2.50 from pot
*** SUMMARY ***
Total pot $2.50 | Rake $0 
Seat 5: elcutez
Seat 1: Xenicide (button) collected ($2.50)
Seat 2: laloo246 (small blind) folded before Flop
Seat 3: marceloas206 (big blind) folded before Flop
Seat 4: RAidakCo folded before Flop (didn't bet)
Seat 6: BoyLoc0 folded before Flop (didn't bet)



PokerStars Hand #254593111417:  Hold'em No Limit ($0.50/$1.00 USD) - 2025/01/28 18:31:31 WET [2025/01/28 13:31:31 ET]
Table 'Chort' 6-max Seat #2 is the button
Seat 5: elcutez ($98.50 in chips) is sitting out
Seat 1: Xenicide ($133.60 in chips) 
Seat 2: laloo246 ($105.92 in chips) 
Seat 3: marceloas206 ($126.61 in chips) 
Seat 4: RAidakCo ($115.08 in chips) 
Seat 6: BoyLoc0 ($100 in chips) 
marceloas206: posts small blind $0.50
RAidakCo: posts big blind $1
*** HOLE CARDS ***
BoyLoc0: raises $1.50 to $2.50
Xenicide: folds 
laloo246: raises $5 to $7.50
marceloas206: folds 
RAidakCo: folds 
BoyLoc0: calls $5
*** FLOP *** [2c 6h Js]
BoyLoc0: checks 
laloo246: bets $5.17
BoyLoc0: calls $5.17
*** TURN *** [2c 6h Js] [Th]
BoyLoc0: checks 
laloo246: checks 
*** RIVER *** [2c 6h Js Th] [5h]
BoyLoc0: checks 
laloo246: bets $8.42
BoyLoc0: folds 
Uncalled bet ($8.42) returned to laloo246
laloo246 collected $25.50 from pot
laloo246: doesn't show hand 
*** SUMMARY ***
Total pot $26.84 | Rake $1.34 
Board [2c 6h Js Th 5h]
Seat 5: elcutez
Seat 1: Xenicide folded before Flop (didn't bet)
Seat 2: laloo246 (button) collected ($25.50)
Seat 3: marceloas206 (small blind) folded before Flop
Seat 4: RAidakCo (big blind) folded before Flop
Seat 6: BoyLoc0 folded on the River



PokerStars Hand #254593154771:  Hold'em No Limit ($0.50/$1.00 USD) - 2025/01/28 18:33:51 WET [2025/01/28 13:33:51 ET]
Table 'Chort' 6-max Seat #3 is the button
Seat 5: elcutez ($98.50 in chips) is sitting out
Seat 1: Xenicide ($133.60 in chips) 
Seat 2: laloo246 ($118.75 in chips) 
Seat 3: marceloas206 ($126.11 in chips) 
Seat 4: RAidakCo ($114.08 in chips) 
Seat 6: BoyLoc0 ($100 in chips) 
RAidakCo: posts small blind $0.50
BoyLoc0: posts big blind $1
*** HOLE CARDS ***
Xenicide: raises $1 to $2
laloo246: folds 
marceloas206: folds 
RAidakCo: folds 
BoyLoc0: calls $1
*** FLOP *** [2h 2d 4s]
BoyLoc0: checks 
Xenicide: bets $1.33
BoyLoc0: folds 
Uncalled bet ($1.33) returned to Xenicide
Xenicide collected $4.28 from pot
*** SUMMARY ***
Total pot $4.50 | Rake $0.22 
Board [2h 2d 4s]
Seat 5: elcutez
Seat 1: Xenicide collected ($4.28)
Seat 2: laloo246 folded before Flop (didn't bet)
Seat 3: marceloas206 (button) folded before Flop (didn't bet)
Seat 4: RAidakCo (small blind) folded before Flop
Seat 6: BoyLoc0 (big blind) folded on the Flop



PokerStars Hand #254593175832:  Hold'em No Limit ($0.50/$1.00 USD) - 2025/01/28 18:34:59 WET [2025/01/28 13:34:59 ET]
Table 'Chort' 6-max Seat #4 is the button
Seat 5: elcutez ($98.50 in chips) is sitting out
Seat 1: Xenicide ($135.88 in chips) 
Seat 2: laloo246 ($118.75 in chips) 
Seat 3: marceloas206 ($126.11 in chips) 
Seat 4: RAidakCo ($113.58 in chips) 
Seat 6: BoyLoc0 ($100 in chips) 
BoyLoc0: posts small blind $0.50
Xenicide: posts big blind $1
*** HOLE CARDS ***
laloo246: raises $1.20 to $2.20
marceloas206: raises $5.90 to $8.10
RAidakCo: raises $8.90 to $17
BoyLoc0: folds 
Xenicide: folds 
laloo246: folds 
marceloas206: calls $8.90
*** FLOP *** [7c 2s 3c]
marceloas206: checks 
RAidakCo: bets $17.91
marceloas206: folds 
Uncalled bet ($17.91) returned to RAidakCo
RAidakCo collected $35.82 from pot
RAidakCo: doesn't show hand 
*** SUMMARY ***
Total pot $37.70 | Rake $1.88 
Board [7c 2s 3c]
Seat 5: elcutez
Seat 1: Xenicide (big blind) folded before Flop
Seat 2: laloo246 folded before Flop
Seat 3: marceloas206 folded on the Flop
Seat 4: RAidakCo (button) collected ($35.82)
Seat 6: BoyLoc0 (small blind) folded before Flop



PokerStars Hand #254593189208:  Hold'em No Limit ($0.50/$1.00 USD) - 2025/01/28 18:35:42 WET [2025/01/28 13:35:42 ET]
Table 'Chort' 6-max Seat #6 is the button
Seat 5: elcutez ($98.50 in chips) is sitting out
Seat 1: Xenicide ($134.88 in chips) 
Seat 2: laloo246 ($116.55 in chips) 
Seat 3: marceloas206 ($109.11 in chips) 
Seat 4: RAidakCo ($132.40 in chips) 
Seat 6: BoyLoc0 ($100 in chips) 
Xenicide: posts small blind $0.50
laloo246: posts big blind $1
*** HOLE CARDS ***
marceloas206: folds 
RAidakCo: folds 
BoyLoc0: raises $1.50 to $2.50
Xenicide: folds 
laloo246: calls $1.50
*** FLOP *** [5c 2s 3s]
laloo246: checks 
BoyLoc0: checks 
*** TURN *** [5c 2s 3s] [Ks]
laloo246: checks 
BoyLoc0: bets $3.92
laloo246: folds 
Uncalled bet ($3.92) returned to BoyLoc0
BoyLoc0 collected $5.22 from pot
BoyLoc0: doesn't show hand 
*** SUMMARY ***
Total pot $5.50 | Rake $0.28 
Board [5c 2s 3s Ks]
Seat 5: elcutez
Seat 1: Xenicide (small blind) folded before Flop
Seat 2: laloo246 (big blind) folded on the Turn
Seat 3: marceloas206 folded before Flop (didn't bet)
Seat 4: RAidakCo folded before Flop (didn't bet)
Seat 6: BoyLoc0 (button) collected ($5.22)



PokerStars Hand #254593212011:  Hold'em No Limit ($0.50/$1.00 USD) - 2025/01/28 18:36:55 WET [2025/01/28 13:36:55 ET]
Table 'Chort' 6-max Seat #1 is the button
Seat 5: elcutez ($98.50 in chips) is sitting out
Seat 1: Xenicide ($134.38 in chips) 
Seat 2: laloo246 ($114.05 in chips) 
Seat 3: marceloas206 ($109.11 in chips) 
Seat 4: RAidakCo ($132.40 in chips) 
Seat 6: BoyLoc0 ($102.72 in chips) 
laloo246: posts small blind $0.50
marceloas206: posts big blind $1
*** HOLE CARDS ***
RAidakCo: raises $1 to $2
BoyLoc0: folds 
Xenicide: folds 
laloo246: folds 
marceloas206: folds 
Uncalled bet ($1) returned to RAidakCo
RAidakCo collected $2.50 from pot
RAidakCo: doesn't show hand 
*** SUMMARY ***
Total pot $2.50 | Rake $0 
Seat 5: elcutez
Seat 1: Xenicide (button) folded before Flop (didn't bet)
Seat 2: laloo246 (small blind) folded before Flop
Seat 3: marceloas206 (big blind) folded before Flop
Seat 4: RAidakCo collected ($2.50)
Seat 6: BoyLoc0 folded before Flop (didn't bet)



PokerStars Hand #254593220972:  Hold'em No Limit ($0.50/$1.00 USD) - 2025/01/28 18:37:24 WET [2025/01/28 13:37:24 ET]
Table 'Chort' 6-max Seat #2 is the button
Seat 5: elcutez ($98.50 in chips) is sitting out
Seat 1: Xenicide ($134.38 in chips) 
Seat 2: laloo246 ($113.55 in chips) 
Seat 3: marceloas206 ($108.11 in chips) 
Seat 4: RAidakCo ($133.90 in chips) 
Seat 6: BoyLoc0 ($102.72 in chips) 
marceloas206: posts small blind $0.50
RAidakCo: posts big blind $1
*** HOLE CARDS ***
BoyLoc0: raises $1.50 to $2.50
Xenicide: folds 
laloo246: folds 
marceloas206: raises $6 to $8.50
RAidakCo: folds 
BoyLoc0: raises $15.50 to $24
marceloas206: folds 
Uncalled bet ($15.50) returned to BoyLoc0
BoyLoc0 collected $18 from pot
BoyLoc0: doesn't show hand 
*** SUMMARY ***
Total pot $18 | Rake $0 
Seat 5: elcutez
Seat 1: Xenicide folded before Flop (didn't bet)
Seat 2: laloo246 (button) folded before Flop (didn't bet)
Seat 3: marceloas206 (small blind) folded before Flop
Seat 4: RAidakCo (big blind) folded before Flop
Seat 6: BoyLoc0 collected ($18)



PokerStars Hand #254593232944:  Hold'em No Limit ($0.50/$1.00 USD) - 2025/01/28 18:38:03 WET [2025/01/28 13:38:03 ET]
Table 'Chort' 6-max Seat #3 is the button
Seat 5: elcutez ($98.50 in chips) is sitting out
Seat 1: Xenicide ($134.38 in chips) 
Seat 2: laloo246 ($113.55 in chips) 
Seat 3: marceloas206 ($99.61 in chips) 
Seat 4: RAidakCo ($132.90 in chips) 
Seat 6: BoyLoc0 ($112.22 in chips) 
RAidakCo: posts small blind $0.50
BoyLoc0: posts big blind $1
*** HOLE CARDS ***
Xenicide: folds 
laloo246: folds 
marceloas206: raises $1 to $2
RAidakCo: folds 
BoyLoc0: calls $1
*** FLOP *** [8d 2h Qs]
BoyLoc0: checks 
marceloas206: bets $2.14
BoyLoc0: folds 
Uncalled bet ($2.14) returned to marceloas206
marceloas206 collected $4.28 from pot
marceloas206: doesn't show hand 
*** SUMMARY ***
Total pot $4.50 | Rake $0.22 
Board [8d 2h Qs]
Seat 5: elcutez
Seat 1: Xenicide folded before Flop (didn't bet)
Seat 2: laloo246 folded before Flop (didn't bet)
Seat 3: marceloas206 (button) collected ($4.28)
Seat 4: RAidakCo (small blind) folded before Flop
Seat 6: BoyLoc0 (big blind) folded on the Flop



PokerStars Hand #254593245833:  Hold'em No Limit ($0.50/$1.00 USD) - 2025/01/28 18:38:43 WET [2025/01/28 13:38:43 ET]
Table 'Chort' 6-max Seat #4 is the button
Seat 5: elcutez ($98.50 in chips) is sitting out
Seat 1: Xenicide ($134.38 in chips) 
Seat 2: laloo246 ($113.55 in chips) 
Seat 3: marceloas206 ($101.89 in chips) 
Seat 4: RAidakCo ($132.40 in chips) 
Seat 6: BoyLoc0 ($110.22 in chips) 
BoyLoc0: posts small blind $0.50
Xenicide: posts big blind $1
*** HOLE CARDS ***
laloo246: folds 
marceloas206: folds 
RAidakCo: folds 
BoyLoc0: folds 
Uncalled bet ($0.50) returned to Xenicide
Xenicide collected $1 from pot
*** SUMMARY ***
Total pot $1 | Rake $0 
Seat 5: elcutez
Seat 1: Xenicide (big blind) collected ($1)
Seat 2: laloo246 folded before Flop (didn't bet)
Seat 3: marceloas206 folded before Flop (didn't bet)
Seat 4: RAidakCo (button) folded before Flop (didn't bet)
Seat 6: BoyLoc0 (small blind) folded before Flop



PokerStars Hand #254593249986:  Hold'em No Limit ($0.50/$1.00 USD) - 2025/01/28 18:38:56 WET [2025/01/28 13:38:56 ET]
Table 'Chort' 6-max Seat #6 is the button
Seat 5: elcutez ($98.50 in chips) is sitting out
Seat 1: Xenicide ($134.88 in chips) 
Seat 2: laloo246 ($113.55 in chips) 
Seat 3: marceloas206 ($101.89 in chips) 
Seat 4: RAidakCo ($132.40 in chips) 
Seat 6: BoyLoc0 ($109.72 in chips) 
Xenicide: posts small blind $0.50
laloo246: posts big blind $1
*** HOLE CARDS ***
marceloas206: folds 
RAidakCo: raises $1.20 to $2.20
BoyLoc0: folds 
Xenicide: folds 
laloo246: folds 
Uncalled bet ($1.20) returned to RAidakCo
RAidakCo collected $2.50 from pot
RAidakCo: doesn't show hand 
*** SUMMARY ***
Total pot $2.50 | Rake $0 
Seat 5: elcutez
Seat 1: Xenicide (small blind) folded before Flop
Seat 2: laloo246 (big blind) folded before Flop
Seat 3: marceloas206 folded before Flop (didn't bet)
Seat 4: RAidakCo collected ($2.50)
Seat 6: BoyLoc0 (button) folded before Flop (didn't bet)



PokerStars Hand #254593255756:  Hold'em No Limit ($0.50/$1.00 USD) - 2025/01/28 18:39:14 WET [2025/01/28 13:39:14 ET]
Table 'Chort' 6-max Seat #1 is the button
Seat 5: elcutez ($98.50 in chips) is sitting out
Seat 1: Xenicide ($134.38 in chips) 
Seat 2: laloo246 ($112.55 in chips) 
Seat 3: marceloas206 ($101.89 in chips) 
Seat 4: RAidakCo ($133.90 in chips) 
Seat 6: BoyLoc0 ($109.72 in chips) 
laloo246: posts small blind $0.50
marceloas206: posts big blind $1
*** HOLE CARDS ***
RAidakCo: folds 
BoyLoc0: folds 
Xenicide: folds 
laloo246: raises $2 to $3
marceloas206: folds 
Uncalled bet ($2) returned to laloo246
laloo246 collected $2 from pot
laloo246: doesn't show hand 
*** SUMMARY ***
Total pot $2 | Rake $0 
Seat 5: elcutez
Seat 1: Xenicide (button) folded before Flop (didn't bet)
Seat 2: laloo246 (small blind) collected ($2)
Seat 3: marceloas206 (big blind) folded before Flop
Seat 4: RAidakCo folded before Flop (didn't bet)
Seat 6: BoyLoc0 folded before Flop (didn't bet)



PokerStars Hand #254593263452:  Hold'em No Limit ($0.50/$1.00 USD) - 2025/01/28 18:39:39 WET [2025/01/28 13:39:39 ET]
Table 'Chort' 6-max Seat #2 is the button
Seat 5: elcutez ($98.50 in chips) is sitting out
Seat 1: Xenicide ($134.38 in chips) 
Seat 2: laloo246 ($113.55 in chips) 
Seat 3: marceloas206 ($100.89 in chips) 
Seat 4: RAidakCo ($133.90 in chips) 
Seat 6: BoyLoc0 ($109.72 in chips) 
marceloas206: posts small blind $0.50
RAidakCo: posts big blind $1
*** HOLE CARDS ***
BoyLoc0: folds 
Xenicide: folds 
laloo246: raises $1.50 to $2.50
marceloas206: folds 
RAidakCo: calls $1.50
*** FLOP *** [4d 6h Kc]
RAidakCo: checks 
laloo246: bets $1.72
RAidakCo: folds 
Uncalled bet ($1.72) returned to laloo246
laloo246 collected $5.22 from pot
laloo246: doesn't show hand 
*** SUMMARY ***
Total pot $5.50 | Rake $0.28 
Board [4d 6h Kc]
Seat 5: elcutez
Seat 1: Xenicide folded before Flop (didn't bet)
Seat 2: laloo246 (button) collected ($5.22)
Seat 3: marceloas206 (small blind) folded before Flop
Seat 4: RAidakCo (big blind) folded on the Flop
Seat 6: BoyLoc0 folded before Flop (didn't bet)



PokerStars Hand #254593275049:  Hold'em No Limit ($0.50/$1.00 USD) - 2025/01/28 18:40:16 WET [2025/01/28 13:40:16 ET]
Table 'Chort' 6-max Seat #3 is the button
Seat 5: elcutez ($98.50 in chips) is sitting out
Seat 1: Xenicide ($134.38 in chips) 
Seat 2: laloo246 ($116.27 in chips) 
Seat 3: marceloas206 ($100.39 in chips) 
Seat 4: RAidakCo ($131.40 in chips) 
Seat 6: BoyLoc0 ($109.72 in chips) 
RAidakCo: posts small blind $0.50
BoyLoc0: posts big blind $1
*** HOLE CARDS ***
Xenicide: folds 
laloo246: folds 
marceloas206: folds 
RAidakCo: raises $2 to $3
BoyLoc0: raises $7 to $10
RAidakCo: folds 
Uncalled bet ($7) returned to BoyLoc0
BoyLoc0 collected $6 from pot
BoyLoc0: doesn't show hand 
*** SUMMARY ***
Total pot $6 | Rake $0 
Seat 5: elcutez
Seat 1: Xenicide folded before Flop (didn't bet)
Seat 2: laloo246 folded before Flop (didn't bet)
Seat 3: marceloas206 (button) folded before Flop (didn't bet)
Seat 4: RAidakCo (small blind) folded before Flop
Seat 6: BoyLoc0 (big blind) collected ($6)



PokerStars Hand #254593284655:  Hold'em No Limit ($0.50/$1.00 USD) - 2025/01/28 18:40:47 WET [2025/01/28 13:40:47 ET]
Table 'Chort' 6-max Seat #4 is the button
Seat 5: elcutez ($98.50 in chips) is sitting out
Seat 1: Xenicide ($134.38 in chips) 
Seat 2: laloo246 ($116.27 in chips) 
Seat 3: marceloas206 ($100.39 in chips) 
Seat 4: RAidakCo ($128.40 in chips) 
Seat 6: BoyLoc0 ($112.72 in chips) 
BoyLoc0: posts small blind $0.50
Xenicide: posts big blind $1
*** HOLE CARDS ***
laloo246: folds 
marceloas206: folds 
RAidakCo: folds 
BoyLoc0: folds 
Uncalled bet ($0.50) returned to Xenicide
Xenicide collected $1 from pot
*** SUMMARY ***
Total pot $1 | Rake $0 
Seat 5: elcutez
Seat 1: Xenicide (big blind) collected ($1)
Seat 2: laloo246 folded before Flop (didn't bet)
Seat 3: marceloas206 folded before Flop (didn't bet)
Seat 4: RAidakCo (button) folded before Flop (didn't bet)
Seat 6: BoyLoc0 (small blind) folded before Flop



PokerStars Hand #254593289091:  Hold'em No Limit ($0.50/$1.00 USD) - 2025/01/28 18:41:01 WET [2025/01/28 13:41:01 ET]
Table 'Chort' 6-max Seat #6 is the button
Seat 5: elcutez ($98.50 in chips) is sitting out
Seat 1: Xenicide ($134.88 in chips) 
Seat 2: laloo246 ($116.27 in chips) 
Seat 3: marceloas206 ($100.39 in chips) 
Seat 4: RAidakCo ($128.40 in chips) 
Seat 6: BoyLoc0 ($112.22 in chips) 
Xenicide: posts small blind $0.50
laloo246: posts big blind $1
*** HOLE CARDS ***
elcutez leaves the table
marceloas206: folds 
RAidakCo: raises $1.20 to $2.20
BoyLoc0: folds 
Xenicide: raises $7.30 to $9.50
laloo246: folds 
RAidakCo: calls $7.30
*** FLOP *** [2d Ah 2c]
coeeeelho joins the table at seat #5 
Xenicide: bets $4.75
RAidakCo: calls $4.75
*** TURN *** [2d Ah 2c] [Ac]
Xenicide: checks 
RAidakCo: bets $14.01
Xenicide: folds 
Uncalled bet ($14.01) returned to RAidakCo
RAidakCo collected $28.02 from pot
RAidakCo: doesn't show hand 
*** SUMMARY ***
Total pot $29.50 | Rake $1.48 
Board [2d Ah 2c Ac]
Seat 5: elcutez
Seat 1: Xenicide (small blind) folded on the Turn
Seat 2: laloo246 (big blind) folded before Flop
Seat 3: marceloas206 folded before Flop (didn't bet)
Seat 4: RAidakCo collected ($28.02)
Seat 6: BoyLoc0 (button) folded before Flop (didn't bet)



PokerStars Hand #254593317417:  Hold'em No Limit ($0.50/$1.00 USD) - 2025/01/28 18:42:32 WET [2025/01/28 13:42:32 ET]
Table 'Chort' 6-max Seat #1 is the button
Seat 5: coeeeelho ($100 in chips) is sitting out
Seat 1: Xenicide ($120.63 in chips) 
Seat 2: laloo246 ($115.27 in chips) 
Seat 3: marceloas206 ($100.39 in chips) 
Seat 4: RAidakCo ($142.17 in chips) 
Seat 6: BoyLoc0 ($112.22 in chips) 
laloo246: posts small blind $0.50
marceloas206: posts big blind $1
coeeeelho: sits out 
*** HOLE CARDS ***
RAidakCo: folds 
BoyLoc0: folds 
Xenicide: raises $1.25 to $2.25
laloo246: folds 
marceloas206: folds 
Uncalled bet ($1.25) returned to Xenicide
Xenicide collected $2.50 from pot
*** SUMMARY ***
Total pot $2.50 | Rake $0 
Seat 5: coeeeelho
Seat 1: Xenicide (button) collected ($2.50)
Seat 2: laloo246 (small blind) folded before Flop
Seat 3: marceloas206 (big blind) folded before Flop
Seat 4: RAidakCo folded before Flop (didn't bet)
Seat 6: BoyLoc0 folded before Flop (didn't bet)



PokerStars Hand #254593324386:  Hold'em No Limit ($0.50/$1.00 USD) - 2025/01/28 18:42:55 WET [2025/01/28 13:42:55 ET]
Table 'Chort' 6-max Seat #2 is the button
Seat 5: coeeeelho ($100 in chips) is sitting out
Seat 1: Xenicide ($122.13 in chips) 
Seat 2: laloo246 ($114.77 in chips) 
Seat 3: marceloas206 ($99.39 in chips) 
Seat 4: RAidakCo ($142.17 in chips) 
Seat 6: BoyLoc0 ($112.22 in chips) 
marceloas206: posts small blind $0.50
RAidakCo: posts big blind $1
coeeeelho: sits out 
*** HOLE CARDS ***
BoyLoc0: raises $1.50 to $2.50
Xenicide: folds 
laloo246: folds 
marceloas206: folds 
RAidakCo: folds 
Uncalled bet ($1.50) returned to BoyLoc0
BoyLoc0 collected $2.50 from pot
BoyLoc0: doesn't show hand 
*** SUMMARY ***
Total pot $2.50 | Rake $0 
Seat 5: coeeeelho
Seat 1: Xenicide folded before Flop (didn't bet)
Seat 2: laloo246 (button) folded before Flop (didn't bet)
Seat 3: marceloas206 (small blind) folded before Flop
Seat 4: RAidakCo (big blind) folded before Flop
Seat 6: BoyLoc0 collected ($2.50)



PokerStars Hand #254593329468:  Hold'em No Limit ($0.50/$1.00 USD) - 2025/01/28 18:43:11 WET [2025/01/28 13:43:11 ET]
Table 'Chort' 6-max Seat #3 is the button
Seat 1: Xenicide ($122.13 in chips) 
Seat 2: laloo246 ($114.77 in chips) 
Seat 3: marceloas206 ($98.89 in chips) 
Seat 4: RAidakCo ($141.17 in chips) 
Seat 5: coeeeelho ($100 in chips) 
Seat 6: BoyLoc0 ($113.72 in chips) 
RAidakCo: posts small blind $0.50
coeeeelho: posts big blind $1
*** HOLE CARDS ***
BoyLoc0: folds 
Xenicide: folds 
laloo246: folds 
marceloas206: folds 
RAidakCo: raises $2 to $3
coeeeelho: folds 
Uncalled bet ($2) returned to RAidakCo
RAidakCo collected $2 from pot
RAidakCo: doesn't show hand 
*** SUMMARY ***
Total pot $2 | Rake $0 
Seat 1: Xenicide folded before Flop (didn't bet)
Seat 2: laloo246 folded before Flop (didn't bet)
Seat 3: marceloas206 (button) folded before Flop (didn't bet)
Seat 4: RAidakCo (small blind) collected ($2)
Seat 5: coeeeelho (big blind) folded before Flop
Seat 6: BoyLoc0 folded before Flop (didn't bet)



PokerStars Hand #254593333806:  Hold'em No Limit ($0.50/$1.00 USD) - 2025/01/28 18:43:24 WET [2025/01/28 13:43:24 ET]
Table 'Chort' 6-max Seat #4 is the button
Seat 1: Xenicide ($122.13 in chips) 
Seat 2: laloo246 ($114.77 in chips) 
Seat 3: marceloas206 ($98.89 in chips) 
Seat 4: RAidakCo ($142.17 in chips) 
Seat 5: coeeeelho ($100 in chips) 
Seat 6: BoyLoc0 ($113.72 in chips) 
coeeeelho: posts small blind $0.50
BoyLoc0: posts big blind $1
*** HOLE CARDS ***
Xenicide: folds 
laloo246: folds 
marceloas206: folds 
RAidakCo: folds 
coeeeelho: raises $2 to $3
BoyLoc0: calls $2
*** FLOP *** [Ac Js 6c]
coeeeelho: checks 
BoyLoc0: checks 
*** TURN *** [Ac Js 6c] [Kd]
coeeeelho: checks 
BoyLoc0: checks 
*** RIVER *** [Ac Js 6c Kd] [3h]
coeeeelho: checks 
BoyLoc0: bets $4.28
coeeeelho: folds 
Uncalled bet ($4.28) returned to BoyLoc0
BoyLoc0 collected $5.70 from pot
BoyLoc0: doesn't show hand 
*** SUMMARY ***
Total pot $6 | Rake $0.30 
Board [Ac Js 6c Kd 3h]
Seat 1: Xenicide folded before Flop (didn't bet)
Seat 2: laloo246 folded before Flop (didn't bet)
Seat 3: marceloas206 folded before Flop (didn't bet)
Seat 4: RAidakCo (button) folded before Flop (didn't bet)
Seat 5: coeeeelho (small blind) folded on the River
Seat 6: BoyLoc0 (big blind) collected ($5.70)



PokerStars Hand #254593361375:  Hold'em No Limit ($0.50/$1.00 USD) - 2025/01/28 18:44:52 WET [2025/01/28 13:44:52 ET]
Table 'Chort' 6-max Seat #5 is the button
Seat 1: Xenicide ($122.13 in chips) 
Seat 2: laloo246 ($114.77 in chips) 
Seat 3: marceloas206 ($98.89 in chips) 
Seat 4: RAidakCo ($142.17 in chips) 
Seat 5: coeeeelho ($100 in chips) 
Seat 6: BoyLoc0 ($116.42 in chips) 
BoyLoc0: posts small blind $0.50
Xenicide: posts big blind $1
*** HOLE CARDS ***
laloo246: folds 
marceloas206: folds 
RAidakCo: folds 
coeeeelho: raises $1.50 to $2.50
BoyLoc0: folds 
Xenicide: folds 
Uncalled bet ($1.50) returned to coeeeelho
coeeeelho collected $2.50 from pot
*** SUMMARY ***
Total pot $2.50 | Rake $0 
Seat 1: Xenicide (big blind) folded before Flop
Seat 2: laloo246 folded before Flop (didn't bet)
Seat 3: marceloas206 folded before Flop (didn't bet)
Seat 4: RAidakCo folded before Flop (didn't bet)
Seat 5: coeeeelho (button) collected ($2.50)
Seat 6: BoyLoc0 (small blind) folded before Flop



PokerStars Hand #254593372466:  Hold'em No Limit ($0.50/$1.00 USD) - 2025/01/28 18:45:27 WET [2025/01/28 13:45:27 ET]
Table 'Chort' 6-max Seat #6 is the button
Seat 1: Xenicide ($121.13 in chips) 
Seat 2: laloo246 ($114.77 in chips) 
Seat 3: marceloas206 ($98.89 in chips) 
Seat 4: RAidakCo ($142.17 in chips) 
Seat 5: coeeeelho ($101.50 in chips) 
Seat 6: BoyLoc0 ($115.92 in chips) 
Xenicide: posts small blind $0.50
laloo246: posts big blind $1
*** HOLE CARDS ***
marceloas206: folds 
RAidakCo: raises $1.20 to $2.20
coeeeelho: folds 
BoyLoc0: raises $5.30 to $7.50
Xenicide: folds 
laloo246 has timed out
laloo246: folds 
RAidakCo: folds 
Uncalled bet ($5.30) returned to BoyLoc0
BoyLoc0 collected $5.90 from pot
BoyLoc0: doesn't show hand 
*** SUMMARY ***
Total pot $5.90 | Rake $0 
Seat 1: Xenicide (small blind) folded before Flop
Seat 2: laloo246 (big blind) folded before Flop
Seat 3: marceloas206 folded before Flop (didn't bet)
Seat 4: RAidakCo folded before Flop
Seat 5: coeeeelho folded before Flop (didn't bet)
Seat 6: BoyLoc0 (button) collected ($5.90)



PokerStars Hand #254593390409:  Hold'em No Limit ($0.50/$1.00 USD) - 2025/01/28 18:46:25 WET [2025/01/28 13:46:25 ET]
Table 'Chort' 6-max Seat #1 is the button
Seat 1: Xenicide ($120.63 in chips) 
Seat 2: laloo246 ($113.77 in chips) 
Seat 3: marceloas206 ($98.89 in chips) 
Seat 4: RAidakCo ($139.97 in chips) 
Seat 5: coeeeelho ($101.50 in chips) 
Seat 6: BoyLoc0 ($119.62 in chips) 
laloo246: posts small blind $0.50
marceloas206: posts big blind $1
*** HOLE CARDS ***
RAidakCo: raises $1 to $2
coeeeelho: folds 
BoyLoc0: folds 
Xenicide: folds 
laloo246: folds 
marceloas206: calls $1
*** FLOP *** [4c Js 2c]
marceloas206: checks 
RAidakCo: bets $1.41
marceloas206: calls $1.41
*** TURN *** [4c Js 2c] [5c]
marceloas206: checks 
RAidakCo: checks 
*** RIVER *** [4c Js 2c 5c] [Jd]
marceloas206: bets $4.52
RAidakCo: folds 
Uncalled bet ($4.52) returned to marceloas206
marceloas206 collected $6.95 from pot
marceloas206: doesn't show hand 
*** SUMMARY ***
Total pot $7.32 | Rake $0.37 
Board [4c Js 2c 5c Jd]
Seat 1: Xenicide (button) folded before Flop (didn't bet)
Seat 2: laloo246 (small blind) folded before Flop
Seat 3: marceloas206 (big blind) collected ($6.95)
Seat 4: RAidakCo folded on the River
Seat 5: coeeeelho folded before Flop (didn't bet)
Seat 6: BoyLoc0 folded before Flop (didn't bet)



PokerStars Hand #254593408227:  Hold'em No Limit ($0.50/$1.00 USD) - 2025/01/28 18:47:22 WET [2025/01/28 13:47:22 ET]
Table 'Chort' 6-max Seat #2 is the button
Seat 1: Xenicide ($120.63 in chips) 
Seat 2: laloo246 ($113.27 in chips) 
Seat 3: marceloas206 ($102.43 in chips) 
Seat 4: RAidakCo ($136.56 in chips) 
Seat 5: coeeeelho ($101.50 in chips) 
Seat 6: BoyLoc0 ($119.62 in chips) 
marceloas206: posts small blind $0.50
RAidakCo: posts big blind $1
*** HOLE CARDS ***
coeeeelho: raises $1.20 to $2.20
BoyLoc0: folds 
Xenicide: folds 
laloo246: folds 
marceloas206: folds 
RAidakCo: calls $1.20
*** FLOP *** [5c 8s 6h]
RAidakCo: checks 
coeeeelho: checks 
*** TURN *** [5c 8s 6h] [4d]
RAidakCo: bets $3.50
coeeeelho: calls $3.50
*** RIVER *** [5c 8s 6h 4d] [Js]
RAidakCo: checks 
coeeeelho: bets $8.48
RAidakCo: folds 
Uncalled bet ($8.48) returned to coeeeelho
coeeeelho collected $11.30 from pot
*** SUMMARY ***
Total pot $11.90 | Rake $0.60 
Board [5c 8s 6h 4d Js]
Seat 1: Xenicide folded before Flop (didn't bet)
Seat 2: laloo246 (button) folded before Flop (didn't bet)
Seat 3: marceloas206 (small blind) folded before Flop
Seat 4: RAidakCo (big blind) folded on the River
Seat 5: coeeeelho collected ($11.30)
Seat 6: BoyLoc0 folded before Flop (didn't bet)



PokerStars Hand #254593431847:  Hold'em No Limit ($0.50/$1.00 USD) - 2025/01/28 18:48:38 WET [2025/01/28 13:48:38 ET]
Table 'Chort' 6-max Seat #3 is the button
Seat 1: Xenicide ($120.63 in chips) 
Seat 2: laloo246 ($113.27 in chips) 
Seat 3: marceloas206 ($101.93 in chips) 
Seat 4: RAidakCo ($130.86 in chips) 
Seat 5: coeeeelho ($107.10 in chips) 
Seat 6: BoyLoc0 ($119.62 in chips) 
RAidakCo: posts small blind $0.50
coeeeelho: posts big blind $1
*** HOLE CARDS ***
BoyLoc0: folds 
Xenicide: folds 
laloo246: raises $1.20 to $2.20
marceloas206: raises $5.90 to $8.10
RAidakCo: folds 
coeeeelho: folds 
laloo246: folds 
Uncalled bet ($5.90) returned to marceloas206
marceloas206 collected $5.90 from pot
marceloas206: doesn't show hand 
*** SUMMARY ***
Total pot $5.90 | Rake $0 
Seat 1: Xenicide folded before Flop (didn't bet)
Seat 2: laloo246 folded before Flop
Seat 3: marceloas206 (button) collected ($5.90)
Seat 4: RAidakCo (small blind) folded before Flop
Seat 5: coeeeelho (big blind) folded before Flop
Seat 6: BoyLoc0 folded before Flop (didn't bet)



PokerStars Hand #254593442965:  Hold'em No Limit ($0.50/$1.00 USD) - 2025/01/28 18:49:14 WET [2025/01/28 13:49:14 ET]
Table 'Chort' 6-max Seat #4 is the button
Seat 1: Xenicide ($120.63 in chips) 
Seat 2: laloo246 ($111.07 in chips) 
Seat 3: marceloas206 ($105.63 in chips) 
Seat 4: RAidakCo ($130.36 in chips) 
Seat 5: coeeeelho ($106.10 in chips) 
Seat 6: BoyLoc0 ($119.62 in chips) 
coeeeelho: posts small blind $0.50
BoyLoc0: posts big blind $1
*** HOLE CARDS ***
Xenicide: folds 
laloo246: folds 
marceloas206: raises $1 to $2
RAidakCo: folds 
coeeeelho: folds 
BoyLoc0: folds 
Uncalled bet ($1) returned to marceloas206
marceloas206 collected $2.50 from pot
marceloas206: doesn't show hand 
*** SUMMARY ***
Total pot $2.50 | Rake $0 
Seat 1: Xenicide folded before Flop (didn't bet)
Seat 2: laloo246 folded before Flop (didn't bet)
Seat 3: marceloas206 collected ($2.50)
Seat 4: RAidakCo (button) folded before Flop (didn't bet)
Seat 5: coeeeelho (small blind) folded before Flop
Seat 6: BoyLoc0 (big blind) folded before Flop



PokerStars Hand #254593452172:  Hold'em No Limit ($0.50/$1.00 USD) - 2025/01/28 18:49:44 WET [2025/01/28 13:49:44 ET]
Table 'Chort' 6-max Seat #5 is the button
Seat 1: Xenicide ($120.63 in chips) 
Seat 2: laloo246 ($111.07 in chips) 
Seat 3: marceloas206 ($107.13 in chips) 
Seat 4: RAidakCo ($130.36 in chips) 
Seat 5: coeeeelho ($105.60 in chips) 
Seat 6: BoyLoc0 ($118.62 in chips) 
BoyLoc0: posts small blind $0.50
Xenicide: posts big blind $1
*** HOLE CARDS ***
laloo246: folds 
marceloas206: folds 
RAidakCo: raises $1.20 to $2.20
coeeeelho: raises $5.30 to $7.50
BoyLoc0: folds 
Xenicide: raises $11.50 to $19
RAidakCo: folds 
coeeeelho: folds 
Uncalled bet ($11.50) returned to Xenicide
Xenicide collected $17.70 from pot
*** SUMMARY ***
Total pot $17.70 | Rake $0 
Seat 1: Xenicide (big blind) collected ($17.70)
Seat 2: laloo246 folded before Flop (didn't bet)
Seat 3: marceloas206 folded before Flop (didn't bet)
Seat 4: RAidakCo folded before Flop
Seat 5: coeeeelho (button) folded before Flop
Seat 6: BoyLoc0 (small blind) folded before Flop



PokerStars Hand #254593467095:  Hold'em No Limit ($0.50/$1.00 USD) - 2025/01/28 18:50:32 WET [2025/01/28 13:50:32 ET]
Table 'Chort' 6-max Seat #6 is the button
Seat 1: Xenicide ($130.83 in chips) 
Seat 2: laloo246 ($111.07 in chips) 
Seat 3: marceloas206 ($107.13 in chips) 
Seat 4: RAidakCo ($128.16 in chips) 
Seat 5: coeeeelho ($100 in chips) 
Seat 6: BoyLoc0 ($118.12 in chips) 
Xenicide: posts small blind $0.50
laloo246: posts big blind $1
*** HOLE CARDS ***
marceloas206: raises $1.50 to $2.50
RAidakCo: folds 
coeeeelho: folds 
BoyLoc0: folds 
Xenicide: folds 
laloo246: folds 
Uncalled bet ($1.50) returned to marceloas206
marceloas206 collected $2.50 from pot
marceloas206: doesn't show hand 
*** SUMMARY ***
Total pot $2.50 | Rake $0 
Seat 1: Xenicide (small blind) folded before Flop
Seat 2: laloo246 (big blind) folded before Flop
Seat 3: marceloas206 collected ($2.50)
Seat 4: RAidakCo folded before Flop (didn't bet)
Seat 5: coeeeelho folded before Flop (didn't bet)
Seat 6: BoyLoc0 (button) folded before Flop (didn't bet)



PokerStars Hand #254593474460:  Hold'em No Limit ($0.50/$1.00 USD) - 2025/01/28 18:50:56 WET [2025/01/28 13:50:56 ET]
Table 'Chort' 6-max Seat #1 is the button
Seat 1: Xenicide ($130.33 in chips) 
Seat 2: laloo246 ($110.07 in chips) 
Seat 3: marceloas206 ($108.63 in chips) 
Seat 4: RAidakCo ($128.16 in chips) 
Seat 5: coeeeelho ($100 in chips) 
Seat 6: BoyLoc0 ($118.12 in chips) 
laloo246: posts small blind $0.50
marceloas206: posts big blind $1
*** HOLE CARDS ***
RAidakCo: raises $1 to $2
coeeeelho: folds 
BoyLoc0: folds 
Xenicide: folds 
laloo246: folds 
marceloas206: calls $1
*** FLOP *** [Qd Th 5s]
marceloas206: checks 
RAidakCo: bets $1.41
marceloas206: calls $1.41
*** TURN *** [Qd Th 5s] [2d]
marceloas206: checks 
RAidakCo: bets $10.43
marceloas206: calls $10.43
*** RIVER *** [Qd Th 5s 2d] [As]
marceloas206: checks 
RAidakCo: bets $20.08
marceloas206: calls $20.08
*** SHOW DOWN ***
RAidakCo: shows [Ac 3c] (a pair of Aces)
marceloas206: mucks hand 
RAidakCo collected $65.84 from pot
*** SUMMARY ***
Total pot $68.34 | Rake $2.50 
Board [Qd Th 5s 2d As]
Seat 1: Xenicide (button) folded before Flop (didn't bet)
Seat 2: laloo246 (small blind) folded before Flop
Seat 3: marceloas206 (big blind) mucked
Seat 4: RAidakCo showed [Ac 3c] and won ($65.84) with a pair of Aces
Seat 5: coeeeelho folded before Flop (didn't bet)
Seat 6: BoyLoc0 folded before Flop (didn't bet)



PokerStars Hand #254593497619:  Hold'em No Limit ($0.50/$1.00 USD) - 2025/01/28 18:52:11 WET [2025/01/28 13:52:11 ET]
Table 'Chort' 6-max Seat #2 is the button
Seat 1: Xenicide ($130.33 in chips) 
Seat 2: laloo246 ($109.57 in chips) 
Seat 3: marceloas206 ($74.71 in chips) 
Seat 4: RAidakCo ($160.08 in chips) 
Seat 5: coeeeelho ($100 in chips) 
Seat 6: BoyLoc0 ($118.12 in chips) 
marceloas206: posts small blind $0.50
RAidakCo: posts big blind $1
*** HOLE CARDS ***
coeeeelho: folds 
BoyLoc0: raises $1.50 to $2.50
Xenicide: folds 
laloo246: folds 
marceloas206: folds 
RAidakCo: calls $1.50
*** FLOP *** [4h 5s Ad]
RAidakCo: checks 
BoyLoc0: checks 
*** TURN *** [4h 5s Ad] [2c]
RAidakCo: checks 
BoyLoc0: checks 
*** RIVER *** [4h 5s Ad 2c] [Jh]
RAidakCo: checks 
BoyLoc0: checks 
*** SHOW DOWN ***
RAidakCo: shows [7d Td] (high card Ace)
BoyLoc0: shows [Kc 8c] (high card Ace - King kicker)
BoyLoc0 collected $5.22 from pot
*** SUMMARY ***
Total pot $5.50 | Rake $0.28 
Board [4h 5s Ad 2c Jh]
Seat 1: Xenicide folded before Flop (didn't bet)
Seat 2: laloo246 (button) folded before Flop (didn't bet)
Seat 3: marceloas206 (small blind) folded before Flop
Seat 4: RAidakCo (big blind) showed [7d Td] and lost with high card Ace
Seat 5: coeeeelho folded before Flop (didn't bet)
Seat 6: BoyLoc0 showed [Kc 8c] and won ($5.22) with high card Ace



PokerStars Hand #254593514989:  Hold'em No Limit ($0.50/$1.00 USD) - 2025/01/28 18:53:07 WET [2025/01/28 13:53:07 ET]
Table 'Chort' 6-max Seat #3 is the button
Seat 1: Xenicide ($130.33 in chips) 
Seat 2: laloo246 ($109.57 in chips) 
Seat 3: marceloas206 ($100 in chips) 
Seat 4: RAidakCo ($157.58 in chips) 
Seat 5: coeeeelho ($100 in chips) 
Seat 6: BoyLoc0 ($120.84 in chips) 
RAidakCo: posts small blind $0.50
coeeeelho: posts big blind $1
*** HOLE CARDS ***
BoyLoc0: folds 
Xenicide: folds 
laloo246: folds 
marceloas206: folds 
RAidakCo: raises $2 to $3
coeeeelho: folds 
Uncalled bet ($2) returned to RAidakCo
RAidakCo collected $2 from pot
RAidakCo: doesn't show hand 
*** SUMMARY ***
Total pot $2 | Rake $0 
Seat 1: Xenicide folded before Flop (didn't bet)
Seat 2: laloo246 folded before Flop (didn't bet)
Seat 3: marceloas206 (button) folded before Flop (didn't bet)
Seat 4: RAidakCo (small blind) collected ($2)
Seat 5: coeeeelho (big blind) folded before Flop
Seat 6: BoyLoc0 folded before Flop (didn't bet)



PokerStars Hand #254593521891:  Hold'em No Limit ($0.50/$1.00 USD) - 2025/01/28 18:53:29 WET [2025/01/28 13:53:29 ET]
Table 'Chort' 6-max Seat #4 is the button
Seat 1: Xenicide ($130.33 in chips) 
Seat 2: laloo246 ($109.57 in chips) 
Seat 3: marceloas206 ($100 in chips) 
Seat 4: RAidakCo ($158.58 in chips) 
Seat 5: coeeeelho ($100 in chips) 
Seat 6: BoyLoc0 ($120.84 in chips) 
coeeeelho: posts small blind $0.50
BoyLoc0: posts big blind $1
*** HOLE CARDS ***
Xenicide: raises $1 to $2
laloo246: folds 
marceloas206: folds 
RAidakCo: folds 
coeeeelho: folds 
BoyLoc0: calls $1
*** FLOP *** [8c 5h 8d]
BoyLoc0: checks 
Xenicide: bets $1.07
BoyLoc0: raises $4.82 to $5.89
Xenicide: raises $4.82 to $10.71
BoyLoc0: raises $12.85 to $23.56
Xenicide: calls $12.85
*** TURN *** [8c 5h 8d] [3c]
BoyLoc0: bets $16.21
Xenicide: calls $16.21
*** RIVER *** [8c 5h 8d 3c] [Ts]
BoyLoc0: checks 
Xenicide: bets $88.56 and is all-in
BoyLoc0: folds 
Uncalled bet ($88.56) returned to Xenicide
Xenicide collected $81.54 from pot
*** SUMMARY ***
Total pot $84.04 | Rake $2.50 
Board [8c 5h 8d 3c Ts]
Seat 1: Xenicide collected ($81.54)
Seat 2: laloo246 folded before Flop (didn't bet)
Seat 3: marceloas206 folded before Flop (didn't bet)
Seat 4: RAidakCo (button) folded before Flop (didn't bet)
Seat 5: coeeeelho (small blind) folded before Flop
Seat 6: BoyLoc0 (big blind) folded on the River



PokerStars Hand #254593563422:  Hold'em No Limit ($0.50/$1.00 USD) - 2025/01/28 18:55:57 WET [2025/01/28 13:55:57 ET]
Table 'Chort' 6-max Seat #5 is the button
Seat 1: Xenicide ($170.10 in chips) 
Seat 2: laloo246 ($109.57 in chips) 
Seat 3: marceloas206 ($100 in chips) 
Seat 4: RAidakCo ($158.58 in chips) 
Seat 5: coeeeelho ($100 in chips) 
Seat 6: BoyLoc0 ($100 in chips) 
BoyLoc0: posts small blind $0.50
Xenicide: posts big blind $1
*** HOLE CARDS ***
laloo246: folds 
marceloas206 has timed out
marceloas206: folds 
RAidakCo: folds 
coeeeelho: folds 
BoyLoc0: raises $2 to $3
Xenicide: calls $2
*** FLOP *** [8d 3c 3h]
BoyLoc0: checks 
Xenicide: bets $1.43
BoyLoc0: folds 
Uncalled bet ($1.43) returned to Xenicide
Xenicide collected $5.70 from pot
*** SUMMARY ***
Total pot $6 | Rake $0.30 
Board [8d 3c 3h]
Seat 1: Xenicide (big blind) collected ($5.70)
Seat 2: laloo246 folded before Flop (didn't bet)
Seat 3: marceloas206 folded before Flop (didn't bet)
Seat 4: RAidakCo folded before Flop (didn't bet)
Seat 5: coeeeelho (button) folded before Flop (didn't bet)
Seat 6: BoyLoc0 (small blind) folded on the Flop



PokerStars Hand #254593581720:  Hold'em No Limit ($0.50/$1.00 USD) - 2025/01/28 18:57:14 WET [2025/01/28 13:57:14 ET]
Table 'Chort' 6-max Seat #6 is the button
Seat 2: laloo246 ($109.57 in chips) is sitting out
Seat 3: marceloas206 ($100 in chips) is sitting out
Seat 1: Xenicide ($172.80 in chips) 
Seat 4: RAidakCo ($158.58 in chips) 
Seat 5: coeeeelho ($100 in chips) 
Seat 6: BoyLoc0 ($100 in chips) 
Xenicide: posts small blind $0.50
laloo246: is sitting out 
RAidakCo: posts big blind $1
*** HOLE CARDS ***
coeeeelho: raises $1.20 to $2.20
BoyLoc0: folds 
Xenicide: folds 
RAidakCo: folds 
Uncalled bet ($1.20) returned to coeeeelho
coeeeelho collected $2.50 from pot
*** SUMMARY ***
Total pot $2.50 | Rake $0 
Seat 2: laloo246
Seat 3: marceloas206
Seat 1: Xenicide (small blind) folded before Flop
Seat 4: RAidakCo (big blind) folded before Flop
Seat 5: coeeeelho collected ($2.50)
Seat 6: BoyLoc0 (button) folded before Flop (didn't bet)



PokerStars Hand #254593589937:  Hold'em No Limit ($0.50/$1.00 USD) - 2025/01/28 18:57:49 WET [2025/01/28 13:57:49 ET]
Table 'Chort' 6-max Seat #1 is the button
Seat 2: laloo246 ($109.57 in chips) is sitting out
Seat 3: marceloas206 ($100 in chips) is sitting out
Seat 1: Xenicide ($172.30 in chips) 
Seat 4: RAidakCo ($157.58 in chips) 
Seat 5: coeeeelho ($101.50 in chips) 
Seat 6: BoyLoc0 ($100 in chips) 
RAidakCo: posts small blind $0.50
coeeeelho: posts big blind $1
*** HOLE CARDS ***
BoyLoc0: folds 
Xenicide: raises $1.25 to $2.25
RAidakCo: folds 
coeeeelho: calls $1.25
*** FLOP *** [Kc Jh 7h]
coeeeelho: checks 
BoyLoc0 leaves the table
Xenicide: bets $1.19
AlexPinsk1 joins the table at seat #6 
coeeeelho: calls $1.19
*** TURN *** [Kc Jh 7h] [Jd]
coeeeelho: checks 
Xenicide: checks 
*** RIVER *** [Kc Jh 7h Jd] [2d]
coeeeelho: checks 
Xenicide: checks 
*** SHOW DOWN ***
coeeeelho: shows [Td 7d] (two pair, Jacks and Sevens)
Xenicide: mucks hand 
coeeeelho collected $7.01 from pot
*** SUMMARY ***
Total pot $7.38 | Rake $0.37 
Board [Kc Jh 7h Jd 2d]
Seat 2: laloo246
Seat 3: marceloas206
Seat 1: Xenicide (button) mucked
Seat 4: RAidakCo (small blind) folded before Flop
Seat 5: coeeeelho (big blind) showed [Td 7d] and won ($7.01) with two pair, Jacks and Sevens
Seat 6: BoyLoc0 folded before Flop (didn't bet)



PokerStars Hand #254593606352:  Hold'em No Limit ($0.50/$1.00 USD) - 2025/01/28 18:58:59 WET [2025/01/28 13:58:59 ET]
Table 'Chort' 6-max Seat #4 is the button
Seat 2: laloo246 ($109.57 in chips) is sitting out
Seat 3: marceloas206 ($100 in chips) is sitting out
Seat 1: Xenicide ($168.86 in chips) 
Seat 4: RAidakCo ($157.08 in chips) 
Seat 5: coeeeelho ($105.07 in chips) 
Seat 6: AlexPinsk1 ($100 in chips) 
coeeeelho: posts small blind $0.50
AlexPinsk1: posts big blind $1
laloo246: sits out 
marceloas206: sits out 
*** HOLE CARDS ***
Xenicide: raises $1 to $2
RAidakCo: folds 
coeeeelho: raises $8 to $10
AlexPinsk1: folds 
Xenicide: folds 
Uncalled bet ($8) returned to coeeeelho
coeeeelho collected $5 from pot
*** SUMMARY ***
Total pot $5 | Rake $0 
Seat 2: laloo246
Seat 3: marceloas206
Seat 1: Xenicide folded before Flop
Seat 4: RAidakCo (button) folded before Flop (didn't bet)
Seat 5: coeeeelho (small blind) collected ($5)
Seat 6: AlexPinsk1 (big blind) folded before Flop



PokerStars Hand #254593612759:  Hold'em No Limit ($0.50/$1.00 USD) - 2025/01/28 18:59:26 WET [2025/01/28 13:59:26 ET]
Table 'Chort' 6-max Seat #5 is the button
Seat 2: laloo246 ($109.57 in chips) is sitting out
Seat 1: Xenicide ($166.86 in chips) 
Seat 3: marceloas206 ($100 in chips) 
Seat 4: RAidakCo ($157.08 in chips) 
Seat 5: coeeeelho ($108.07 in chips) 
Seat 6: AlexPinsk1 ($100 in chips) 
AlexPinsk1: posts small blind $0.50
Xenicide: posts big blind $1
laloo246: sits out 
marceloas206: posts small & big blinds $1.50
*** HOLE CARDS ***
marceloas206: raises $1.50 to $2.50
RAidakCo: raises $4.50 to $7
coeeeelho: folds 
AlexPinsk1: folds 
Xenicide: folds 
marceloas206: calls $4.50
*** FLOP *** [9c 2h 5h]
marceloas206: checks 
RAidakCo: checks 
*** TURN *** [9c 2h 5h] [4d]
marceloas206: checks 
RAidakCo: bets $7.60
marceloas206: calls $7.60
*** RIVER *** [9c 2h 5h 4d] [Ks]
marceloas206: bets $33
RAidakCo: folds 
Uncalled bet ($33) returned to marceloas206
marceloas206 collected $29.64 from pot
marceloas206: doesn't show hand 
*** SUMMARY ***
Total pot $31.20 | Rake $1.56 
Board [9c 2h 5h 4d Ks]
Seat 2: laloo246
Seat 1: Xenicide (big blind) folded before Flop
Seat 3: marceloas206 collected ($29.64)
Seat 4: RAidakCo folded on the River
Seat 5: coeeeelho (button) folded before Flop (didn't bet)
Seat 6: AlexPinsk1 (small blind) folded before Flop



