PokerStars Hand #254592017237:  Hold'em No Limit ($0.50/$1.00 USD) - 2025/01/28 17:26:26 WET [2025/01/28 12:26:26 ET]
Table 'Arctica' 6-max Seat #6 is the button
Seat 1: worker0k ($100 in chips) is sitting out
Seat 5: blistein ($100 in chips) is sitting out
Seat 2: treds17 ($100 in chips) 
Seat 3: kevpolley ($57.88 in chips) 
Seat 4: Supermegopro ($106 in chips) 
Seat 6: poker_soul11 ($107.05 in chips) 
treds17: posts small blind $0.50
kevpolley: posts big blind $1
blistein: sits out 
*** HOLE CARDS ***
Supermegopro: raises $1.50 to $2.50
poker_soul11: folds 
treds17: folds 
kevpolley: calls $1.50
*** FLOP *** [Ks 8s 9d]
kevpolley: checks 
Supermegopro: bets $1.72
kevpolley: calls $1.72
*** TURN *** [Ks 8s 9d] [Kh]
kevpolley: checks 
Supermegopro: bets $4.66
kevpolley: calls $4.66
*** RIVER *** [Ks 8s 9d Kh] [8d]
kevpolley: checks 
Supermegopro: checks 
*** SHOW DOWN ***
kevpolley: shows [As 3s] (two pair, Kings and Eights)
Supermegopro: shows [Ad 9s] (two pair, Kings and Nines)
Supermegopro collected $17.35 from pot
*** SUMMARY ***
Total pot $18.26 | Rake $0.91 
Board [Ks 8s 9d Kh 8d]
Seat 1: worker0k
Seat 5: blistein
Seat 2: treds17 (small blind) folded before Flop
Seat 3: kevpolley (big blind) showed [As 3s] and lost with two pair, Kings and Eights
Seat 4: Supermegopro showed [Ad 9s] and won ($17.35) with two pair, Kings and Nines
Seat 6: poker_soul11 (button) folded before Flop (didn't bet)



PokerStars Hand #254592025224:  Hold'em No Limit ($0.50/$1.00 USD) - 2025/01/28 17:26:59 WET [2025/01/28 12:26:59 ET]
Table 'Arctica' 6-max Seat #2 is the button
Seat 1: worker0k ($100 in chips) is sitting out
Seat 5: blistein ($100 in chips) is sitting out
Seat 2: treds17 ($100 in chips) 
Seat 3: kevpolley ($49 in chips) 
Seat 4: Supermegopro ($114.47 in chips) 
Seat 6: poker_soul11 ($107.05 in chips) 
kevpolley: posts small blind $0.50
Supermegopro: posts big blind $1
blistein: sits out 
worker0k: sits out 
*** HOLE CARDS ***
poker_soul11: raises $1.20 to $2.20
treds17: folds 
kevpolley: calls $1.70
Supermegopro: folds 
*** FLOP *** [Tc 2h 3c]
kevpolley: checks 
poker_soul11: checks 
*** TURN *** [Tc 2h 3c] [2c]
kevpolley: checks 
poker_soul11: checks 
*** RIVER *** [Tc 2h 3c 2c] [Ts]
kevpolley: checks 
poker_soul11: checks 
*** SHOW DOWN ***
kevpolley: shows [Ks Js] (two pair, Tens and Deuces)
poker_soul11: shows [Jc Kd] (two pair, Tens and Deuces)
kevpolley collected $2.57 from pot
poker_soul11 collected $2.56 from pot
*** SUMMARY ***
Total pot $5.40 | Rake $0.27 
Board [Tc 2h 3c 2c Ts]
Seat 1: worker0k
Seat 5: blistein
Seat 2: treds17 (button) folded before Flop (didn't bet)
Seat 3: kevpolley (small blind) showed [Ks Js] and won ($2.57) with two pair, Tens and Deuces
Seat 4: Supermegopro (big blind) folded before Flop
Seat 6: poker_soul11 showed [Jc Kd] and won ($2.56) with two pair, Tens and Deuces



PokerStars Hand #254592038801:  Hold'em No Limit ($0.50/$1.00 USD) - 2025/01/28 17:27:54 WET [2025/01/28 12:27:54 ET]
Table 'Arctica' 6-max Seat #3 is the button
Seat 1: worker0k ($100 in chips) is sitting out
Seat 2: treds17 ($100 in chips) 
Seat 3: kevpolley ($49.37 in chips) 
Seat 4: Supermegopro ($113.47 in chips) 
Seat 5: blistein ($100 in chips) 
Seat 6: poker_soul11 ($107.41 in chips) 
Supermegopro: posts small blind $0.50
blistein: posts big blind $1
worker0k: sits out 
*** HOLE CARDS ***
poker_soul11: raises $1.20 to $2.20
treds17: folds 
kevpolley: folds 
Supermegopro: folds 
blistein: folds 
Uncalled bet ($1.20) returned to poker_soul11
poker_soul11 collected $2.50 from pot
poker_soul11: doesn't show hand 
*** SUMMARY ***
Total pot $2.50 | Rake $0 
Seat 1: worker0k
Seat 2: treds17 folded before Flop (didn't bet)
Seat 3: kevpolley (button) folded before Flop (didn't bet)
Seat 4: Supermegopro (small blind) folded before Flop
Seat 5: blistein (big blind) folded before Flop
Seat 6: poker_soul11 collected ($2.50)



PokerStars Hand #254592042197:  Hold'em No Limit ($0.50/$1.00 USD) - 2025/01/28 17:28:08 WET [2025/01/28 12:28:08 ET]
Table 'Arctica' 6-max Seat #4 is the button
Seat 1: worker0k ($100 in chips) is sitting out
Seat 2: treds17 ($100 in chips) 
Seat 3: kevpolley ($49.37 in chips) 
Seat 4: Supermegopro ($112.97 in chips) 
Seat 5: blistein ($100 in chips) 
Seat 6: poker_soul11 ($108.91 in chips) 
blistein: posts small blind $0.50
poker_soul11: posts big blind $1
worker0k: sits out 
*** HOLE CARDS ***
treds17: folds 
kevpolley has timed out
kevpolley: folds 
kevpolley is disconnected 
Supermegopro: raises $1.50 to $2.50
blistein: folds 
poker_soul11: calls $1.50
*** FLOP *** [9c 6s 3s]
poker_soul11: checks 
Supermegopro: checks 
*** TURN *** [9c 6s 3s] [Js]
poker_soul11: checks 
Supermegopro: checks 
*** RIVER *** [9c 6s 3s Js] [6d]
poker_soul11: bets $3.45
Supermegopro: folds 
Uncalled bet ($3.45) returned to poker_soul11
poker_soul11 collected $5.22 from pot
poker_soul11: doesn't show hand 
*** SUMMARY ***
Total pot $5.50 | Rake $0.28 
Board [9c 6s 3s Js 6d]
Seat 1: worker0k
Seat 2: treds17 folded before Flop (didn't bet)
Seat 3: kevpolley folded before Flop (didn't bet)
Seat 4: Supermegopro (button) folded on the River
Seat 5: blistein (small blind) folded before Flop
Seat 6: poker_soul11 (big blind) collected ($5.22)



PokerStars Hand #254592065577:  Hold'em No Limit ($0.50/$1.00 USD) - 2025/01/28 17:29:43 WET [2025/01/28 12:29:43 ET]
Table 'Arctica' 6-max Seat #5 is the button
Seat 3: kevpolley ($49.37 in chips) is sitting out
Seat 1: worker0k ($100 in chips) 
Seat 2: treds17 ($100 in chips) 
Seat 4: Supermegopro ($110.47 in chips) 
Seat 5: blistein ($100 in chips) 
Seat 6: poker_soul11 ($111.63 in chips) 
poker_soul11: posts small blind $0.50
worker0k: posts big blind $1
*** HOLE CARDS ***
treds17: folds 
Supermegopro: folds 
blistein: folds 
poker_soul11: folds 
Uncalled bet ($0.50) returned to worker0k
worker0k collected $1 from pot
*** SUMMARY ***
Total pot $1 | Rake $0 
Seat 3: kevpolley
Seat 1: worker0k (big blind) collected ($1)
Seat 2: treds17 folded before Flop (didn't bet)
Seat 4: Supermegopro folded before Flop (didn't bet)
Seat 5: blistein (button) folded before Flop (didn't bet)
Seat 6: poker_soul11 (small blind) folded before Flop



PokerStars Hand #254592067979:  Hold'em No Limit ($0.50/$1.00 USD) - 2025/01/28 17:29:53 WET [2025/01/28 12:29:53 ET]
Table 'Arctica' 6-max Seat #6 is the button
Seat 3: kevpolley ($49.37 in chips) is sitting out
Seat 1: worker0k ($100.50 in chips) 
Seat 2: treds17 ($100 in chips) 
Seat 4: Supermegopro ($110.47 in chips) 
Seat 5: blistein ($100 in chips) 
Seat 6: poker_soul11 ($111.13 in chips) 
worker0k: posts small blind $0.50
treds17: posts big blind $1
*** HOLE CARDS ***
Supermegopro: folds 
blistein: raises $1.30 to $2.30
poker_soul11: folds 
worker0k: folds 
treds17: calls $1.30
*** FLOP *** [Th 3c Qc]
treds17: checks 
blistein: checks 
*** TURN *** [Th 3c Qc] [Js]
treds17: bets $3.63
blistein: raises $18.15 to $21.78
treds17: folds 
Uncalled bet ($18.15) returned to blistein
blistein collected $11.74 from pot
blistein: doesn't show hand 
*** SUMMARY ***
Total pot $12.36 | Rake $0.62 
Board [Th 3c Qc Js]
Seat 3: kevpolley
Seat 1: worker0k (small blind) folded before Flop
Seat 2: treds17 (big blind) folded on the Turn
Seat 4: Supermegopro folded before Flop (didn't bet)
Seat 5: blistein collected ($11.74)
Seat 6: poker_soul11 (button) folded before Flop (didn't bet)



PokerStars Hand #254592087792:  Hold'em No Limit ($0.50/$1.00 USD) - 2025/01/28 17:31:09 WET [2025/01/28 12:31:09 ET]
Table 'Arctica' 6-max Seat #1 is the button
Seat 3: kevpolley ($49.37 in chips) is sitting out
Seat 1: worker0k ($100 in chips) 
Seat 2: treds17 ($100 in chips) 
Seat 4: Supermegopro ($110.47 in chips) 
Seat 5: blistein ($105.81 in chips) 
Seat 6: poker_soul11 ($111.13 in chips) 
treds17: posts small blind $0.50
Supermegopro: posts big blind $1
*** HOLE CARDS ***
blistein: raises $1.20 to $2.20
poker_soul11: folds 
worker0k: folds 
treds17: folds 
Supermegopro: calls $1.20
*** FLOP *** [Qc 8c 3d]
Supermegopro: checks 
blistein: bets $1.58
Supermegopro: folds 
Uncalled bet ($1.58) returned to blistein
blistein collected $4.66 from pot
blistein: doesn't show hand 
*** SUMMARY ***
Total pot $4.90 | Rake $0.24 
Board [Qc 8c 3d]
Seat 3: kevpolley
Seat 1: worker0k (button) folded before Flop (didn't bet)
Seat 2: treds17 (small blind) folded before Flop
Seat 4: Supermegopro (big blind) folded on the Flop
Seat 5: blistein collected ($4.66)
Seat 6: poker_soul11 folded before Flop (didn't bet)



PokerStars Hand #254592094911:  Hold'em No Limit ($0.50/$1.00 USD) - 2025/01/28 17:31:37 WET [2025/01/28 12:31:37 ET]
Table 'Arctica' 6-max Seat #2 is the button
Seat 3: kevpolley ($49.37 in chips) is sitting out
Seat 1: worker0k ($100 in chips) 
Seat 2: treds17 ($100 in chips) 
Seat 4: Supermegopro ($108.27 in chips) 
Seat 5: blistein ($108.27 in chips) 
Seat 6: poker_soul11 ($111.13 in chips) 
Supermegopro: posts small blind $0.50
blistein: posts big blind $1
*** HOLE CARDS ***
poker_soul11: raises $1.20 to $2.20
worker0k: folds 
treds17: folds 
Supermegopro: folds 
blistein: folds 
Uncalled bet ($1.20) returned to poker_soul11
poker_soul11 collected $2.50 from pot
poker_soul11: doesn't show hand 
*** SUMMARY ***
Total pot $2.50 | Rake $0 
Seat 3: kevpolley
Seat 1: worker0k folded before Flop (didn't bet)
Seat 2: treds17 (button) folded before Flop (didn't bet)
Seat 4: Supermegopro (small blind) folded before Flop
Seat 5: blistein (big blind) folded before Flop
Seat 6: poker_soul11 collected ($2.50)



PokerStars Hand #254592098354:  Hold'em No Limit ($0.50/$1.00 USD) - 2025/01/28 17:31:51 WET [2025/01/28 12:31:51 ET]
Table 'Arctica' 6-max Seat #4 is the button
Seat 3: kevpolley ($49.37 in chips) is sitting out
Seat 1: worker0k ($100 in chips) 
Seat 2: treds17 ($100 in chips) 
Seat 4: Supermegopro ($107.77 in chips) 
Seat 5: blistein ($107.27 in chips) 
Seat 6: poker_soul11 ($112.63 in chips) 
blistein: posts small blind $0.50
poker_soul11: posts big blind $1
*** HOLE CARDS ***
worker0k: raises $1.30 to $2.30
treds17: folds 
Supermegopro: folds 
blistein: folds 
poker_soul11: folds 
Uncalled bet ($1.30) returned to worker0k
worker0k collected $2.50 from pot
*** SUMMARY ***
Total pot $2.50 | Rake $0 
Seat 3: kevpolley
Seat 1: worker0k collected ($2.50)
Seat 2: treds17 folded before Flop (didn't bet)
Seat 4: Supermegopro (button) folded before Flop (didn't bet)
Seat 5: blistein (small blind) folded before Flop
Seat 6: poker_soul11 (big blind) folded before Flop



PokerStars Hand #254592101353:  Hold'em No Limit ($0.50/$1.00 USD) - 2025/01/28 17:32:02 WET [2025/01/28 12:32:02 ET]
Table 'Arctica' 6-max Seat #5 is the button
Seat 1: worker0k ($101.50 in chips) is sitting out
Seat 3: kevpolley ($49.37 in chips) is sitting out
Seat 2: treds17 ($100 in chips) 
Seat 4: Supermegopro ($107.77 in chips) 
Seat 5: blistein ($106.77 in chips) 
Seat 6: poker_soul11 ($111.63 in chips) 
poker_soul11: posts small blind $0.50
treds17: posts big blind $1
*** HOLE CARDS ***
worker0k leaves the table
Supermegopro: raises $1.50 to $2.50
blistein: folds 
ruSSotron joins the table at seat #1 
poker_soul11: folds 
treds17: folds 
Uncalled bet ($1.50) returned to Supermegopro
Supermegopro collected $2.50 from pot
Supermegopro: doesn't show hand 
*** SUMMARY ***
Total pot $2.50 | Rake $0 
Seat 1: worker0k
Seat 3: kevpolley
Seat 2: treds17 (big blind) folded before Flop
Seat 4: Supermegopro collected ($2.50)
Seat 5: blistein (button) folded before Flop (didn't bet)
Seat 6: poker_soul11 (small blind) folded before Flop



PokerStars Hand #254592104361:  Hold'em No Limit ($0.50/$1.00 USD) - 2025/01/28 17:32:14 WET [2025/01/28 12:32:14 ET]
Table 'Arctica' 6-max Seat #2 is the button
Seat 1: ruSSotron ($100 in chips) is sitting out
Seat 3: kevpolley ($49.37 in chips) is sitting out
Seat 4: Supermegopro ($109.27 in chips) is sitting out
Seat 5: blistein ($106.77 in chips) is sitting out
Seat 2: treds17 ($100 in chips) 
Seat 6: poker_soul11 ($111.13 in chips) 
treds17: posts small blind $0.50
Supermegopro: is sitting out 
blistein: is sitting out 
poker_soul11: posts big blind $1
*** HOLE CARDS ***
treds17: raises $1.50 to $2.50
blistein leaves the table
Supermegopro leaves the table
poker_soul11: folds 
Uncalled bet ($1.50) returned to treds17
treds17 collected $2 from pot
treds17: doesn't show hand 
*** SUMMARY ***
Total pot $2 | Rake $0 
Seat 1: ruSSotron
Seat 3: kevpolley
Seat 4: Supermegopro
Seat 5: blistein
Seat 2: treds17 (button) (small blind) collected ($2)
Seat 6: poker_soul11 (big blind) folded before Flop



PokerStars Hand #254592108379:  Hold'em No Limit ($0.50/$1.00 USD) - 2025/01/28 17:32:29 WET [2025/01/28 12:32:29 ET]
Table 'Arctica' 6-max Seat #2 is the button
Seat 3: kevpolley ($49.37 in chips) is sitting out
Seat 1: ruSSotron ($100 in chips) 
Seat 2: treds17 ($101 in chips) 
Seat 6: poker_soul11 ($110.13 in chips) 
poker_soul11: posts small blind $0.50
ruSSotron: posts big blind $1
*** HOLE CARDS ***
treds17: raises $2 to $3
poker_soul11: folds 
ruSSotron: folds 
Uncalled bet ($2) returned to treds17
treds17 collected $2.50 from pot
treds17: doesn't show hand 
*** SUMMARY ***
Total pot $2.50 | Rake $0 
Seat 3: kevpolley
Seat 1: ruSSotron (big blind) folded before Flop
Seat 2: treds17 (button) collected ($2.50)
Seat 6: poker_soul11 (small blind) folded before Flop



PokerStars Hand #254592112376:  Hold'em No Limit ($0.50/$1.00 USD) - 2025/01/28 17:32:44 WET [2025/01/28 12:32:44 ET]
Table 'Arctica' 6-max Seat #6 is the button
Seat 3: kevpolley ($49.37 in chips) is sitting out
Seat 1: ruSSotron ($100 in chips) 
Seat 2: treds17 ($102.50 in chips) 
Seat 6: poker_soul11 ($109.63 in chips) 
ruSSotron: posts small blind $0.50
treds17: posts big blind $1
*** HOLE CARDS ***
poker_soul11: raises $1.20 to $2.20
ruSSotron: folds 
treds17: calls $1.20
*** FLOP *** [8s Kd Th]
treds17: checks 
poker_soul11: bets $1.54
treds17: calls $1.54
*** TURN *** [8s Kd Th] [5h]
treds17: checks 
poker_soul11: bets $9.48
treds17: calls $9.48
*** RIVER *** [8s Kd Th 5h] [2s]
treds17: checks 
poker_soul11: bets $19.46
treds17: calls $19.46
*** SHOW DOWN ***
poker_soul11: shows [Kh Jh] (a pair of Kings)
EAroca joins the table at seat #4 
treds17: mucks hand 
poker_soul11 collected $64.86 from pot
shave_mustache joins the table at seat #5 
*** SUMMARY ***
Total pot $65.86 | Rake $1 
Board [8s Kd Th 5h 2s]
Seat 3: kevpolley
Seat 1: ruSSotron (small blind) folded before Flop
Seat 2: treds17 (big blind) mucked
Seat 6: poker_soul11 (button) showed [Kh Jh] and won ($64.86) with a pair of Kings



PokerStars Hand #254592132133:  Hold'em No Limit ($0.50/$1.00 USD) - 2025/01/28 17:33:59 WET [2025/01/28 12:33:59 ET]
Table 'Arctica' 6-max Seat #1 is the button
Seat 4: EAroca ($100 in chips) is sitting out
Seat 5: shave_mustache ($100 in chips) is sitting out
Seat 1: ruSSotron ($100 in chips) 
Seat 2: treds17 ($100 in chips) 
Seat 3: kevpolley ($49.37 in chips) 
Seat 6: poker_soul11 ($141.81 in chips) 
treds17: posts small blind $0.50
kevpolley: posts big blind $1
EAroca: sits out 
shave_mustache: sits out 
*** HOLE CARDS ***
poker_soul11: folds 
ruSSotron: raises $1.50 to $2.50
treds17: folds 
kevpolley: calls $1.50
*** FLOP *** [Qd Ad 9d]
kevpolley: checks 
ruSSotron: bets $1.72
kevpolley: folds 
Uncalled bet ($1.72) returned to ruSSotron
ruSSotron collected $5.22 from pot
*** SUMMARY ***
Total pot $5.50 | Rake $0.28 
Board [Qd Ad 9d]
Seat 4: EAroca
Seat 5: shave_mustache
Seat 1: ruSSotron (button) collected ($5.22)
Seat 2: treds17 (small blind) folded before Flop
Seat 3: kevpolley (big blind) folded on the Flop
Seat 6: poker_soul11 folded before Flop (didn't bet)



PokerStars Hand #254592138165:  Hold'em No Limit ($0.50/$1.00 USD) - 2025/01/28 17:34:23 WET [2025/01/28 12:34:23 ET]
Table 'Arctica' 6-max Seat #2 is the button
Seat 5: shave_mustache ($100 in chips) is sitting out
Seat 1: ruSSotron ($102.72 in chips) 
Seat 2: treds17 ($100 in chips) 
Seat 3: kevpolley ($46.87 in chips) 
Seat 4: EAroca ($100 in chips) 
Seat 6: poker_soul11 ($141.81 in chips) 
kevpolley: posts small blind $0.50
EAroca: posts big blind $1
shave_mustache: sits out 
*** HOLE CARDS ***
poker_soul11: folds 
ruSSotron: folds 
treds17: folds 
kevpolley: folds 
Uncalled bet ($0.50) returned to EAroca
EAroca collected $1 from pot
EAroca: doesn't show hand 
*** SUMMARY ***
Total pot $1 | Rake $0 
Seat 5: shave_mustache
Seat 1: ruSSotron folded before Flop (didn't bet)
Seat 2: treds17 (button) folded before Flop (didn't bet)
Seat 3: kevpolley (small blind) folded before Flop
Seat 4: EAroca (big blind) collected ($1)
Seat 6: poker_soul11 folded before Flop (didn't bet)



PokerStars Hand #254592140689:  Hold'em No Limit ($0.50/$1.00 USD) - 2025/01/28 17:34:32 WET [2025/01/28 12:34:32 ET]
Table 'Arctica' 6-max Seat #3 is the button
Seat 1: ruSSotron ($102.72 in chips) 
Seat 2: treds17 ($100 in chips) 
Seat 3: kevpolley ($46.37 in chips) 
Seat 4: EAroca ($100.50 in chips) 
Seat 5: shave_mustache ($100 in chips) 
Seat 6: poker_soul11 ($141.81 in chips) 
EAroca: posts small blind $0.50
shave_mustache: posts big blind $1
*** HOLE CARDS ***
poker_soul11: folds 
ruSSotron: folds 
treds17: folds 
kevpolley: folds 
EAroca: folds 
Uncalled bet ($0.50) returned to shave_mustache
shave_mustache collected $1 from pot
shave_mustache: doesn't show hand 
*** SUMMARY ***
Total pot $1 | Rake $0 
Seat 1: ruSSotron folded before Flop (didn't bet)
Seat 2: treds17 folded before Flop (didn't bet)
Seat 3: kevpolley (button) folded before Flop (didn't bet)
Seat 4: EAroca (small blind) folded before Flop
Seat 5: shave_mustache (big blind) collected ($1)
Seat 6: poker_soul11 folded before Flop (didn't bet)



PokerStars Hand #254592144018:  Hold'em No Limit ($0.50/$1.00 USD) - 2025/01/28 17:34:45 WET [2025/01/28 12:34:45 ET]
Table 'Arctica' 6-max Seat #4 is the button
Seat 1: ruSSotron ($102.72 in chips) 
Seat 2: treds17 ($100 in chips) 
Seat 3: kevpolley ($46.37 in chips) 
Seat 4: EAroca ($100 in chips) 
Seat 5: shave_mustache ($100.50 in chips) 
Seat 6: poker_soul11 ($141.81 in chips) 
shave_mustache: posts small blind $0.50
poker_soul11: posts big blind $1
*** HOLE CARDS ***
ruSSotron: folds 
treds17: folds 
kevpolley: folds 
EAroca: folds 
shave_mustache: folds 
Uncalled bet ($0.50) returned to poker_soul11
poker_soul11 collected $1 from pot
poker_soul11: doesn't show hand 
*** SUMMARY ***
Total pot $1 | Rake $0 
Seat 1: ruSSotron folded before Flop (didn't bet)
Seat 2: treds17 folded before Flop (didn't bet)
Seat 3: kevpolley folded before Flop (didn't bet)
Seat 4: EAroca (button) folded before Flop (didn't bet)
Seat 5: shave_mustache (small blind) folded before Flop
Seat 6: poker_soul11 (big blind) collected ($1)



PokerStars Hand #254592149653:  Hold'em No Limit ($0.50/$1.00 USD) - 2025/01/28 17:35:06 WET [2025/01/28 12:35:06 ET]
Table 'Arctica' 6-max Seat #5 is the button
Seat 1: ruSSotron ($102.72 in chips) 
Seat 2: treds17 ($100 in chips) 
Seat 3: kevpolley ($46.37 in chips) 
Seat 4: EAroca ($100 in chips) 
Seat 5: shave_mustache ($100 in chips) 
Seat 6: poker_soul11 ($142.31 in chips) 
poker_soul11: posts small blind $0.50
ruSSotron: posts big blind $1
*** HOLE CARDS ***
treds17: folds 
kevpolley: folds 
EAroca: raises $1.30 to $2.30
shave_mustache: folds 
poker_soul11: folds 
ruSSotron: folds 
Uncalled bet ($1.30) returned to EAroca
EAroca collected $2.50 from pot
EAroca: doesn't show hand 
*** SUMMARY ***
Total pot $2.50 | Rake $0 
Seat 1: ruSSotron (big blind) folded before Flop
Seat 2: treds17 folded before Flop (didn't bet)
Seat 3: kevpolley folded before Flop (didn't bet)
Seat 4: EAroca collected ($2.50)
Seat 5: shave_mustache (button) folded before Flop (didn't bet)
Seat 6: poker_soul11 (small blind) folded before Flop



PokerStars Hand #254592156217:  Hold'em No Limit ($0.50/$1.00 USD) - 2025/01/28 17:35:31 WET [2025/01/28 12:35:31 ET]
Table 'Arctica' 6-max Seat #6 is the button
Seat 1: ruSSotron ($101.72 in chips) 
Seat 2: treds17 ($100 in chips) 
Seat 3: kevpolley ($46.37 in chips) 
Seat 4: EAroca ($101.50 in chips) 
Seat 5: shave_mustache ($100 in chips) 
Seat 6: poker_soul11 ($141.81 in chips) 
ruSSotron: posts small blind $0.50
treds17: posts big blind $1
*** HOLE CARDS ***
kevpolley: raises $2 to $3
EAroca: folds 
shave_mustache: folds 
poker_soul11: folds 
ruSSotron: folds 
treds17: folds 
Uncalled bet ($2) returned to kevpolley
kevpolley collected $2.50 from pot
*** SUMMARY ***
Total pot $2.50 | Rake $0 
Seat 1: ruSSotron (small blind) folded before Flop
Seat 2: treds17 (big blind) folded before Flop
Seat 3: kevpolley collected ($2.50)
Seat 4: EAroca folded before Flop (didn't bet)
Seat 5: shave_mustache folded before Flop (didn't bet)
Seat 6: poker_soul11 (button) folded before Flop (didn't bet)



PokerStars Hand #254592159892:  Hold'em No Limit ($0.50/$1.00 USD) - 2025/01/28 17:35:45 WET [2025/01/28 12:35:45 ET]
Table 'Arctica' 6-max Seat #1 is the button
Seat 1: ruSSotron ($101.22 in chips) 
Seat 2: treds17 ($100 in chips) 
Seat 3: kevpolley ($47.87 in chips) 
Seat 4: EAroca ($101.50 in chips) 
Seat 5: shave_mustache ($100 in chips) 
Seat 6: poker_soul11 ($141.81 in chips) 
treds17: posts small blind $0.50
kevpolley: posts big blind $1
*** HOLE CARDS ***
EAroca: raises $1 to $2
shave_mustache: folds 
poker_soul11: raises $4.50 to $6.50
ruSSotron: folds 
treds17: folds 
kevpolley: folds 
EAroca: folds 
Uncalled bet ($4.50) returned to poker_soul11
poker_soul11 collected $5.50 from pot
poker_soul11: doesn't show hand 
*** SUMMARY ***
Total pot $5.50 | Rake $0 
Seat 1: ruSSotron (button) folded before Flop (didn't bet)
Seat 2: treds17 (small blind) folded before Flop
Seat 3: kevpolley (big blind) folded before Flop
Seat 4: EAroca folded before Flop
Seat 5: shave_mustache folded before Flop (didn't bet)
Seat 6: poker_soul11 collected ($5.50)



PokerStars Hand #254592165744:  Hold'em No Limit ($0.50/$1.00 USD) - 2025/01/28 17:36:07 WET [2025/01/28 12:36:07 ET]
Table 'Arctica' 6-max Seat #2 is the button
Seat 1: ruSSotron ($101.22 in chips) 
Seat 2: treds17 ($100 in chips) 
Seat 3: kevpolley ($46.87 in chips) 
Seat 4: EAroca ($100 in chips) 
Seat 5: shave_mustache ($100 in chips) 
Seat 6: poker_soul11 ($145.31 in chips) 
kevpolley: posts small blind $0.50
EAroca: posts big blind $1
*** HOLE CARDS ***
shave_mustache: folds 
poker_soul11: folds 
ruSSotron: folds 
treds17: folds 
kevpolley: folds 
Uncalled bet ($0.50) returned to EAroca
EAroca collected $1 from pot
EAroca: doesn't show hand 
*** SUMMARY ***
Total pot $1 | Rake $0 
Seat 1: ruSSotron folded before Flop (didn't bet)
Seat 2: treds17 (button) folded before Flop (didn't bet)
Seat 3: kevpolley (small blind) folded before Flop
Seat 4: EAroca (big blind) collected ($1)
Seat 5: shave_mustache folded before Flop (didn't bet)
Seat 6: poker_soul11 folded before Flop (didn't bet)



PokerStars Hand #254592172697:  Hold'em No Limit ($0.50/$1.00 USD) - 2025/01/28 17:36:33 WET [2025/01/28 12:36:33 ET]
Table 'Arctica' 6-max Seat #3 is the button
Seat 5: shave_mustache ($100 in chips) is sitting out
Seat 1: ruSSotron ($101.22 in chips) 
Seat 2: treds17 ($100 in chips) 
Seat 3: kevpolley ($46.37 in chips) 
Seat 4: EAroca ($100.50 in chips) 
Seat 6: poker_soul11 ($145.31 in chips) 
EAroca: posts small blind $0.50
shave_mustache: is sitting out 
poker_soul11: posts big blind $1
*** HOLE CARDS ***
ruSSotron: folds 
shave_mustache leaves the table
treds17: folds 
kevpolley: folds 
EAroca: folds 
Uncalled bet ($0.50) returned to poker_soul11
poker_soul11 collected $1 from pot
poker_soul11: doesn't show hand 
Pon4uk.ua joins the table at seat #5 
*** SUMMARY ***
Total pot $1 | Rake $0 
Seat 5: shave_mustache
Seat 1: ruSSotron folded before Flop (didn't bet)
Seat 2: treds17 folded before Flop (didn't bet)
Seat 3: kevpolley (button) folded before Flop (didn't bet)
Seat 4: EAroca (small blind) folded before Flop
Seat 6: poker_soul11 (big blind) collected ($1)



PokerStars Hand #254592178229:  Hold'em No Limit ($0.50/$1.00 USD) - 2025/01/28 17:36:54 WET [2025/01/28 12:36:54 ET]
Table 'Arctica' 6-max Seat #4 is the button
Seat 5: Pon4uk.ua ($100 in chips) is sitting out
Seat 1: ruSSotron ($101.22 in chips) 
Seat 2: treds17 ($100 in chips) 
Seat 3: kevpolley ($46.37 in chips) 
Seat 4: EAroca ($100 in chips) 
Seat 6: poker_soul11 ($145.81 in chips) 
poker_soul11: posts small blind $0.50
ruSSotron: posts big blind $1
*** HOLE CARDS ***
treds17: folds 
kevpolley: folds 
EAroca: folds 
poker_soul11: raises $2 to $3
ruSSotron: folds 
Uncalled bet ($2) returned to poker_soul11
poker_soul11 collected $2 from pot
poker_soul11: doesn't show hand 
*** SUMMARY ***
Total pot $2 | Rake $0 
Seat 5: Pon4uk.ua
Seat 1: ruSSotron (big blind) folded before Flop
Seat 2: treds17 folded before Flop (didn't bet)
Seat 3: kevpolley folded before Flop (didn't bet)
Seat 4: EAroca (button) folded before Flop (didn't bet)
Seat 6: poker_soul11 (small blind) collected ($2)



PokerStars Hand #254592181942:  Hold'em No Limit ($0.50/$1.00 USD) - 2025/01/28 17:37:08 WET [2025/01/28 12:37:08 ET]
Table 'Arctica' 6-max Seat #6 is the button
Seat 5: Pon4uk.ua ($100 in chips) is sitting out
Seat 1: ruSSotron ($100.22 in chips) 
Seat 2: treds17 ($100 in chips) 
Seat 3: kevpolley ($46.37 in chips) 
Seat 4: EAroca ($100 in chips) 
Seat 6: poker_soul11 ($146.81 in chips) 
ruSSotron: posts small blind $0.50
treds17: posts big blind $1
Pon4uk.ua: sits out 
*** HOLE CARDS ***
kevpolley: folds 
EAroca: folds 
poker_soul11: raises $1.20 to $2.20
ruSSotron: raises $7.30 to $9.50
treds17: folds 
poker_soul11: folds 
Uncalled bet ($7.30) returned to ruSSotron
ruSSotron collected $5.40 from pot
*** SUMMARY ***
Total pot $5.40 | Rake $0 
Seat 5: Pon4uk.ua
Seat 1: ruSSotron (small blind) collected ($5.40)
Seat 2: treds17 (big blind) folded before Flop
Seat 3: kevpolley folded before Flop (didn't bet)
Seat 4: EAroca folded before Flop (didn't bet)
Seat 6: poker_soul11 (button) folded before Flop



PokerStars Hand #254592190333:  Hold'em No Limit ($0.50/$1.00 USD) - 2025/01/28 17:37:39 WET [2025/01/28 12:37:39 ET]
Table 'Arctica' 6-max Seat #1 is the button
Seat 5: Pon4uk.ua ($100 in chips) is sitting out
Seat 1: ruSSotron ($103.42 in chips) 
Seat 2: treds17 ($100 in chips) 
Seat 3: kevpolley ($46.37 in chips) 
Seat 4: EAroca ($100 in chips) 
Seat 6: poker_soul11 ($144.61 in chips) 
treds17: posts small blind $0.50
kevpolley: posts big blind $1
Pon4uk.ua: sits out 
*** HOLE CARDS ***
EAroca: folds 
poker_soul11: folds 
ruSSotron: folds 
treds17: raises $2 to $3
kevpolley: folds 
Uncalled bet ($2) returned to treds17
treds17 collected $2 from pot
treds17: doesn't show hand 
*** SUMMARY ***
Total pot $2 | Rake $0 
Seat 5: Pon4uk.ua
Seat 1: ruSSotron (button) folded before Flop (didn't bet)
Seat 2: treds17 (small blind) collected ($2)
Seat 3: kevpolley (big blind) folded before Flop
Seat 4: EAroca folded before Flop (didn't bet)
Seat 6: poker_soul11 folded before Flop (didn't bet)



PokerStars Hand #254592194832:  Hold'em No Limit ($0.50/$1.00 USD) - 2025/01/28 17:37:56 WET [2025/01/28 12:37:56 ET]
Table 'Arctica' 6-max Seat #2 is the button
Seat 5: Pon4uk.ua ($100 in chips) is sitting out
Seat 1: ruSSotron ($103.42 in chips) 
Seat 2: treds17 ($101 in chips) 
Seat 3: kevpolley ($45.37 in chips) 
Seat 4: EAroca ($100 in chips) 
Seat 6: poker_soul11 ($144.61 in chips) 
kevpolley: posts small blind $0.50
EAroca: posts big blind $1
Pon4uk.ua: sits out 
*** HOLE CARDS ***
poker_soul11: folds 
ruSSotron: folds 
treds17: folds 
kevpolley: folds 
Uncalled bet ($0.50) returned to EAroca
EAroca collected $1 from pot
EAroca: doesn't show hand 
*** SUMMARY ***
Total pot $1 | Rake $0 
Seat 5: Pon4uk.ua
Seat 1: ruSSotron folded before Flop (didn't bet)
Seat 2: treds17 (button) folded before Flop (didn't bet)
Seat 3: kevpolley (small blind) folded before Flop
Seat 4: EAroca (big blind) collected ($1)
Seat 6: poker_soul11 folded before Flop (didn't bet)



PokerStars Hand #254592198396:  Hold'em No Limit ($0.50/$1.00 USD) - 2025/01/28 17:38:10 WET [2025/01/28 12:38:10 ET]
Table 'Arctica' 6-max Seat #3 is the button
Seat 1: ruSSotron ($103.42 in chips) 
Seat 2: treds17 ($101 in chips) 
Seat 3: kevpolley ($44.87 in chips) 
Seat 4: EAroca ($100.50 in chips) 
Seat 5: Pon4uk.ua ($100 in chips) 
Seat 6: poker_soul11 ($144.61 in chips) 
EAroca: posts small blind $0.50
Pon4uk.ua: posts big blind $1
*** HOLE CARDS ***
poker_soul11: folds 
ruSSotron: folds 
treds17: folds 
kevpolley: folds 
EAroca: raises $2 to $3
Pon4uk.ua: folds 
Uncalled bet ($2) returned to EAroca
EAroca collected $2 from pot
EAroca: doesn't show hand 
*** SUMMARY ***
Total pot $2 | Rake $0 
Seat 1: ruSSotron folded before Flop (didn't bet)
Seat 2: treds17 folded before Flop (didn't bet)
Seat 3: kevpolley (button) folded before Flop (didn't bet)
Seat 4: EAroca (small blind) collected ($2)
Seat 5: Pon4uk.ua (big blind) folded before Flop
Seat 6: poker_soul11 folded before Flop (didn't bet)



PokerStars Hand #254592203695:  Hold'em No Limit ($0.50/$1.00 USD) - 2025/01/28 17:38:30 WET [2025/01/28 12:38:30 ET]
Table 'Arctica' 6-max Seat #4 is the button
Seat 1: ruSSotron ($103.42 in chips) 
Seat 2: treds17 ($101 in chips) 
Seat 3: kevpolley ($44.87 in chips) 
Seat 4: EAroca ($101.50 in chips) 
Seat 5: Pon4uk.ua ($100 in chips) 
Seat 6: poker_soul11 ($144.61 in chips) 
Pon4uk.ua: posts small blind $0.50
poker_soul11: posts big blind $1
*** HOLE CARDS ***
ruSSotron: folds 
treds17: folds 
kevpolley: raises $2 to $3
EAroca: folds 
Pon4uk.ua: folds 
poker_soul11: folds 
Uncalled bet ($2) returned to kevpolley
kevpolley collected $2.50 from pot
*** SUMMARY ***
Total pot $2.50 | Rake $0 
Seat 1: ruSSotron folded before Flop (didn't bet)
Seat 2: treds17 folded before Flop (didn't bet)
Seat 3: kevpolley collected ($2.50)
Seat 4: EAroca (button) folded before Flop (didn't bet)
Seat 5: Pon4uk.ua (small blind) folded before Flop
Seat 6: poker_soul11 (big blind) folded before Flop



PokerStars Hand #254592210878:  Hold'em No Limit ($0.50/$1.00 USD) - 2025/01/28 17:38:57 WET [2025/01/28 12:38:57 ET]
Table 'Arctica' 6-max Seat #5 is the button
Seat 1: ruSSotron ($103.42 in chips) 
Seat 2: treds17 ($101 in chips) 
Seat 3: kevpolley ($46.37 in chips) 
Seat 4: EAroca ($101.50 in chips) 
Seat 5: Pon4uk.ua ($100 in chips) 
Seat 6: poker_soul11 ($143.61 in chips) 
poker_soul11: posts small blind $0.50
ruSSotron: posts big blind $1
*** HOLE CARDS ***
treds17: folds 
kevpolley: folds 
EAroca: raises $1.30 to $2.30
Pon4uk.ua: raises $5.20 to $7.50
poker_soul11: folds 
ruSSotron: folds 
EAroca: folds 
Uncalled bet ($5.20) returned to Pon4uk.ua
Pon4uk.ua collected $6.10 from pot
Pon4uk.ua: doesn't show hand 
*** SUMMARY ***
Total pot $6.10 | Rake $0 
Seat 1: ruSSotron (big blind) folded before Flop
Seat 2: treds17 folded before Flop (didn't bet)
Seat 3: kevpolley folded before Flop (didn't bet)
Seat 4: EAroca folded before Flop
Seat 5: Pon4uk.ua (button) collected ($6.10)
Seat 6: poker_soul11 (small blind) folded before Flop



PokerStars Hand #254592221505:  Hold'em No Limit ($0.50/$1.00 USD) - 2025/01/28 17:39:37 WET [2025/01/28 12:39:37 ET]
Table 'Arctica' 6-max Seat #6 is the button
Seat 1: ruSSotron ($102.42 in chips) 
Seat 2: treds17 ($101 in chips) 
Seat 3: kevpolley ($46.37 in chips) 
Seat 4: EAroca ($100 in chips) 
Seat 5: Pon4uk.ua ($103.80 in chips) 
Seat 6: poker_soul11 ($143.11 in chips) 
ruSSotron: posts small blind $0.50
treds17: posts big blind $1
*** HOLE CARDS ***
kevpolley: folds 
EAroca: folds 
Pon4uk.ua: raises $1.50 to $2.50
poker_soul11: folds 
ruSSotron: folds 
treds17: folds 
Uncalled bet ($1.50) returned to Pon4uk.ua
Pon4uk.ua collected $2.50 from pot
Pon4uk.ua: doesn't show hand 
*** SUMMARY ***
Total pot $2.50 | Rake $0 
Seat 1: ruSSotron (small blind) folded before Flop
Seat 2: treds17 (big blind) folded before Flop
Seat 3: kevpolley folded before Flop (didn't bet)
Seat 4: EAroca folded before Flop (didn't bet)
Seat 5: Pon4uk.ua collected ($2.50)
Seat 6: poker_soul11 (button) folded before Flop (didn't bet)



PokerStars Hand #254592226336:  Hold'em No Limit ($0.50/$1.00 USD) - 2025/01/28 17:39:55 WET [2025/01/28 12:39:55 ET]
Table 'Arctica' 6-max Seat #1 is the button
Seat 1: ruSSotron ($101.92 in chips) 
Seat 2: treds17 ($100 in chips) 
Seat 3: kevpolley ($46.37 in chips) 
Seat 4: EAroca ($100 in chips) 
Seat 5: Pon4uk.ua ($105.30 in chips) 
Seat 6: poker_soul11 ($143.11 in chips) 
treds17: posts small blind $0.50
kevpolley: posts big blind $1
*** HOLE CARDS ***
EAroca: folds 
Pon4uk.ua: raises $1 to $2
poker_soul11: folds 
ruSSotron: folds 
treds17: folds 
kevpolley: folds 
Uncalled bet ($1) returned to Pon4uk.ua
Pon4uk.ua collected $2.50 from pot
Pon4uk.ua: doesn't show hand 
*** SUMMARY ***
Total pot $2.50 | Rake $0 
Seat 1: ruSSotron (button) folded before Flop (didn't bet)
Seat 2: treds17 (small blind) folded before Flop
Seat 3: kevpolley (big blind) folded before Flop
Seat 4: EAroca folded before Flop (didn't bet)
Seat 5: Pon4uk.ua collected ($2.50)
Seat 6: poker_soul11 folded before Flop (didn't bet)



PokerStars Hand #254592230122:  Hold'em No Limit ($0.50/$1.00 USD) - 2025/01/28 17:40:09 WET [2025/01/28 12:40:09 ET]
Table 'Arctica' 6-max Seat #2 is the button
Seat 1: ruSSotron ($101.92 in chips) 
Seat 2: treds17 ($100 in chips) 
Seat 3: kevpolley ($45.37 in chips) 
Seat 4: EAroca ($100 in chips) 
Seat 5: Pon4uk.ua ($106.80 in chips) 
Seat 6: poker_soul11 ($143.11 in chips) 
kevpolley: posts small blind $0.50
EAroca: posts big blind $1
*** HOLE CARDS ***
Pon4uk.ua: folds 
poker_soul11: raises $1.20 to $2.20
ruSSotron: raises $4.80 to $7
treds17: folds 
kevpolley: folds 
EAroca: folds 
poker_soul11: calls $4.80
*** FLOP *** [Kh As 8c]
poker_soul11: checks 
ruSSotron: bets $4.86
poker_soul11: folds 
Uncalled bet ($4.86) returned to ruSSotron
ruSSotron collected $14.72 from pot
*** SUMMARY ***
Total pot $15.50 | Rake $0.78 
Board [Kh As 8c]
Seat 1: ruSSotron collected ($14.72)
Seat 2: treds17 (button) folded before Flop (didn't bet)
Seat 3: kevpolley (small blind) folded before Flop
Seat 4: EAroca (big blind) folded before Flop
Seat 5: Pon4uk.ua folded before Flop (didn't bet)
Seat 6: poker_soul11 folded on the Flop



PokerStars Hand #254592252554:  Hold'em No Limit ($0.50/$1.00 USD) - 2025/01/28 17:41:31 WET [2025/01/28 12:41:31 ET]
Table 'Arctica' 6-max Seat #3 is the button
Seat 1: ruSSotron ($109.64 in chips) 
Seat 2: treds17 ($100 in chips) 
Seat 3: kevpolley ($44.87 in chips) 
Seat 4: EAroca ($100 in chips) 
Seat 5: Pon4uk.ua ($106.80 in chips) 
Seat 6: poker_soul11 ($136.11 in chips) 
EAroca: posts small blind $0.50
Pon4uk.ua: posts big blind $1
*** HOLE CARDS ***
poker_soul11: folds 
ruSSotron: raises $1.20 to $2.20
treds17: folds 
kevpolley: folds 
EAroca: folds 
Pon4uk.ua: folds 
Uncalled bet ($1.20) returned to ruSSotron
ruSSotron collected $2.50 from pot
*** SUMMARY ***
Total pot $2.50 | Rake $0 
Seat 1: ruSSotron collected ($2.50)
Seat 2: treds17 folded before Flop (didn't bet)
Seat 3: kevpolley (button) folded before Flop (didn't bet)
Seat 4: EAroca (small blind) folded before Flop
Seat 5: Pon4uk.ua (big blind) folded before Flop
Seat 6: poker_soul11 folded before Flop (didn't bet)



PokerStars Hand #254592262137:  Hold'em No Limit ($0.50/$1.00 USD) - 2025/01/28 17:42:07 WET [2025/01/28 12:42:07 ET]
Table 'Arctica' 6-max Seat #4 is the button
Seat 1: ruSSotron ($111.14 in chips) 
Seat 2: treds17 ($100 in chips) 
Seat 3: kevpolley ($44.87 in chips) 
Seat 4: EAroca ($100 in chips) 
Seat 5: Pon4uk.ua ($105.80 in chips) 
Seat 6: poker_soul11 ($136.11 in chips) 
Pon4uk.ua: posts small blind $0.50
poker_soul11: posts big blind $1
*** HOLE CARDS ***
ruSSotron: folds 
treds17: folds 
kevpolley: folds 
EAroca: raises $1.50 to $2.50
Pon4uk.ua: folds 
poker_soul11: folds 
Uncalled bet ($1.50) returned to EAroca
EAroca collected $2.50 from pot
EAroca: doesn't show hand 
*** SUMMARY ***
Total pot $2.50 | Rake $0 
Seat 1: ruSSotron folded before Flop (didn't bet)
Seat 2: treds17 folded before Flop (didn't bet)
Seat 3: kevpolley folded before Flop (didn't bet)
Seat 4: EAroca (button) collected ($2.50)
Seat 5: Pon4uk.ua (small blind) folded before Flop
Seat 6: poker_soul11 (big blind) folded before Flop



PokerStars Hand #254592269254:  Hold'em No Limit ($0.50/$1.00 USD) - 2025/01/28 17:42:32 WET [2025/01/28 12:42:32 ET]
Table 'Arctica' 6-max Seat #5 is the button
Seat 1: ruSSotron ($111.14 in chips) 
Seat 2: treds17 ($100 in chips) 
Seat 3: kevpolley ($44.87 in chips) 
Seat 4: EAroca ($101.50 in chips) 
Seat 5: Pon4uk.ua ($105.30 in chips) 
Seat 6: poker_soul11 ($135.11 in chips) 
poker_soul11: posts small blind $0.50
ruSSotron: posts big blind $1
*** HOLE CARDS ***
treds17: folds 
kevpolley: folds 
EAroca: raises $1.30 to $2.30
Pon4uk.ua: raises $5.20 to $7.50
poker_soul11: folds 
ruSSotron: folds 
EAroca: folds 
Uncalled bet ($5.20) returned to Pon4uk.ua
Pon4uk.ua collected $6.10 from pot
Pon4uk.ua: doesn't show hand 
*** SUMMARY ***
Total pot $6.10 | Rake $0 
Seat 1: ruSSotron (big blind) folded before Flop
Seat 2: treds17 folded before Flop (didn't bet)
Seat 3: kevpolley folded before Flop (didn't bet)
Seat 4: EAroca folded before Flop
Seat 5: Pon4uk.ua (button) collected ($6.10)
Seat 6: poker_soul11 (small blind) folded before Flop



PokerStars Hand #254592276925:  Hold'em No Limit ($0.50/$1.00 USD) - 2025/01/28 17:43:00 WET [2025/01/28 12:43:00 ET]
Table 'Arctica' 6-max Seat #6 is the button
Seat 1: ruSSotron ($110.14 in chips) 
Seat 2: treds17 ($100 in chips) 
Seat 3: kevpolley ($44.87 in chips) 
Seat 4: EAroca ($100 in chips) 
Seat 5: Pon4uk.ua ($109.10 in chips) 
Seat 6: poker_soul11 ($134.61 in chips) 
ruSSotron: posts small blind $0.50
treds17: posts big blind $1
*** HOLE CARDS ***
kevpolley: folds 
EAroca: folds 
Pon4uk.ua: folds 
poker_soul11: raises $1.20 to $2.20
ruSSotron: folds 
treds17: raises $9.30 to $11.50
poker_soul11: raises $13 to $24.50
treds17: raises $75.50 to $100 and is all-in
poker_soul11: calls $75.50
*** FLOP *** [6c Td Th]
*** TURN *** [6c Td Th] [7s]
*** RIVER *** [6c Td Th 7s] [3d]
*** SHOW DOWN ***
treds17: shows [Ad Kc] (a pair of Tens)
poker_soul11: shows [Qh Qs] (two pair, Queens and Tens)
poker_soul11 collected $198 from pot
*** SUMMARY ***
Total pot $200.50 | Rake $2.50 
Board [6c Td Th 7s 3d]
Seat 1: ruSSotron (small blind) folded before Flop
Seat 2: treds17 (big blind) showed [Ad Kc] and lost with a pair of Tens
Seat 3: kevpolley folded before Flop (didn't bet)
Seat 4: EAroca folded before Flop (didn't bet)
Seat 5: Pon4uk.ua folded before Flop (didn't bet)
Seat 6: poker_soul11 (button) showed [Qh Qs] and won ($198) with two pair, Queens and Tens



PokerStars Hand #254592291148:  Hold'em No Limit ($0.50/$1.00 USD) - 2025/01/28 17:43:52 WET [2025/01/28 12:43:52 ET]
Table 'Arctica' 6-max Seat #1 is the button
Seat 1: ruSSotron ($109.64 in chips) 
Seat 2: treds17 ($100 in chips) 
Seat 3: kevpolley ($44.87 in chips) 
Seat 4: EAroca ($100 in chips) 
Seat 5: Pon4uk.ua ($109.10 in chips) 
Seat 6: poker_soul11 ($232.61 in chips) 
treds17: posts small blind $0.50
kevpolley: posts big blind $1
*** HOLE CARDS ***
EAroca: raises $1 to $2
Pon4uk.ua: folds 
poker_soul11: folds 
ruSSotron: folds 
treds17: folds 
kevpolley: calls $1
*** FLOP *** [7s 8c 4d]
kevpolley: checks 
EAroca: checks 
*** TURN *** [7s 8c 4d] [5h]
kevpolley: checks 
EAroca: checks 
*** RIVER *** [7s 8c 4d 5h] [6s]
kevpolley: checks 
EAroca: bets $8.42
kevpolley: calls $8.42
*** SHOW DOWN ***
EAroca: shows [Td As] (a straight, Four to Eight)
kevpolley: shows [Th Js] (a straight, Four to Eight)
kevpolley collected $10.14 from pot
EAroca collected $10.13 from pot
*** SUMMARY ***
Total pot $21.34 | Rake $1.07 
Board [7s 8c 4d 5h 6s]
Seat 1: ruSSotron (button) folded before Flop (didn't bet)
Seat 2: treds17 (small blind) folded before Flop
Seat 3: kevpolley (big blind) showed [Th Js] and won ($10.14) with a straight, Four to Eight
Seat 4: EAroca showed [Td As] and won ($10.13) with a straight, Four to Eight
Seat 5: Pon4uk.ua folded before Flop (didn't bet)
Seat 6: poker_soul11 folded before Flop (didn't bet)



PokerStars Hand #254592312401:  Hold'em No Limit ($0.50/$1.00 USD) - 2025/01/28 17:45:08 WET [2025/01/28 12:45:08 ET]
Table 'Arctica' 6-max Seat #2 is the button
Seat 1: ruSSotron ($109.64 in chips) 
Seat 2: treds17 ($100 in chips) 
Seat 3: kevpolley ($44.59 in chips) 
Seat 4: EAroca ($100 in chips) 
Seat 5: Pon4uk.ua ($109.10 in chips) 
Seat 6: poker_soul11 ($232.61 in chips) 
kevpolley: posts small blind $0.50
EAroca: posts big blind $1
*** HOLE CARDS ***
Pon4uk.ua: folds 
poker_soul11: raises $1.20 to $2.20
ruSSotron: folds 
treds17: folds 
kevpolley: folds 
EAroca: folds 
Uncalled bet ($1.20) returned to poker_soul11
poker_soul11 collected $2.50 from pot
poker_soul11: doesn't show hand 
*** SUMMARY ***
Total pot $2.50 | Rake $0 
Seat 1: ruSSotron folded before Flop (didn't bet)
Seat 2: treds17 (button) folded before Flop (didn't bet)
Seat 3: kevpolley (small blind) folded before Flop
Seat 4: EAroca (big blind) folded before Flop
Seat 5: Pon4uk.ua folded before Flop (didn't bet)
Seat 6: poker_soul11 collected ($2.50)



PokerStars Hand #254592318979:  Hold'em No Limit ($0.50/$1.00 USD) - 2025/01/28 17:45:32 WET [2025/01/28 12:45:32 ET]
Table 'Arctica' 6-max Seat #3 is the button
Seat 1: ruSSotron ($109.64 in chips) 
Seat 2: treds17 ($100 in chips) 
Seat 3: kevpolley ($44.09 in chips) 
Seat 4: EAroca ($100 in chips) 
Seat 5: Pon4uk.ua ($109.10 in chips) 
Seat 6: poker_soul11 ($234.11 in chips) 
EAroca: posts small blind $0.50
Pon4uk.ua: posts big blind $1
*** HOLE CARDS ***
poker_soul11: folds 
ruSSotron: folds 
treds17: folds 
kevpolley: folds 
EAroca: raises $2 to $3
Pon4uk.ua: raises $6 to $9
EAroca: folds 
Uncalled bet ($6) returned to Pon4uk.ua
Pon4uk.ua collected $6 from pot
Pon4uk.ua: doesn't show hand 
*** SUMMARY ***
Total pot $6 | Rake $0 
Seat 1: ruSSotron folded before Flop (didn't bet)
Seat 2: treds17 folded before Flop (didn't bet)
Seat 3: kevpolley (button) folded before Flop (didn't bet)
Seat 4: EAroca (small blind) folded before Flop
Seat 5: Pon4uk.ua (big blind) collected ($6)
Seat 6: poker_soul11 folded before Flop (didn't bet)



PokerStars Hand #254592325550:  Hold'em No Limit ($0.50/$1.00 USD) - 2025/01/28 17:45:55 WET [2025/01/28 12:45:55 ET]
Table 'Arctica' 6-max Seat #4 is the button
Seat 1: ruSSotron ($109.64 in chips) 
Seat 2: treds17 ($100 in chips) 
Seat 3: kevpolley ($44.09 in chips) 
Seat 4: EAroca ($100 in chips) 
Seat 5: Pon4uk.ua ($112.10 in chips) 
Seat 6: poker_soul11 ($234.11 in chips) 
Pon4uk.ua: posts small blind $0.50
poker_soul11: posts big blind $1
*** HOLE CARDS ***
ruSSotron: folds 
treds17: folds 
kevpolley: raises $2 to $3
EAroca: folds 
Pon4uk.ua: folds 
poker_soul11: folds 
Uncalled bet ($2) returned to kevpolley
kevpolley collected $2.50 from pot
*** SUMMARY ***
Total pot $2.50 | Rake $0 
Seat 1: ruSSotron folded before Flop (didn't bet)
Seat 2: treds17 folded before Flop (didn't bet)
Seat 3: kevpolley collected ($2.50)
Seat 4: EAroca (button) folded before Flop (didn't bet)
Seat 5: Pon4uk.ua (small blind) folded before Flop
Seat 6: poker_soul11 (big blind) folded before Flop



PokerStars Hand #254592333114:  Hold'em No Limit ($0.50/$1.00 USD) - 2025/01/28 17:46:22 WET [2025/01/28 12:46:22 ET]
Table 'Arctica' 6-max Seat #5 is the button
Seat 1: ruSSotron ($109.64 in chips) 
Seat 2: treds17 ($100 in chips) 
Seat 3: kevpolley ($45.59 in chips) 
Seat 4: EAroca ($100 in chips) 
Seat 5: Pon4uk.ua ($111.60 in chips) 
Seat 6: poker_soul11 ($233.11 in chips) 
poker_soul11: posts small blind $0.50
ruSSotron: posts big blind $1
*** HOLE CARDS ***
treds17: folds 
kevpolley: folds 
EAroca: folds 
Pon4uk.ua: folds 
Pon4uk.ua leaves the table
poker_soul11: folds 
Uncalled bet ($0.50) returned to ruSSotron
coeeeelho joins the table at seat #5 
ruSSotron collected $1 from pot
*** SUMMARY ***
Total pot $1 | Rake $0 
Seat 1: ruSSotron (big blind) collected ($1)
Seat 2: treds17 folded before Flop (didn't bet)
Seat 3: kevpolley folded before Flop (didn't bet)
Seat 4: EAroca folded before Flop (didn't bet)
Seat 5: Pon4uk.ua (button) folded before Flop (didn't bet)
Seat 6: poker_soul11 (small blind) folded before Flop



PokerStars Hand #254592340759:  Hold'em No Limit ($0.50/$1.00 USD) - 2025/01/28 17:46:50 WET [2025/01/28 12:46:50 ET]
Table 'Arctica' 6-max Seat #6 is the button
Seat 2: treds17 ($100 in chips) is sitting out
Seat 5: coeeeelho ($100 in chips) is sitting out
Seat 1: ruSSotron ($110.14 in chips) 
Seat 3: kevpolley ($45.59 in chips) 
Seat 4: EAroca ($100 in chips) 
Seat 6: poker_soul11 ($232.61 in chips) 
ruSSotron: posts small blind $0.50
treds17: is sitting out 
kevpolley: posts big blind $1
coeeeelho: sits out 
*** HOLE CARDS ***
treds17 leaves the table
EAroca: folds 
poker_soul11: raises $1.20 to $2.20
ruSSotron: folds 
kevpolley: raises $4.90 to $7.10
poker_soul11: calls $4.90
*** FLOP *** [Qd As 3d]
kevpolley: bets $6.98
poker_soul11: calls $6.98
*** TURN *** [Qd As 3d] [Kh]
kevpolley: bets $31.51 and is all-in
poker_soul11: calls $31.51
*** RIVER *** [Qd As 3d Kh] [3c]
*** SHOW DOWN ***
kevpolley: shows [Ks Ad] (two pair, Aces and Kings)
poker_soul11: shows [Qh Kd] (two pair, Kings and Queens)
kevpolley collected $90.68 from pot
*** SUMMARY ***
Total pot $91.68 | Rake $1 
Board [Qd As 3d Kh 3c]
Seat 2: treds17
Seat 5: coeeeelho
Seat 1: ruSSotron (small blind) folded before Flop
Seat 3: kevpolley (big blind) showed [Ks Ad] and won ($90.68) with two pair, Aces and Kings
Seat 4: EAroca folded before Flop (didn't bet)
Seat 6: poker_soul11 (button) showed [Qh Kd] and lost with two pair, Kings and Queens



PokerStars Hand #254592354632:  Hold'em No Limit ($0.50/$1.00 USD) - 2025/01/28 17:47:38 WET [2025/01/28 12:47:38 ET]
Table 'Arctica' 6-max Seat #1 is the button
Seat 5: coeeeelho ($100 in chips) is sitting out
Seat 1: ruSSotron ($109.64 in chips) 
Seat 3: kevpolley ($90.68 in chips) 
Seat 4: EAroca ($100 in chips) 
Seat 6: poker_soul11 ($187.02 in chips) 
kevpolley: posts small blind $0.50
EAroca: posts big blind $1
coeeeelho: sits out 
*** HOLE CARDS ***
poker_soul11: folds 
ruSSotron: raises $1.50 to $2.50
kevpolley: folds 
EAroca: folds 
Uncalled bet ($1.50) returned to ruSSotron
ruSSotron collected $2.50 from pot
*** SUMMARY ***
Total pot $2.50 | Rake $0 
Seat 5: coeeeelho
Seat 1: ruSSotron (button) collected ($2.50)
Seat 3: kevpolley (small blind) folded before Flop
Seat 4: EAroca (big blind) folded before Flop
Seat 6: poker_soul11 folded before Flop (didn't bet)



PokerStars Hand #254592358321:  Hold'em No Limit ($0.50/$1.00 USD) - 2025/01/28 17:47:51 WET [2025/01/28 12:47:51 ET]
Table 'Arctica' 6-max Seat #3 is the button
Seat 1: ruSSotron ($111.14 in chips) 
Seat 3: kevpolley ($90.18 in chips) 
Seat 4: EAroca ($100 in chips) 
Seat 5: coeeeelho ($100 in chips) 
Seat 6: poker_soul11 ($187.02 in chips) 
EAroca: posts small blind $0.50
coeeeelho: posts big blind $1
*** HOLE CARDS ***
poker_soul11: raises $1.20 to $2.20
ruSSotron: folds 
kevpolley: folds 
EAroca: folds 
coeeeelho has timed out
coeeeelho: folds 
Uncalled bet ($1.20) returned to poker_soul11
poker_soul11 collected $2.50 from pot
poker_soul11: doesn't show hand 
*** SUMMARY ***
Total pot $2.50 | Rake $0 
Seat 1: ruSSotron folded before Flop (didn't bet)
Seat 3: kevpolley (button) folded before Flop (didn't bet)
Seat 4: EAroca (small blind) folded before Flop
Seat 5: coeeeelho (big blind) folded before Flop
Seat 6: poker_soul11 collected ($2.50)



PokerStars Hand #254592370730:  Hold'em No Limit ($0.50/$1.00 USD) - 2025/01/28 17:48:35 WET [2025/01/28 12:48:35 ET]
Table 'Arctica' 6-max Seat #4 is the button
Seat 5: coeeeelho ($100 in chips) is sitting out
Seat 1: ruSSotron ($111.14 in chips) 
Seat 3: kevpolley ($90.18 in chips) 
Seat 4: EAroca ($100 in chips) 
Seat 6: poker_soul11 ($188.52 in chips) 
poker_soul11: posts small blind $0.50
ruSSotron: posts big blind $1
*** HOLE CARDS ***
kevpolley: folds 
EAroca: raises $1.50 to $2.50
poker_soul11: folds 
ruSSotron: folds 
Uncalled bet ($1.50) returned to EAroca
ImaPeppaPig joins the table at seat #2 
EAroca collected $2.50 from pot
EAroca: doesn't show hand 
*** SUMMARY ***
Total pot $2.50 | Rake $0 
Seat 5: coeeeelho
Seat 1: ruSSotron (big blind) folded before Flop
Seat 3: kevpolley folded before Flop (didn't bet)
Seat 4: EAroca (button) collected ($2.50)
Seat 6: poker_soul11 (small blind) folded before Flop



PokerStars Hand #254592379009:  Hold'em No Limit ($0.50/$1.00 USD) - 2025/01/28 17:49:04 WET [2025/01/28 12:49:04 ET]
Table 'Arctica' 6-max Seat #6 is the button
Seat 2: ImaPeppaPig ($100 in chips) is sitting out
Seat 5: coeeeelho ($100 in chips) is sitting out
Seat 1: ruSSotron ($110.14 in chips) 
Seat 3: kevpolley ($90.18 in chips) 
Seat 4: EAroca ($101.50 in chips) 
Seat 6: poker_soul11 ($188.02 in chips) 
ruSSotron: posts small blind $0.50
kevpolley: posts big blind $1
coeeeelho: sits out 
*** HOLE CARDS ***
EAroca: raises $1.30 to $2.30
poker_soul11: folds 
ImaPeppaPig leaves the table
ruSSotron: raises $7.20 to $9.50
kevpolley: folds 
EAroca: folds 
Uncalled bet ($7.20) returned to ruSSotron
ruSSotron collected $5.60 from pot
*** SUMMARY ***
Total pot $5.60 | Rake $0 
Seat 2: ImaPeppaPig
Seat 5: coeeeelho
Seat 1: ruSSotron (small blind) collected ($5.60)
Seat 3: kevpolley (big blind) folded before Flop
Seat 4: EAroca folded before Flop
Seat 6: poker_soul11 (button) folded before Flop (didn't bet)



PokerStars Hand #254592387234:  Hold'em No Limit ($0.50/$1.00 USD) - 2025/01/28 17:49:32 WET [2025/01/28 12:49:32 ET]
Table 'Arctica' 6-max Seat #1 is the button
Seat 5: coeeeelho ($100 in chips) is sitting out
Seat 1: ruSSotron ($113.44 in chips) 
Seat 3: kevpolley ($89.18 in chips) 
Seat 4: EAroca ($100 in chips) 
Seat 6: poker_soul11 ($188.02 in chips) 
kevpolley: posts small blind $0.50
EAroca: posts big blind $1
coeeeelho: sits out 
*** HOLE CARDS ***
poker_soul11: folds 
ruSSotron: raises $1.50 to $2.50
kevpolley: folds 
EAroca: folds 
Uncalled bet ($1.50) returned to ruSSotron
ruSSotron collected $2.50 from pot
*** SUMMARY ***
Total pot $2.50 | Rake $0 
Seat 5: coeeeelho
Seat 1: ruSSotron (button) collected ($2.50)
Seat 3: kevpolley (small blind) folded before Flop
Seat 4: EAroca (big blind) folded before Flop
Seat 6: poker_soul11 folded before Flop (didn't bet)



PokerStars Hand #254592395740:  Hold'em No Limit ($0.50/$1.00 USD) - 2025/01/28 17:50:02 WET [2025/01/28 12:50:02 ET]
Table 'Arctica' 6-max Seat #3 is the button
Seat 1: ruSSotron ($114.94 in chips) 
Seat 3: kevpolley ($88.68 in chips) 
Seat 4: EAroca ($100 in chips) 
Seat 5: coeeeelho ($100 in chips) 
Seat 6: poker_soul11 ($188.02 in chips) 
EAroca: posts small blind $0.50
coeeeelho: posts big blind $1
*** HOLE CARDS ***
poker_soul11: folds 
ruSSotron: folds 
kevpolley: folds 
EAroca: folds 
Uncalled bet ($0.50) returned to coeeeelho
coeeeelho collected $1 from pot
*** SUMMARY ***
Total pot $1 | Rake $0 
Seat 1: ruSSotron folded before Flop (didn't bet)
Seat 3: kevpolley (button) folded before Flop (didn't bet)
Seat 4: EAroca (small blind) folded before Flop
Seat 5: coeeeelho (big blind) collected ($1)
Seat 6: poker_soul11 folded before Flop (didn't bet)



PokerStars Hand #254592400788:  Hold'em No Limit ($0.50/$1.00 USD) - 2025/01/28 17:50:19 WET [2025/01/28 12:50:19 ET]
Table 'Arctica' 6-max Seat #4 is the button
Seat 1: ruSSotron ($114.94 in chips) 
Seat 3: kevpolley ($88.68 in chips) 
Seat 4: EAroca ($100 in chips) 
Seat 5: coeeeelho ($100.50 in chips) 
Seat 6: poker_soul11 ($188.02 in chips) 
coeeeelho: posts small blind $0.50
poker_soul11: posts big blind $1
*** HOLE CARDS ***
ruSSotron: folds 
kevpolley: raises $1 to $2
EAroca: folds 
coeeeelho: folds 
perketti joins the table at seat #2 
perketti is disconnected 
poker_soul11: calls $1
*** FLOP *** [Tc 3d Ts]
poker_soul11: checks 
kevpolley: checks 
*** TURN *** [Tc 3d Ts] [8s]
poker_soul11: bets $2.14
kevpolley: calls $2.14
*** RIVER *** [Tc 3d Ts 8s] [Qd]
poker_soul11: bets $4.17
kevpolley: folds 
Uncalled bet ($4.17) returned to poker_soul11
poker_soul11 collected $8.34 from pot
poker_soul11: doesn't show hand 
*** SUMMARY ***
Total pot $8.78 | Rake $0.44 
Board [Tc 3d Ts 8s Qd]
Seat 1: ruSSotron folded before Flop (didn't bet)
Seat 3: kevpolley folded on the River
Seat 4: EAroca (button) folded before Flop (didn't bet)
Seat 5: coeeeelho (small blind) folded before Flop
Seat 6: poker_soul11 (big blind) collected ($8.34)



PokerStars Hand #254592414567:  Hold'em No Limit ($0.50/$1.00 USD) - 2025/01/28 17:51:06 WET [2025/01/28 12:51:06 ET]
Table 'Arctica' 6-max Seat #5 is the button
Seat 1: ruSSotron ($114.94 in chips) 
Seat 2: perketti ($99.34 in chips) 
Seat 3: kevpolley ($84.54 in chips) 
Seat 4: EAroca ($100 in chips) 
Seat 5: coeeeelho ($100 in chips) 
Seat 6: poker_soul11 ($192.22 in chips) 
poker_soul11: posts small blind $0.50
ruSSotron: posts big blind $1
perketti: posts big blind $1
*** HOLE CARDS ***
perketti: checks 
kevpolley: folds 
EAroca: raises $3 to $4
coeeeelho: folds 
poker_soul11: folds 
ruSSotron: folds 
perketti: folds 
Uncalled bet ($3) returned to EAroca
EAroca collected $3.50 from pot
EAroca: doesn't show hand 
*** SUMMARY ***
Total pot $3.50 | Rake $0 
Seat 1: ruSSotron (big blind) folded before Flop
Seat 2: perketti folded before Flop (didn't bet)
Seat 3: kevpolley folded before Flop (didn't bet)
Seat 4: EAroca collected ($3.50)
Seat 5: coeeeelho (button) folded before Flop (didn't bet)
Seat 6: poker_soul11 (small blind) folded before Flop



PokerStars Hand #254592424582:  Hold'em No Limit ($0.50/$1.00 USD) - 2025/01/28 17:51:41 WET [2025/01/28 12:51:41 ET]
Table 'Arctica' 6-max Seat #6 is the button
Seat 1: ruSSotron ($113.94 in chips) 
Seat 2: perketti ($98.34 in chips) 
Seat 3: kevpolley ($84.54 in chips) 
Seat 4: EAroca ($102.50 in chips) 
Seat 5: coeeeelho ($100 in chips) 
Seat 6: poker_soul11 ($191.72 in chips) 
ruSSotron: posts small blind $0.50
perketti: posts big blind $1
*** HOLE CARDS ***
kevpolley: folds 
EAroca: folds 
coeeeelho: folds 
poker_soul11: raises $1.20 to $2.20
ruSSotron: folds 
perketti: folds 
Uncalled bet ($1.20) returned to poker_soul11
poker_soul11 collected $2.50 from pot
poker_soul11: doesn't show hand 
*** SUMMARY ***
Total pot $2.50 | Rake $0 
Seat 1: ruSSotron (small blind) folded before Flop
Seat 2: perketti (big blind) folded before Flop
Seat 3: kevpolley folded before Flop (didn't bet)
Seat 4: EAroca folded before Flop (didn't bet)
Seat 5: coeeeelho folded before Flop (didn't bet)
Seat 6: poker_soul11 (button) collected ($2.50)



PokerStars Hand #254592433107:  Hold'em No Limit ($0.50/$1.00 USD) - 2025/01/28 17:52:11 WET [2025/01/28 12:52:11 ET]
Table 'Arctica' 6-max Seat #1 is the button
Seat 3: kevpolley ($84.54 in chips) is sitting out
Seat 1: ruSSotron ($113.44 in chips) 
Seat 2: perketti ($97.34 in chips) 
Seat 4: EAroca ($102.50 in chips) 
Seat 5: coeeeelho ($100 in chips) 
Seat 6: poker_soul11 ($193.22 in chips) 
perketti: posts small blind $0.50
kevpolley has timed out
kevpolley: is sitting out 
EAroca: posts big blind $1
*** HOLE CARDS ***
kevpolley is disconnected 
coeeeelho: folds 
poker_soul11: folds 
ruSSotron: raises $1.50 to $2.50
perketti: raises $5 to $7.50
EAroca: folds 
ruSSotron: calls $5
*** FLOP *** [3c 2c Ah]
perketti: bets $5.02
ruSSotron: folds 
Uncalled bet ($5.02) returned to perketti
perketti collected $15.20 from pot
perketti: doesn't show hand 
*** SUMMARY ***
Total pot $16 | Rake $0.80 
Board [3c 2c Ah]
Seat 3: kevpolley
Seat 1: ruSSotron (button) folded on the Flop
Seat 2: perketti (small blind) collected ($15.20)
Seat 4: EAroca (big blind) folded before Flop
Seat 5: coeeeelho folded before Flop (didn't bet)
Seat 6: poker_soul11 folded before Flop (didn't bet)



PokerStars Hand #254592443518:  Hold'em No Limit ($0.50/$1.00 USD) - 2025/01/28 17:52:47 WET [2025/01/28 12:52:47 ET]
Table 'Arctica' 6-max Seat #2 is the button
Seat 3: kevpolley ($84.54 in chips) is sitting out
Seat 1: ruSSotron ($105.94 in chips) 
Seat 2: perketti ($105.04 in chips) 
Seat 4: EAroca ($101.50 in chips) 
Seat 5: coeeeelho ($100 in chips) 
Seat 6: poker_soul11 ($193.22 in chips) 
EAroca: posts small blind $0.50
coeeeelho: posts big blind $1
*** HOLE CARDS ***
poker_soul11: raises $1.20 to $2.20
ruSSotron: folds 
perketti: folds 
EAroca: folds 
coeeeelho: calls $1.20
*** FLOP *** [3d 4d 8h]
coeeeelho: checks 
poker_soul11: checks 
*** TURN *** [3d 4d 8h] [Ac]
coeeeelho: checks 
poker_soul11: checks 
*** RIVER *** [3d 4d 8h Ac] [9d]
coeeeelho: checks 
poker_soul11: bets $5.83
coeeeelho: folds 
Uncalled bet ($5.83) returned to poker_soul11
poker_soul11 collected $4.66 from pot
poker_soul11: doesn't show hand 
*** SUMMARY ***
Total pot $4.90 | Rake $0.24 
Board [3d 4d 8h Ac 9d]
Seat 3: kevpolley
Seat 1: ruSSotron folded before Flop (didn't bet)
Seat 2: perketti (button) folded before Flop (didn't bet)
Seat 4: EAroca (small blind) folded before Flop
Seat 5: coeeeelho (big blind) folded on the River
Seat 6: poker_soul11 collected ($4.66)



PokerStars Hand #254592470071:  Hold'em No Limit ($0.50/$1.00 USD) - 2025/01/28 17:54:18 WET [2025/01/28 12:54:18 ET]
Table 'Arctica' 6-max Seat #4 is the button
Seat 3: kevpolley ($84.54 in chips) is sitting out
Seat 1: ruSSotron ($105.94 in chips) 
Seat 2: perketti ($105.04 in chips) 
Seat 4: EAroca ($101 in chips) 
Seat 5: coeeeelho ($100 in chips) 
Seat 6: poker_soul11 ($195.68 in chips) 
coeeeelho: posts small blind $0.50
poker_soul11: posts big blind $1
*** HOLE CARDS ***
ruSSotron: folds 
perketti: raises $2 to $3
EAroca: raises $6 to $9
coeeeelho: folds 
poker_soul11: folds 
perketti: folds 
Uncalled bet ($6) returned to EAroca
EAroca collected $7.50 from pot
EAroca: doesn't show hand 
*** SUMMARY ***
Total pot $7.50 | Rake $0 
Seat 3: kevpolley
Seat 1: ruSSotron folded before Flop (didn't bet)
Seat 2: perketti folded before Flop
Seat 4: EAroca (button) collected ($7.50)
Seat 5: coeeeelho (small blind) folded before Flop
Seat 6: poker_soul11 (big blind) folded before Flop



PokerStars Hand #254592477267:  Hold'em No Limit ($0.50/$1.00 USD) - 2025/01/28 17:54:43 WET [2025/01/28 12:54:43 ET]
Table 'Arctica' 6-max Seat #5 is the button
Seat 1: ruSSotron ($105.94 in chips) 
Seat 2: perketti ($102.04 in chips) 
Seat 3: kevpolley ($84.54 in chips) 
Seat 4: EAroca ($105.50 in chips) 
Seat 5: coeeeelho ($100 in chips) 
Seat 6: poker_soul11 ($194.68 in chips) 
poker_soul11: posts small blind $0.50
ruSSotron: posts big blind $1
kevpolley: posts small & big blinds $1.50
*** HOLE CARDS ***
perketti: calls $1
kevpolley: checks 
EAroca: folds 
coeeeelho: folds 
poker_soul11: folds 
ruSSotron: checks 
*** FLOP *** [Ad Kd Jh]
ruSSotron: checks 
perketti: checks 
kevpolley: checks 
*** TURN *** [Ad Kd Jh] [5c]
ruSSotron: checks 
perketti: bets $2.51
kevpolley: folds 
ruSSotron: folds 
Uncalled bet ($2.51) returned to perketti
perketti collected $3.80 from pot
perketti: doesn't show hand 
*** SUMMARY ***
Total pot $4 | Rake $0.20 
Board [Ad Kd Jh 5c]
Seat 1: ruSSotron (big blind) folded on the Turn
Seat 2: perketti collected ($3.80)
Seat 3: kevpolley folded on the Turn (didn't bet)
Seat 4: EAroca folded before Flop (didn't bet)
Seat 5: coeeeelho (button) folded before Flop (didn't bet)
Seat 6: poker_soul11 (small blind) folded before Flop



PokerStars Hand #254592488728:  Hold'em No Limit ($0.50/$1.00 USD) - 2025/01/28 17:55:26 WET [2025/01/28 12:55:26 ET]
Table 'Arctica' 6-max Seat #6 is the button
Seat 2: perketti ($104.84 in chips) is sitting out
Seat 1: ruSSotron ($104.94 in chips) 
Seat 3: kevpolley ($83.04 in chips) 
Seat 4: EAroca ($105.50 in chips) 
Seat 5: coeeeelho ($100 in chips) 
Seat 6: poker_soul11 ($194.18 in chips) 
ruSSotron: posts small blind $0.50
perketti: is sitting out 
kevpolley: posts big blind $1
*** HOLE CARDS ***
perketti leaves the table
EAroca: folds 
treds17 joins the table at seat #2 
coeeeelho: folds 
poker_soul11: raises $1.20 to $2.20
ruSSotron: raises $7.30 to $9.50
kevpolley: folds 
poker_soul11: raises $12.50 to $22
ruSSotron: folds 
Uncalled bet ($12.50) returned to poker_soul11
poker_soul11 collected $20 from pot
poker_soul11: doesn't show hand 
*** SUMMARY ***
Total pot $20 | Rake $0 
Seat 2: perketti
Seat 1: ruSSotron (small blind) folded before Flop
Seat 3: kevpolley (big blind) folded before Flop
Seat 4: EAroca folded before Flop (didn't bet)
Seat 5: coeeeelho folded before Flop (didn't bet)
Seat 6: poker_soul11 (button) collected ($20)



PokerStars Hand #254592497546:  Hold'em No Limit ($0.50/$1.00 USD) - 2025/01/28 17:56:03 WET [2025/01/28 12:56:03 ET]
Table 'Arctica' 6-max Seat #1 is the button
Seat 2: treds17 ($100 in chips) is sitting out
Seat 1: ruSSotron ($100 in chips) 
Seat 3: kevpolley ($82.04 in chips) 
Seat 4: EAroca ($105.50 in chips) 
Seat 5: coeeeelho ($100 in chips) 
Seat 6: poker_soul11 ($204.68 in chips) 
kevpolley: posts small blind $0.50
EAroca: posts big blind $1
*** HOLE CARDS ***
coeeeelho: raises $1.20 to $2.20
poker_soul11: raises $4.40 to $6.60
ruSSotron: folds 
kevpolley: folds 
EAroca: folds 
coeeeelho: raises $11.40 to $18
poker_soul11: calls $11.40
*** FLOP *** [9h 4c Ks]
coeeeelho: bets $7
poker_soul11: calls $7
*** TURN *** [9h 4c Ks] [7c]
coeeeelho: bets $11
poker_soul11: calls $11
*** RIVER *** [9h 4c Ks 7c] [2d]
coeeeelho: checks 
poker_soul11: checks 
*** SHOW DOWN ***
coeeeelho: shows [Td Kd] (a pair of Kings)
poker_soul11: shows [Jh Kh] (a pair of Kings - Jack kicker)
poker_soul11 collected $71 from pot
*** SUMMARY ***
Total pot $73.50 | Rake $2.50 
Board [9h 4c Ks 7c 2d]
Seat 2: treds17
Seat 1: ruSSotron (button) folded before Flop (didn't bet)
Seat 3: kevpolley (small blind) folded before Flop
Seat 4: EAroca (big blind) folded before Flop
Seat 5: coeeeelho showed [Td Kd] and lost with a pair of Kings
Seat 6: poker_soul11 showed [Jh Kh] and won ($71) with a pair of Kings



PokerStars Hand #254592518078:  Hold'em No Limit ($0.50/$1.00 USD) - 2025/01/28 17:57:28 WET [2025/01/28 12:57:28 ET]
Table 'Arctica' 6-max Seat #3 is the button
Seat 2: treds17 ($100 in chips) is sitting out
Seat 1: ruSSotron ($100 in chips) 
Seat 3: kevpolley ($81.54 in chips) 
Seat 4: EAroca ($104.50 in chips) 
Seat 5: coeeeelho ($100 in chips) 
Seat 6: poker_soul11 ($239.68 in chips) 
EAroca: posts small blind $0.50
coeeeelho: posts big blind $1
treds17: sits out 
*** HOLE CARDS ***
poker_soul11: folds 
ruSSotron: folds 
kevpolley: raises $2 to $3
EAroca: folds 
coeeeelho: folds 
Uncalled bet ($2) returned to kevpolley
kevpolley collected $2.50 from pot
*** SUMMARY ***
Total pot $2.50 | Rake $0 
Seat 2: treds17
Seat 1: ruSSotron folded before Flop (didn't bet)
Seat 3: kevpolley (button) collected ($2.50)
Seat 4: EAroca (small blind) folded before Flop
Seat 5: coeeeelho (big blind) folded before Flop
Seat 6: poker_soul11 folded before Flop (didn't bet)



PokerStars Hand #254592521494:  Hold'em No Limit ($0.50/$1.00 USD) - 2025/01/28 17:57:42 WET [2025/01/28 12:57:42 ET]
Table 'Arctica' 6-max Seat #4 is the button
Seat 2: treds17 ($100 in chips) is sitting out
Seat 1: ruSSotron ($100 in chips) 
Seat 3: kevpolley ($83.04 in chips) 
Seat 4: EAroca ($104 in chips) 
Seat 5: coeeeelho ($100 in chips) 
Seat 6: poker_soul11 ($239.68 in chips) 
coeeeelho: posts small blind $0.50
poker_soul11: posts big blind $1
treds17: sits out 
*** HOLE CARDS ***
ruSSotron: folds 
kevpolley: folds 
EAroca: folds 
coeeeelho: folds 
Uncalled bet ($0.50) returned to poker_soul11
poker_soul11 collected $1 from pot
poker_soul11: doesn't show hand 
*** SUMMARY ***
Total pot $1 | Rake $0 
Seat 2: treds17
Seat 1: ruSSotron folded before Flop (didn't bet)
Seat 3: kevpolley folded before Flop (didn't bet)
Seat 4: EAroca (button) folded before Flop (didn't bet)
Seat 5: coeeeelho (small blind) folded before Flop
Seat 6: poker_soul11 (big blind) collected ($1)



PokerStars Hand #254592526278:  Hold'em No Limit ($0.50/$1.00 USD) - 2025/01/28 17:58:01 WET [2025/01/28 12:58:01 ET]
Table 'Arctica' 6-max Seat #5 is the button
Seat 2: treds17 ($100 in chips) is sitting out
Seat 1: ruSSotron ($100 in chips) 
Seat 3: kevpolley ($83.04 in chips) 
Seat 4: EAroca ($104 in chips) 
Seat 5: coeeeelho ($100 in chips) 
Seat 6: poker_soul11 ($240.18 in chips) 
poker_soul11: posts small blind $0.50
ruSSotron: posts big blind $1
treds17: sits out 
*** HOLE CARDS ***
kevpolley: folds 
EAroca: folds 
coeeeelho: folds 
poker_soul11: folds 
Uncalled bet ($0.50) returned to ruSSotron
ruSSotron collected $1 from pot
*** SUMMARY ***
Total pot $1 | Rake $0 
Seat 2: treds17
Seat 1: ruSSotron (big blind) collected ($1)
Seat 3: kevpolley folded before Flop (didn't bet)
Seat 4: EAroca folded before Flop (didn't bet)
Seat 5: coeeeelho (button) folded before Flop (didn't bet)
Seat 6: poker_soul11 (small blind) folded before Flop



PokerStars Hand #254592533353:  Hold'em No Limit ($0.50/$1.00 USD) - 2025/01/28 17:58:30 WET [2025/01/28 12:58:30 ET]
Table 'Arctica' 6-max Seat #6 is the button
Seat 1: ruSSotron ($100.50 in chips) 
Seat 2: treds17 ($100 in chips) 
Seat 3: kevpolley ($83.04 in chips) 
Seat 4: EAroca ($104 in chips) 
Seat 5: coeeeelho ($100 in chips) 
Seat 6: poker_soul11 ($239.68 in chips) 
ruSSotron: posts small blind $0.50
treds17: posts big blind $1
*** HOLE CARDS ***
kevpolley: raises $2 to $3
EAroca: folds 
coeeeelho: folds 
poker_soul11: folds 
ruSSotron: folds 
treds17: folds 
Uncalled bet ($2) returned to kevpolley
kevpolley collected $2.50 from pot
*** SUMMARY ***
Total pot $2.50 | Rake $0 
Seat 1: ruSSotron (small blind) folded before Flop
Seat 2: treds17 (big blind) folded before Flop
Seat 3: kevpolley collected ($2.50)
Seat 4: EAroca folded before Flop (didn't bet)
Seat 5: coeeeelho folded before Flop (didn't bet)
Seat 6: poker_soul11 (button) folded before Flop (didn't bet)



PokerStars Hand #254592541333:  Hold'em No Limit ($0.50/$1.00 USD) - 2025/01/28 17:59:02 WET [2025/01/28 12:59:02 ET]
Table 'Arctica' 6-max Seat #1 is the button
Seat 1: ruSSotron ($100 in chips) 
Seat 2: treds17 ($100 in chips) 
Seat 3: kevpolley ($84.54 in chips) 
Seat 4: EAroca ($104 in chips) 
Seat 5: coeeeelho ($100 in chips) 
Seat 6: poker_soul11 ($239.68 in chips) 
treds17: posts small blind $0.50
kevpolley: posts big blind $1
*** HOLE CARDS ***
EAroca: folds 
coeeeelho has timed out
coeeeelho: folds 
poker_soul11: folds 
ruSSotron: folds 
treds17: raises $2 to $3
kevpolley: calls $2
*** FLOP *** [Ah 2d Qc]
treds17: bets $1.71
kevpolley: folds 
Uncalled bet ($1.71) returned to treds17
treds17 collected $5.70 from pot
treds17: doesn't show hand 
*** SUMMARY ***
Total pot $6 | Rake $0.30 
Board [Ah 2d Qc]
Seat 1: ruSSotron (button) folded before Flop (didn't bet)
Seat 2: treds17 (small blind) collected ($5.70)
Seat 3: kevpolley (big blind) folded on the Flop
Seat 4: EAroca folded before Flop (didn't bet)
Seat 5: coeeeelho folded before Flop (didn't bet)
Seat 6: poker_soul11 folded before Flop (didn't bet)



PokerStars Hand #254592553149:  Hold'em No Limit ($0.50/$1.00 USD) - 2025/01/28 17:59:51 WET [2025/01/28 12:59:51 ET]
Table 'Arctica' 6-max Seat #2 is the button
Seat 5: coeeeelho ($100 in chips) is sitting out
Seat 1: ruSSotron ($100 in chips) 
Seat 2: treds17 ($102.70 in chips) 
Seat 3: kevpolley ($81.54 in chips) 
Seat 4: EAroca ($104 in chips) 
Seat 6: poker_soul11 ($239.68 in chips) 
kevpolley: posts small blind $0.50
EAroca: posts big blind $1
*** HOLE CARDS ***
poker_soul11: folds 
ruSSotron: folds 
treds17: raises $2 to $3
kevpolley: calls $2.50
EAroca: folds 
*** FLOP *** [2s 8s Jh]
kevpolley: checks 
treds17: bets $2
kevpolley: folds 
Uncalled bet ($2) returned to treds17
treds17 collected $6.65 from pot
treds17: doesn't show hand 
*** SUMMARY ***
Total pot $7 | Rake $0.35 
Board [2s 8s Jh]
Seat 5: coeeeelho
Seat 1: ruSSotron folded before Flop (didn't bet)
Seat 2: treds17 (button) collected ($6.65)
Seat 3: kevpolley (small blind) folded on the Flop
Seat 4: EAroca (big blind) folded before Flop
Seat 6: poker_soul11 folded before Flop (didn't bet)



PokerStars Hand #254592562436:  Hold'em No Limit ($0.50/$1.00 USD) - 2025/01/28 18:00:28 WET [2025/01/28 13:00:28 ET]
Table 'Arctica' 6-max Seat #3 is the button
Seat 1: ruSSotron ($100 in chips) 
Seat 2: treds17 ($106.35 in chips) 
Seat 3: kevpolley ($78.54 in chips) 
Seat 4: EAroca ($103 in chips) 
Seat 5: coeeeelho ($100 in chips) 
Seat 6: poker_soul11 ($239.68 in chips) 
EAroca: posts small blind $0.50
coeeeelho: posts big blind $1
*** HOLE CARDS ***
poker_soul11: folds 
ruSSotron: folds 
treds17: folds 
kevpolley: folds 
EAroca: folds 
Uncalled bet ($0.50) returned to coeeeelho
coeeeelho collected $1 from pot
*** SUMMARY ***
Total pot $1 | Rake $0 
Seat 1: ruSSotron folded before Flop (didn't bet)
Seat 2: treds17 folded before Flop (didn't bet)
Seat 3: kevpolley (button) folded before Flop (didn't bet)
Seat 4: EAroca (small blind) folded before Flop
Seat 5: coeeeelho (big blind) collected ($1)
Seat 6: poker_soul11 folded before Flop (didn't bet)



PokerStars Hand #254592566449:  Hold'em No Limit ($0.50/$1.00 USD) - 2025/01/28 18:00:43 WET [2025/01/28 13:00:43 ET]
Table 'Arctica' 6-max Seat #4 is the button
Seat 1: ruSSotron ($100 in chips) 
Seat 2: treds17 ($106.35 in chips) 
Seat 3: kevpolley ($78.54 in chips) 
Seat 4: EAroca ($102.50 in chips) 
Seat 5: coeeeelho ($100.50 in chips) 
Seat 6: poker_soul11 ($239.68 in chips) 
coeeeelho: posts small blind $0.50
poker_soul11: posts big blind $1
*** HOLE CARDS ***
ruSSotron: folds 
treds17: folds 
kevpolley: folds 
EAroca: raises $1.50 to $2.50
coeeeelho: folds 
poker_soul11: folds 
Uncalled bet ($1.50) returned to EAroca
EAroca collected $2.50 from pot
EAroca: doesn't show hand 
*** SUMMARY ***
Total pot $2.50 | Rake $0 
Seat 1: ruSSotron folded before Flop (didn't bet)
Seat 2: treds17 folded before Flop (didn't bet)
Seat 3: kevpolley folded before Flop (didn't bet)
Seat 4: EAroca (button) collected ($2.50)
Seat 5: coeeeelho (small blind) folded before Flop
Seat 6: poker_soul11 (big blind) folded before Flop



PokerStars Hand #254592572132:  Hold'em No Limit ($0.50/$1.00 USD) - 2025/01/28 18:01:05 WET [2025/01/28 13:01:05 ET]
Table 'Arctica' 6-max Seat #5 is the button
Seat 1: ruSSotron ($100 in chips) 
Seat 2: treds17 ($106.35 in chips) 
Seat 3: kevpolley ($78.54 in chips) 
Seat 4: EAroca ($104 in chips) 
Seat 5: coeeeelho ($100 in chips) 
Seat 6: poker_soul11 ($238.68 in chips) 
poker_soul11: posts small blind $0.50
ruSSotron: posts big blind $1
*** HOLE CARDS ***
treds17: folds 
kevpolley: folds 
EAroca: folds 
coeeeelho: raises $1.50 to $2.50
poker_soul11: folds 
ruSSotron: folds 
Uncalled bet ($1.50) returned to coeeeelho
coeeeelho collected $2.50 from pot
*** SUMMARY ***
Total pot $2.50 | Rake $0 
Seat 1: ruSSotron (big blind) folded before Flop
Seat 2: treds17 folded before Flop (didn't bet)
Seat 3: kevpolley folded before Flop (didn't bet)
Seat 4: EAroca folded before Flop (didn't bet)
Seat 5: coeeeelho (button) collected ($2.50)
Seat 6: poker_soul11 (small blind) folded before Flop



PokerStars Hand #254592577333:  Hold'em No Limit ($0.50/$1.00 USD) - 2025/01/28 18:01:24 WET [2025/01/28 13:01:24 ET]
Table 'Arctica' 6-max Seat #6 is the button
Seat 1: ruSSotron ($100 in chips) 
Seat 2: treds17 ($106.35 in chips) 
Seat 3: kevpolley ($78.54 in chips) 
Seat 4: EAroca ($104 in chips) 
Seat 5: coeeeelho ($101.50 in chips) 
Seat 6: poker_soul11 ($238.18 in chips) 
ruSSotron: posts small blind $0.50
treds17: posts big blind $1
*** HOLE CARDS ***
kevpolley: folds 
EAroca: folds 
coeeeelho: folds 
poker_soul11: folds 
ruSSotron: folds 
Uncalled bet ($0.50) returned to treds17
treds17 collected $1 from pot
treds17: doesn't show hand 
*** SUMMARY ***
Total pot $1 | Rake $0 
Seat 1: ruSSotron (small blind) folded before Flop
Seat 2: treds17 (big blind) collected ($1)
Seat 3: kevpolley folded before Flop (didn't bet)
Seat 4: EAroca folded before Flop (didn't bet)
Seat 5: coeeeelho folded before Flop (didn't bet)
Seat 6: poker_soul11 (button) folded before Flop (didn't bet)



PokerStars Hand #254592582644:  Hold'em No Limit ($0.50/$1.00 USD) - 2025/01/28 18:01:43 WET [2025/01/28 13:01:43 ET]
Table 'Arctica' 6-max Seat #1 is the button
Seat 1: ruSSotron ($100 in chips) 
Seat 2: treds17 ($106.85 in chips) 
Seat 3: kevpolley ($78.54 in chips) 
Seat 4: EAroca ($104 in chips) 
Seat 5: coeeeelho ($101.50 in chips) 
Seat 6: poker_soul11 ($238.18 in chips) 
treds17: posts small blind $0.50
kevpolley: posts big blind $1
*** HOLE CARDS ***
EAroca: folds 
coeeeelho: folds 
poker_soul11: raises $1.20 to $2.20
ruSSotron: folds 
treds17: folds 
kevpolley: folds 
Uncalled bet ($1.20) returned to poker_soul11
poker_soul11 collected $2.50 from pot
poker_soul11: doesn't show hand 
*** SUMMARY ***
Total pot $2.50 | Rake $0 
Seat 1: ruSSotron (button) folded before Flop (didn't bet)
Seat 2: treds17 (small blind) folded before Flop
Seat 3: kevpolley (big blind) folded before Flop
Seat 4: EAroca folded before Flop (didn't bet)
Seat 5: coeeeelho folded before Flop (didn't bet)
Seat 6: poker_soul11 collected ($2.50)



PokerStars Hand #254592592593:  Hold'em No Limit ($0.50/$1.00 USD) - 2025/01/28 18:02:18 WET [2025/01/28 13:02:18 ET]
Table 'Arctica' 6-max Seat #2 is the button
Seat 4: EAroca ($104 in chips) is sitting out
Seat 1: ruSSotron ($100 in chips) 
Seat 2: treds17 ($106.35 in chips) 
Seat 3: kevpolley ($77.54 in chips) 
Seat 5: coeeeelho ($101.50 in chips) 
Seat 6: poker_soul11 ($239.68 in chips) 
kevpolley: posts small blind $0.50
EAroca: is sitting out 
coeeeelho: posts big blind $1
*** HOLE CARDS ***
EAroca leaves the table
poker_soul11: folds 
ruSSotron: raises $1.20 to $2.20
treds17: calls $2.20
kevpolley: folds 
coeeeelho: calls $1.20
*** FLOP *** [7h 9s Kc]
coeeeelho: checks 
ruSSotron: bets $2.22
treds17: calls $2.22
coeeeelho: folds 
*** TURN *** [7h 9s Kc] [2s]
ruSSotron: checks 
Joe_Li7 joins the table at seat #4 
treds17: bets $6.58
ruSSotron: calls $6.58
*** RIVER *** [7h 9s Kc 2s] [8d]
ruSSotron: checks 
treds17: bets $28.15
ruSSotron: folds 
Uncalled bet ($28.15) returned to treds17
treds17 collected $23.46 from pot
treds17: doesn't show hand 
*** SUMMARY ***
Total pot $24.70 | Rake $1.24 
Board [7h 9s Kc 2s 8d]
Seat 4: EAroca
Seat 1: ruSSotron folded on the River
Seat 2: treds17 (button) collected ($23.46)
Seat 3: kevpolley (small blind) folded before Flop
Seat 5: coeeeelho (big blind) folded on the Flop
Seat 6: poker_soul11 folded before Flop (didn't bet)



PokerStars Hand #254592623871:  Hold'em No Limit ($0.50/$1.00 USD) - 2025/01/28 18:04:06 WET [2025/01/28 13:04:06 ET]
Table 'Arctica' 6-max Seat #3 is the button
Seat 4: Joe_Li7 ($100 in chips) is sitting out
Seat 6: poker_soul11 ($239.68 in chips) is sitting out
Seat 1: ruSSotron ($100 in chips) 
Seat 2: treds17 ($118.81 in chips) 
Seat 3: kevpolley ($77.04 in chips) 
Seat 5: coeeeelho ($100 in chips) 
coeeeelho: posts small blind $0.50
poker_soul11: is sitting out 
ruSSotron: posts big blind $1
*** HOLE CARDS ***
treds17: folds 
kevpolley: folds 
poker_soul11 leaves the table
coeeeelho: raises $2 to $3
ruSSotron: raises $6 to $9
2g00d4youu joins the table at seat #6 
coeeeelho: raises $11 to $20
ruSSotron: folds 
Uncalled bet ($11) returned to coeeeelho
coeeeelho collected $18 from pot
*** SUMMARY ***
Total pot $18 | Rake $0 
Seat 4: Joe_Li7
Seat 6: poker_soul11
Seat 1: ruSSotron (big blind) folded before Flop
Seat 2: treds17 folded before Flop (didn't bet)
Seat 3: kevpolley (button) folded before Flop (didn't bet)
Seat 5: coeeeelho (small blind) collected ($18)



PokerStars Hand #254592633364:  Hold'em No Limit ($0.50/$1.00 USD) - 2025/01/28 18:04:38 WET [2025/01/28 13:04:38 ET]
Table 'Arctica' 6-max Seat #5 is the button
Seat 4: Joe_Li7 ($100 in chips) is sitting out
Seat 6: 2g00d4youu ($100 in chips) is sitting out
Seat 1: ruSSotron ($100 in chips) 
Seat 2: treds17 ($118.81 in chips) 
Seat 3: kevpolley ($77.04 in chips) 
Seat 5: coeeeelho ($109 in chips) 
ruSSotron: posts small blind $0.50
treds17: posts big blind $1
Joe_Li7: sits out 
*** HOLE CARDS ***
kevpolley: folds 
coeeeelho: raises $1.50 to $2.50
ruSSotron: folds 
treds17: folds 
Uncalled bet ($1.50) returned to coeeeelho
coeeeelho collected $2.50 from pot
*** SUMMARY ***
Total pot $2.50 | Rake $0 
Seat 4: Joe_Li7
Seat 6: 2g00d4youu
Seat 1: ruSSotron (small blind) folded before Flop
Seat 2: treds17 (big blind) folded before Flop
Seat 3: kevpolley folded before Flop (didn't bet)
Seat 5: coeeeelho (button) collected ($2.50)



PokerStars Hand #254592641531:  Hold'em No Limit ($0.50/$1.00 USD) - 2025/01/28 18:05:05 WET [2025/01/28 13:05:05 ET]
Table 'Arctica' 6-max Seat #1 is the button
Seat 4: Joe_Li7 ($100 in chips) is sitting out
Seat 6: 2g00d4youu ($100 in chips) is sitting out
Seat 1: ruSSotron ($100 in chips) 
Seat 2: treds17 ($117.81 in chips) 
Seat 3: kevpolley ($77.04 in chips) 
Seat 5: coeeeelho ($110.50 in chips) 
treds17: posts small blind $0.50
kevpolley: posts big blind $1
Joe_Li7: sits out 
2g00d4youu: sits out 
*** HOLE CARDS ***
coeeeelho: folds 
ruSSotron: folds 
treds17: raises $2 to $3
kevpolley: calls $2
*** FLOP *** [Th 6c 5s]
treds17: checks 
kevpolley: bets $2.85
treds17 has timed out
treds17: folds 
Uncalled bet ($2.85) returned to kevpolley
kevpolley collected $5.70 from pot
*** SUMMARY ***
Total pot $6 | Rake $0.30 
Board [Th 6c 5s]
Seat 4: Joe_Li7
Seat 6: 2g00d4youu
Seat 1: ruSSotron (button) folded before Flop (didn't bet)
Seat 2: treds17 (small blind) folded on the Flop
Seat 3: kevpolley (big blind) collected ($5.70)
Seat 5: coeeeelho folded before Flop (didn't bet)



PokerStars Hand #254592656393:  Hold'em No Limit ($0.50/$1.00 USD) - 2025/01/28 18:05:57 WET [2025/01/28 13:05:57 ET]
Table 'Arctica' 6-max Seat #2 is the button
Seat 6: 2g00d4youu ($100 in chips) is sitting out
Seat 1: ruSSotron ($100 in chips) 
Seat 2: treds17 ($114.81 in chips) 
Seat 3: kevpolley ($79.74 in chips) 
Seat 4: Joe_Li7 ($100 in chips) 
Seat 5: coeeeelho ($110.50 in chips) 
kevpolley: posts small blind $0.50
Joe_Li7: posts big blind $1
2g00d4youu: sits out 
*** HOLE CARDS ***
coeeeelho: folds 
ruSSotron: folds 
treds17: raises $2 to $3
kevpolley: folds 
Joe_Li7: folds 
Uncalled bet ($2) returned to treds17
treds17 collected $2.50 from pot
treds17: doesn't show hand 
*** SUMMARY ***
Total pot $2.50 | Rake $0 
Seat 6: 2g00d4youu
Seat 1: ruSSotron folded before Flop (didn't bet)
Seat 2: treds17 (button) collected ($2.50)
Seat 3: kevpolley (small blind) folded before Flop
Seat 4: Joe_Li7 (big blind) folded before Flop
Seat 5: coeeeelho folded before Flop (didn't bet)



PokerStars Hand #254592661918:  Hold'em No Limit ($0.50/$1.00 USD) - 2025/01/28 18:06:16 WET [2025/01/28 13:06:16 ET]
Table 'Arctica' 6-max Seat #3 is the button
Seat 6: 2g00d4youu ($100 in chips) is sitting out
Seat 1: ruSSotron ($100 in chips) 
Seat 2: treds17 ($116.31 in chips) 
Seat 3: kevpolley ($79.24 in chips) 
Seat 4: Joe_Li7 ($100 in chips) 
Seat 5: coeeeelho ($110.50 in chips) 
Joe_Li7: posts small blind $0.50
coeeeelho: posts big blind $1
2g00d4youu: sits out 
*** HOLE CARDS ***
ruSSotron: raises $1.20 to $2.20
treds17: folds 
kevpolley: folds 
Joe_Li7: folds 
coeeeelho: folds 
Uncalled bet ($1.20) returned to ruSSotron
ruSSotron collected $2.50 from pot
*** SUMMARY ***
Total pot $2.50 | Rake $0 
Seat 6: 2g00d4youu
Seat 1: ruSSotron collected ($2.50)
Seat 2: treds17 folded before Flop (didn't bet)
Seat 3: kevpolley (button) folded before Flop (didn't bet)
Seat 4: Joe_Li7 (small blind) folded before Flop
Seat 5: coeeeelho (big blind) folded before Flop



PokerStars Hand #254592668956:  Hold'em No Limit ($0.50/$1.00 USD) - 2025/01/28 18:06:41 WET [2025/01/28 13:06:41 ET]
Table 'Arctica' 6-max Seat #4 is the button
Seat 1: ruSSotron ($101.50 in chips) 
Seat 2: treds17 ($116.31 in chips) 
Seat 3: kevpolley ($79.24 in chips) 
Seat 4: Joe_Li7 ($100 in chips) 
Seat 5: coeeeelho ($109.50 in chips) 
Seat 6: 2g00d4youu ($100 in chips) 
coeeeelho: posts small blind $0.50
2g00d4youu: posts big blind $1
*** HOLE CARDS ***
ruSSotron: folds 
treds17: folds 
kevpolley: folds 
Joe_Li7: raises $1.50 to $2.50
coeeeelho: raises $8.72 to $11.22
2g00d4youu: folds 
Joe_Li7: raises $12.78 to $24
coeeeelho: calls $12.78
*** FLOP *** [2c Ts 4d]
coeeeelho: checks 
Joe_Li7: checks 
*** TURN *** [2c Ts 4d] [7d]
coeeeelho: bets $10
Joe_Li7: calls $10
*** RIVER *** [2c Ts 4d 7d] [9c]
coeeeelho: checks 
Joe_Li7: checks 
*** SHOW DOWN ***
coeeeelho: shows [Qd Ah] (high card Ace)
Joe_Li7: shows [Ad Kh] (high card Ace - King kicker)
Joe_Li7 collected $66.50 from pot
*** SUMMARY ***
Total pot $69 | Rake $2.50 
Board [2c Ts 4d 7d 9c]
Seat 1: ruSSotron folded before Flop (didn't bet)
Seat 2: treds17 folded before Flop (didn't bet)
Seat 3: kevpolley folded before Flop (didn't bet)
Seat 4: Joe_Li7 (button) showed [Ad Kh] and won ($66.50) with high card Ace
Seat 5: coeeeelho (small blind) showed [Qd Ah] and lost with high card Ace
Seat 6: 2g00d4youu (big blind) folded before Flop



PokerStars Hand #254592705168:  Hold'em No Limit ($0.50/$1.00 USD) - 2025/01/28 18:08:45 WET [2025/01/28 13:08:45 ET]
Table 'Arctica' 6-max Seat #5 is the button
Seat 1: ruSSotron ($101.50 in chips) 
Seat 2: treds17 ($116.31 in chips) 
Seat 3: kevpolley ($79.24 in chips) 
Seat 4: Joe_Li7 ($132.50 in chips) 
Seat 5: coeeeelho ($100 in chips) 
Seat 6: 2g00d4youu ($100 in chips) 
2g00d4youu: posts small blind $0.50
ruSSotron: posts big blind $1
*** HOLE CARDS ***
treds17: folds 
kevpolley: raises $2 to $3
Joe_Li7: folds 
coeeeelho: raises $6 to $9
2g00d4youu: folds 
ruSSotron: folds 
kevpolley: calls $6
*** FLOP *** [Js 9s 7s]
kevpolley: checks 
coeeeelho: bets $4
kevpolley: calls $4
*** TURN *** [Js 9s 7s] [4h]
kevpolley: checks 
coeeeelho: checks 
*** RIVER *** [Js 9s 7s 4h] [3c]
kevpolley: checks 
coeeeelho: bets $8.62
kevpolley: calls $8.62
*** SHOW DOWN ***
coeeeelho: shows [Kh Qh] (high card King)
kevpolley: shows [8c Jc] (a pair of Jacks)
kevpolley collected $42.50 from pot
*** SUMMARY ***
Total pot $44.74 | Rake $2.24 
Board [Js 9s 7s 4h 3c]
Seat 1: ruSSotron (big blind) folded before Flop
Seat 2: treds17 folded before Flop (didn't bet)
Seat 3: kevpolley showed [8c Jc] and won ($42.50) with a pair of Jacks
Seat 4: Joe_Li7 folded before Flop (didn't bet)
Seat 5: coeeeelho (button) showed [Kh Qh] and lost with high card King
Seat 6: 2g00d4youu (small blind) folded before Flop



PokerStars Hand #254592721103:  Hold'em No Limit ($0.50/$1.00 USD) - 2025/01/28 18:09:40 WET [2025/01/28 13:09:40 ET]
Table 'Arctica' 6-max Seat #6 is the button
Seat 1: ruSSotron ($100.50 in chips) 
Seat 2: treds17 ($116.31 in chips) 
Seat 3: kevpolley ($100.12 in chips) 
Seat 4: Joe_Li7 ($132.50 in chips) 
Seat 5: coeeeelho ($100 in chips) 
Seat 6: 2g00d4youu ($100 in chips) 
ruSSotron: posts small blind $0.50
treds17: posts big blind $1
*** HOLE CARDS ***
kevpolley: folds 
Joe_Li7: folds 
coeeeelho has timed out
coeeeelho: folds 
2g00d4youu: raises $1.50 to $2.50
ruSSotron: folds 
treds17: folds 
Uncalled bet ($1.50) returned to 2g00d4youu
2g00d4youu collected $2.50 from pot
2g00d4youu: doesn't show hand 
*** SUMMARY ***
Total pot $2.50 | Rake $0 
Seat 1: ruSSotron (small blind) folded before Flop
Seat 2: treds17 (big blind) folded before Flop
Seat 3: kevpolley folded before Flop (didn't bet)
Seat 4: Joe_Li7 folded before Flop (didn't bet)
Seat 5: coeeeelho folded before Flop (didn't bet)
Seat 6: 2g00d4youu (button) collected ($2.50)



PokerStars Hand #254592728773:  Hold'em No Limit ($0.50/$1.00 USD) - 2025/01/28 18:10:07 WET [2025/01/28 13:10:07 ET]
Table 'Arctica' 6-max Seat #1 is the button
Seat 1: ruSSotron ($100 in chips) 
Seat 2: treds17 ($115.31 in chips) 
Seat 3: kevpolley ($100.12 in chips) 
Seat 4: Joe_Li7 ($132.50 in chips) 
Seat 5: coeeeelho ($100 in chips) 
Seat 6: 2g00d4youu ($101.50 in chips) 
treds17: posts small blind $0.50
kevpolley: posts big blind $1
*** HOLE CARDS ***
Joe_Li7: raises $1.20 to $2.20
coeeeelho: folds 
2g00d4youu: folds 
ruSSotron: folds 
treds17: folds 
kevpolley: calls $1.20
*** FLOP *** [6d Kd Ac]
kevpolley: checks 
Joe_Li7: checks 
*** TURN *** [6d Kd Ac] [3h]
kevpolley: checks 
Joe_Li7: checks 
*** RIVER *** [6d Kd Ac 3h] [8d]
kevpolley: bets $1
Joe_Li7: calls $1
*** SHOW DOWN ***
kevpolley: shows [Ah 7h] (a pair of Aces)
Joe_Li7: mucks hand 
kevpolley collected $6.56 from pot
*** SUMMARY ***
Total pot $6.90 | Rake $0.34 
Board [6d Kd Ac 3h 8d]
Seat 1: ruSSotron (button) folded before Flop (didn't bet)
Seat 2: treds17 (small blind) folded before Flop
Seat 3: kevpolley (big blind) showed [Ah 7h] and won ($6.56) with a pair of Aces
Seat 4: Joe_Li7 mucked
Seat 5: coeeeelho folded before Flop (didn't bet)
Seat 6: 2g00d4youu folded before Flop (didn't bet)



PokerStars Hand #254592742294:  Hold'em No Limit ($0.50/$1.00 USD) - 2025/01/28 18:10:53 WET [2025/01/28 13:10:53 ET]
Table 'Arctica' 6-max Seat #2 is the button
Seat 1: ruSSotron ($100 in chips) 
Seat 2: treds17 ($114.81 in chips) 
Seat 3: kevpolley ($103.48 in chips) 
Seat 4: Joe_Li7 ($129.30 in chips) 
Seat 5: coeeeelho ($100 in chips) 
Seat 6: 2g00d4youu ($101.50 in chips) 
kevpolley: posts small blind $0.50
Joe_Li7: posts big blind $1
*** HOLE CARDS ***
coeeeelho: folds 
2g00d4youu: raises $1.50 to $2.50
ruSSotron: folds 
treds17: folds 
kevpolley: folds 
Joe_Li7: folds 
Uncalled bet ($1.50) returned to 2g00d4youu
2g00d4youu collected $2.50 from pot
2g00d4youu: doesn't show hand 
*** SUMMARY ***
Total pot $2.50 | Rake $0 
Seat 1: ruSSotron folded before Flop (didn't bet)
Seat 2: treds17 (button) folded before Flop (didn't bet)
Seat 3: kevpolley (small blind) folded before Flop
Seat 4: Joe_Li7 (big blind) folded before Flop
Seat 5: coeeeelho folded before Flop (didn't bet)
Seat 6: 2g00d4youu collected ($2.50)



PokerStars Hand #254592747879:  Hold'em No Limit ($0.50/$1.00 USD) - 2025/01/28 18:11:12 WET [2025/01/28 13:11:12 ET]
Table 'Arctica' 6-max Seat #3 is the button
Seat 1: ruSSotron ($100 in chips) 
Seat 2: treds17 ($114.81 in chips) 
Seat 3: kevpolley ($102.98 in chips) 
Seat 4: Joe_Li7 ($128.30 in chips) 
Seat 5: coeeeelho ($100 in chips) 
Seat 6: 2g00d4youu ($103 in chips) 
Joe_Li7: posts small blind $0.50
coeeeelho: posts big blind $1
*** HOLE CARDS ***
2g00d4youu: folds 
ruSSotron: folds 
treds17: raises $1.30 to $2.30
kevpolley: folds 
Joe_Li7: folds 
coeeeelho: calls $1.30
*** FLOP *** [Ks 4s Qh]
coeeeelho: checks 
treds17 has timed out
treds17: checks 
*** TURN *** [Ks 4s Qh] [Tc]
coeeeelho: checks 
treds17: bets $2.90
coeeeelho: folds 
Uncalled bet ($2.90) returned to treds17
treds17 collected $4.84 from pot
treds17: doesn't show hand 
*** SUMMARY ***
Total pot $5.10 | Rake $0.26 
Board [Ks 4s Qh Tc]
Seat 1: ruSSotron folded before Flop (didn't bet)
Seat 2: treds17 collected ($4.84)
Seat 3: kevpolley (button) folded before Flop (didn't bet)
Seat 4: Joe_Li7 (small blind) folded before Flop
Seat 5: coeeeelho (big blind) folded on the Turn
Seat 6: 2g00d4youu folded before Flop (didn't bet)



PokerStars Hand #254592768877:  Hold'em No Limit ($0.50/$1.00 USD) - 2025/01/28 18:12:23 WET [2025/01/28 13:12:23 ET]
Table 'Arctica' 6-max Seat #4 is the button
Seat 1: ruSSotron ($100 in chips) 
Seat 2: treds17 ($117.35 in chips) 
Seat 3: kevpolley ($102.98 in chips) 
Seat 4: Joe_Li7 ($127.80 in chips) 
Seat 5: coeeeelho ($100 in chips) 
Seat 6: 2g00d4youu ($103 in chips) 
coeeeelho: posts small blind $0.50
2g00d4youu: posts big blind $1
*** HOLE CARDS ***
ruSSotron: raises $1.20 to $2.20
treds17: folds 
kevpolley: folds 
Joe_Li7: folds 
coeeeelho: folds 
2g00d4youu: folds 
Uncalled bet ($1.20) returned to ruSSotron
ruSSotron collected $2.50 from pot
*** SUMMARY ***
Total pot $2.50 | Rake $0 
Seat 1: ruSSotron collected ($2.50)
Seat 2: treds17 folded before Flop (didn't bet)
Seat 3: kevpolley folded before Flop (didn't bet)
Seat 4: Joe_Li7 (button) folded before Flop (didn't bet)
Seat 5: coeeeelho (small blind) folded before Flop
Seat 6: 2g00d4youu (big blind) folded before Flop



PokerStars Hand #254592773902:  Hold'em No Limit ($0.50/$1.00 USD) - 2025/01/28 18:12:40 WET [2025/01/28 13:12:40 ET]
Table 'Arctica' 6-max Seat #5 is the button
Seat 1: ruSSotron ($101.50 in chips) 
Seat 2: treds17 ($117.35 in chips) 
Seat 3: kevpolley ($102.98 in chips) 
Seat 4: Joe_Li7 ($127.80 in chips) 
Seat 5: coeeeelho ($100 in chips) 
Seat 6: 2g00d4youu ($102 in chips) 
2g00d4youu: posts small blind $0.50
ruSSotron: posts big blind $1
*** HOLE CARDS ***
treds17: folds 
kevpolley: folds 
Joe_Li7: folds 
coeeeelho: folds 
2g00d4youu: raises $2 to $3
ruSSotron: raises $6 to $9
2g00d4youu: folds 
Uncalled bet ($6) returned to ruSSotron
ruSSotron collected $6 from pot
*** SUMMARY ***
Total pot $6 | Rake $0 
Seat 1: ruSSotron (big blind) collected ($6)
Seat 2: treds17 folded before Flop (didn't bet)
Seat 3: kevpolley folded before Flop (didn't bet)
Seat 4: Joe_Li7 folded before Flop (didn't bet)
Seat 5: coeeeelho (button) folded before Flop (didn't bet)
Seat 6: 2g00d4youu (small blind) folded before Flop



PokerStars Hand #254592780740:  Hold'em No Limit ($0.50/$1.00 USD) - 2025/01/28 18:13:03 WET [2025/01/28 13:13:03 ET]
Table 'Arctica' 6-max Seat #6 is the button
Seat 1: ruSSotron ($104.50 in chips) 
Seat 2: treds17 ($117.35 in chips) 
Seat 3: kevpolley ($102.98 in chips) 
Seat 4: Joe_Li7 ($127.80 in chips) 
Seat 5: coeeeelho ($100 in chips) 
Seat 6: 2g00d4youu ($100 in chips) 
ruSSotron: posts small blind $0.50
treds17: posts big blind $1
*** HOLE CARDS ***
kevpolley: folds 
Joe_Li7: folds 
coeeeelho: raises $1.20 to $2.20
2g00d4youu: raises $5.30 to $7.50
ruSSotron: folds 
treds17: folds 
coeeeelho: calls $5.30
*** FLOP *** [Ks Qc 5d]
coeeeelho: checks 
2g00d4youu: bets $3.92
coeeeelho: folds 
Uncalled bet ($3.92) returned to 2g00d4youu
2g00d4youu collected $15.68 from pot
2g00d4youu: doesn't show hand 
*** SUMMARY ***
Total pot $16.50 | Rake $0.82 
Board [Ks Qc 5d]
Seat 1: ruSSotron (small blind) folded before Flop
Seat 2: treds17 (big blind) folded before Flop
Seat 3: kevpolley folded before Flop (didn't bet)
Seat 4: Joe_Li7 folded before Flop (didn't bet)
Seat 5: coeeeelho folded on the Flop
Seat 6: 2g00d4youu (button) collected ($15.68)



PokerStars Hand #254592793546:  Hold'em No Limit ($0.50/$1.00 USD) - 2025/01/28 18:13:46 WET [2025/01/28 13:13:46 ET]
Table 'Arctica' 6-max Seat #1 is the button
Seat 1: ruSSotron ($104 in chips) 
Seat 2: treds17 ($116.35 in chips) 
Seat 3: kevpolley ($102.98 in chips) 
Seat 4: Joe_Li7 ($127.80 in chips) 
Seat 5: coeeeelho ($100 in chips) 
Seat 6: 2g00d4youu ($108.18 in chips) 
treds17: posts small blind $0.50
kevpolley: posts big blind $1
*** HOLE CARDS ***
Joe_Li7: folds 
coeeeelho: raises $1.20 to $2.20
2g00d4youu: folds 
ruSSotron: folds 
treds17: folds 
kevpolley: calls $1.20
*** FLOP *** [8c 5d Ad]
kevpolley: checks 
coeeeelho: checks 
*** TURN *** [8c 5d Ad] [9h]
kevpolley: checks 
coeeeelho: checks 
*** RIVER *** [8c 5d Ad 9h] [9s]
kevpolley: checks 
coeeeelho: checks 
*** SHOW DOWN ***
kevpolley: shows [Kh Qh] (a pair of Nines)
coeeeelho: mucks hand 
kevpolley collected $4.66 from pot
*** SUMMARY ***
Total pot $4.90 | Rake $0.24 
Board [8c 5d Ad 9h 9s]
Seat 1: ruSSotron (button) folded before Flop (didn't bet)
Seat 2: treds17 (small blind) folded before Flop
Seat 3: kevpolley (big blind) showed [Kh Qh] and won ($4.66) with a pair of Nines
Seat 4: Joe_Li7 folded before Flop (didn't bet)
Seat 5: coeeeelho mucked
Seat 6: 2g00d4youu folded before Flop (didn't bet)



PokerStars Hand #254592808638:  Hold'em No Limit ($0.50/$1.00 USD) - 2025/01/28 18:14:37 WET [2025/01/28 13:14:37 ET]
Table 'Arctica' 6-max Seat #2 is the button
Seat 1: ruSSotron ($104 in chips) 
Seat 2: treds17 ($115.85 in chips) 
Seat 3: kevpolley ($105.44 in chips) 
Seat 4: Joe_Li7 ($127.80 in chips) 
Seat 5: coeeeelho ($100 in chips) 
Seat 6: 2g00d4youu ($108.18 in chips) 
kevpolley: posts small blind $0.50
Joe_Li7: posts big blind $1
*** HOLE CARDS ***
coeeeelho: raises $1.20 to $2.20
2g00d4youu: folds 
ruSSotron: calls $2.20
treds17: folds 
kevpolley: folds 
Joe_Li7: folds 
*** FLOP *** [Td 5d 3s]
coeeeelho: bets $4.20
ruSSotron: folds 
Uncalled bet ($4.20) returned to coeeeelho
coeeeelho collected $5.60 from pot
*** SUMMARY ***
Total pot $5.90 | Rake $0.30 
Board [Td 5d 3s]
Seat 1: ruSSotron folded on the Flop
Seat 2: treds17 (button) folded before Flop (didn't bet)
Seat 3: kevpolley (small blind) folded before Flop
Seat 4: Joe_Li7 (big blind) folded before Flop
Seat 5: coeeeelho collected ($5.60)
Seat 6: 2g00d4youu folded before Flop (didn't bet)



PokerStars Hand #254593895706:  Hold'em No Limit ($0.50/$1.00 USD) - 2025/01/28 19:09:53 WET [2025/01/28 14:09:53 ET]
Table 'Arctica' 6-max Seat #4 is the button
Seat 1: coeeeelho ($111.48 in chips) 
Seat 2: Quahrino ($100.50 in chips) 
Seat 3: kevpolley ($85.90 in chips) 
Seat 4: treds17 ($112.08 in chips) 
Seat 5: kvcsszblcs ($176.13 in chips) 
Seat 6: joaquin612 ($110.05 in chips) 
kvcsszblcs: posts small blind $0.50
joaquin612: posts big blind $1
*** HOLE CARDS ***
coeeeelho: folds 
Quahrino: folds 
kevpolley: raises $2 to $3
treds17: folds 
kvcsszblcs: folds 
joaquin612: folds 
Uncalled bet ($2) returned to kevpolley
kevpolley collected $2.50 from pot
*** SUMMARY ***
Total pot $2.50 | Rake $0 
Seat 1: coeeeelho folded before Flop (didn't bet)
Seat 2: Quahrino folded before Flop (didn't bet)
Seat 3: kevpolley collected ($2.50)
Seat 4: treds17 (button) folded before Flop (didn't bet)
Seat 5: kvcsszblcs (small blind) folded before Flop
Seat 6: joaquin612 (big blind) folded before Flop



PokerStars Hand #254593906796:  Hold'em No Limit ($0.50/$1.00 USD) - 2025/01/28 19:10:17 WET [2025/01/28 14:10:17 ET]
Table 'Arctica' 6-max Seat #5 is the button
Seat 1: coeeeelho ($111.48 in chips) 
Seat 2: Quahrino ($100.50 in chips) 
Seat 3: kevpolley ($87.40 in chips) 
Seat 4: treds17 ($112.08 in chips) 
Seat 5: kvcsszblcs ($175.63 in chips) 
Seat 6: joaquin612 ($109.05 in chips) 
joaquin612: posts small blind $0.50
coeeeelho: posts big blind $1
*** HOLE CARDS ***
Quahrino: raises $1 to $2
kevpolley: folds 
treds17: folds 
kvcsszblcs: raises $5.50 to $7.50
joaquin612: folds 
coeeeelho: folds 
Quahrino: folds 
Uncalled bet ($5.50) returned to kvcsszblcs
kvcsszblcs collected $5.50 from pot
kvcsszblcs: doesn't show hand 
*** SUMMARY ***
Total pot $5.50 | Rake $0 
Seat 1: coeeeelho (big blind) folded before Flop
Seat 2: Quahrino folded before Flop
Seat 3: kevpolley folded before Flop (didn't bet)
Seat 4: treds17 folded before Flop (didn't bet)
Seat 5: kvcsszblcs (button) collected ($5.50)
Seat 6: joaquin612 (small blind) folded before Flop



PokerStars Hand #254593915594:  Hold'em No Limit ($0.50/$1.00 USD) - 2025/01/28 19:10:36 WET [2025/01/28 14:10:36 ET]
Table 'Arctica' 6-max Seat #6 is the button
Seat 1: coeeeelho ($110.48 in chips) 
Seat 2: Quahrino ($100 in chips) 
Seat 3: kevpolley ($87.40 in chips) 
Seat 4: treds17 ($112.08 in chips) 
Seat 5: kvcsszblcs ($179.13 in chips) 
Seat 6: joaquin612 ($108.55 in chips) 
coeeeelho: posts small blind $0.50
Quahrino: posts big blind $1
*** HOLE CARDS ***
kevpolley: folds 
treds17: folds 
kvcsszblcs: folds 
joaquin612: raises $1.50 to $2.50
coeeeelho: folds 
Quahrino: calls $1.50
*** FLOP *** [8c 4h 4d]
Quahrino: checks 
joaquin612: bets $2.61
Quahrino: raises $5.22 to $7.83
joaquin612: calls $5.22
*** TURN *** [8c 4h 4d] [Qs]
Quahrino: checks 
joaquin612: checks 
*** RIVER *** [8c 4h 4d Qs] [Jh]
Quahrino: bets $15.08
joaquin612: calls $15.08
*** SHOW DOWN ***
Quahrino: shows [2h Qh] (two pair, Queens and Fours)
joaquin612: mucks hand 
Quahrino collected $48.82 from pot
*** SUMMARY ***
Total pot $51.32 | Rake $2.50 
Board [8c 4h 4d Qs Jh]
Seat 1: coeeeelho (small blind) folded before Flop
Seat 2: Quahrino (big blind) showed [2h Qh] and won ($48.82) with two pair, Queens and Fours
Seat 3: kevpolley folded before Flop (didn't bet)
Seat 4: treds17 folded before Flop (didn't bet)
Seat 5: kvcsszblcs folded before Flop (didn't bet)
Seat 6: joaquin612 (button) mucked



PokerStars Hand #254593951387:  Hold'em No Limit ($0.50/$1.00 USD) - 2025/01/28 19:11:57 WET [2025/01/28 14:11:57 ET]
Table 'Arctica' 6-max Seat #1 is the button
Seat 1: coeeeelho ($109.98 in chips) 
Seat 2: Quahrino ($123.41 in chips) 
Seat 3: kevpolley ($87.40 in chips) 
Seat 4: treds17 ($112.08 in chips) 
Seat 5: kvcsszblcs ($179.13 in chips) 
Seat 6: joaquin612 ($100 in chips) 
Quahrino: posts small blind $0.50
kevpolley: posts big blind $1
*** HOLE CARDS ***
treds17: folds 
kvcsszblcs: folds 
joaquin612: raises $1.50 to $2.50
coeeeelho: folds 
Quahrino: folds 
kevpolley: folds 
Uncalled bet ($1.50) returned to joaquin612
joaquin612 collected $2.50 from pot
joaquin612: doesn't show hand 
*** SUMMARY ***
Total pot $2.50 | Rake $0 
Seat 1: coeeeelho (button) folded before Flop (didn't bet)
Seat 2: Quahrino (small blind) folded before Flop
Seat 3: kevpolley (big blind) folded before Flop
Seat 4: treds17 folded before Flop (didn't bet)
Seat 5: kvcsszblcs folded before Flop (didn't bet)
Seat 6: joaquin612 collected ($2.50)



PokerStars Hand #254593957061:  Hold'em No Limit ($0.50/$1.00 USD) - 2025/01/28 19:12:11 WET [2025/01/28 14:12:11 ET]
Table 'Arctica' 6-max Seat #2 is the button
Seat 1: coeeeelho ($109.98 in chips) 
Seat 2: Quahrino ($122.91 in chips) 
Seat 3: kevpolley ($86.40 in chips) 
Seat 4: treds17 ($112.08 in chips) 
Seat 5: kvcsszblcs ($179.13 in chips) 
Seat 6: joaquin612 ($101.50 in chips) 
kevpolley: posts small blind $0.50
treds17: posts big blind $1
*** HOLE CARDS ***
kvcsszblcs: folds 
joaquin612: folds 
coeeeelho: raises $1.20 to $2.20
Quahrino: folds 
kevpolley: folds 
treds17: folds 
Uncalled bet ($1.20) returned to coeeeelho
coeeeelho collected $2.50 from pot
*** SUMMARY ***
Total pot $2.50 | Rake $0 
Seat 1: coeeeelho collected ($2.50)
Seat 2: Quahrino (button) folded before Flop (didn't bet)
Seat 3: kevpolley (small blind) folded before Flop
Seat 4: treds17 (big blind) folded before Flop
Seat 5: kvcsszblcs folded before Flop (didn't bet)
Seat 6: joaquin612 folded before Flop (didn't bet)



PokerStars Hand #254593965472:  Hold'em No Limit ($0.50/$1.00 USD) - 2025/01/28 19:12:31 WET [2025/01/28 14:12:31 ET]
Table 'Arctica' 6-max Seat #3 is the button
Seat 1: coeeeelho ($111.48 in chips) 
Seat 2: Quahrino ($122.91 in chips) 
Seat 3: kevpolley ($85.90 in chips) 
Seat 4: treds17 ($111.08 in chips) 
Seat 5: kvcsszblcs ($179.13 in chips) 
Seat 6: joaquin612 ($101.50 in chips) 
treds17: posts small blind $0.50
kvcsszblcs: posts big blind $1
*** HOLE CARDS ***
joaquin612: folds 
coeeeelho: folds 
Quahrino: raises $1.30 to $2.30
kevpolley: folds 
treds17: folds 
kvcsszblcs: folds 
Uncalled bet ($1.30) returned to Quahrino
Quahrino collected $2.50 from pot
Quahrino: doesn't show hand 
*** SUMMARY ***
Total pot $2.50 | Rake $0 
Seat 1: coeeeelho folded before Flop (didn't bet)
Seat 2: Quahrino collected ($2.50)
Seat 3: kevpolley (button) folded before Flop (didn't bet)
Seat 4: treds17 (small blind) folded before Flop
Seat 5: kvcsszblcs (big blind) folded before Flop
Seat 6: joaquin612 folded before Flop (didn't bet)



PokerStars Hand #254593972915:  Hold'em No Limit ($0.50/$1.00 USD) - 2025/01/28 19:12:49 WET [2025/01/28 14:12:49 ET]
Table 'Arctica' 6-max Seat #4 is the button
Seat 1: coeeeelho ($111.48 in chips) 
Seat 2: Quahrino ($124.41 in chips) 
Seat 3: kevpolley ($85.90 in chips) 
Seat 4: treds17 ($110.58 in chips) 
Seat 5: kvcsszblcs ($178.13 in chips) 
Seat 6: joaquin612 ($101.50 in chips) 
kvcsszblcs: posts small blind $0.50
joaquin612: posts big blind $1
*** HOLE CARDS ***
coeeeelho: folds 
Quahrino: raises $1 to $2
kevpolley: folds 
treds17: folds 
kvcsszblcs: folds 
joaquin612: folds 
Uncalled bet ($1) returned to Quahrino
Quahrino collected $2.50 from pot
Quahrino: doesn't show hand 
*** SUMMARY ***
Total pot $2.50 | Rake $0 
Seat 1: coeeeelho folded before Flop (didn't bet)
Seat 2: Quahrino collected ($2.50)
Seat 3: kevpolley folded before Flop (didn't bet)
Seat 4: treds17 (button) folded before Flop (didn't bet)
Seat 5: kvcsszblcs (small blind) folded before Flop
Seat 6: joaquin612 (big blind) folded before Flop



PokerStars Hand #254593977878:  Hold'em No Limit ($0.50/$1.00 USD) - 2025/01/28 19:13:01 WET [2025/01/28 14:13:01 ET]
Table 'Arctica' 6-max Seat #5 is the button
Seat 1: coeeeelho ($111.48 in chips) 
Seat 2: Quahrino ($125.91 in chips) 
Seat 3: kevpolley ($85.90 in chips) 
Seat 4: treds17 ($110.58 in chips) 
Seat 5: kvcsszblcs ($177.63 in chips) 
Seat 6: joaquin612 ($100.50 in chips) 
joaquin612: posts small blind $0.50
coeeeelho: posts big blind $1
*** HOLE CARDS ***
Quahrino: folds 
kevpolley: folds 
treds17: folds 
kvcsszblcs: folds 
joaquin612: raises $2 to $3
coeeeelho: raises $7 to $10
joaquin612: calls $7
*** FLOP *** [Ks 2h 4s]
joaquin612: checks 
coeeeelho: bets $6.27
joaquin612: calls $6.27
*** TURN *** [Ks 2h 4s] [3c]
joaquin612: checks 
coeeeelho: checks 
*** RIVER *** [Ks 2h 4s 3c] [Ts]
joaquin612: checks 
coeeeelho: bets $15.46
joaquin612: folds 
Uncalled bet ($15.46) returned to coeeeelho
coeeeelho collected $30.91 from pot
*** SUMMARY ***
Total pot $32.54 | Rake $1.63 
Board [Ks 2h 4s 3c Ts]
Seat 1: coeeeelho (big blind) collected ($30.91)
Seat 2: Quahrino folded before Flop (didn't bet)
Seat 3: kevpolley folded before Flop (didn't bet)
Seat 4: treds17 folded before Flop (didn't bet)
Seat 5: kvcsszblcs (button) folded before Flop (didn't bet)
Seat 6: joaquin612 (small blind) folded on the River



PokerStars Hand #254594020036:  Hold'em No Limit ($0.50/$1.00 USD) - 2025/01/28 19:14:50 WET [2025/01/28 14:14:50 ET]
Table 'Arctica' 6-max Seat #6 is the button
Seat 1: coeeeelho ($126.12 in chips) 
Seat 2: Quahrino ($125.91 in chips) 
Seat 3: kevpolley ($85.90 in chips) 
Seat 4: treds17 ($110.58 in chips) 
Seat 5: kvcsszblcs ($177.63 in chips) 
Seat 6: joaquin612 ($100 in chips) 
coeeeelho: posts small blind $0.50
Quahrino: posts big blind $1
*** HOLE CARDS ***
kevpolley: folds 
treds17: folds 
kvcsszblcs: folds 
joaquin612: folds 
coeeeelho: folds 
Uncalled bet ($0.50) returned to Quahrino
Quahrino collected $1 from pot
Quahrino: doesn't show hand 
*** SUMMARY ***
Total pot $1 | Rake $0 
Seat 1: coeeeelho (small blind) folded before Flop
Seat 2: Quahrino (big blind) collected ($1)
Seat 3: kevpolley folded before Flop (didn't bet)
Seat 4: treds17 folded before Flop (didn't bet)
Seat 5: kvcsszblcs folded before Flop (didn't bet)
Seat 6: joaquin612 (button) folded before Flop (didn't bet)



PokerStars Hand #254594024660:  Hold'em No Limit ($0.50/$1.00 USD) - 2025/01/28 19:15:02 WET [2025/01/28 14:15:02 ET]
Table 'Arctica' 6-max Seat #1 is the button
Seat 1: coeeeelho ($125.62 in chips) 
Seat 2: Quahrino ($126.41 in chips) 
Seat 3: kevpolley ($85.90 in chips) 
Seat 4: treds17 ($110.58 in chips) 
Seat 5: kvcsszblcs ($177.63 in chips) 
Seat 6: joaquin612 ($100 in chips) 
Quahrino: posts small blind $0.50
kevpolley: posts big blind $1
*** HOLE CARDS ***
treds17: raises $1.10 to $2.10
kvcsszblcs: folds 
joaquin612: folds 
coeeeelho: folds 
Quahrino: folds 
kevpolley: calls $1.10
*** FLOP *** [Ks 7s Js]
kevpolley: checks 
treds17: bets $1.34
kevpolley: calls $1.34
*** TURN *** [Ks 7s Js] [3h]
kevpolley: checks 
treds17: bets $4.21
kevpolley: calls $4.21
*** RIVER *** [Ks 7s Js 3h] [Tc]
kevpolley: checks 
treds17: bets $11.26
kevpolley: calls $11.26
*** SHOW DOWN ***
treds17: shows [Ac Qd] (a straight, Ten to Ace)
kevpolley: mucks hand 
treds17 collected $36.40 from pot
*** SUMMARY ***
Total pot $38.32 | Rake $1.92 
Board [Ks 7s Js 3h Tc]
Seat 1: coeeeelho (button) folded before Flop (didn't bet)
Seat 2: Quahrino (small blind) folded before Flop
Seat 3: kevpolley (big blind) mucked
Seat 4: treds17 showed [Ac Qd] and won ($36.40) with a straight, Ten to Ace
Seat 5: kvcsszblcs folded before Flop (didn't bet)
Seat 6: joaquin612 folded before Flop (didn't bet)



PokerStars Hand #254594041650:  Hold'em No Limit ($0.50/$1.00 USD) - 2025/01/28 19:15:47 WET [2025/01/28 14:15:47 ET]
Table 'Arctica' 6-max Seat #2 is the button
Seat 4: treds17 ($128.07 in chips) is sitting out
Seat 1: coeeeelho ($125.62 in chips) 
Seat 2: Quahrino ($125.91 in chips) 
Seat 3: kevpolley ($66.99 in chips) 
Seat 5: kvcsszblcs ($177.63 in chips) 
Seat 6: joaquin612 ($100 in chips) 
kevpolley: posts small blind $0.50
treds17: is sitting out 
kvcsszblcs: posts big blind $1
*** HOLE CARDS ***
joaquin612: folds 
treds17 leaves the table
coeeeelho: folds 
Quahrino: folds 
J0SHB0SH joins the table at seat #4 
kevpolley: calls $0.50
kvcsszblcs: checks 
*** FLOP *** [4d 4s Qc]
kevpolley: checks 
kvcsszblcs: bets $1
kevpolley: folds 
Uncalled bet ($1) returned to kvcsszblcs
kvcsszblcs collected $1.90 from pot
kvcsszblcs: doesn't show hand 
*** SUMMARY ***
Total pot $2 | Rake $0.10 
Board [4d 4s Qc]
Seat 4: treds17
Seat 1: coeeeelho folded before Flop (didn't bet)
Seat 2: Quahrino (button) folded before Flop (didn't bet)
Seat 3: kevpolley (small blind) folded on the Flop
Seat 5: kvcsszblcs (big blind) collected ($1.90)
Seat 6: joaquin612 folded before Flop (didn't bet)



PokerStars Hand #254594551600:  Hold'em No Limit ($0.50/$1.00 USD) - 2025/01/28 19:16:13 WET [2025/01/28 14:16:13 ET]
Table 'Arctica' 6-max Seat #3 is the button
Seat 4: J0SHB0SH ($100 in chips) is sitting out
Seat 1: coeeeelho ($125.62 in chips) 
Seat 2: Quahrino ($125.91 in chips) 
Seat 3: kevpolley ($65.99 in chips) 
Seat 5: kvcsszblcs ($178.53 in chips) 
Seat 6: joaquin612 ($100 in chips) 
kvcsszblcs: posts small blind $0.50
joaquin612: posts big blind $1
*** HOLE CARDS ***
coeeeelho: folds 
Quahrino: folds 
kevpolley: raises $2 to $3
kvcsszblcs: folds 
joaquin612: folds 
Uncalled bet ($2) returned to kevpolley
kevpolley collected $2.50 from pot
*** SUMMARY ***
Total pot $2.50 | Rake $0 
Seat 4: J0SHB0SH
Seat 1: coeeeelho folded before Flop (didn't bet)
Seat 2: Quahrino folded before Flop (didn't bet)
Seat 3: kevpolley (button) collected ($2.50)
Seat 5: kvcsszblcs (small blind) folded before Flop
Seat 6: joaquin612 (big blind) folded before Flop



PokerStars Hand #254594556974:  Hold'em No Limit ($0.50/$1.00 USD) - 2025/01/28 19:16:27 WET [2025/01/28 14:16:27 ET]
Table 'Arctica' 6-max Seat #5 is the button
Seat 4: J0SHB0SH ($100 in chips) is sitting out
Seat 1: coeeeelho ($125.62 in chips) 
Seat 2: Quahrino ($125.91 in chips) 
Seat 3: kevpolley ($67.49 in chips) 
Seat 5: kvcsszblcs ($178.03 in chips) 
Seat 6: joaquin612 ($100 in chips) 
joaquin612: posts small blind $0.50
coeeeelho: posts big blind $1
J0SHB0SH: sits out 
*** HOLE CARDS ***
Quahrino: raises $1 to $2
kevpolley: folds 
kvcsszblcs: folds 
joaquin612: folds 
coeeeelho: folds 
Uncalled bet ($1) returned to Quahrino
Quahrino collected $2.50 from pot
Quahrino: doesn't show hand 
*** SUMMARY ***
Total pot $2.50 | Rake $0 
Seat 4: J0SHB0SH
Seat 1: coeeeelho (big blind) folded before Flop
Seat 2: Quahrino collected ($2.50)
Seat 3: kevpolley folded before Flop (didn't bet)
Seat 5: kvcsszblcs (button) folded before Flop (didn't bet)
Seat 6: joaquin612 (small blind) folded before Flop



PokerStars Hand #254594563610:  Hold'em No Limit ($0.50/$1.00 USD) - 2025/01/28 19:16:45 WET [2025/01/28 14:16:45 ET]
Table 'Arctica' 6-max Seat #6 is the button
Seat 4: J0SHB0SH ($100 in chips) is sitting out
Seat 1: coeeeelho ($124.62 in chips) 
Seat 2: Quahrino ($127.41 in chips) 
Seat 3: kevpolley ($67.49 in chips) 
Seat 5: kvcsszblcs ($178.03 in chips) 
Seat 6: joaquin612 ($100 in chips) 
coeeeelho: posts small blind $0.50
Quahrino: posts big blind $1
J0SHB0SH: sits out 
*** HOLE CARDS ***
kevpolley: raises $2 to $3
kvcsszblcs: folds 
joaquin612: folds 
coeeeelho: folds 
Quahrino: folds 
Uncalled bet ($2) returned to kevpolley
kevpolley collected $2.50 from pot
*** SUMMARY ***
Total pot $2.50 | Rake $0 
Seat 4: J0SHB0SH
Seat 1: coeeeelho (small blind) folded before Flop
Seat 2: Quahrino (big blind) folded before Flop
Seat 3: kevpolley collected ($2.50)
Seat 5: kvcsszblcs folded before Flop (didn't bet)
Seat 6: joaquin612 (button) folded before Flop (didn't bet)



PokerStars Hand #254594567246:  Hold'em No Limit ($0.50/$1.00 USD) - 2025/01/28 19:16:55 WET [2025/01/28 14:16:55 ET]
Table 'Arctica' 6-max Seat #1 is the button
Seat 4: J0SHB0SH ($100 in chips) is sitting out
Seat 1: coeeeelho ($124.12 in chips) 
Seat 2: Quahrino ($126.41 in chips) 
Seat 3: kevpolley ($68.99 in chips) 
Seat 5: kvcsszblcs ($178.03 in chips) 
Seat 6: joaquin612 ($100 in chips) 
Quahrino: posts small blind $0.50
kevpolley: posts big blind $1
J0SHB0SH: sits out 
*** HOLE CARDS ***
kvcsszblcs: folds 
joaquin612: folds 
coeeeelho: folds 
Quahrino: raises $2 to $3
kevpolley: folds 
Uncalled bet ($2) returned to Quahrino
Quahrino collected $2 from pot
Quahrino: doesn't show hand 
*** SUMMARY ***
Total pot $2 | Rake $0 
Seat 4: J0SHB0SH
Seat 1: coeeeelho (button) folded before Flop (didn't bet)
Seat 2: Quahrino (small blind) collected ($2)
Seat 3: kevpolley (big blind) folded before Flop
Seat 5: kvcsszblcs folded before Flop (didn't bet)
Seat 6: joaquin612 folded before Flop (didn't bet)



PokerStars Hand #254594573493:  Hold'em No Limit ($0.50/$1.00 USD) - 2025/01/28 19:17:12 WET [2025/01/28 14:17:12 ET]
Table 'Arctica' 6-max Seat #2 is the button
Seat 1: coeeeelho ($124.12 in chips) 
Seat 2: Quahrino ($127.41 in chips) 
Seat 3: kevpolley ($67.99 in chips) 
Seat 4: J0SHB0SH ($100 in chips) 
Seat 5: kvcsszblcs ($178.03 in chips) 
Seat 6: joaquin612 ($100 in chips) 
kevpolley: posts small blind $0.50
J0SHB0SH: posts big blind $1
*** HOLE CARDS ***
kvcsszblcs: folds 
joaquin612: folds 
coeeeelho: raises $1.20 to $2.20
Quahrino: folds 
kevpolley: folds 
J0SHB0SH: folds 
Uncalled bet ($1.20) returned to coeeeelho
coeeeelho collected $2.50 from pot
*** SUMMARY ***
Total pot $2.50 | Rake $0 
Seat 1: coeeeelho collected ($2.50)
Seat 2: Quahrino (button) folded before Flop (didn't bet)
Seat 3: kevpolley (small blind) folded before Flop
Seat 4: J0SHB0SH (big blind) folded before Flop
Seat 5: kvcsszblcs folded before Flop (didn't bet)
Seat 6: joaquin612 folded before Flop (didn't bet)



PokerStars Hand #254594583712:  Hold'em No Limit ($0.50/$1.00 USD) - 2025/01/28 19:17:40 WET [2025/01/28 14:17:40 ET]
Table 'Arctica' 6-max Seat #3 is the button
Seat 1: coeeeelho ($125.62 in chips) 
Seat 2: Quahrino ($127.41 in chips) 
Seat 3: kevpolley ($67.49 in chips) 
Seat 4: J0SHB0SH ($100 in chips) 
Seat 5: kvcsszblcs ($178.03 in chips) 
Seat 6: joaquin612 ($100 in chips) 
J0SHB0SH: posts small blind $0.50
kvcsszblcs: posts big blind $1
*** HOLE CARDS ***
joaquin612: folds 
coeeeelho: folds 
Quahrino: folds 
kevpolley: folds 
J0SHB0SH: raises $2 to $3
kvcsszblcs: calls $2
*** FLOP *** [Ah Kc 6h]
J0SHB0SH: checks 
kvcsszblcs: checks 
*** TURN *** [Ah Kc 6h] [Qd]
J0SHB0SH: checks 
kvcsszblcs: checks 
*** RIVER *** [Ah Kc 6h Qd] [Jc]
J0SHB0SH: checks 
kvcsszblcs: bets $3.50
J0SHB0SH: calls $3.50
*** SHOW DOWN ***
kvcsszblcs: shows [3s 4s] (high card Ace)
J0SHB0SH: shows [9h As] (a pair of Aces)
J0SHB0SH collected $12.35 from pot
*** SUMMARY ***
Total pot $13 | Rake $0.65 
Board [Ah Kc 6h Qd Jc]
Seat 1: coeeeelho folded before Flop (didn't bet)
Seat 2: Quahrino folded before Flop (didn't bet)
Seat 3: kevpolley (button) folded before Flop (didn't bet)
Seat 4: J0SHB0SH (small blind) showed [9h As] and won ($12.35) with a pair of Aces
Seat 5: kvcsszblcs (big blind) showed [3s 4s] and lost with high card Ace
Seat 6: joaquin612 folded before Flop (didn't bet)



PokerStars Hand #254594610116:  Hold'em No Limit ($0.50/$1.00 USD) - 2025/01/28 19:18:53 WET [2025/01/28 14:18:53 ET]
Table 'Arctica' 6-max Seat #4 is the button
Seat 1: coeeeelho ($125.62 in chips) 
Seat 2: Quahrino ($127.41 in chips) 
Seat 3: kevpolley ($67.49 in chips) 
Seat 4: J0SHB0SH ($105.85 in chips) 
Seat 5: kvcsszblcs ($171.53 in chips) 
Seat 6: joaquin612 ($100 in chips) 
kvcsszblcs: posts small blind $0.50
joaquin612: posts big blind $1
*** HOLE CARDS ***
coeeeelho: folds 
Quahrino: raises $1 to $2
kevpolley: folds 
J0SHB0SH: folds 
kvcsszblcs: folds 
joaquin612: folds 
Uncalled bet ($1) returned to Quahrino
Quahrino collected $2.50 from pot
Quahrino: doesn't show hand 
*** SUMMARY ***
Total pot $2.50 | Rake $0 
Seat 1: coeeeelho folded before Flop (didn't bet)
Seat 2: Quahrino collected ($2.50)
Seat 3: kevpolley folded before Flop (didn't bet)
Seat 4: J0SHB0SH (button) folded before Flop (didn't bet)
Seat 5: kvcsszblcs (small blind) folded before Flop
Seat 6: joaquin612 (big blind) folded before Flop



PokerStars Hand #254594616453:  Hold'em No Limit ($0.50/$1.00 USD) - 2025/01/28 19:19:11 WET [2025/01/28 14:19:11 ET]
Table 'Arctica' 6-max Seat #5 is the button
Seat 1: coeeeelho ($125.62 in chips) 
Seat 2: Quahrino ($128.91 in chips) 
Seat 3: kevpolley ($67.49 in chips) 
Seat 4: J0SHB0SH ($105.85 in chips) 
Seat 5: kvcsszblcs ($171.03 in chips) 
Seat 6: joaquin612 ($100 in chips) 
joaquin612: posts small blind $0.50
coeeeelho: posts big blind $1
*** HOLE CARDS ***
Quahrino: folds 
kevpolley: folds 
J0SHB0SH: folds 
kvcsszblcs: folds 
joaquin612: folds 
Uncalled bet ($0.50) returned to coeeeelho
coeeeelho collected $1 from pot
*** SUMMARY ***
Total pot $1 | Rake $0 
Seat 1: coeeeelho (big blind) collected ($1)
Seat 2: Quahrino folded before Flop (didn't bet)
Seat 3: kevpolley folded before Flop (didn't bet)
Seat 4: J0SHB0SH folded before Flop (didn't bet)
Seat 5: kvcsszblcs (button) folded before Flop (didn't bet)
Seat 6: joaquin612 (small blind) folded before Flop



PokerStars Hand #254594621018:  Hold'em No Limit ($0.50/$1.00 USD) - 2025/01/28 19:19:23 WET [2025/01/28 14:19:23 ET]
Table 'Arctica' 6-max Seat #6 is the button
Seat 1: coeeeelho ($126.12 in chips) 
Seat 2: Quahrino ($128.91 in chips) 
Seat 3: kevpolley ($67.49 in chips) 
Seat 4: J0SHB0SH ($105.85 in chips) 
Seat 5: kvcsszblcs ($171.03 in chips) 
Seat 6: joaquin612 ($100 in chips) 
coeeeelho: posts small blind $0.50
Quahrino: posts big blind $1
*** HOLE CARDS ***
kevpolley: folds 
J0SHB0SH: folds 
kvcsszblcs: folds 
joaquin612: raises $1.50 to $2.50
coeeeelho: raises $8.72 to $11.22
Quahrino: folds 
joaquin612: calls $8.72
*** FLOP *** [Ks Jh Ts]
coeeeelho: bets $7.35
joaquin612: calls $7.35
*** TURN *** [Ks Jh Ts] [Ad]
coeeeelho: bets $11.96
joaquin612: folds 
Uncalled bet ($11.96) returned to coeeeelho
coeeeelho collected $36.23 from pot
*** SUMMARY ***
Total pot $38.14 | Rake $1.91 
Board [Ks Jh Ts Ad]
Seat 1: coeeeelho (small blind) collected ($36.23)
Seat 2: Quahrino (big blind) folded before Flop
Seat 3: kevpolley folded before Flop (didn't bet)
Seat 4: J0SHB0SH folded before Flop (didn't bet)
Seat 5: kvcsszblcs folded before Flop (didn't bet)
Seat 6: joaquin612 (button) folded on the Turn



PokerStars Hand #254594646228:  Hold'em No Limit ($0.50/$1.00 USD) - 2025/01/28 19:20:36 WET [2025/01/28 14:20:36 ET]
Table 'Arctica' 6-max Seat #1 is the button
Seat 1: coeeeelho ($143.78 in chips) 
Seat 2: Quahrino ($127.91 in chips) 
Seat 3: kevpolley ($67.49 in chips) 
Seat 4: J0SHB0SH ($105.85 in chips) 
Seat 5: kvcsszblcs ($171.03 in chips) 
Seat 6: joaquin612 ($100 in chips) 
Quahrino: posts small blind $0.50
kevpolley: posts big blind $1
*** HOLE CARDS ***
J0SHB0SH: raises $1 to $2
kvcsszblcs: folds 
joaquin612: folds 
coeeeelho: folds 
Quahrino: folds 
kevpolley: calls $1
*** FLOP *** [Qh Qc 4s]
kevpolley: checks 
J0SHB0SH: bets $1.41
kevpolley: calls $1.41
*** TURN *** [Qh Qc 4s] [8s]
kevpolley: checks 
J0SHB0SH: bets $4.59
kevpolley: folds 
Uncalled bet ($4.59) returned to J0SHB0SH
J0SHB0SH collected $6.95 from pot
J0SHB0SH: doesn't show hand 
*** SUMMARY ***
Total pot $7.32 | Rake $0.37 
Board [Qh Qc 4s 8s]
Seat 1: coeeeelho (button) folded before Flop (didn't bet)
Seat 2: Quahrino (small blind) folded before Flop
Seat 3: kevpolley (big blind) folded on the Turn
Seat 4: J0SHB0SH collected ($6.95)
Seat 5: kvcsszblcs folded before Flop (didn't bet)
Seat 6: joaquin612 folded before Flop (didn't bet)



PokerStars Hand #254594756470:  Hold'em No Limit ($0.50/$1.00 USD) - 2025/01/28 19:26:10 WET [2025/01/28 14:26:10 ET]
Table 'Arctica' 6-max Seat #1 is the button
Seat 6: pmeade1977 ($0 in chips) is sitting out
Seat 1: socito ($100 in chips) 
Seat 2: Quahrino ($118.41 in chips) 
Seat 3: kevpolley ($55.92 in chips) 
Seat 4: J0SHB0SH ($103.39 in chips) 
Seat 5: kvcsszblcs ($257.94 in chips) 
Quahrino: posts small blind $0.50
kevpolley: posts big blind $1
*** HOLE CARDS ***
J0SHB0SH: raises $1 to $2
kvcsszblcs: folds 
socito: folds 
Quahrino: raises $8 to $10
kevpolley: folds 
J0SHB0SH: folds 
Uncalled bet ($8) returned to Quahrino
Quahrino collected $5 from pot
Quahrino: doesn't show hand 
*** SUMMARY ***
Total pot $5 | Rake $0 
Seat 6: pmeade1977
Seat 1: socito (button) folded before Flop (didn't bet)
Seat 2: Quahrino (small blind) collected ($5)
Seat 3: kevpolley (big blind) folded before Flop
Seat 4: J0SHB0SH folded before Flop
Seat 5: kvcsszblcs folded before Flop (didn't bet)



PokerStars Hand #254594764197:  Hold'em No Limit ($0.50/$1.00 USD) - 2025/01/28 19:26:35 WET [2025/01/28 14:26:35 ET]
Table 'Arctica' 6-max Seat #2 is the button
Seat 6: pmeade1977 ($0 in chips) is sitting out
Seat 1: socito ($100 in chips) 
Seat 2: Quahrino ($121.41 in chips) 
Seat 3: kevpolley ($54.92 in chips) 
Seat 4: J0SHB0SH ($101.39 in chips) 
Seat 5: kvcsszblcs ($257.94 in chips) 
kevpolley: posts small blind $0.50
J0SHB0SH: posts big blind $1
*** HOLE CARDS ***
kvcsszblcs: folds 
socito: folds 
Quahrino: folds 
kevpolley: folds 
Uncalled bet ($0.50) returned to J0SHB0SH
J0SHB0SH collected $1 from pot
J0SHB0SH: doesn't show hand 
*** SUMMARY ***
Total pot $1 | Rake $0 
Seat 6: pmeade1977
Seat 1: socito folded before Flop (didn't bet)
Seat 2: Quahrino (button) folded before Flop (didn't bet)
Seat 3: kevpolley (small blind) folded before Flop
Seat 4: J0SHB0SH (big blind) collected ($1)
Seat 5: kvcsszblcs folded before Flop (didn't bet)



PokerStars Hand #254594766583:  Hold'em No Limit ($0.50/$1.00 USD) - 2025/01/28 19:26:42 WET [2025/01/28 14:26:42 ET]
Table 'Arctica' 6-max Seat #3 is the button
Seat 6: pmeade1977 ($0 in chips) is sitting out
Seat 1: socito ($100 in chips) 
Seat 2: Quahrino ($121.41 in chips) 
Seat 3: kevpolley ($54.42 in chips) 
Seat 4: J0SHB0SH ($101.89 in chips) 
Seat 5: kvcsszblcs ($257.94 in chips) 
J0SHB0SH: posts small blind $0.50
kvcsszblcs: posts big blind $1
*** HOLE CARDS ***
socito: folds 
Quahrino: folds 
kevpolley: folds 
J0SHB0SH: folds 
Uncalled bet ($0.50) returned to kvcsszblcs
kvcsszblcs collected $1 from pot
kvcsszblcs: doesn't show hand 
*** SUMMARY ***
Total pot $1 | Rake $0 
Seat 6: pmeade1977
Seat 1: socito folded before Flop (didn't bet)
Seat 2: Quahrino folded before Flop (didn't bet)
Seat 3: kevpolley (button) folded before Flop (didn't bet)
Seat 4: J0SHB0SH (small blind) folded before Flop
Seat 5: kvcsszblcs (big blind) collected ($1)



PokerStars Hand #254594769375:  Hold'em No Limit ($0.50/$1.00 USD) - 2025/01/28 19:26:51 WET [2025/01/28 14:26:51 ET]
Table 'Arctica' 6-max Seat #4 is the button
Seat 6: pmeade1977 ($0 in chips) is sitting out
Seat 1: socito ($100 in chips) 
Seat 2: Quahrino ($121.41 in chips) 
Seat 3: kevpolley ($54.42 in chips) 
Seat 4: J0SHB0SH ($101.39 in chips) 
Seat 5: kvcsszblcs ($258.44 in chips) 
kvcsszblcs: posts small blind $0.50
socito: posts big blind $1
*** HOLE CARDS ***
Quahrino: raises $1 to $2
kevpolley: folds 
J0SHB0SH: folds 
kvcsszblcs: folds 
socito: folds 
Uncalled bet ($1) returned to Quahrino
Quahrino collected $2.50 from pot
Quahrino: doesn't show hand 
*** SUMMARY ***
Total pot $2.50 | Rake $0 
Seat 6: pmeade1977
Seat 1: socito (big blind) folded before Flop
Seat 2: Quahrino collected ($2.50)
Seat 3: kevpolley folded before Flop (didn't bet)
Seat 4: J0SHB0SH (button) folded before Flop (didn't bet)
Seat 5: kvcsszblcs (small blind) folded before Flop



PokerStars Hand #254594776355:  Hold'em No Limit ($0.50/$1.00 USD) - 2025/01/28 19:27:13 WET [2025/01/28 14:27:13 ET]
Table 'Arctica' 6-max Seat #5 is the button
Seat 6: pmeade1977 ($0 in chips) is sitting out
Seat 1: socito ($100 in chips) 
Seat 2: Quahrino ($122.91 in chips) 
Seat 3: kevpolley ($54.42 in chips) 
Seat 4: J0SHB0SH ($101.39 in chips) 
Seat 5: kvcsszblcs ($257.94 in chips) 
socito: posts small blind $0.50
Quahrino: posts big blind $1
*** HOLE CARDS ***
kevpolley: folds 
J0SHB0SH: folds 
kvcsszblcs: folds 
socito: folds 
Uncalled bet ($0.50) returned to Quahrino
Quahrino collected $1 from pot
Quahrino: doesn't show hand 
*** SUMMARY ***
Total pot $1 | Rake $0 
Seat 6: pmeade1977
Seat 1: socito (small blind) folded before Flop
Seat 2: Quahrino (big blind) collected ($1)
Seat 3: kevpolley folded before Flop (didn't bet)
Seat 4: J0SHB0SH folded before Flop (didn't bet)
Seat 5: kvcsszblcs (button) folded before Flop (didn't bet)



PokerStars Hand #254594779801:  Hold'em No Limit ($0.50/$1.00 USD) - 2025/01/28 19:27:23 WET [2025/01/28 14:27:23 ET]
Table 'Arctica' 6-max Seat #1 is the button
Seat 6: pmeade1977 ($0 in chips) is sitting out
Seat 1: socito ($100 in chips) 
Seat 2: Quahrino ($123.41 in chips) 
Seat 3: kevpolley ($54.42 in chips) 
Seat 4: J0SHB0SH ($101.39 in chips) 
Seat 5: kvcsszblcs ($257.94 in chips) 
Quahrino: posts small blind $0.50
kevpolley: posts big blind $1
*** HOLE CARDS ***
J0SHB0SH: raises $1 to $2
kvcsszblcs: folds 
socito: raises $5 to $7
Quahrino: folds 
kevpolley: folds 
J0SHB0SH: folds 
Uncalled bet ($5) returned to socito
socito collected $5.50 from pot
socito: doesn't show hand 
*** SUMMARY ***
Total pot $5.50 | Rake $0 
Seat 6: pmeade1977
Seat 1: socito (button) collected ($5.50)
Seat 2: Quahrino (small blind) folded before Flop
Seat 3: kevpolley (big blind) folded before Flop
Seat 4: J0SHB0SH folded before Flop
Seat 5: kvcsszblcs folded before Flop (didn't bet)



PokerStars Hand #254594787427:  Hold'em No Limit ($0.50/$1.00 USD) - 2025/01/28 19:27:47 WET [2025/01/28 14:27:47 ET]
Table 'Arctica' 6-max Seat #2 is the button
Seat 6: pmeade1977 ($0 in chips) is sitting out
Seat 1: socito ($103.50 in chips) 
Seat 2: Quahrino ($122.91 in chips) 
Seat 3: kevpolley ($53.42 in chips) 
Seat 4: J0SHB0SH ($100 in chips) 
Seat 5: kvcsszblcs ($257.94 in chips) 
kevpolley: posts small blind $0.50
J0SHB0SH: posts big blind $1
*** HOLE CARDS ***
kvcsszblcs: folds 
socito: folds 
Quahrino: folds 
kevpolley: folds 
Uncalled bet ($0.50) returned to J0SHB0SH
J0SHB0SH collected $1 from pot
J0SHB0SH: doesn't show hand 
*** SUMMARY ***
Total pot $1 | Rake $0 
Seat 6: pmeade1977
Seat 1: socito folded before Flop (didn't bet)
Seat 2: Quahrino (button) folded before Flop (didn't bet)
Seat 3: kevpolley (small blind) folded before Flop
Seat 4: J0SHB0SH (big blind) collected ($1)
Seat 5: kvcsszblcs folded before Flop (didn't bet)



PokerStars Hand #254594793101:  Hold'em No Limit ($0.50/$1.00 USD) - 2025/01/28 19:28:04 WET [2025/01/28 14:28:04 ET]
Table 'Arctica' 6-max Seat #3 is the button
Seat 5: kvcsszblcs ($257.94 in chips) is sitting out
Seat 1: socito ($103.50 in chips) 
Seat 2: Quahrino ($122.91 in chips) 
Seat 3: kevpolley ($52.92 in chips) 
Seat 4: J0SHB0SH ($100.50 in chips) 
Seat 6: pmeade1977 ($67.31 in chips) 
J0SHB0SH: posts small blind $0.50
kvcsszblcs: is sitting out 
pmeade1977: posts big blind $1
*** HOLE CARDS ***
socito: raises $1.50 to $2.50
Quahrino: raises $5 to $7.50
kevpolley: folds 
J0SHB0SH: folds 
pmeade1977: folds 
socito: raises $12.50 to $20
Quahrino: folds 
Uncalled bet ($12.50) returned to socito
socito collected $16.50 from pot
socito: doesn't show hand 
*** SUMMARY ***
Total pot $16.50 | Rake $0 
Seat 5: kvcsszblcs
Seat 1: socito collected ($16.50)
Seat 2: Quahrino folded before Flop
Seat 3: kevpolley (button) folded before Flop (didn't bet)
Seat 4: J0SHB0SH (small blind) folded before Flop
Seat 6: pmeade1977 (big blind) folded before Flop



PokerStars Hand #254594808911:  Hold'em No Limit ($0.50/$1.00 USD) - 2025/01/28 19:28:53 WET [2025/01/28 14:28:53 ET]
Table 'Arctica' 6-max Seat #4 is the button
Seat 5: kvcsszblcs ($257.94 in chips) is sitting out
Seat 1: socito ($112.50 in chips) 
Seat 2: Quahrino ($115.41 in chips) 
Seat 3: kevpolley ($52.92 in chips) 
Seat 4: J0SHB0SH ($100 in chips) 
Seat 6: pmeade1977 ($66.31 in chips) 
pmeade1977: posts small blind $0.50
socito: posts big blind $1
*** HOLE CARDS ***
Quahrino: folds 
kevpolley: folds 
J0SHB0SH: raises $1.50 to $2.50
pmeade1977: raises $5.50 to $8
socito: folds 
J0SHB0SH: folds 
Uncalled bet ($5.50) returned to pmeade1977
pmeade1977 collected $6 from pot
*** SUMMARY ***
Total pot $6 | Rake $0 
Seat 5: kvcsszblcs
Seat 1: socito (big blind) folded before Flop
Seat 2: Quahrino folded before Flop (didn't bet)
Seat 3: kevpolley folded before Flop (didn't bet)
Seat 4: J0SHB0SH (button) folded before Flop
Seat 6: pmeade1977 (small blind) collected ($6)



PokerStars Hand #254594817301:  Hold'em No Limit ($0.50/$1.00 USD) - 2025/01/28 19:29:19 WET [2025/01/28 14:29:19 ET]
Table 'Arctica' 6-max Seat #6 is the button
Seat 5: kvcsszblcs ($257.94 in chips) is sitting out
Seat 1: socito ($111.50 in chips) 
Seat 2: Quahrino ($115.41 in chips) 
Seat 3: kevpolley ($52.92 in chips) 
Seat 4: J0SHB0SH ($100 in chips) 
Seat 6: pmeade1977 ($69.81 in chips) 
socito: posts small blind $0.50
Quahrino: posts big blind $1
*** HOLE CARDS ***
kevpolley: raises $2 to $3
J0SHB0SH: folds 
pmeade1977: calls $3
socito: folds 
Quahrino: folds 
*** FLOP *** [3c 4c Qc]
kevpolley: checks 
pmeade1977: bets $7.12
kevpolley: raises $42.80 to $49.92 and is all-in
pmeade1977: folds 
Uncalled bet ($42.80) returned to kevpolley
kevpolley collected $20.65 from pot
*** SUMMARY ***
Total pot $21.74 | Rake $1.09 
Board [3c 4c Qc]
Seat 5: kvcsszblcs
Seat 1: socito (small blind) folded before Flop
Seat 2: Quahrino (big blind) folded before Flop
Seat 3: kevpolley collected ($20.65)
Seat 4: J0SHB0SH folded before Flop (didn't bet)
Seat 6: pmeade1977 (button) folded on the Flop



PokerStars Hand #254594828981:  Hold'em No Limit ($0.50/$1.00 USD) - 2025/01/28 19:29:56 WET [2025/01/28 14:29:56 ET]
Table 'Arctica' 6-max Seat #1 is the button
Seat 5: kvcsszblcs ($257.94 in chips) is sitting out
Seat 1: socito ($111 in chips) 
Seat 2: Quahrino ($114.41 in chips) 
Seat 3: kevpolley ($63.45 in chips) 
Seat 4: J0SHB0SH ($100 in chips) 
Seat 6: pmeade1977 ($59.69 in chips) 
Quahrino: posts small blind $0.50
kevpolley: posts big blind $1
*** HOLE CARDS ***
J0SHB0SH: folds 
pmeade1977: folds 
socito: folds 
Quahrino: folds 
Uncalled bet ($0.50) returned to kevpolley
kevpolley collected $1 from pot
*** SUMMARY ***
Total pot $1 | Rake $0 
Seat 5: kvcsszblcs
Seat 1: socito (button) folded before Flop (didn't bet)
Seat 2: Quahrino (small blind) folded before Flop
Seat 3: kevpolley (big blind) collected ($1)
Seat 4: J0SHB0SH folded before Flop (didn't bet)
Seat 6: pmeade1977 folded before Flop (didn't bet)



PokerStars Hand #254594833590:  Hold'em No Limit ($0.50/$1.00 USD) - 2025/01/28 19:30:09 WET [2025/01/28 14:30:09 ET]
Table 'Arctica' 6-max Seat #2 is the button
Seat 5: kvcsszblcs ($257.94 in chips) is sitting out
Seat 1: socito ($111 in chips) 
Seat 2: Quahrino ($113.91 in chips) 
Seat 3: kevpolley ($63.95 in chips) 
Seat 4: J0SHB0SH ($100 in chips) 
Seat 6: pmeade1977 ($59.69 in chips) 
kevpolley: posts small blind $0.50
J0SHB0SH: posts big blind $1
*** HOLE CARDS ***
pmeade1977: folds 
socito: folds 
Quahrino: raises $1.50 to $2.50
kevpolley: calls $2
J0SHB0SH: calls $1.50
*** FLOP *** [Td 7d 3h]
kevpolley: checks 
J0SHB0SH: checks 
Quahrino: checks 
*** TURN *** [Td 7d 3h] [4d]
kevpolley: checks 
J0SHB0SH: checks 
Quahrino: bets $3.56
kevpolley: calls $3.56
J0SHB0SH: folds 
*** RIVER *** [Td 7d 3h 4d] [8d]
kevpolley: checks 
Quahrino: bets $9.42
kevpolley: raises $9.42 to $18.84
Quahrino: folds 
Uncalled bet ($9.42) returned to kevpolley
kevpolley collected $31.79 from pot
*** SUMMARY ***
Total pot $33.46 | Rake $1.67 
Board [Td 7d 3h 4d 8d]
Seat 5: kvcsszblcs
Seat 1: socito folded before Flop (didn't bet)
Seat 2: Quahrino (button) folded on the River
Seat 3: kevpolley (small blind) collected ($31.79)
Seat 4: J0SHB0SH (big blind) folded on the Turn
Seat 6: pmeade1977 folded before Flop (didn't bet)



PokerStars Hand #254594863732:  Hold'em No Limit ($0.50/$1.00 USD) - 2025/01/28 19:31:40 WET [2025/01/28 14:31:40 ET]
Table 'Arctica' 6-max Seat #3 is the button
Seat 1: socito ($111 in chips) 
Seat 2: Quahrino ($100 in chips) 
Seat 3: kevpolley ($80.26 in chips) 
Seat 4: J0SHB0SH ($100 in chips) 
Seat 5: kvcsszblcs ($257.94 in chips) 
Seat 6: pmeade1977 ($59.69 in chips) 
J0SHB0SH: posts small blind $0.50
kvcsszblcs: posts big blind $1
*** HOLE CARDS ***
pmeade1977: calls $1
socito: raises $2.50 to $3.50
Quahrino: folds 
kevpolley: calls $3.50
J0SHB0SH: folds 
kvcsszblcs: folds 
pmeade1977: calls $2.50
*** FLOP *** [2h 9s 4h]
pmeade1977: bets $3
socito: calls $3
kevpolley: folds 
*** TURN *** [2h 9s 4h] [7c]
pmeade1977: bets $4
socito: calls $4
*** RIVER *** [2h 9s 4h 7c] [Ah]
pmeade1977: bets $9
socito: calls $9
*** SHOW DOWN ***
pmeade1977: shows [5d 5h] (a pair of Fives)
socito: shows [5c 5s] (a pair of Fives)
pmeade1977 collected $20.90 from pot
socito collected $20.90 from pot
*** SUMMARY ***
Total pot $44 | Rake $2.20 
Board [2h 9s 4h 7c Ah]
Seat 1: socito showed [5c 5s] and won ($20.90) with a pair of Fives
Seat 2: Quahrino folded before Flop (didn't bet)
Seat 3: kevpolley (button) folded on the Flop
Seat 4: J0SHB0SH (small blind) folded before Flop
Seat 5: kvcsszblcs (big blind) folded before Flop
Seat 6: pmeade1977 showed [5d 5h] and won ($20.90) with a pair of Fives



PokerStars Hand #254594896537:  Hold'em No Limit ($0.50/$1.00 USD) - 2025/01/28 19:33:19 WET [2025/01/28 14:33:19 ET]
Table 'Arctica' 6-max Seat #4 is the button
Seat 1: socito ($112.40 in chips) 
Seat 2: Quahrino ($100 in chips) 
Seat 3: kevpolley ($76.76 in chips) 
Seat 4: J0SHB0SH ($100 in chips) 
Seat 5: kvcsszblcs ($256.94 in chips) 
Seat 6: pmeade1977 ($61.09 in chips) 
kvcsszblcs: posts small blind $0.50
pmeade1977: posts big blind $1
*** HOLE CARDS ***
socito: folds 
Quahrino: folds 
kevpolley: folds 
J0SHB0SH: raises $1.50 to $2.50
kvcsszblcs: folds 
pmeade1977: calls $1.50
*** FLOP *** [4d 5h 2c]
pmeade1977: checks 
J0SHB0SH: checks 
*** TURN *** [4d 5h 2c] [Qc]
pmeade1977: checks 
J0SHB0SH: bets $3.92
pmeade1977: folds 
Uncalled bet ($3.92) returned to J0SHB0SH
J0SHB0SH collected $5.22 from pot
J0SHB0SH: doesn't show hand 
*** SUMMARY ***
Total pot $5.50 | Rake $0.28 
Board [4d 5h 2c Qc]
Seat 1: socito folded before Flop (didn't bet)
Seat 2: Quahrino folded before Flop (didn't bet)
Seat 3: kevpolley folded before Flop (didn't bet)
Seat 4: J0SHB0SH (button) collected ($5.22)
Seat 5: kvcsszblcs (small blind) folded before Flop
Seat 6: pmeade1977 (big blind) folded on the Turn



PokerStars Hand #254594907009:  Hold'em No Limit ($0.50/$1.00 USD) - 2025/01/28 19:33:50 WET [2025/01/28 14:33:50 ET]
Table 'Arctica' 6-max Seat #5 is the button
Seat 1: socito ($112.40 in chips) 
Seat 2: Quahrino ($100 in chips) 
Seat 3: kevpolley ($76.76 in chips) 
Seat 4: J0SHB0SH ($102.72 in chips) 
Seat 5: kvcsszblcs ($256.44 in chips) 
Seat 6: pmeade1977 ($58.59 in chips) 
pmeade1977: posts small blind $0.50
socito: posts big blind $1
*** HOLE CARDS ***
Quahrino: folds 
kevpolley: folds 
J0SHB0SH: raises $1.50 to $2.50
kvcsszblcs: folds 
pmeade1977: raises $6.50 to $9
socito: folds 
J0SHB0SH: folds 
Uncalled bet ($6.50) returned to pmeade1977
pmeade1977 collected $6 from pot
*** SUMMARY ***
Total pot $6 | Rake $0 
Seat 1: socito (big blind) folded before Flop
Seat 2: Quahrino folded before Flop (didn't bet)
Seat 3: kevpolley folded before Flop (didn't bet)
Seat 4: J0SHB0SH folded before Flop
Seat 5: kvcsszblcs (button) folded before Flop (didn't bet)
Seat 6: pmeade1977 (small blind) collected ($6)



PokerStars Hand #254594915285:  Hold'em No Limit ($0.50/$1.00 USD) - 2025/01/28 19:34:15 WET [2025/01/28 14:34:15 ET]
Table 'Arctica' 6-max Seat #6 is the button
Seat 1: socito ($111.40 in chips) 
Seat 2: Quahrino ($100 in chips) 
Seat 3: kevpolley ($76.76 in chips) 
Seat 4: J0SHB0SH ($100.22 in chips) 
Seat 5: kvcsszblcs ($256.44 in chips) 
Seat 6: pmeade1977 ($62.09 in chips) 
socito: posts small blind $0.50
Quahrino: posts big blind $1
*** HOLE CARDS ***
kevpolley: folds 
J0SHB0SH: raises $1 to $2
kvcsszblcs: folds 
pmeade1977: folds 
socito: folds 
Quahrino: calls $1
*** FLOP *** [As Ts Qh]
Quahrino: checks 
J0SHB0SH: bets $1.41
Quahrino: folds 
Uncalled bet ($1.41) returned to J0SHB0SH
J0SHB0SH collected $4.28 from pot
J0SHB0SH: doesn't show hand 
*** SUMMARY ***
Total pot $4.50 | Rake $0.22 
Board [As Ts Qh]
Seat 1: socito (small blind) folded before Flop
Seat 2: Quahrino (big blind) folded on the Flop
Seat 3: kevpolley folded before Flop (didn't bet)
Seat 4: J0SHB0SH collected ($4.28)
Seat 5: kvcsszblcs folded before Flop (didn't bet)
Seat 6: pmeade1977 (button) folded before Flop (didn't bet)



PokerStars Hand #254594927797:  Hold'em No Limit ($0.50/$1.00 USD) - 2025/01/28 19:34:54 WET [2025/01/28 14:34:54 ET]
Table 'Arctica' 6-max Seat #1 is the button
Seat 1: socito ($110.90 in chips) 
Seat 2: Quahrino ($100 in chips) 
Seat 3: kevpolley ($76.76 in chips) 
Seat 4: J0SHB0SH ($102.50 in chips) 
Seat 5: kvcsszblcs ($256.44 in chips) 
Seat 6: pmeade1977 ($62.09 in chips) 
Quahrino: posts small blind $0.50
kevpolley: posts big blind $1
*** HOLE CARDS ***
J0SHB0SH: raises $1 to $2
kvcsszblcs: folds 
pmeade1977: calls $2
socito: folds 
Quahrino: folds 
kevpolley: calls $1
*** FLOP *** [Jd 4h 8h]
kevpolley: checks 
J0SHB0SH: checks 
pmeade1977: bets $6.18
kevpolley: folds 
J0SHB0SH: folds 
Uncalled bet ($6.18) returned to pmeade1977
pmeade1977 collected $6.18 from pot
*** SUMMARY ***
Total pot $6.50 | Rake $0.32 
Board [Jd 4h 8h]
Seat 1: socito (button) folded before Flop (didn't bet)
Seat 2: Quahrino (small blind) folded before Flop
Seat 3: kevpolley (big blind) folded on the Flop
Seat 4: J0SHB0SH folded on the Flop
Seat 5: kvcsszblcs folded before Flop (didn't bet)
Seat 6: pmeade1977 collected ($6.18)



PokerStars Hand #254594944776:  Hold'em No Limit ($0.50/$1.00 USD) - 2025/01/28 19:35:45 WET [2025/01/28 14:35:45 ET]
Table 'Arctica' 6-max Seat #2 is the button
Seat 4: J0SHB0SH ($100.50 in chips) is sitting out
Seat 1: socito ($110.90 in chips) 
Seat 2: Quahrino ($100 in chips) 
Seat 3: kevpolley ($74.76 in chips) 
Seat 5: kvcsszblcs ($256.44 in chips) 
Seat 6: pmeade1977 ($66.27 in chips) 
kevpolley: posts small blind $0.50
kvcsszblcs: posts big blind $1
*** HOLE CARDS ***
pmeade1977: folds 
socito: folds 
Quahrino: raises $1.50 to $2.50
kevpolley: folds 
kvcsszblcs: raises $9.50 to $12
Quahrino: raises $13 to $25
kvcsszblcs: raises $231.44 to $256.44 and is all-in
Quahrino: folds 
Uncalled bet ($231.44) returned to kvcsszblcs
kvcsszblcs collected $50.50 from pot
kvcsszblcs: doesn't show hand 
*** SUMMARY ***
Total pot $50.50 | Rake $0 
Seat 4: J0SHB0SH
Seat 1: socito folded before Flop (didn't bet)
Seat 2: Quahrino (button) folded before Flop
Seat 3: kevpolley (small blind) folded before Flop
Seat 5: kvcsszblcs (big blind) collected ($50.50)
Seat 6: pmeade1977 folded before Flop (didn't bet)



PokerStars Hand #254594957484:  Hold'em No Limit ($0.50/$1.00 USD) - 2025/01/28 19:36:23 WET [2025/01/28 14:36:23 ET]
Table 'Arctica' 6-max Seat #3 is the button
Seat 4: J0SHB0SH ($100.50 in chips) is sitting out
Seat 1: socito ($110.90 in chips) 
Seat 2: Quahrino ($100 in chips) 
Seat 3: kevpolley ($74.26 in chips) 
Seat 5: kvcsszblcs ($281.94 in chips) 
Seat 6: pmeade1977 ($66.27 in chips) 
kvcsszblcs: posts small blind $0.50
pmeade1977: posts big blind $1
*** HOLE CARDS ***
socito: folds 
Quahrino: folds 
kevpolley: folds 
kvcsszblcs: folds 
Uncalled bet ($0.50) returned to pmeade1977
pmeade1977 collected $1 from pot
*** SUMMARY ***
Total pot $1 | Rake $0 
Seat 4: J0SHB0SH
Seat 1: socito folded before Flop (didn't bet)
Seat 2: Quahrino folded before Flop (didn't bet)
Seat 3: kevpolley (button) folded before Flop (didn't bet)
Seat 5: kvcsszblcs (small blind) folded before Flop
Seat 6: pmeade1977 (big blind) collected ($1)



PokerStars Hand #254594962139:  Hold'em No Limit ($0.50/$1.00 USD) - 2025/01/28 19:36:37 WET [2025/01/28 14:36:37 ET]
Table 'Arctica' 6-max Seat #5 is the button
Seat 4: J0SHB0SH ($100.50 in chips) is sitting out
Seat 1: socito ($110.90 in chips) 
Seat 2: Quahrino ($100 in chips) 
Seat 3: kevpolley ($74.26 in chips) 
Seat 5: kvcsszblcs ($281.44 in chips) 
Seat 6: pmeade1977 ($66.77 in chips) 
pmeade1977: posts small blind $0.50
socito: posts big blind $1
*** HOLE CARDS ***
Quahrino: folds 
kevpolley: folds 
kvcsszblcs: raises $1.25 to $2.25
pmeade1977: calls $1.75
socito: calls $1.25
*** FLOP *** [7s 9c 2d]
pmeade1977: bets $3
socito: folds 
kvcsszblcs: folds 
Uncalled bet ($3) returned to pmeade1977
pmeade1977 collected $6.41 from pot
*** SUMMARY ***
Total pot $6.75 | Rake $0.34 
Board [7s 9c 2d]
Seat 4: J0SHB0SH
Seat 1: socito (big blind) folded on the Flop
Seat 2: Quahrino folded before Flop (didn't bet)
Seat 3: kevpolley folded before Flop (didn't bet)
Seat 5: kvcsszblcs (button) folded on the Flop
Seat 6: pmeade1977 (small blind) collected ($6.41)



PokerStars Hand #254594977648:  Hold'em No Limit ($0.50/$1.00 USD) - 2025/01/28 19:37:25 WET [2025/01/28 14:37:25 ET]
Table 'Arctica' 6-max Seat #6 is the button
Seat 4: J0SHB0SH ($100.50 in chips) is sitting out
Seat 1: socito ($108.65 in chips) 
Seat 2: Quahrino ($100 in chips) 
Seat 3: kevpolley ($74.26 in chips) 
Seat 5: kvcsszblcs ($279.19 in chips) 
Seat 6: pmeade1977 ($70.93 in chips) 
socito: posts small blind $0.50
Quahrino: posts big blind $1
*** HOLE CARDS ***
kevpolley: folds 
kvcsszblcs: raises $1 to $2
pmeade1977: calls $2
socito: folds 
Quahrino: calls $1
*** FLOP *** [6c As 2d]
Quahrino: checks 
kvcsszblcs: checks 
pmeade1977: bets $3
Quahrino: folds 
kvcsszblcs: raises $7.59 to $10.59
pmeade1977: folds 
Uncalled bet ($7.59) returned to kvcsszblcs
kvcsszblcs collected $11.88 from pot
kvcsszblcs: doesn't show hand 
*** SUMMARY ***
Total pot $12.50 | Rake $0.62 
Board [6c As 2d]
Seat 4: J0SHB0SH
Seat 1: socito (small blind) folded before Flop
Seat 2: Quahrino (big blind) folded on the Flop
Seat 3: kevpolley folded before Flop (didn't bet)
Seat 5: kvcsszblcs collected ($11.88)
Seat 6: pmeade1977 (button) folded on the Flop



PokerStars Hand #254594997743:  Hold'em No Limit ($0.50/$1.00 USD) - 2025/01/28 19:38:26 WET [2025/01/28 14:38:26 ET]
Table 'Arctica' 6-max Seat #1 is the button
Seat 4: J0SHB0SH ($100.50 in chips) is sitting out
Seat 1: socito ($108.15 in chips) 
Seat 2: Quahrino ($100 in chips) 
Seat 3: kevpolley ($74.26 in chips) 
Seat 5: kvcsszblcs ($286.07 in chips) 
Seat 6: pmeade1977 ($65.93 in chips) 
Quahrino: posts small blind $0.50
kevpolley: posts big blind $1
*** HOLE CARDS ***
kvcsszblcs: folds 
pmeade1977: folds 
socito: folds 
Quahrino: raises $2 to $3
kevpolley: calls $2
*** FLOP *** [2d 4d Ah]
Quahrino: checks 
kevpolley: checks 
*** TURN *** [2d 4d Ah] [2c]
J0SHB0SH leaves the table
Quahrino: checks 
kevpolley: checks 
*** RIVER *** [2d 4d Ah 2c] [Th]
Quahrino: checks 
kevpolley: checks 
*** SHOW DOWN ***
Quahrino: shows [Kc Qd] (a pair of Deuces)
kevpolley: shows [Td 9c] (two pair, Tens and Deuces)
kevpolley collected $5.70 from pot
*** SUMMARY ***
Total pot $6 | Rake $0.30 
Board [2d 4d Ah 2c Th]
Seat 4: J0SHB0SH
Seat 1: socito (button) folded before Flop (didn't bet)
Seat 2: Quahrino (small blind) showed [Kc Qd] and lost with a pair of Deuces
Seat 3: kevpolley (big blind) showed [Td 9c] and won ($5.70) with two pair, Tens and Deuces
Seat 5: kvcsszblcs folded before Flop (didn't bet)
Seat 6: pmeade1977 folded before Flop (didn't bet)



PokerStars Hand #254595010868:  Hold'em No Limit ($0.50/$1.00 USD) - 2025/01/28 19:39:06 WET [2025/01/28 14:39:06 ET]
Table 'Arctica' 6-max Seat #2 is the button
Seat 1: socito ($108.15 in chips) 
Seat 2: Quahrino ($100 in chips) 
Seat 3: kevpolley ($76.96 in chips) 
Seat 5: kvcsszblcs ($286.07 in chips) 
Seat 6: pmeade1977 ($65.93 in chips) 
kevpolley: posts small blind $0.50
kvcsszblcs: posts big blind $1
*** HOLE CARDS ***
pmeade1977: folds 
socito: raises $1.50 to $2.50
Quahrino: folds 
kevpolley: calls $2
Joe_Li7 joins the table at seat #4 
kvcsszblcs: calls $1.50
*** FLOP *** [8h 2c Tc]
kevpolley: checks 
kvcsszblcs: checks 
socito: checks 
*** TURN *** [8h 2c Tc] [Jh]
kevpolley: bets $3.56
kvcsszblcs: calls $3.56
socito: folds 
*** RIVER *** [8h 2c Tc Jh] [Jd]
kevpolley: checks 
kvcsszblcs: bets $15.28
kevpolley: calls $15.28
*** SHOW DOWN ***
kvcsszblcs: shows [7h 5h] (a pair of Jacks)
kevpolley: shows [Ts 9h] (two pair, Jacks and Tens)
kevpolley collected $42.92 from pot
*** SUMMARY ***
Total pot $45.18 | Rake $2.26 
Board [8h 2c Tc Jh Jd]
Seat 1: socito folded on the Turn
Seat 2: Quahrino (button) folded before Flop (didn't bet)
Seat 3: kevpolley (small blind) showed [Ts 9h] and won ($42.92) with two pair, Jacks and Tens
Seat 5: kvcsszblcs (big blind) showed [7h 5h] and lost with a pair of Jacks
Seat 6: pmeade1977 folded before Flop (didn't bet)



PokerStars Hand #254595048482:  Hold'em No Limit ($0.50/$1.00 USD) - 2025/01/28 19:41:03 WET [2025/01/28 14:41:03 ET]
Table 'Arctica' 6-max Seat #3 is the button
Seat 4: Joe_Li7 ($146.22 in chips) is sitting out
Seat 1: socito ($105.65 in chips) 
Seat 2: Quahrino ($100 in chips) 
Seat 3: kevpolley ($98.54 in chips) 
Seat 5: kvcsszblcs ($264.73 in chips) 
Seat 6: pmeade1977 ($65.93 in chips) 
kvcsszblcs: posts small blind $0.50
pmeade1977: posts big blind $1
*** HOLE CARDS ***
socito: raises $1.50 to $2.50
Quahrino: folds 
kevpolley: folds 
kvcsszblcs: folds 
pmeade1977: raises $6.50 to $9
socito: folds 
Uncalled bet ($6.50) returned to pmeade1977
pmeade1977 collected $5.50 from pot
*** SUMMARY ***
Total pot $5.50 | Rake $0 
Seat 4: Joe_Li7
Seat 1: socito folded before Flop
Seat 2: Quahrino folded before Flop (didn't bet)
Seat 3: kevpolley (button) folded before Flop (didn't bet)
Seat 5: kvcsszblcs (small blind) folded before Flop
Seat 6: pmeade1977 (big blind) collected ($5.50)



PokerStars Hand #254595058626:  Hold'em No Limit ($0.50/$1.00 USD) - 2025/01/28 19:41:35 WET [2025/01/28 14:41:35 ET]
Table 'Arctica' 6-max Seat #5 is the button
Seat 4: Joe_Li7 ($146.22 in chips) is sitting out
Seat 1: socito ($103.15 in chips) 
Seat 2: Quahrino ($100 in chips) 
Seat 3: kevpolley ($98.54 in chips) 
Seat 5: kvcsszblcs ($264.23 in chips) 
Seat 6: pmeade1977 ($68.93 in chips) 
pmeade1977: posts small blind $0.50
socito: posts big blind $1
Joe_Li7: sits out 
*** HOLE CARDS ***
Quahrino: folds 
kevpolley: folds 
kvcsszblcs: folds 
pmeade1977: raises $1 to $2
socito: folds 
Uncalled bet ($1) returned to pmeade1977
pmeade1977 collected $2 from pot
*** SUMMARY ***
Total pot $2 | Rake $0 
Seat 4: Joe_Li7
Seat 1: socito (big blind) folded before Flop
Seat 2: Quahrino folded before Flop (didn't bet)
Seat 3: kevpolley folded before Flop (didn't bet)
Seat 5: kvcsszblcs (button) folded before Flop (didn't bet)
Seat 6: pmeade1977 (small blind) collected ($2)



PokerStars Hand #254595064528:  Hold'em No Limit ($0.50/$1.00 USD) - 2025/01/28 19:41:54 WET [2025/01/28 14:41:54 ET]
Table 'Arctica' 6-max Seat #6 is the button
Seat 4: Joe_Li7 ($146.22 in chips) is sitting out
Seat 1: socito ($102.15 in chips) 
Seat 2: Quahrino ($100 in chips) 
Seat 3: kevpolley ($98.54 in chips) 
Seat 5: kvcsszblcs ($264.23 in chips) 
Seat 6: pmeade1977 ($69.93 in chips) 
socito: posts small blind $0.50
Quahrino: posts big blind $1
Joe_Li7: sits out 
*** HOLE CARDS ***
kevpolley: folds 
kvcsszblcs: folds 
pmeade1977: raises $3 to $4
socito: folds 
Quahrino: folds 
Uncalled bet ($3) returned to pmeade1977
pmeade1977 collected $2.50 from pot
*** SUMMARY ***
Total pot $2.50 | Rake $0 
Seat 4: Joe_Li7
Seat 1: socito (small blind) folded before Flop
Seat 2: Quahrino (big blind) folded before Flop
Seat 3: kevpolley folded before Flop (didn't bet)
Seat 5: kvcsszblcs folded before Flop (didn't bet)
Seat 6: pmeade1977 (button) collected ($2.50)



PokerStars Hand #254595069285:  Hold'em No Limit ($0.50/$1.00 USD) - 2025/01/28 19:42:09 WET [2025/01/28 14:42:09 ET]
Table 'Arctica' 6-max Seat #1 is the button
Seat 4: Joe_Li7 ($146.22 in chips) is sitting out
Seat 1: socito ($101.65 in chips) 
Seat 2: Quahrino ($100 in chips) 
Seat 3: kevpolley ($98.54 in chips) 
Seat 5: kvcsszblcs ($264.23 in chips) 
Seat 6: pmeade1977 ($71.43 in chips) 
Quahrino: posts small blind $0.50
kevpolley: posts big blind $1
Joe_Li7: sits out 
*** HOLE CARDS ***
kvcsszblcs: folds 
pmeade1977: folds 
socito: raises $1.50 to $2.50
Quahrino: folds 
kevpolley: calls $1.50
*** FLOP *** [Qs 6d 8s]
kevpolley: checks 
socito: bets $1.72
kevpolley: folds 
Uncalled bet ($1.72) returned to socito
socito collected $5.22 from pot
socito: doesn't show hand 
*** SUMMARY ***
Total pot $5.50 | Rake $0.28 
Board [Qs 6d 8s]
Seat 4: Joe_Li7
Seat 1: socito (button) collected ($5.22)
Seat 2: Quahrino (small blind) folded before Flop
Seat 3: kevpolley (big blind) folded on the Flop
Seat 5: kvcsszblcs folded before Flop (didn't bet)
Seat 6: pmeade1977 folded before Flop (didn't bet)



PokerStars Hand #254594663036:  Hold'em No Limit ($0.50/$1.00 USD) - 2025/01/28 19:21:25 WET [2025/01/28 14:21:25 ET]
Table 'Arctica' 6-max Seat #2 is the button
Seat 1: coeeeelho ($143.78 in chips) 
Seat 2: Quahrino ($127.41 in chips) 
Seat 3: kevpolley ($64.08 in chips) 
Seat 4: J0SHB0SH ($109.39 in chips) 
Seat 5: kvcsszblcs ($171.03 in chips) 
Seat 6: joaquin612 ($100 in chips) 
kevpolley: posts small blind $0.50
J0SHB0SH: posts big blind $1
*** HOLE CARDS ***
kvcsszblcs: raises $1 to $2
joaquin612: folds 
coeeeelho: folds 
Quahrino: calls $2
coeeeelho leaves the table
kevpolley: calls $1.50
J0SHB0SH: folds 
*** FLOP *** [2h 9h 9s]
kevpolley: checks 
kvcsszblcs: checks 
Quahrino: bets $1.66
joaquin612 leaves the table
kevpolley: calls $1.66
kvcsszblcs: raises $5.34 to $7
Quahrino: calls $5.34
kevpolley: folds 
*** TURN *** [2h 9h 9s] [Ah]
kvcsszblcs: checks 
socito joins the table at seat #1 
Quahrino: checks 
*** RIVER *** [2h 9h 9s Ah] [4h]
pmeade1977 joins the table at seat #6 
pmeade1977 is disconnected 
kvcsszblcs: checks 
Quahrino: checks 
*** SHOW DOWN ***
kvcsszblcs: shows [Ad Tc] (two pair, Aces and Nines)
Quahrino: mucks hand 
kvcsszblcs collected $21.53 from pot
*** SUMMARY ***
Total pot $22.66 | Rake $1.13 
Board [2h 9h 9s Ah 4h]
Seat 1: coeeeelho folded before Flop (didn't bet)
Seat 2: Quahrino (button) mucked
Seat 3: kevpolley (small blind) folded on the Flop
Seat 4: J0SHB0SH (big blind) folded before Flop
Seat 5: kvcsszblcs showed [Ad Tc] and won ($21.53) with two pair, Aces and Nines
Seat 6: joaquin612 folded before Flop (didn't bet)



PokerStars Hand #254594699779:  Hold'em No Limit ($0.50/$1.00 USD) - 2025/01/28 19:23:16 WET [2025/01/28 14:23:16 ET]
Table 'Arctica' 6-max Seat #3 is the button
Seat 1: socito ($100 in chips) is sitting out
Seat 2: Quahrino ($118.41 in chips) 
Seat 3: kevpolley ($60.42 in chips) 
Seat 4: J0SHB0SH ($108.39 in chips) 
Seat 5: kvcsszblcs ($183.56 in chips) 
Seat 6: pmeade1977 ($67.35 in chips) 
J0SHB0SH: posts small blind $0.50
kvcsszblcs: posts big blind $1
pmeade1977: posts big blind $1
socito: sits out 
*** HOLE CARDS ***
pmeade1977: checks 
Quahrino: folds 
kevpolley: folds 
J0SHB0SH: raises $4 to $5
kvcsszblcs: calls $4
pmeade1977: folds 
*** FLOP *** [9h Kd 8c]
J0SHB0SH: checks 
kvcsszblcs: checks 
*** TURN *** [9h Kd 8c] [As]
J0SHB0SH: checks 
kvcsszblcs: bets $10.50
J0SHB0SH: folds 
Uncalled bet ($10.50) returned to kvcsszblcs
kvcsszblcs collected $10.45 from pot
kvcsszblcs: doesn't show hand 
*** SUMMARY ***
Total pot $11 | Rake $0.55 
Board [9h Kd 8c As]
Seat 1: socito
Seat 2: Quahrino folded before Flop (didn't bet)
Seat 3: kevpolley (button) folded before Flop (didn't bet)
Seat 4: J0SHB0SH (small blind) folded on the Turn
Seat 5: kvcsszblcs (big blind) collected ($10.45)
Seat 6: pmeade1977 folded before Flop (didn't bet)



PokerStars Hand #254594718843:  Hold'em No Limit ($0.50/$1.00 USD) - 2025/01/28 19:24:14 WET [2025/01/28 14:24:14 ET]
Table 'Arctica' 6-max Seat #4 is the button
Seat 1: socito ($100 in chips) is sitting out
Seat 2: Quahrino ($118.41 in chips) 
Seat 3: kevpolley ($60.42 in chips) 
Seat 4: J0SHB0SH ($103.39 in chips) 
Seat 5: kvcsszblcs ($189.01 in chips) 
Seat 6: pmeade1977 ($66.35 in chips) 
kvcsszblcs: posts small blind $0.50
pmeade1977: posts big blind $1
socito: sits out 
*** HOLE CARDS ***
Quahrino: folds 
kevpolley: folds 
J0SHB0SH: folds 
kvcsszblcs: raises $1.85 to $2.85
pmeade1977: calls $1.85
*** FLOP *** [Jd 6c Ah]
kvcsszblcs: bets $1.36
pmeade1977: raises $3.64 to $5
kvcsszblcs: folds 
Uncalled bet ($3.64) returned to pmeade1977
pmeade1977 collected $8 from pot
*** SUMMARY ***
Total pot $8.42 | Rake $0.42 
Board [Jd 6c Ah]
Seat 1: socito
Seat 2: Quahrino folded before Flop (didn't bet)
Seat 3: kevpolley folded before Flop (didn't bet)
Seat 4: J0SHB0SH (button) folded before Flop (didn't bet)
Seat 5: kvcsszblcs (small blind) folded on the Flop
Seat 6: pmeade1977 (big blind) collected ($8)



PokerStars Hand #254594727007:  Hold'em No Limit ($0.50/$1.00 USD) - 2025/01/28 19:24:39 WET [2025/01/28 14:24:39 ET]
Table 'Arctica' 6-max Seat #5 is the button
Seat 1: socito ($100 in chips) 
Seat 2: Quahrino ($118.41 in chips) 
Seat 3: kevpolley ($60.42 in chips) 
Seat 4: J0SHB0SH ($103.39 in chips) 
Seat 5: kvcsszblcs ($184.80 in chips) 
Seat 6: pmeade1977 ($70.14 in chips) 
pmeade1977: posts small blind $0.50
socito: posts big blind $1
*** HOLE CARDS ***
Quahrino: folds 
kevpolley: calls $1
J0SHB0SH: folds 
kvcsszblcs: raises $3.50 to $4.50
pmeade1977: calls $4
socito: folds 
kevpolley: calls $3.50
*** FLOP *** [Js 5d 5s]
pmeade1977: checks 
kevpolley: checks 
kvcsszblcs: checks 
*** TURN *** [Js 5d 5s] [9s]
pmeade1977: bets $7
kevpolley: folds 
kvcsszblcs: raises $16.27 to $23.27
pmeade1977: calls $16.27
*** RIVER *** [Js 5d 5s 9s] [6c]
pmeade1977: checks 
kvcsszblcs: bets $64.39
pmeade1977: calls $42.37 and is all-in
Uncalled bet ($22.02) returned to kvcsszblcs
*** SHOW DOWN ***
kvcsszblcs: shows [Ac As] (two pair, Aces and Fives)
pmeade1977: shows [Qh Qs] (two pair, Queens and Fives)
kvcsszblcs collected $143.28 from pot
*** SUMMARY ***
Total pot $145.78 | Rake $2.50 
Board [Js 5d 5s 9s 6c]
Seat 1: socito (big blind) folded before Flop
Seat 2: Quahrino folded before Flop (didn't bet)
Seat 3: kevpolley folded on the Turn
Seat 4: J0SHB0SH folded before Flop (didn't bet)
Seat 5: kvcsszblcs (button) showed [Ac As] and won ($143.28) with two pair, Aces and Fives
Seat 6: pmeade1977 (small blind) showed [Qh Qs] and lost with two pair, Queens and Fives



PokerStars Hand #254595076732:  Hold'em No Limit ($0.50/$1.00 USD) - 2025/01/28 19:42:32 WET [2025/01/28 14:42:32 ET]
Table 'Arctica' 6-max Seat #2 is the button
Seat 1: socito ($104.37 in chips) 
Seat 2: Quahrino ($100 in chips) 
Seat 3: kevpolley ($96.04 in chips) 
Seat 4: Joe_Li7 ($146.22 in chips) 
Seat 5: kvcsszblcs ($264.23 in chips) 
Seat 6: pmeade1977 ($71.43 in chips) 
kevpolley: posts small blind $0.50
Joe_Li7: posts big blind $1
*** HOLE CARDS ***
kvcsszblcs: folds 
pmeade1977: calls $1
socito: folds 
Quahrino: folds 
kevpolley: folds 
Joe_Li7: checks 
*** FLOP *** [5s 2d 7d]
Joe_Li7: checks 
pmeade1977: bets $4
Joe_Li7: folds 
Uncalled bet ($4) returned to pmeade1977
pmeade1977 collected $2.38 from pot
*** SUMMARY ***
Total pot $2.50 | Rake $0.12 
Board [5s 2d 7d]
Seat 1: socito folded before Flop (didn't bet)
Seat 2: Quahrino (button) folded before Flop (didn't bet)
Seat 3: kevpolley (small blind) folded before Flop
Seat 4: Joe_Li7 (big blind) folded on the Flop
Seat 5: kvcsszblcs folded before Flop (didn't bet)
Seat 6: pmeade1977 collected ($2.38)



PokerStars Hand #254595083928:  Hold'em No Limit ($0.50/$1.00 USD) - 2025/01/28 19:42:55 WET [2025/01/28 14:42:55 ET]
Table 'Arctica' 6-max Seat #3 is the button
Seat 1: socito ($104.37 in chips) 
Seat 2: Quahrino ($100 in chips) 
Seat 3: kevpolley ($95.54 in chips) 
Seat 4: Joe_Li7 ($145.22 in chips) 
Seat 5: kvcsszblcs ($264.23 in chips) 
Seat 6: pmeade1977 ($72.81 in chips) 
Joe_Li7: posts small blind $0.50
kvcsszblcs: posts big blind $1
*** HOLE CARDS ***
pmeade1977: folds 
socito: folds 
Quahrino: folds 
kevpolley: folds 
Joe_Li7: raises $2 to $3
kvcsszblcs: folds 
Uncalled bet ($2) returned to Joe_Li7
Joe_Li7 collected $2 from pot
*** SUMMARY ***
Total pot $2 | Rake $0 
Seat 1: socito folded before Flop (didn't bet)
Seat 2: Quahrino folded before Flop (didn't bet)
Seat 3: kevpolley (button) folded before Flop (didn't bet)
Seat 4: Joe_Li7 (small blind) collected ($2)
Seat 5: kvcsszblcs (big blind) folded before Flop
Seat 6: pmeade1977 folded before Flop (didn't bet)



PokerStars Hand #254595089913:  Hold'em No Limit ($0.50/$1.00 USD) - 2025/01/28 19:43:14 WET [2025/01/28 14:43:14 ET]
Table 'Arctica' 6-max Seat #4 is the button
Seat 1: socito ($104.37 in chips) 
Seat 2: Quahrino ($100 in chips) 
Seat 3: kevpolley ($95.54 in chips) 
Seat 4: Joe_Li7 ($146.22 in chips) 
Seat 5: kvcsszblcs ($263.23 in chips) 
Seat 6: pmeade1977 ($72.81 in chips) 
kvcsszblcs: posts small blind $0.50
pmeade1977: posts big blind $1
*** HOLE CARDS ***
socito: folds 
Quahrino: folds 
kevpolley: folds 
Joe_Li7: raises $1.50 to $2.50
kvcsszblcs: folds 
pmeade1977: folds 
Uncalled bet ($1.50) returned to Joe_Li7
Joe_Li7 collected $2.50 from pot
*** SUMMARY ***
Total pot $2.50 | Rake $0 
Seat 1: socito folded before Flop (didn't bet)
Seat 2: Quahrino folded before Flop (didn't bet)
Seat 3: kevpolley folded before Flop (didn't bet)
Seat 4: Joe_Li7 (button) collected ($2.50)
Seat 5: kvcsszblcs (small blind) folded before Flop
Seat 6: pmeade1977 (big blind) folded before Flop



PokerStars Hand #254595098063:  Hold'em No Limit ($0.50/$1.00 USD) - 2025/01/28 19:43:40 WET [2025/01/28 14:43:40 ET]
Table 'Arctica' 6-max Seat #5 is the button
Seat 1: socito ($104.37 in chips) 
Seat 2: Quahrino ($100 in chips) 
Seat 3: kevpolley ($95.54 in chips) 
Seat 4: Joe_Li7 ($147.72 in chips) 
Seat 5: kvcsszblcs ($262.73 in chips) 
Seat 6: pmeade1977 ($71.81 in chips) 
pmeade1977: posts small blind $0.50
socito: posts big blind $1
*** HOLE CARDS ***
Quahrino: folds 
kevpolley: folds 
Joe_Li7: folds 
kvcsszblcs: raises $1.25 to $2.25
pmeade1977: folds 
socito: calls $1.25
*** FLOP *** [Ad Ah Jh]
pmeade1977 leaves the table
socito: checks 
kvcsszblcs: bets $1.19
socito: calls $1.19
*** TURN *** [Ad Ah Jh] [Ts]
socito: checks 
kvcsszblcs: bets $4.63
socito: calls $4.63
*** RIVER *** [Ad Ah Jh Ts] [8h]
socito: checks 
kvcsszblcs: checks 
*** SHOW DOWN ***
socito: shows [6c Jc] (two pair, Aces and Jacks)
kvcsszblcs: shows [9d Ac] (three of a kind, Aces)
kvcsszblcs collected $15.81 from pot
*** SUMMARY ***
Total pot $16.64 | Rake $0.83 
Board [Ad Ah Jh Ts 8h]
Seat 1: socito (big blind) showed [6c Jc] and lost with two pair, Aces and Jacks
Seat 2: Quahrino folded before Flop (didn't bet)
Seat 3: kevpolley folded before Flop (didn't bet)
Seat 4: Joe_Li7 folded before Flop (didn't bet)
Seat 5: kvcsszblcs (button) showed [9d Ac] and won ($15.81) with three of a kind, Aces
Seat 6: pmeade1977 (small blind) folded before Flop



PokerStars Hand #254595123295:  Hold'em No Limit ($0.50/$1.00 USD) - 2025/01/28 19:44:58 WET [2025/01/28 14:44:58 ET]
Table 'Arctica' 6-max Seat #1 is the button
Seat 1: socito ($100 in chips) 
Seat 2: Quahrino ($100 in chips) 
Seat 3: kevpolley ($95.54 in chips) 
Seat 4: Joe_Li7 ($147.72 in chips) 
Seat 5: kvcsszblcs ($270.47 in chips) 
Quahrino: posts small blind $0.50
kevpolley: posts big blind $1
*** HOLE CARDS ***
Joe_Li7: folds 
kvcsszblcs: folds 
laloo246 joins the table at seat #6 
socito: folds 
Quahrino: folds 
Uncalled bet ($0.50) returned to kevpolley
kevpolley collected $1 from pot
*** SUMMARY ***
Total pot $1 | Rake $0 
Seat 1: socito (button) folded before Flop (didn't bet)
Seat 2: Quahrino (small blind) folded before Flop
Seat 3: kevpolley (big blind) collected ($1)
Seat 4: Joe_Li7 folded before Flop (didn't bet)
Seat 5: kvcsszblcs folded before Flop (didn't bet)



PokerStars Hand #254595126973:  Hold'em No Limit ($0.50/$1.00 USD) - 2025/01/28 19:45:09 WET [2025/01/28 14:45:09 ET]
Table 'Arctica' 6-max Seat #2 is the button
Seat 6: laloo246 ($100 in chips) is sitting out
Seat 1: socito ($100 in chips) 
Seat 2: Quahrino ($100 in chips) 
Seat 3: kevpolley ($96.04 in chips) 
Seat 4: Joe_Li7 ($147.72 in chips) 
Seat 5: kvcsszblcs ($270.47 in chips) 
kevpolley: posts small blind $0.50
Joe_Li7: posts big blind $1
laloo246: sits out 
*** HOLE CARDS ***
kvcsszblcs: folds 
socito: folds 
Quahrino: folds 
kevpolley: calls $0.50
Joe_Li7: raises $2.50 to $3.50
kevpolley: calls $2.50
*** FLOP *** [Ks 2s 9d]
kevpolley: checks 
Joe_Li7: bets $2.19
kevpolley: calls $2.19
*** TURN *** [Ks 2s 9d] [5h]
kevpolley: checks 
Joe_Li7: checks 
*** RIVER *** [Ks 2s 9d 5h] [6s]
kevpolley: bets $5.41
Joe_Li7: calls $5.41
*** SHOW DOWN ***
kevpolley: shows [9s Ts] (a flush, King high)
Joe_Li7: mucks hand 
kevpolley collected $21.09 from pot
*** SUMMARY ***
Total pot $22.20 | Rake $1.11 
Board [Ks 2s 9d 5h 6s]
Seat 6: laloo246
Seat 1: socito folded before Flop (didn't bet)
Seat 2: Quahrino (button) folded before Flop (didn't bet)
Seat 3: kevpolley (small blind) showed [9s Ts] and won ($21.09) with a flush, King high
Seat 4: Joe_Li7 (big blind) mucked
Seat 5: kvcsszblcs folded before Flop (didn't bet)



PokerStars Hand #254595151483:  Hold'em No Limit ($0.50/$1.00 USD) - 2025/01/28 19:46:25 WET [2025/01/28 14:46:25 ET]
Table 'Arctica' 6-max Seat #3 is the button
Seat 6: laloo246 ($100 in chips) is sitting out
Seat 1: socito ($100 in chips) 
Seat 2: Quahrino ($100 in chips) 
Seat 3: kevpolley ($106.03 in chips) 
Seat 4: Joe_Li7 ($136.62 in chips) 
Seat 5: kvcsszblcs ($270.47 in chips) 
Joe_Li7: posts small blind $0.50
kvcsszblcs: posts big blind $1
laloo246: sits out 
*** HOLE CARDS ***
socito: folds 
Quahrino: raises $1.30 to $2.30
kevpolley: calls $2.30
Joe_Li7: folds 
kvcsszblcs: folds 
*** FLOP *** [5d 9h Kd]
Quahrino: checks 
kevpolley: bets $2.90
Quahrino: calls $2.90
*** TURN *** [5d 9h Kd] [As]
Quahrino: checks 
kevpolley: checks 
*** RIVER *** [5d 9h Kd As] [5h]
Quahrino: checks 
kevpolley: checks 
*** SHOW DOWN ***
Quahrino: shows [Qs Qc] (two pair, Queens and Fives)
kevpolley: shows [Jc Kc] (two pair, Kings and Fives)
kevpolley collected $11.30 from pot
*** SUMMARY ***
Total pot $11.90 | Rake $0.60 
Board [5d 9h Kd As 5h]
Seat 6: laloo246
Seat 1: socito folded before Flop (didn't bet)
Seat 2: Quahrino showed [Qs Qc] and lost with two pair, Queens and Fives
Seat 3: kevpolley (button) showed [Jc Kc] and won ($11.30) with two pair, Kings and Fives
Seat 4: Joe_Li7 (small blind) folded before Flop
Seat 5: kvcsszblcs (big blind) folded before Flop



PokerStars Hand #254595163639:  Hold'em No Limit ($0.50/$1.00 USD) - 2025/01/28 19:47:03 WET [2025/01/28 14:47:03 ET]
Table 'Arctica' 6-max Seat #4 is the button
Seat 1: socito ($100 in chips) 
Seat 2: Quahrino ($100 in chips) 
Seat 3: kevpolley ($112.13 in chips) 
Seat 4: Joe_Li7 ($136.12 in chips) 
Seat 5: kvcsszblcs ($269.47 in chips) 
Seat 6: laloo246 ($100 in chips) 
kvcsszblcs: posts small blind $0.50
laloo246: posts big blind $1
*** HOLE CARDS ***
socito: folds 
Quahrino: folds 
kevpolley: folds 
Joe_Li7: raises $1.50 to $2.50
kvcsszblcs: folds 
laloo246: folds 
Uncalled bet ($1.50) returned to Joe_Li7
Joe_Li7 collected $2.50 from pot
*** SUMMARY ***
Total pot $2.50 | Rake $0 
Seat 1: socito folded before Flop (didn't bet)
Seat 2: Quahrino folded before Flop (didn't bet)
Seat 3: kevpolley folded before Flop (didn't bet)
Seat 4: Joe_Li7 (button) collected ($2.50)
Seat 5: kvcsszblcs (small blind) folded before Flop
Seat 6: laloo246 (big blind) folded before Flop



PokerStars Hand #254595178179:  Hold'em No Limit ($0.50/$1.00 USD) - 2025/01/28 19:47:48 WET [2025/01/28 14:47:48 ET]
Table 'Arctica' 6-max Seat #5 is the button
Seat 1: socito ($100 in chips) 
Seat 2: Quahrino ($100 in chips) 
Seat 3: kevpolley ($112.13 in chips) 
Seat 4: Joe_Li7 ($137.62 in chips) 
Seat 5: kvcsszblcs ($268.97 in chips) 
Seat 6: laloo246 ($100 in chips) 
laloo246: posts small blind $0.50
socito: posts big blind $1
*** HOLE CARDS ***
Quahrino: folds 
kevpolley: raises $2 to $3
Joe_Li7: folds 
kvcsszblcs: raises $7 to $10
laloo246: folds 
socito: folds 
kevpolley: calls $7
*** FLOP *** [3s 2h 8s]
kevpolley: checks 
kvcsszblcs: bets $10.20
kevpolley: calls $10.20
*** TURN *** [3s 2h 8s] [9c]
kevpolley: checks 
kvcsszblcs: bets $27.27
kevpolley: folds 
Uncalled bet ($27.27) returned to kvcsszblcs
kvcsszblcs collected $39.80 from pot
kvcsszblcs: doesn't show hand 
*** SUMMARY ***
Total pot $41.90 | Rake $2.10 
Board [3s 2h 8s 9c]
Seat 1: socito (big blind) folded before Flop
Seat 2: Quahrino folded before Flop (didn't bet)
Seat 3: kevpolley folded on the Turn
Seat 4: Joe_Li7 folded before Flop (didn't bet)
Seat 5: kvcsszblcs (button) collected ($39.80)
Seat 6: laloo246 (small blind) folded before Flop



PokerStars Hand #254595197010:  Hold'em No Limit ($0.50/$1.00 USD) - 2025/01/28 19:48:46 WET [2025/01/28 14:48:46 ET]
Table 'Arctica' 6-max Seat #6 is the button
Seat 1: socito ($100 in chips) 
Seat 2: Quahrino ($100 in chips) 
Seat 3: kevpolley ($91.93 in chips) 
Seat 4: Joe_Li7 ($137.62 in chips) 
Seat 5: kvcsszblcs ($288.57 in chips) 
Seat 6: laloo246 ($100 in chips) 
socito: posts small blind $0.50
Quahrino: posts big blind $1
*** HOLE CARDS ***
kevpolley: folds 
Joe_Li7: folds 
kvcsszblcs: raises $1 to $2
laloo246: folds 
socito: folds 
Quahrino: calls $1
*** FLOP *** [Jd 7c 7s]
Quahrino: checks 
kvcsszblcs: bets $1.71
Quahrino: raises $3.85 to $5.56
kvcsszblcs: calls $3.85
*** TURN *** [Jd 7c 7s] [Qs]
Quahrino: bets $20
kvcsszblcs: folds 
Uncalled bet ($20) returned to Quahrino
Quahrino collected $14.84 from pot
Quahrino: doesn't show hand 
*** SUMMARY ***
Total pot $15.62 | Rake $0.78 
Board [Jd 7c 7s Qs]
Seat 1: socito (small blind) folded before Flop
Seat 2: Quahrino (big blind) collected ($14.84)
Seat 3: kevpolley folded before Flop (didn't bet)
Seat 4: Joe_Li7 folded before Flop (didn't bet)
Seat 5: kvcsszblcs folded on the Turn
Seat 6: laloo246 (button) folded before Flop (didn't bet)



PokerStars Hand #254595221671:  Hold'em No Limit ($0.50/$1.00 USD) - 2025/01/28 19:50:02 WET [2025/01/28 14:50:02 ET]
Table 'Arctica' 6-max Seat #1 is the button
Seat 1: socito ($100 in chips) 
Seat 2: Quahrino ($107.28 in chips) 
Seat 3: kevpolley ($91.93 in chips) 
Seat 4: Joe_Li7 ($137.62 in chips) 
Seat 5: kvcsszblcs ($281.01 in chips) 
Seat 6: laloo246 ($100 in chips) 
Quahrino: posts small blind $0.50
kevpolley: posts big blind $1
*** HOLE CARDS ***
Joe_Li7: folds 
kvcsszblcs: folds 
laloo246: folds 
socito: raises $1.50 to $2.50
Quahrino: raises $9.50 to $12
kevpolley: folds 
socito: raises $13 to $25
Quahrino: folds 
Uncalled bet ($13) returned to socito
socito collected $25 from pot
socito: doesn't show hand 
*** SUMMARY ***
Total pot $25 | Rake $0 
Seat 1: socito (button) collected ($25)
Seat 2: Quahrino (small blind) folded before Flop
Seat 3: kevpolley (big blind) folded before Flop
Seat 4: Joe_Li7 folded before Flop (didn't bet)
Seat 5: kvcsszblcs folded before Flop (didn't bet)
Seat 6: laloo246 folded before Flop (didn't bet)



PokerStars Hand #254595233680:  Hold'em No Limit ($0.50/$1.00 USD) - 2025/01/28 19:50:39 WET [2025/01/28 14:50:39 ET]
Table 'Arctica' 6-max Seat #2 is the button
Seat 1: socito ($113 in chips) 
Seat 2: Quahrino ($100 in chips) 
Seat 3: kevpolley ($90.93 in chips) 
Seat 4: Joe_Li7 ($137.62 in chips) 
Seat 5: kvcsszblcs ($281.01 in chips) 
Seat 6: laloo246 ($100 in chips) 
kevpolley: posts small blind $0.50
Joe_Li7: posts big blind $1
*** HOLE CARDS ***
kvcsszblcs: folds 
laloo246: folds 
socito: folds 
Quahrino: folds 
kevpolley: raises $2 to $3
Joe_Li7: calls $2
*** FLOP *** [Tc Ah Js]
kevpolley: checks 
Joe_Li7: checks 
*** TURN *** [Tc Ah Js] [9c]
kevpolley: checks 
Joe_Li7: bets $3.82
kevpolley: folds 
Uncalled bet ($3.82) returned to Joe_Li7
Joe_Li7 collected $5.70 from pot
*** SUMMARY ***
Total pot $6 | Rake $0.30 
Board [Tc Ah Js 9c]
Seat 1: socito folded before Flop (didn't bet)
Seat 2: Quahrino (button) folded before Flop (didn't bet)
Seat 3: kevpolley (small blind) folded on the Turn
Seat 4: Joe_Li7 (big blind) collected ($5.70)
Seat 5: kvcsszblcs folded before Flop (didn't bet)
Seat 6: laloo246 folded before Flop (didn't bet)



PokerStars Hand #254595251522:  Hold'em No Limit ($0.50/$1.00 USD) - 2025/01/28 19:51:35 WET [2025/01/28 14:51:35 ET]
Table 'Arctica' 6-max Seat #3 is the button
Seat 1: socito ($113 in chips) 
Seat 2: Quahrino ($100 in chips) 
Seat 3: kevpolley ($87.93 in chips) 
Seat 4: Joe_Li7 ($140.32 in chips) 
Seat 5: kvcsszblcs ($281.01 in chips) 
Seat 6: laloo246 ($100 in chips) 
Joe_Li7: posts small blind $0.50
kvcsszblcs: posts big blind $1
*** HOLE CARDS ***
laloo246: folds 
socito: folds 
Quahrino: raises $1.30 to $2.30
kevpolley: folds 
Joe_Li7: folds 
kvcsszblcs: folds 
Uncalled bet ($1.30) returned to Quahrino
Quahrino collected $2.50 from pot
Quahrino: doesn't show hand 
*** SUMMARY ***
Total pot $2.50 | Rake $0 
Seat 1: socito folded before Flop (didn't bet)
Seat 2: Quahrino collected ($2.50)
Seat 3: kevpolley (button) folded before Flop (didn't bet)
Seat 4: Joe_Li7 (small blind) folded before Flop
Seat 5: kvcsszblcs (big blind) folded before Flop
Seat 6: laloo246 folded before Flop (didn't bet)



PokerStars Hand #254595256423:  Hold'em No Limit ($0.50/$1.00 USD) - 2025/01/28 19:51:50 WET [2025/01/28 14:51:50 ET]
Table 'Arctica' 6-max Seat #4 is the button
Seat 1: socito ($113 in chips) 
Seat 2: Quahrino ($101.50 in chips) 
Seat 3: kevpolley ($87.93 in chips) 
Seat 4: Joe_Li7 ($139.82 in chips) 
Seat 5: kvcsszblcs ($280.01 in chips) 
Seat 6: laloo246 ($100 in chips) 
kvcsszblcs: posts small blind $0.50
laloo246: posts big blind $1
*** HOLE CARDS ***
socito: folds 
Quahrino: raises $1 to $2
kevpolley has timed out
kevpolley: folds 
Joe_Li7: folds 
Joe_Li7 leaves the table
kevpolley is disconnected 
kvcsszblcs: raises $8 to $10
laloo246: folds 
Quahrino: folds 
Uncalled bet ($8) returned to kvcsszblcs
kvcsszblcs collected $5 from pot
kvcsszblcs: doesn't show hand 
*** SUMMARY ***
Total pot $5 | Rake $0 
Seat 1: socito folded before Flop (didn't bet)
Seat 2: Quahrino folded before Flop
Seat 3: kevpolley folded before Flop (didn't bet)
Seat 4: Joe_Li7 (button) folded before Flop (didn't bet)
Seat 5: kvcsszblcs (small blind) collected ($5)
Seat 6: laloo246 (big blind) folded before Flop



PokerStars Hand #254595279311:  Hold'em No Limit ($0.50/$1.00 USD) - 2025/01/28 19:53:00 WET [2025/01/28 14:53:00 ET]
Table 'Arctica' 6-max Seat #5 is the button
Seat 3: kevpolley ($87.93 in chips) is sitting out
Seat 1: socito ($113 in chips) 
Seat 2: Quahrino ($100 in chips) 
Seat 5: kvcsszblcs ($283.01 in chips) 
Seat 6: laloo246 ($100 in chips) 
laloo246: posts small blind $0.50
socito: posts big blind $1
*** HOLE CARDS ***
Quahrino: raises $1.30 to $2.30
kvcsszblcs: raises $5.20 to $7.50
laloo246: raises $14 to $21.50
socito: folds 
Quahrino: folds 
kvcsszblcs: folds 
Uncalled bet ($14) returned to laloo246
laloo246 collected $18.30 from pot
laloo246: doesn't show hand 
*** SUMMARY ***
Total pot $18.30 | Rake $0 
Seat 3: kevpolley
Seat 1: socito (big blind) folded before Flop
Seat 2: Quahrino folded before Flop
Seat 5: kvcsszblcs (button) folded before Flop
Seat 6: laloo246 (small blind) collected ($18.30)



PokerStars Hand #254595287603:  Hold'em No Limit ($0.50/$1.00 USD) - 2025/01/28 19:53:26 WET [2025/01/28 14:53:26 ET]
Table 'Arctica' 6-max Seat #6 is the button
Seat 3: kevpolley ($87.93 in chips) is sitting out
Seat 1: socito ($112 in chips) 
Seat 2: Quahrino ($100 in chips) 
Seat 5: kvcsszblcs ($275.51 in chips) 
Seat 6: laloo246 ($110.80 in chips) 
socito: posts small blind $0.50
Quahrino: posts big blind $1
*** HOLE CARDS ***
kvcsszblcs: folds 
laloo246: folds 
socito: raises $2 to $3
Quahrino: calls $2
*** FLOP *** [3s Kd 7d]
socito: bets $1.88
Quahrino: calls $1.88
*** TURN *** [3s Kd 7d] [6d]
socito: checks 
Quahrino: checks 
*** RIVER *** [3s Kd 7d 6d] [As]
morsans1 joins the table at seat #4 
socito: bets $3.06
Quahrino: folds 
Uncalled bet ($3.06) returned to socito
socito collected $9.27 from pot
socito: doesn't show hand 
*** SUMMARY ***
Total pot $9.76 | Rake $0.49 
Board [3s Kd 7d 6d As]
Seat 3: kevpolley
Seat 1: socito (small blind) collected ($9.27)
Seat 2: Quahrino (big blind) folded on the River
Seat 5: kvcsszblcs folded before Flop (didn't bet)
Seat 6: laloo246 (button) folded before Flop (didn't bet)



PokerStars Hand #254595314056:  Hold'em No Limit ($0.50/$1.00 USD) - 2025/01/28 19:54:48 WET [2025/01/28 14:54:48 ET]
Table 'Arctica' 6-max Seat #5 is the button
Seat 2: Quahrino ($100 in chips) is sitting out
Seat 3: kevpolley ($87.93 in chips) is sitting out
Seat 4: morsans1 ($100 in chips) is sitting out
Seat 6: laloo246 ($110.80 in chips) is sitting out
Seat 1: socito ($116.39 in chips) 
Seat 5: kvcsszblcs ($275.51 in chips) 
kvcsszblcs: posts small blind $0.50
laloo246: is sitting out 
socito: posts big blind $1
*** HOLE CARDS ***
kvcsszblcs: folds 
Uncalled bet ($0.50) returned to socito
socito collected $1 from pot
socito: doesn't show hand 
*** SUMMARY ***
Total pot $1 | Rake $0 
Seat 2: Quahrino
Seat 3: kevpolley
Seat 4: morsans1
Seat 6: laloo246
Seat 1: socito (big blind) collected ($1)
Seat 5: kvcsszblcs (button) (small blind) folded before Flop



PokerStars Hand #254595316520:  Hold'em No Limit ($0.50/$1.00 USD) - 2025/01/28 19:54:56 WET [2025/01/28 14:54:56 ET]
Table 'Arctica' 6-max Seat #5 is the button
Seat 2: Quahrino ($100 in chips) is sitting out
Seat 3: kevpolley ($87.93 in chips) is sitting out
Seat 6: laloo246 ($110.80 in chips) is sitting out
Seat 1: socito ($116.89 in chips) 
Seat 4: morsans1 ($100 in chips) 
Seat 5: kvcsszblcs ($275.01 in chips) 
socito: posts small blind $0.50
morsans1: posts big blind $1
*** HOLE CARDS ***
kvcsszblcs: raises $1.25 to $2.25
socito: folds 
morsans1: folds 
Uncalled bet ($1.25) returned to kvcsszblcs
kvcsszblcs collected $2.50 from pot
kvcsszblcs: doesn't show hand 
morsans1 leaves the table
*** SUMMARY ***
Total pot $2.50 | Rake $0 
Seat 2: Quahrino
Seat 3: kevpolley
Seat 6: laloo246
Seat 1: socito (small blind) folded before Flop
Seat 4: morsans1 (big blind) folded before Flop
Seat 5: kvcsszblcs (button) collected ($2.50)



PokerStars Hand #254595321249:  Hold'em No Limit ($0.50/$1.00 USD) - 2025/01/28 19:55:14 WET [2025/01/28 14:55:14 ET]
Table 'Arctica' 6-max Seat #1 is the button
Seat 2: Quahrino ($100 in chips) is sitting out
Seat 3: kevpolley ($87.93 in chips) is sitting out
Seat 6: laloo246 ($110.80 in chips) is sitting out
Seat 1: socito ($116.39 in chips) 
Seat 5: kvcsszblcs ($276.51 in chips) 
socito: posts small blind $0.50
kvcsszblcs: posts big blind $1
*** HOLE CARDS ***
socito: raises $1.50 to $2.50
laloo246 leaves the table
kvcsszblcs: raises $9.50 to $12
Lucastitos joins the table at seat #6 
socito: calls $9.50
*** FLOP *** [Ad As 2h]
kvcsszblcs: bets $5.75
kel3vr4_23 joins the table at seat #4 
socito: folds 
Uncalled bet ($5.75) returned to kvcsszblcs
kvcsszblcs collected $23 from pot
kvcsszblcs: doesn't show hand 
*** SUMMARY ***
Total pot $24 | Rake $1 
Board [Ad As 2h]
Seat 2: Quahrino
Seat 3: kevpolley
Seat 6: laloo246
Seat 1: socito (button) (small blind) folded on the Flop
Seat 5: kvcsszblcs (big blind) collected ($23)



PokerStars Hand #254595331913:  Hold'em No Limit ($0.50/$1.00 USD) - 2025/01/28 19:56:00 WET [2025/01/28 14:56:00 ET]
Table 'Arctica' 6-max Seat #5 is the button
Seat 3: kevpolley ($87.93 in chips) is sitting out
Seat 4: kel3vr4_23 ($40 in chips) is sitting out
Seat 6: Lucastitos ($100 in chips) is sitting out
Seat 1: socito ($104.39 in chips) 
Seat 2: Quahrino ($100 in chips) 
Seat 5: kvcsszblcs ($287.51 in chips) 
socito: posts small blind $0.50
Quahrino: posts big blind $1
kel3vr4_23: sits out 
*** HOLE CARDS ***
kvcsszblcs: raises $1.25 to $2.25
socito: folds 
Quahrino: folds 
Uncalled bet ($1.25) returned to kvcsszblcs
kvcsszblcs collected $2.50 from pot
kvcsszblcs: doesn't show hand 
*** SUMMARY ***
Total pot $2.50 | Rake $0 
Seat 3: kevpolley
Seat 4: kel3vr4_23
Seat 6: Lucastitos
Seat 1: socito (small blind) folded before Flop
Seat 2: Quahrino (big blind) folded before Flop
Seat 5: kvcsszblcs (button) collected ($2.50)



PokerStars Hand #254595333813:  Hold'em No Limit ($0.50/$1.00 USD) - 2025/01/28 19:56:08 WET [2025/01/28 14:56:08 ET]
Table 'Arctica' 6-max Seat #1 is the button
Seat 3: kevpolley ($87.93 in chips) is sitting out
Seat 6: Lucastitos ($100 in chips) is sitting out
Seat 1: socito ($103.89 in chips) 
Seat 2: Quahrino ($100 in chips) 
Seat 4: kel3vr4_23 ($40 in chips) 
Seat 5: kvcsszblcs ($289.01 in chips) 
Quahrino: posts small blind $0.50
kel3vr4_23: posts big blind $1
Lucastitos: sits out 
*** HOLE CARDS ***
kvcsszblcs: folds 
socito: folds 
Quahrino: raises $2 to $3
kel3vr4_23: folds 
Uncalled bet ($2) returned to Quahrino
Quahrino collected $2 from pot
Quahrino: doesn't show hand 
*** SUMMARY ***
Total pot $2 | Rake $0 
Seat 3: kevpolley
Seat 6: Lucastitos
Seat 1: socito (button) folded before Flop (didn't bet)
Seat 2: Quahrino (small blind) collected ($2)
Seat 4: kel3vr4_23 (big blind) folded before Flop
Seat 5: kvcsszblcs folded before Flop (didn't bet)



PokerStars Hand #254595337825:  Hold'em No Limit ($0.50/$1.00 USD) - 2025/01/28 19:56:26 WET [2025/01/28 14:56:26 ET]
Table 'Arctica' 6-max Seat #2 is the button
Seat 3: kevpolley ($87.93 in chips) is sitting out
Seat 5: kvcsszblcs ($289.01 in chips) is sitting out
Seat 1: socito ($103.89 in chips) 
Seat 2: Quahrino ($101 in chips) 
Seat 4: kel3vr4_23 ($39 in chips) 
Seat 6: Lucastitos ($100 in chips) 
kel3vr4_23: posts small blind $0.50
kvcsszblcs: is sitting out 
Lucastitos: posts big blind $1
*** HOLE CARDS ***
socito: folds 
Quahrino: raises $1.50 to $2.50
kel3vr4_23: folds 
Lucastitos: folds 
Uncalled bet ($1.50) returned to Quahrino
Quahrino collected $2.50 from pot
Quahrino: doesn't show hand 
*** SUMMARY ***
Total pot $2.50 | Rake $0 
Seat 3: kevpolley
Seat 5: kvcsszblcs
Seat 1: socito folded before Flop (didn't bet)
Seat 2: Quahrino (button) collected ($2.50)
Seat 4: kel3vr4_23 (small blind) folded before Flop
Seat 6: Lucastitos (big blind) folded before Flop



PokerStars Hand #254595340051:  Hold'em No Limit ($0.50/$1.00 USD) - 2025/01/28 19:56:35 WET [2025/01/28 14:56:35 ET]
Table 'Arctica' 6-max Seat #4 is the button
Seat 1: socito ($103.89 in chips) is sitting out
Seat 5: kvcsszblcs ($289.01 in chips) is sitting out
Seat 2: Quahrino ($102.50 in chips) 
Seat 3: kevpolley ($87.93 in chips) 
Seat 4: kel3vr4_23 ($38.50 in chips) 
Seat 6: Lucastitos ($100 in chips) 
Lucastitos: posts small blind $0.50
socito: is sitting out 
Quahrino: posts big blind $1
kevpolley: posts small & big blinds $1.50
*** HOLE CARDS ***
kevpolley: checks 
kel3vr4_23: folds 
Lucastitos: calls $0.50
Quahrino: checks 
*** FLOP *** [Jc 4c Th]
Lucastitos: checks 
Quahrino: checks 
kevpolley: bets $1
Lucastitos: folds 
Quahrino: calls $1
*** TURN *** [Jc 4c Th] [Kh]
Quahrino: checks 
kevpolley: bets $2.61
Quahrino: folds 
Uncalled bet ($2.61) returned to kevpolley
kevpolley collected $5.22 from pot
*** SUMMARY ***
Total pot $5.50 | Rake $0.28 
Board [Jc 4c Th Kh]
Seat 1: socito
Seat 5: kvcsszblcs
Seat 2: Quahrino (big blind) folded on the Turn
Seat 3: kevpolley collected ($5.22)
Seat 4: kel3vr4_23 (button) folded before Flop (didn't bet)
Seat 6: Lucastitos (small blind) folded on the Flop



PokerStars Hand #254595352806:  Hold'em No Limit ($0.50/$1.00 USD) - 2025/01/28 19:57:30 WET [2025/01/28 14:57:30 ET]
Table 'Arctica' 6-max Seat #6 is the button
Seat 1: socito ($103.89 in chips) is sitting out
Seat 5: kvcsszblcs ($289.01 in chips) is sitting out
Seat 2: Quahrino ($100.50 in chips) 
Seat 3: kevpolley ($90.65 in chips) 
Seat 4: kel3vr4_23 ($38.50 in chips) 
Seat 6: Lucastitos ($100 in chips) 
Quahrino: posts small blind $0.50
kevpolley: posts big blind $1
kvcsszblcs: sits out 
*** HOLE CARDS ***
kel3vr4_23: raises $1.50 to $2.50
Lucastitos: folds 
Quahrino: folds 
kevpolley: folds 
Uncalled bet ($1.50) returned to kel3vr4_23
kel3vr4_23 collected $2.50 from pot
kel3vr4_23: doesn't show hand 
*** SUMMARY ***
Total pot $2.50 | Rake $0 
Seat 1: socito
Seat 5: kvcsszblcs
Seat 2: Quahrino (small blind) folded before Flop
Seat 3: kevpolley (big blind) folded before Flop
Seat 4: kel3vr4_23 collected ($2.50)
Seat 6: Lucastitos (button) folded before Flop (didn't bet)



PokerStars Hand #254595355344:  Hold'em No Limit ($0.50/$1.00 USD) - 2025/01/28 19:57:41 WET [2025/01/28 14:57:41 ET]
Table 'Arctica' 6-max Seat #2 is the button
Seat 1: socito ($103.89 in chips) is sitting out
Seat 5: kvcsszblcs ($289.01 in chips) is sitting out
Seat 2: Quahrino ($100 in chips) 
Seat 3: kevpolley ($89.65 in chips) 
Seat 4: kel3vr4_23 ($40 in chips) 
Seat 6: Lucastitos ($100 in chips) 
kevpolley: posts small blind $0.50
kel3vr4_23: posts big blind $1
kvcsszblcs: sits out 
socito: sits out 
*** HOLE CARDS ***
Lucastitos: folds 
Quahrino: folds 
kevpolley: folds 
Uncalled bet ($0.50) returned to kel3vr4_23
kel3vr4_23 collected $1 from pot
kel3vr4_23: doesn't show hand 
*** SUMMARY ***
Total pot $1 | Rake $0 
Seat 1: socito
Seat 5: kvcsszblcs
Seat 2: Quahrino (button) folded before Flop (didn't bet)
Seat 3: kevpolley (small blind) folded before Flop
Seat 4: kel3vr4_23 (big blind) collected ($1)
Seat 6: Lucastitos folded before Flop (didn't bet)



PokerStars Hand #254595359497:  Hold'em No Limit ($0.50/$1.00 USD) - 2025/01/28 19:57:59 WET [2025/01/28 14:57:59 ET]
Table 'Arctica' 6-max Seat #3 is the button
Seat 1: socito ($103.89 in chips) is sitting out
Seat 2: Quahrino ($100 in chips) 
Seat 3: kevpolley ($89.15 in chips) 
Seat 4: kel3vr4_23 ($40.50 in chips) 
Seat 5: kvcsszblcs ($289.01 in chips) 
Seat 6: Lucastitos ($100 in chips) 
kel3vr4_23: posts small blind $0.50
kvcsszblcs: posts big blind $1
socito: sits out 
*** HOLE CARDS ***
Lucastitos: folds 
Quahrino: folds 
kevpolley: raises $2 to $3
kel3vr4_23: calls $2.50
kvcsszblcs: raises $12.50 to $15.50
kevpolley: folds 
kel3vr4_23: folds 
Uncalled bet ($12.50) returned to kvcsszblcs
kvcsszblcs collected $9 from pot
kvcsszblcs: doesn't show hand 
*** SUMMARY ***
Total pot $9 | Rake $0 
Seat 1: socito
Seat 2: Quahrino folded before Flop (didn't bet)
Seat 3: kevpolley (button) folded before Flop
Seat 4: kel3vr4_23 (small blind) folded before Flop
Seat 5: kvcsszblcs (big blind) collected ($9)
Seat 6: Lucastitos folded before Flop (didn't bet)



PokerStars Hand #254595364870:  Hold'em No Limit ($0.50/$1.00 USD) - 2025/01/28 19:58:21 WET [2025/01/28 14:58:21 ET]
Table 'Arctica' 6-max Seat #4 is the button
Seat 1: socito ($103.89 in chips) is sitting out
Seat 2: Quahrino ($100 in chips) 
Seat 3: kevpolley ($86.15 in chips) 
Seat 4: kel3vr4_23 ($37.50 in chips) 
Seat 5: kvcsszblcs ($295.01 in chips) 
Seat 6: Lucastitos ($100 in chips) 
kvcsszblcs: posts small blind $0.50
Lucastitos: posts big blind $1
socito: sits out 
*** HOLE CARDS ***
Quahrino: folds 
kevpolley: folds 
kel3vr4_23: folds 
kvcsszblcs: folds 
Uncalled bet ($0.50) returned to Lucastitos
Lucastitos collected $1 from pot
Lucastitos: doesn't show hand 
*** SUMMARY ***
Total pot $1 | Rake $0 
Seat 1: socito
Seat 2: Quahrino folded before Flop (didn't bet)
Seat 3: kevpolley folded before Flop (didn't bet)
Seat 4: kel3vr4_23 (button) folded before Flop (didn't bet)
Seat 5: kvcsszblcs (small blind) folded before Flop
Seat 6: Lucastitos (big blind) collected ($1)



PokerStars Hand #254595366701:  Hold'em No Limit ($0.50/$1.00 USD) - 2025/01/28 19:58:29 WET [2025/01/28 14:58:29 ET]
Table 'Arctica' 6-max Seat #5 is the button
Seat 1: socito ($103.89 in chips) 
Seat 2: Quahrino ($100 in chips) 
Seat 3: kevpolley ($86.15 in chips) 
Seat 4: kel3vr4_23 ($37.50 in chips) 
Seat 5: kvcsszblcs ($294.51 in chips) 
Seat 6: Lucastitos ($100.50 in chips) 
Lucastitos: posts small blind $0.50
socito: posts big blind $1
*** HOLE CARDS ***
Quahrino: raises $3 to $4
kevpolley: folds 
kel3vr4_23: folds 
kvcsszblcs: folds 
Lucastitos: folds 
socito: folds 
Uncalled bet ($3) returned to Quahrino
Quahrino collected $2.50 from pot
Quahrino: doesn't show hand 
*** SUMMARY ***
Total pot $2.50 | Rake $0 
Seat 1: socito (big blind) folded before Flop
Seat 2: Quahrino collected ($2.50)
Seat 3: kevpolley folded before Flop (didn't bet)
Seat 4: kel3vr4_23 folded before Flop (didn't bet)
Seat 5: kvcsszblcs (button) folded before Flop (didn't bet)
Seat 6: Lucastitos (small blind) folded before Flop



PokerStars Hand #254595370574:  Hold'em No Limit ($0.50/$1.00 USD) - 2025/01/28 19:58:45 WET [2025/01/28 14:58:45 ET]
Table 'Arctica' 6-max Seat #6 is the button
Seat 1: socito ($102.89 in chips) 
Seat 2: Quahrino ($101.50 in chips) 
Seat 3: kevpolley ($86.15 in chips) 
Seat 4: kel3vr4_23 ($37.50 in chips) 
Seat 5: kvcsszblcs ($294.51 in chips) 
Seat 6: Lucastitos ($100 in chips) 
socito: posts small blind $0.50
Quahrino: posts big blind $1
*** HOLE CARDS ***
kevpolley: folds 
kel3vr4_23: raises $1.50 to $2.50
kvcsszblcs: folds 
Lucastitos: raises $4.50 to $7
socito: folds 
kevpolley is disconnected 
kvcsszblcs is disconnected 
Quahrino: folds 
kel3vr4_23: calls $4.50
*** FLOP *** [Ts 6h 6c]
kel3vr4_23: checks 
Lucastitos: bets $3.97
kel3vr4_23: calls $3.97
*** TURN *** [Ts 6h 6c] [Qh]
kel3vr4_23: checks 
Lucastitos: checks 
*** RIVER *** [Ts 6h 6c Qh] [2c]
kel3vr4_23: bets $13
Lucastitos: calls $13
*** SHOW DOWN ***
kel3vr4_23: shows [Jh Kd] (a pair of Sixes)
Lucastitos: shows [Ah Kc] (a pair of Sixes - Ace kicker)
Lucastitos collected $46.97 from pot
*** SUMMARY ***
Total pot $49.44 | Rake $2.47 
Board [Ts 6h 6c Qh 2c]
Seat 1: socito (small blind) folded before Flop
Seat 2: Quahrino (big blind) folded before Flop
Seat 3: kevpolley folded before Flop (didn't bet)
Seat 4: kel3vr4_23 showed [Jh Kd] and lost with a pair of Sixes
Seat 5: kvcsszblcs folded before Flop (didn't bet)
Seat 6: Lucastitos (button) showed [Ah Kc] and won ($46.97) with a pair of Sixes



PokerStars Hand #254595380045:  Hold'em No Limit ($0.50/$1.00 USD) - 2025/01/28 19:59:31 WET [2025/01/28 14:59:31 ET]
Table 'Arctica' 6-max Seat #1 is the button
Seat 1: socito ($102.39 in chips) 
Seat 2: Quahrino ($100.50 in chips) 
Seat 3: kevpolley ($86.15 in chips) 
Seat 4: kel3vr4_23 ($13.53 in chips) 
Seat 5: kvcsszblcs ($294.51 in chips) 
Seat 6: Lucastitos ($123 in chips) 
Quahrino: posts small blind $0.50
kevpolley is connected 
kevpolley: posts big blind $1
*** HOLE CARDS ***
kel3vr4_23: folds 
kvcsszblcs: folds 
Lucastitos: raises $1.30 to $2.30
socito: folds 
Quahrino: folds 
kevpolley: folds 
Uncalled bet ($1.30) returned to Lucastitos
Lucastitos collected $2.50 from pot
Lucastitos: doesn't show hand 
*** SUMMARY ***
Total pot $2.50 | Rake $0 
Seat 1: socito (button) folded before Flop (didn't bet)
Seat 2: Quahrino (small blind) folded before Flop
Seat 3: kevpolley (big blind) folded before Flop
Seat 4: kel3vr4_23 folded before Flop (didn't bet)
Seat 5: kvcsszblcs folded before Flop (didn't bet)
Seat 6: Lucastitos collected ($2.50)



PokerStars Hand #254595384041:  Hold'em No Limit ($0.50/$1.00 USD) - 2025/01/28 19:59:47 WET [2025/01/28 14:59:47 ET]
Table 'Arctica' 6-max Seat #2 is the button
Seat 1: socito ($102.39 in chips) 
Seat 2: Quahrino ($100 in chips) 
Seat 3: kevpolley ($85.15 in chips) 
Seat 4: kel3vr4_23 ($13.53 in chips) 
Seat 5: kvcsszblcs ($294.51 in chips) 
Seat 6: Lucastitos ($124.50 in chips) 
kevpolley: posts small blind $0.50
kel3vr4_23: posts big blind $1
*** HOLE CARDS ***
kvcsszblcs: folds 
Lucastitos: raises $1.10 to $2.10
socito: folds 
Quahrino: folds 
kevpolley: calls $1.60
kel3vr4_23: calls $1.10
*** FLOP *** [8h Js 6d]
kevpolley: checks 
kel3vr4_23: checks 
Lucastitos: checks 
*** TURN *** [8h Js 6d] [9s]
kevpolley: checks 
kel3vr4_23: checks 
Lucastitos: bets $5
kevpolley: folds 
kel3vr4_23: folds 
Uncalled bet ($5) returned to Lucastitos
Lucastitos collected $5.98 from pot
Lucastitos: doesn't show hand 
*** SUMMARY ***
Total pot $6.30 | Rake $0.32 
Board [8h Js 6d 9s]
Seat 1: socito folded before Flop (didn't bet)
Seat 2: Quahrino (button) folded before Flop (didn't bet)
Seat 3: kevpolley (small blind) folded on the Turn
Seat 4: kel3vr4_23 (big blind) folded on the Turn
Seat 5: kvcsszblcs folded before Flop (didn't bet)
Seat 6: Lucastitos collected ($5.98)



