PokerStars Hand #254595887197:  Hold'em No Limit ($0.50/$1.00 USD) - 2025/01/28 20:23:39 WET [2025/01/28 15:23:39 ET]
Table 'Algedi' 6-max Seat #3 is the button
Seat 3: RohayhuP ($98 in chips) 
Seat 4: Oli3579 ($100.50 in chips) 
Seat 5: Iseedora ($103 in chips) 
Seat 6: nastja336 ($100 in chips) 
Oli3579: posts small blind $0.50
Iseedora: posts big blind $1
*** HOLE CARDS ***
nastja336: raises $1.50 to $2.50
RohayhuP: folds 
Oli3579: folds 
Iseedora: folds 
Uncalled bet ($1.50) returned to nastja336
nastja336 collected $2.50 from pot
nastja336: doesn't show hand 
*** SUMMARY ***
Total pot $2.50 | Rake $0 
Seat 3: RohayhuP (button) folded before Flop (didn't bet)
Seat 4: Oli3579 (small blind) folded before Flop
Seat 5: Iseedora (big blind) folded before Flop
Seat 6: nastja336 collected ($2.50)



PokerStars Hand #254595891464:  Hold'em No Limit ($0.50/$1.00 USD) - 2025/01/28 20:23:51 WET [2025/01/28 15:23:51 ET]
Table 'Algedi' 6-max Seat #4 is the button
Seat 6: nastja336 ($101.50 in chips) is sitting out
Seat 3: RohayhuP ($98 in chips) 
Seat 4: Oli3579 ($100 in chips) 
Seat 5: Iseedora ($102 in chips) 
Iseedora: posts small blind $0.50
nastja336: is sitting out 
RohayhuP: posts big blind $1
*** HOLE CARDS ***
Oli3579: folds 
nastja336 leaves the table
Iseedora: raises $1.50 to $2.50
RohayhuP: folds 
Uncalled bet ($1.50) returned to Iseedora
Iseedora collected $2 from pot
Iseedora: doesn't show hand 
*** SUMMARY ***
Total pot $2 | Rake $0 
Seat 6: nastja336
Seat 3: RohayhuP (big blind) folded before Flop
Seat 4: Oli3579 (button) folded before Flop (didn't bet)
Seat 5: Iseedora (small blind) collected ($2)



PokerStars Hand #254595895517:  Hold'em No Limit ($0.50/$1.00 USD) - 2025/01/28 20:24:02 WET [2025/01/28 15:24:02 ET]
Table 'Algedi' 6-max Seat #5 is the button
Seat 3: RohayhuP ($97 in chips) 
Seat 4: Oli3579 ($100 in chips) 
Seat 5: Iseedora ($103 in chips) 
RohayhuP: posts small blind $0.50
Oli3579: posts big blind $1
*** HOLE CARDS ***
kvcsszblcs joins the table at seat #2 
kennyg1803 joins the table at seat #1 
Iseedora: folds 
RohayhuP: folds 
Uncalled bet ($0.50) returned to Oli3579
Oli3579 collected $1 from pot
Oli3579: doesn't show hand 
*** SUMMARY ***
Total pot $1 | Rake $0 
Seat 3: RohayhuP (small blind) folded before Flop
Seat 4: Oli3579 (big blind) collected ($1)
Seat 5: Iseedora (button) folded before Flop (didn't bet)



PokerStars Hand #254595900216:  Hold'em No Limit ($0.50/$1.00 USD) - 2025/01/28 20:24:15 WET [2025/01/28 15:24:15 ET]
Table 'Algedi' 6-max Seat #3 is the button
Seat 1: kennyg1803 ($75.77 in chips) is sitting out
Seat 2: kvcsszblcs ($100 in chips) is sitting out
Seat 3: RohayhuP ($96.50 in chips) 
Seat 4: Oli3579 ($100.50 in chips) 
Seat 5: Iseedora ($103 in chips) 
Oli3579: posts small blind $0.50
Iseedora: posts big blind $1
kennyg1803: sits out 
kvcsszblcs: sits out 
*** HOLE CARDS ***
MAO_DZEDYN_S joins the table at seat #6 
RohayhuP: folds 
Oli3579: folds 
Uncalled bet ($0.50) returned to Iseedora
Iseedora collected $1 from pot
Iseedora: doesn't show hand 
*** SUMMARY ***
Total pot $1 | Rake $0 
Seat 1: kennyg1803
Seat 2: kvcsszblcs
Seat 3: RohayhuP (button) folded before Flop (didn't bet)
Seat 4: Oli3579 (small blind) folded before Flop
Seat 5: Iseedora (big blind) collected ($1)



PokerStars Hand #254595903562:  Hold'em No Limit ($0.50/$1.00 USD) - 2025/01/28 20:24:25 WET [2025/01/28 15:24:25 ET]
Table 'Algedi' 6-max Seat #4 is the button
Seat 1: kennyg1803 ($75.77 in chips) is sitting out
Seat 2: kvcsszblcs ($100 in chips) is sitting out
Seat 3: RohayhuP ($96.50 in chips) 
Seat 4: Oli3579 ($100 in chips) 
Seat 5: Iseedora ($103.50 in chips) 
Seat 6: MAO_DZEDYN_S ($100 in chips) 
Iseedora: posts small blind $0.50
MAO_DZEDYN_S: posts big blind $1
kennyg1803: sits out 
kvcsszblcs: sits out 
*** HOLE CARDS ***
RohayhuP: raises $2 to $3
Oli3579: folds 
Iseedora: raises $9 to $12
MAO_DZEDYN_S: folds 
RohayhuP: folds 
Uncalled bet ($9) returned to Iseedora
Iseedora collected $7 from pot
Iseedora: doesn't show hand 
*** SUMMARY ***
Total pot $7 | Rake $0 
Seat 1: kennyg1803
Seat 2: kvcsszblcs
Seat 3: RohayhuP folded before Flop
Seat 4: Oli3579 (button) folded before Flop (didn't bet)
Seat 5: Iseedora (small blind) collected ($7)
Seat 6: MAO_DZEDYN_S (big blind) folded before Flop



PokerStars Hand #254595912982:  Hold'em No Limit ($0.50/$1.00 USD) - 2025/01/28 20:24:53 WET [2025/01/28 15:24:53 ET]
Table 'Algedi' 6-max Seat #5 is the button
Seat 2: kvcsszblcs ($100 in chips) is sitting out
Seat 1: kennyg1803 ($75.77 in chips) 
Seat 3: RohayhuP ($93.50 in chips) 
Seat 4: Oli3579 ($100 in chips) 
Seat 5: Iseedora ($107.50 in chips) 
Seat 6: MAO_DZEDYN_S ($100 in chips) 
MAO_DZEDYN_S: posts small blind $0.50
kennyg1803: posts big blind $1
kvcsszblcs: sits out 
*** HOLE CARDS ***
RohayhuP: folds 
Oli3579: raises $1.25 to $2.25
Iseedora: folds 
MAO_DZEDYN_S: folds 
kennyg1803: calls $1.25
*** FLOP *** [Qs 8c 6s]
kennyg1803: checks 
Oli3579: bets $1.57
kennyg1803: calls $1.57
*** TURN *** [Qs 8c 6s] [Ks]
kennyg1803: checks 
Oli3579: bets $3.87
kennyg1803: raises $3.87 to $7.74
Oli3579: calls $3.87
*** RIVER *** [Qs 8c 6s Ks] [Qd]
kennyg1803: bets $11.22
Oli3579: folds 
Uncalled bet ($11.22) returned to kennyg1803
kennyg1803 collected $22.44 from pot
kennyg1803: doesn't show hand 
*** SUMMARY ***
Total pot $23.62 | Rake $1.18 
Board [Qs 8c 6s Ks Qd]
Seat 2: kvcsszblcs
Seat 1: kennyg1803 (big blind) collected ($22.44)
Seat 3: RohayhuP folded before Flop (didn't bet)
Seat 4: Oli3579 folded on the River
Seat 5: Iseedora (button) folded before Flop (didn't bet)
Seat 6: MAO_DZEDYN_S (small blind) folded before Flop



PokerStars Hand #254595930947:  Hold'em No Limit ($0.50/$1.00 USD) - 2025/01/28 20:25:51 WET [2025/01/28 15:25:51 ET]
Table 'Algedi' 6-max Seat #6 is the button
Seat 1: kennyg1803 ($86.65 in chips) 
Seat 2: kvcsszblcs ($100 in chips) 
Seat 3: RohayhuP ($93.50 in chips) 
Seat 4: Oli3579 ($100 in chips) 
Seat 5: Iseedora ($107.50 in chips) 
Seat 6: MAO_DZEDYN_S ($100 in chips) 
kennyg1803: posts small blind $0.50
kvcsszblcs: posts big blind $1
*** HOLE CARDS ***
RohayhuP: folds 
Oli3579: raises $1.25 to $2.25
Iseedora: folds 
MAO_DZEDYN_S: folds 
kennyg1803: calls $1.75
kvcsszblcs: folds 
*** FLOP *** [7c Js 9c]
kennyg1803: checks 
Oli3579: checks 
*** TURN *** [7c Js 9c] [Ac]
kennyg1803: checks 
Oli3579: bets $2.61
kennyg1803: folds 
Uncalled bet ($2.61) returned to Oli3579
Oli3579 collected $5.22 from pot
Oli3579: doesn't show hand 
*** SUMMARY ***
Total pot $5.50 | Rake $0.28 
Board [7c Js 9c Ac]
Seat 1: kennyg1803 (small blind) folded on the Turn
Seat 2: kvcsszblcs (big blind) folded before Flop
Seat 3: RohayhuP folded before Flop (didn't bet)
Seat 4: Oli3579 collected ($5.22)
Seat 5: Iseedora folded before Flop (didn't bet)
Seat 6: MAO_DZEDYN_S (button) folded before Flop (didn't bet)



PokerStars Hand #254595949290:  Hold'em No Limit ($0.50/$1.00 USD) - 2025/01/28 20:26:56 WET [2025/01/28 15:26:56 ET]
Table 'Algedi' 6-max Seat #1 is the button
Seat 1: kennyg1803 ($84.40 in chips) 
Seat 2: kvcsszblcs ($100 in chips) 
Seat 3: RohayhuP ($93.50 in chips) 
Seat 4: Oli3579 ($102.97 in chips) 
Seat 5: Iseedora ($107.50 in chips) 
Seat 6: MAO_DZEDYN_S ($100 in chips) 
kvcsszblcs: posts small blind $0.50
RohayhuP: posts big blind $1
*** HOLE CARDS ***
Oli3579: folds 
Iseedora: folds 
MAO_DZEDYN_S: raises $1.25 to $2.25
kennyg1803: folds 
kvcsszblcs: raises $8.75 to $11
RohayhuP: folds 
MAO_DZEDYN_S: calls $8.75
*** FLOP *** [5c Kh 9d]
kvcsszblcs: bets $7.23
MAO_DZEDYN_S: folds 
Uncalled bet ($7.23) returned to kvcsszblcs
kvcsszblcs collected $21.85 from pot
kvcsszblcs: doesn't show hand 
*** SUMMARY ***
Total pot $23 | Rake $1.15 
Board [5c Kh 9d]
Seat 1: kennyg1803 (button) folded before Flop (didn't bet)
Seat 2: kvcsszblcs (small blind) collected ($21.85)
Seat 3: RohayhuP (big blind) folded before Flop
Seat 4: Oli3579 folded before Flop (didn't bet)
Seat 5: Iseedora folded before Flop (didn't bet)
Seat 6: MAO_DZEDYN_S folded on the Flop



PokerStars Hand #254595961500:  Hold'em No Limit ($0.50/$1.00 USD) - 2025/01/28 20:27:40 WET [2025/01/28 15:27:40 ET]
Table 'Algedi' 6-max Seat #2 is the button
Seat 1: kennyg1803 ($84.40 in chips) 
Seat 2: kvcsszblcs ($110.85 in chips) 
Seat 3: RohayhuP ($92.50 in chips) 
Seat 4: Oli3579 ($102.97 in chips) 
Seat 5: Iseedora ($107.50 in chips) 
Seat 6: MAO_DZEDYN_S ($100 in chips) 
RohayhuP: posts small blind $0.50
Oli3579: posts big blind $1
*** HOLE CARDS ***
Iseedora: raises $1.20 to $2.20
MAO_DZEDYN_S: folds 
kennyg1803: folds 
kvcsszblcs: folds 
RohayhuP: folds 
Oli3579: folds 
Uncalled bet ($1.20) returned to Iseedora
Iseedora collected $2.50 from pot
Iseedora: doesn't show hand 
*** SUMMARY ***
Total pot $2.50 | Rake $0 
Seat 1: kennyg1803 folded before Flop (didn't bet)
Seat 2: kvcsszblcs (button) folded before Flop (didn't bet)
Seat 3: RohayhuP (small blind) folded before Flop
Seat 4: Oli3579 (big blind) folded before Flop
Seat 5: Iseedora collected ($2.50)
Seat 6: MAO_DZEDYN_S folded before Flop (didn't bet)



PokerStars Hand #254595965080:  Hold'em No Limit ($0.50/$1.00 USD) - 2025/01/28 20:27:52 WET [2025/01/28 15:27:52 ET]
Table 'Algedi' 6-max Seat #3 is the button
Seat 1: kennyg1803 ($84.40 in chips) 
Seat 2: kvcsszblcs ($110.85 in chips) 
Seat 3: RohayhuP ($92 in chips) 
Seat 4: Oli3579 ($101.97 in chips) 
Seat 5: Iseedora ($109 in chips) 
Seat 6: MAO_DZEDYN_S ($100 in chips) 
Oli3579: posts small blind $0.50
Iseedora: posts big blind $1
*** HOLE CARDS ***
MAO_DZEDYN_S: folds 
kennyg1803: folds 
kvcsszblcs: folds 
RohayhuP: folds 
MAO_DZEDYN_S leaves the table
Oli3579: raises $2 to $3
Iseedora: folds 
Uncalled bet ($2) returned to Oli3579
Oli3579 collected $2 from pot
Oli3579: doesn't show hand 
*** SUMMARY ***
Total pot $2 | Rake $0 
Seat 1: kennyg1803 folded before Flop (didn't bet)
Seat 2: kvcsszblcs folded before Flop (didn't bet)
Seat 3: RohayhuP (button) folded before Flop (didn't bet)
Seat 4: Oli3579 (small blind) collected ($2)
Seat 5: Iseedora (big blind) folded before Flop
Seat 6: MAO_DZEDYN_S folded before Flop (didn't bet)



PokerStars Hand #254595970008:  Hold'em No Limit ($0.50/$1.00 USD) - 2025/01/28 20:28:10 WET [2025/01/28 15:28:10 ET]
Table 'Algedi' 6-max Seat #4 is the button
Seat 1: kennyg1803 ($84.40 in chips) 
Seat 2: kvcsszblcs ($110.85 in chips) 
Seat 3: RohayhuP ($92 in chips) 
Seat 4: Oli3579 ($102.97 in chips) 
Seat 5: Iseedora ($108 in chips) 
Iseedora: posts small blind $0.50
kennyg1803: posts big blind $1
*** HOLE CARDS ***
kvcsszblcs: raises $1 to $2
RohayhuP: folds 
Oli3579: folds 
BGS013 joins the table at seat #6 
Iseedora: folds 
kennyg1803: calls $1
*** FLOP *** [Kh 7d 3d]
kennyg1803: checks 
kvcsszblcs: bets $2.82
kennyg1803: folds 
Uncalled bet ($2.82) returned to kvcsszblcs
kvcsszblcs collected $4.28 from pot
kvcsszblcs: doesn't show hand 
*** SUMMARY ***
Total pot $4.50 | Rake $0.22 
Board [Kh 7d 3d]
Seat 1: kennyg1803 (big blind) folded on the Flop
Seat 2: kvcsszblcs collected ($4.28)
Seat 3: RohayhuP folded before Flop (didn't bet)
Seat 4: Oli3579 (button) folded before Flop (didn't bet)
Seat 5: Iseedora (small blind) folded before Flop



PokerStars Hand #254595976532:  Hold'em No Limit ($0.50/$1.00 USD) - 2025/01/28 20:28:34 WET [2025/01/28 15:28:34 ET]
Table 'Algedi' 6-max Seat #5 is the button
Seat 2: kvcsszblcs ($113.13 in chips) is sitting out
Seat 6: BGS013 ($100 in chips) is sitting out
Seat 1: kennyg1803 ($82.40 in chips) 
Seat 3: RohayhuP ($92 in chips) 
Seat 4: Oli3579 ($102.97 in chips) 
Seat 5: Iseedora ($107.50 in chips) 
kennyg1803: posts small blind $0.50
kvcsszblcs: is sitting out 
RohayhuP: posts big blind $1
*** HOLE CARDS ***
Oli3579: folds 
Iseedora: folds 
kennyg1803: folds 
Uncalled bet ($0.50) returned to RohayhuP
RohayhuP collected $1 from pot
RohayhuP: doesn't show hand 
*** SUMMARY ***
Total pot $1 | Rake $0 
Seat 2: kvcsszblcs
Seat 6: BGS013
Seat 1: kennyg1803 (small blind) folded before Flop
Seat 3: RohayhuP (big blind) collected ($1)
Seat 4: Oli3579 folded before Flop (didn't bet)
Seat 5: Iseedora (button) folded before Flop (didn't bet)



PokerStars Hand #254595979496:  Hold'em No Limit ($0.50/$1.00 USD) - 2025/01/28 20:28:45 WET [2025/01/28 15:28:45 ET]
Table 'Algedi' 6-max Seat #1 is the button
Seat 2: kvcsszblcs ($113.13 in chips) is sitting out
Seat 6: BGS013 ($100 in chips) is sitting out
Seat 1: kennyg1803 ($81.90 in chips) 
Seat 3: RohayhuP ($92.50 in chips) 
Seat 4: Oli3579 ($102.97 in chips) 
Seat 5: Iseedora ($107.50 in chips) 
RohayhuP: posts small blind $0.50
Oli3579: posts big blind $1
BGS013: sits out 
*** HOLE CARDS ***
Iseedora: folds 
kennyg1803: raises $1.20 to $2.20
Iseedora leaves the table
RohayhuP: folds 
Oli3579: raises $8.60 to $10.80
kennyg1803: folds 
Uncalled bet ($8.60) returned to Oli3579
Oli3579 collected $4.90 from pot
Oli3579: doesn't show hand 
*** SUMMARY ***
Total pot $4.90 | Rake $0 
Seat 2: kvcsszblcs
Seat 6: BGS013
Seat 1: kennyg1803 (button) folded before Flop
Seat 3: RohayhuP (small blind) folded before Flop
Seat 4: Oli3579 (big blind) collected ($4.90)
Seat 5: Iseedora folded before Flop (didn't bet)



PokerStars Hand #254595986625:  Hold'em No Limit ($0.50/$1.00 USD) - 2025/01/28 20:29:11 WET [2025/01/28 15:29:11 ET]
Table 'Algedi' 6-max Seat #3 is the button
Seat 2: kvcsszblcs ($113.13 in chips) is sitting out
Seat 1: kennyg1803 ($79.70 in chips) 
Seat 3: RohayhuP ($92 in chips) 
Seat 4: Oli3579 ($105.67 in chips) 
Seat 6: BGS013 ($100 in chips) 
Oli3579: posts small blind $0.50
BGS013: posts big blind $1
*** HOLE CARDS ***
kennyg1803: folds 
RohayhuP: folds 
Oli3579: raises $2 to $3
BoyLoc0 joins the table at seat #5 
BGS013: raises $6.50 to $9.50
Oli3579: folds 
Uncalled bet ($6.50) returned to BGS013
BGS013 collected $6 from pot
BGS013: doesn't show hand 
*** SUMMARY ***
Total pot $6 | Rake $0 
Seat 2: kvcsszblcs
Seat 1: kennyg1803 folded before Flop (didn't bet)
Seat 3: RohayhuP (button) folded before Flop (didn't bet)
Seat 4: Oli3579 (small blind) folded before Flop
Seat 6: BGS013 (big blind) collected ($6)



PokerStars Hand #254595991459:  Hold'em No Limit ($0.50/$1.00 USD) - 2025/01/28 20:29:27 WET [2025/01/28 15:29:27 ET]
Table 'Algedi' 6-max Seat #4 is the button
Seat 2: kvcsszblcs ($113.13 in chips) is sitting out
Seat 5: BoyLoc0 ($100 in chips) is sitting out
Seat 1: kennyg1803 ($79.70 in chips) 
Seat 3: RohayhuP ($92 in chips) 
Seat 4: Oli3579 ($102.67 in chips) 
Seat 6: BGS013 ($103 in chips) 
BGS013: posts small blind $0.50
kennyg1803: posts big blind $1
*** HOLE CARDS ***
RohayhuP: folds 
Oli3579: raises $2 to $3
BGS013: raises $9 to $12
kennyg1803: folds 
Oli3579: raises $13.50 to $25.50
BGS013: raises $77.50 to $103 and is all-in
Oli3579: calls $77.17 and is all-in
Uncalled bet ($0.33) returned to BGS013
*** FLOP *** [8h 8c Qc]
*** TURN *** [8h 8c Qc] [2d]
*** RIVER *** [8h 8c Qc 2d] [6s]
*** SHOW DOWN ***
BGS013: shows [Jh Jc] (two pair, Jacks and Eights)
Oli3579: shows [Ad Kc] (a pair of Eights)
BGS013 collected $205.34 from pot
*** SUMMARY ***
Total pot $206.34 | Rake $1 
Board [8h 8c Qc 2d 6s]
Seat 2: kvcsszblcs
Seat 5: BoyLoc0
Seat 1: kennyg1803 (big blind) folded before Flop
Seat 3: RohayhuP folded before Flop (didn't bet)
Seat 4: Oli3579 (button) showed [Ad Kc] and lost with a pair of Eights
Seat 6: BGS013 (small blind) showed [Jh Jc] and won ($205.34) with two pair, Jacks and Eights



PokerStars Hand #254596003590:  Hold'em No Limit ($0.50/$1.00 USD) - 2025/01/28 20:30:10 WET [2025/01/28 15:30:10 ET]
Table 'Algedi' 6-max Seat #6 is the button
Seat 2: kvcsszblcs ($113.13 in chips) is sitting out
Seat 5: BoyLoc0 ($100 in chips) is sitting out
Seat 1: kennyg1803 ($78.70 in chips) 
Seat 3: RohayhuP ($92 in chips) 
Seat 4: Oli3579 ($100 in chips) 
Seat 6: BGS013 ($205.67 in chips) 
kennyg1803: posts small blind $0.50
RohayhuP: posts big blind $1
BoyLoc0: sits out 
*** HOLE CARDS ***
Oli3579: folds 
BGS013: raises $1.50 to $2.50
kennyg1803: calls $2
RohayhuP: folds 
*** FLOP *** [5s 9c Td]
kennyg1803: bets $1
BGS013: raises $6.01 to $7.01
kennyg1803: calls $6.01
*** TURN *** [5s 9c Td] [Ac]
kennyg1803: checks 
BoyLoc0 leaves the table
BGS013: checks 
*** RIVER *** [5s 9c Td Ac] [3h]
kennyg1803: bets $14.27
BGS013: calls $14.27
*** SHOW DOWN ***
kennyg1803: shows [As 5c] (two pair, Aces and Fives)
BGS013: mucks hand 
kennyg1803 collected $47.56 from pot
*** SUMMARY ***
Total pot $48.56 | Rake $1 
Board [5s 9c Td Ac 3h]
Seat 2: kvcsszblcs
Seat 5: BoyLoc0
Seat 1: kennyg1803 (small blind) showed [As 5c] and won ($47.56) with two pair, Aces and Fives
Seat 3: RohayhuP (big blind) folded before Flop
Seat 4: Oli3579 folded before Flop (didn't bet)
Seat 6: BGS013 (button) mucked



PokerStars Hand #254596013976:  Hold'em No Limit ($0.50/$1.00 USD) - 2025/01/28 20:30:45 WET [2025/01/28 15:30:45 ET]
Table 'Algedi' 6-max Seat #1 is the button
Seat 2: kvcsszblcs ($113.13 in chips) is sitting out
Seat 1: kennyg1803 ($102.48 in chips) 
Seat 3: RohayhuP ($91 in chips) 
Seat 4: Oli3579 ($100 in chips) 
Seat 6: BGS013 ($181.89 in chips) 
RohayhuP: posts small blind $0.50
Oli3579: posts big blind $1
*** HOLE CARDS ***
BGS013: folds 
kennyg1803: folds 
RohayhuP: folds 
Uncalled bet ($0.50) returned to Oli3579
Oli3579 collected $1 from pot
Oli3579: doesn't show hand 
*** SUMMARY ***
Total pot $1 | Rake $0 
Seat 2: kvcsszblcs
Seat 1: kennyg1803 (button) folded before Flop (didn't bet)
Seat 3: RohayhuP (small blind) folded before Flop
Seat 4: Oli3579 (big blind) collected ($1)
Seat 6: BGS013 folded before Flop (didn't bet)



PokerStars Hand #254596017441:  Hold'em No Limit ($0.50/$1.00 USD) - 2025/01/28 20:30:57 WET [2025/01/28 15:30:57 ET]
Table 'Algedi' 6-max Seat #3 is the button
Seat 2: kvcsszblcs ($113.13 in chips) is sitting out
Seat 1: kennyg1803 ($102.48 in chips) 
Seat 3: RohayhuP ($90.50 in chips) 
Seat 4: Oli3579 ($100.50 in chips) 
Seat 6: BGS013 ($181.89 in chips) 
Oli3579: posts small blind $0.50
BGS013: posts big blind $1
*** HOLE CARDS ***
kennyg1803: folds 
RohayhuP: folds 
Oli3579: folds 
Uncalled bet ($0.50) returned to BGS013
BGS013 collected $1 from pot
BGS013: doesn't show hand 
*** SUMMARY ***
Total pot $1 | Rake $0 
Seat 2: kvcsszblcs
Seat 1: kennyg1803 folded before Flop (didn't bet)
Seat 3: RohayhuP (button) folded before Flop (didn't bet)
Seat 4: Oli3579 (small blind) folded before Flop
Seat 6: BGS013 (big blind) collected ($1)



PokerStars Hand #254596019934:  Hold'em No Limit ($0.50/$1.00 USD) - 2025/01/28 20:31:06 WET [2025/01/28 15:31:06 ET]
Table 'Algedi' 6-max Seat #4 is the button
Seat 2: kvcsszblcs ($113.13 in chips) is sitting out
Seat 1: kennyg1803 ($102.48 in chips) 
Seat 3: RohayhuP ($90.50 in chips) 
Seat 4: Oli3579 ($100 in chips) 
Seat 6: BGS013 ($182.39 in chips) 
BGS013: posts small blind $0.50
kennyg1803: posts big blind $1
kvcsszblcs: sits out 
*** HOLE CARDS ***
RohayhuP: folds 
Oli3579: raises $2 to $3
BGS013: calls $2.50
kennyg1803: folds 
*** FLOP *** [7s 3s 6h]
BGS013: checks 
Oli3579: bets $2.19
BGS013: raises $7.31 to $9.50
Oli3579: raises $19.24 to $28.74
BGS013: raises $128.26 to $157
Oli3579: calls $68.26 and is all-in
Uncalled bet ($60) returned to BGS013
*** TURN *** [7s 3s 6h] [2h]
*** RIVER *** [7s 3s 6h 2h] [Qh]
*** SHOW DOWN ***
BGS013: shows [6c 6s] (three of a kind, Sixes)
Oli3579: shows [3h 3c] (three of a kind, Threes)
BGS013 collected $200 from pot
*** SUMMARY ***
Total pot $201 | Rake $1 
Board [7s 3s 6h 2h Qh]
Seat 2: kvcsszblcs
Seat 1: kennyg1803 (big blind) folded before Flop
Seat 3: RohayhuP folded before Flop (didn't bet)
Seat 4: Oli3579 (button) showed [3h 3c] and lost with three of a kind, Threes
Seat 6: BGS013 (small blind) showed [6c 6s] and won ($200) with three of a kind, Sixes



PokerStars Hand #254596032749:  Hold'em No Limit ($0.50/$1.00 USD) - 2025/01/28 20:31:49 WET [2025/01/28 15:31:49 ET]
Table 'Algedi' 6-max Seat #6 is the button
Seat 1: kennyg1803 ($101.48 in chips) 
Seat 2: kvcsszblcs ($113.13 in chips) 
Seat 3: RohayhuP ($90.50 in chips) 
Seat 4: Oli3579 ($100 in chips) 
Seat 6: BGS013 ($282.39 in chips) 
kennyg1803: posts small blind $0.50
kvcsszblcs: posts big blind $1
*** HOLE CARDS ***
RohayhuP: folds 
Oli3579: folds 
BGS013: raises $1.50 to $2.50
kennyg1803: calls $2
Pippa83 joins the table at seat #5 
kvcsszblcs: folds 
*** FLOP *** [3s 5c As]
kennyg1803: checks 
BGS013: bets $1.48
kennyg1803: folds 
Uncalled bet ($1.48) returned to BGS013
BGS013 collected $5.70 from pot
BGS013: doesn't show hand 
*** SUMMARY ***
Total pot $6 | Rake $0.30 
Board [3s 5c As]
Seat 1: kennyg1803 (small blind) folded on the Flop
Seat 2: kvcsszblcs (big blind) folded before Flop
Seat 3: RohayhuP folded before Flop (didn't bet)
Seat 4: Oli3579 folded before Flop (didn't bet)
Seat 6: BGS013 (button) collected ($5.70)



PokerStars Hand #254596040518:  Hold'em No Limit ($0.50/$1.00 USD) - 2025/01/28 20:32:15 WET [2025/01/28 15:32:15 ET]
Table 'Algedi' 6-max Seat #1 is the button
Seat 5: Pippa83 ($100 in chips) is sitting out
Seat 1: kennyg1803 ($98.98 in chips) 
Seat 2: kvcsszblcs ($112.13 in chips) 
Seat 3: RohayhuP ($90.50 in chips) 
Seat 4: Oli3579 ($100 in chips) 
Seat 6: BGS013 ($285.59 in chips) 
kvcsszblcs: posts small blind $0.50
RohayhuP: posts big blind $1
Pippa83: sits out 
*** HOLE CARDS ***
Oli3579: folds 
BGS013: folds 
kennyg1803: raises $1.20 to $2.20
kvcsszblcs: folds 
RohayhuP: folds 
Uncalled bet ($1.20) returned to kennyg1803
kennyg1803 collected $2.50 from pot
kennyg1803: doesn't show hand 
*** SUMMARY ***
Total pot $2.50 | Rake $0 
Seat 5: Pippa83
Seat 1: kennyg1803 (button) collected ($2.50)
Seat 2: kvcsszblcs (small blind) folded before Flop
Seat 3: RohayhuP (big blind) folded before Flop
Seat 4: Oli3579 folded before Flop (didn't bet)
Seat 6: BGS013 folded before Flop (didn't bet)



PokerStars Hand #254596044885:  Hold'em No Limit ($0.50/$1.00 USD) - 2025/01/28 20:32:29 WET [2025/01/28 15:32:29 ET]
Table 'Algedi' 6-max Seat #2 is the button
Seat 5: Pippa83 ($100 in chips) is sitting out
Seat 1: kennyg1803 ($100.48 in chips) 
Seat 2: kvcsszblcs ($111.63 in chips) 
Seat 3: RohayhuP ($89.50 in chips) 
Seat 4: Oli3579 ($100 in chips) 
Seat 6: BGS013 ($285.59 in chips) 
RohayhuP: posts small blind $0.50
Oli3579: posts big blind $1
Pippa83: sits out 
*** HOLE CARDS ***
BGS013: raises $1 to $2
kennyg1803: folds 
kvcsszblcs: folds 
RohayhuP: raises $6.50 to $8.50
Oli3579: folds 
BGS013: calls $6.50
*** FLOP *** [3d 2c 7c]
RohayhuP: bets $8.69
BGS013: folds 
Uncalled bet ($8.69) returned to RohayhuP
RohayhuP collected $16.88 from pot
RohayhuP: doesn't show hand 
*** SUMMARY ***
Total pot $18 | Rake $1.12 
Board [3d 2c 7c]
Seat 5: Pippa83
Seat 1: kennyg1803 folded before Flop (didn't bet)
Seat 2: kvcsszblcs (button) folded before Flop (didn't bet)
Seat 3: RohayhuP (small blind) collected ($16.88)
Seat 4: Oli3579 (big blind) folded before Flop
Seat 6: BGS013 folded on the Flop



PokerStars Hand #254596054844:  Hold'em No Limit ($0.50/$1.00 USD) - 2025/01/28 20:33:02 WET [2025/01/28 15:33:02 ET]
Table 'Algedi' 6-max Seat #3 is the button
Seat 1: kennyg1803 ($100.48 in chips) 
Seat 2: kvcsszblcs ($111.63 in chips) 
Seat 3: RohayhuP ($97.88 in chips) 
Seat 4: Oli3579 ($100 in chips) 
Seat 5: Pippa83 ($100 in chips) 
Seat 6: BGS013 ($277.09 in chips) 
Oli3579: posts small blind $0.50
Pippa83: posts big blind $1
*** HOLE CARDS ***
BGS013: folds 
kennyg1803: raises $1.20 to $2.20
kvcsszblcs: folds 
RohayhuP: folds 
Oli3579: folds 
Pippa83: folds 
Uncalled bet ($1.20) returned to kennyg1803
kennyg1803 collected $2.50 from pot
kennyg1803: doesn't show hand 
*** SUMMARY ***
Total pot $2.50 | Rake $0 
Seat 1: kennyg1803 collected ($2.50)
Seat 2: kvcsszblcs folded before Flop (didn't bet)
Seat 3: RohayhuP (button) folded before Flop (didn't bet)
Seat 4: Oli3579 (small blind) folded before Flop
Seat 5: Pippa83 (big blind) folded before Flop
Seat 6: BGS013 folded before Flop (didn't bet)



PokerStars Hand #254596058612:  Hold'em No Limit ($0.50/$1.00 USD) - 2025/01/28 20:33:15 WET [2025/01/28 15:33:15 ET]
Table 'Algedi' 6-max Seat #4 is the button
Seat 1: kennyg1803 ($101.98 in chips) 
Seat 2: kvcsszblcs ($111.63 in chips) 
Seat 3: RohayhuP ($97.88 in chips) 
Seat 4: Oli3579 ($100 in chips) 
Seat 5: Pippa83 ($100 in chips) 
Seat 6: BGS013 ($277.09 in chips) 
Pippa83: posts small blind $0.50
BGS013: posts big blind $1
*** HOLE CARDS ***
kennyg1803: folds 
kvcsszblcs: folds 
kennyg1803 leaves the table
RohayhuP: raises $2 to $3
Oli3579: raises $6 to $9
Pippa83: folds 
BGS013: folds 
RohayhuP: raises $15 to $24
Juusokoo joins the table at seat #1 
Oli3579: raises $76 to $100 and is all-in
RohayhuP: folds 
Uncalled bet ($76) returned to Oli3579
Oli3579 collected $49.50 from pot
Oli3579: doesn't show hand 
*** SUMMARY ***
Total pot $49.50 | Rake $0 
Seat 1: kennyg1803 folded before Flop (didn't bet)
Seat 2: kvcsszblcs folded before Flop (didn't bet)
Seat 3: RohayhuP folded before Flop
Seat 4: Oli3579 (button) collected ($49.50)
Seat 5: Pippa83 (small blind) folded before Flop
Seat 6: BGS013 (big blind) folded before Flop



PokerStars Hand #254596073757:  Hold'em No Limit ($0.50/$1.00 USD) - 2025/01/28 20:34:05 WET [2025/01/28 15:34:05 ET]
Table 'Algedi' 6-max Seat #5 is the button
Seat 1: Juusokoo ($56.04 in chips) 
Seat 2: kvcsszblcs ($111.63 in chips) 
Seat 3: RohayhuP ($73.88 in chips) 
Seat 4: Oli3579 ($125.50 in chips) 
Seat 5: Pippa83 ($100 in chips) 
Seat 6: BGS013 ($276.09 in chips) 
BGS013: posts small blind $0.50
Juusokoo: posts big blind $1
*** HOLE CARDS ***
kvcsszblcs: folds 
RohayhuP: raises $2 to $3
Oli3579: folds 
Pippa83: raises $6 to $9
BGS013: folds 
Juusokoo: calls $8
RohayhuP: calls $6
*** FLOP *** [2c 9c Ah]
Juusokoo: checks 
RohayhuP: checks 
Pippa83: bets $6.53
Juusokoo: calls $6.53
RohayhuP: folds 
*** TURN *** [2c 9c Ah] [5h]
Juusokoo: bets $5
Pippa83: calls $5
*** RIVER *** [2c 9c Ah 5h] [6d]
Juusokoo: bets $9
Pippa83: calls $9
*** SHOW DOWN ***
Juusokoo: shows [Kh Qh] (high card Ace)
Pippa83: shows [Th Td] (a pair of Tens)
Pippa83 collected $66.06 from pot
*** SUMMARY ***
Total pot $68.56 | Rake $2.50 
Board [2c 9c Ah 5h 6d]
Seat 1: Juusokoo (big blind) showed [Kh Qh] and lost with high card Ace
Seat 2: kvcsszblcs folded before Flop (didn't bet)
Seat 3: RohayhuP folded on the Flop
Seat 4: Oli3579 folded before Flop (didn't bet)
Seat 5: Pippa83 (button) showed [Th Td] and won ($66.06) with a pair of Tens
Seat 6: BGS013 (small blind) folded before Flop



PokerStars Hand #254596101049:  Hold'em No Limit ($0.50/$1.00 USD) - 2025/01/28 20:35:34 WET [2025/01/28 15:35:34 ET]
Table 'Algedi' 6-max Seat #6 is the button
Seat 1: Juusokoo ($26.51 in chips) 
Seat 2: kvcsszblcs ($111.63 in chips) 
Seat 3: RohayhuP ($100 in chips) 
Seat 4: Oli3579 ($125.50 in chips) 
Seat 5: Pippa83 ($136.53 in chips) 
Seat 6: BGS013 ($275.59 in chips) 
Juusokoo: posts small blind $0.50
kvcsszblcs: posts big blind $1
*** HOLE CARDS ***
RohayhuP: folds 
Oli3579: folds 
Pippa83: folds 
BGS013: folds 
Juusokoo: calls $0.50
kvcsszblcs: raises $3.50 to $4.50
Juusokoo: calls $3.50
*** FLOP *** [3s 7c Jh]
Juusokoo: bets $3
kvcsszblcs: calls $3
*** TURN *** [3s 7c Jh] [Th]
Juusokoo: bets $3
kvcsszblcs: calls $3
*** RIVER *** [3s 7c Jh Th] [Jc]
Juusokoo: bets $3
kvcsszblcs: calls $3
*** SHOW DOWN ***
Juusokoo: shows [7s 6s] (two pair, Jacks and Sevens)
kvcsszblcs: mucks hand 
Juusokoo collected $25.65 from pot
*** SUMMARY ***
Total pot $27 | Rake $1.35 
Board [3s 7c Jh Th Jc]
Seat 1: Juusokoo (small blind) showed [7s 6s] and won ($25.65) with two pair, Jacks and Sevens
Seat 2: kvcsszblcs (big blind) mucked
Seat 3: RohayhuP folded before Flop (didn't bet)
Seat 4: Oli3579 folded before Flop (didn't bet)
Seat 5: Pippa83 folded before Flop (didn't bet)
Seat 6: BGS013 (button) folded before Flop (didn't bet)



PokerStars Hand #254596121653:  Hold'em No Limit ($0.50/$1.00 USD) - 2025/01/28 20:36:40 WET [2025/01/28 15:36:40 ET]
Table 'Algedi' 6-max Seat #1 is the button
Seat 1: Juusokoo ($38.66 in chips) 
Seat 2: kvcsszblcs ($100 in chips) 
Seat 3: RohayhuP ($100 in chips) 
Seat 4: Oli3579 ($125.50 in chips) 
Seat 5: Pippa83 ($136.53 in chips) 
Seat 6: BGS013 ($275.59 in chips) 
kvcsszblcs: posts small blind $0.50
RohayhuP: posts big blind $1
*** HOLE CARDS ***
Oli3579: folds 
Pippa83: folds 
BGS013: raises $1.50 to $2.50
Juusokoo: folds 
kvcsszblcs: folds 
RohayhuP: folds 
Uncalled bet ($1.50) returned to BGS013
BGS013 collected $2.50 from pot
BGS013: doesn't show hand 
*** SUMMARY ***
Total pot $2.50 | Rake $0 
Seat 1: Juusokoo (button) folded before Flop (didn't bet)
Seat 2: kvcsszblcs (small blind) folded before Flop
Seat 3: RohayhuP (big blind) folded before Flop
Seat 4: Oli3579 folded before Flop (didn't bet)
Seat 5: Pippa83 folded before Flop (didn't bet)
Seat 6: BGS013 collected ($2.50)



PokerStars Hand #254596128442:  Hold'em No Limit ($0.50/$1.00 USD) - 2025/01/28 20:37:03 WET [2025/01/28 15:37:03 ET]
Table 'Algedi' 6-max Seat #2 is the button
Seat 1: Juusokoo ($38.66 in chips) 
Seat 2: kvcsszblcs ($100 in chips) 
Seat 3: RohayhuP ($99 in chips) 
Seat 4: Oli3579 ($125.50 in chips) 
Seat 5: Pippa83 ($136.53 in chips) 
Seat 6: BGS013 ($277.09 in chips) 
RohayhuP: posts small blind $0.50
Oli3579: posts big blind $1
*** HOLE CARDS ***
Pippa83: raises $1.20 to $2.20
BGS013: folds 
Juusokoo: folds 
kvcsszblcs: folds 
RohayhuP: folds 
Oli3579: folds 
Uncalled bet ($1.20) returned to Pippa83
Pippa83 collected $2.50 from pot
Pippa83: doesn't show hand 
*** SUMMARY ***
Total pot $2.50 | Rake $0 
Seat 1: Juusokoo folded before Flop (didn't bet)
Seat 2: kvcsszblcs (button) folded before Flop (didn't bet)
Seat 3: RohayhuP (small blind) folded before Flop
Seat 4: Oli3579 (big blind) folded before Flop
Seat 5: Pippa83 collected ($2.50)
Seat 6: BGS013 folded before Flop (didn't bet)



PokerStars Hand #254596133792:  Hold'em No Limit ($0.50/$1.00 USD) - 2025/01/28 20:37:20 WET [2025/01/28 15:37:20 ET]
Table 'Algedi' 6-max Seat #3 is the button
Seat 1: Juusokoo ($38.66 in chips) 
Seat 2: kvcsszblcs ($100 in chips) 
Seat 3: RohayhuP ($98.50 in chips) 
Seat 4: Oli3579 ($124.50 in chips) 
Seat 5: Pippa83 ($138.03 in chips) 
Seat 6: BGS013 ($277.09 in chips) 
Oli3579: posts small blind $0.50
Pippa83: posts big blind $1
*** HOLE CARDS ***
BGS013: folds 
Juusokoo: folds 
kvcsszblcs: raises $1 to $2
RohayhuP: calls $2
Oli3579: folds 
Pippa83: folds 
*** FLOP *** [Kd 9h Ah]
kvcsszblcs: bets $3.92
RohayhuP: calls $3.92
*** TURN *** [Kd 9h Ah] [Ad]
kvcsszblcs: checks 
RohayhuP: checks 
*** RIVER *** [Kd 9h Ah Ad] [7d]
kvcsszblcs: checks 
RohayhuP: bets $12.67
kvcsszblcs: folds 
Uncalled bet ($12.67) returned to RohayhuP
RohayhuP collected $12.50 from pot
RohayhuP: doesn't show hand 
*** SUMMARY ***
Total pot $13.34 | Rake $0.84 
Board [Kd 9h Ah Ad 7d]
Seat 1: Juusokoo folded before Flop (didn't bet)
Seat 2: kvcsszblcs folded on the River
Seat 3: RohayhuP (button) collected ($12.50)
Seat 4: Oli3579 (small blind) folded before Flop
Seat 5: Pippa83 (big blind) folded before Flop
Seat 6: BGS013 folded before Flop (didn't bet)



PokerStars Hand #254596162053:  Hold'em No Limit ($0.50/$1.00 USD) - 2025/01/28 20:38:50 WET [2025/01/28 15:38:50 ET]
Table 'Algedi' 6-max Seat #4 is the button
Seat 1: Juusokoo ($38.66 in chips) 
Seat 2: kvcsszblcs ($100 in chips) 
Seat 3: RohayhuP ($105.08 in chips) 
Seat 4: Oli3579 ($124 in chips) 
Seat 5: Pippa83 ($137.03 in chips) 
Seat 6: BGS013 ($277.09 in chips) 
Pippa83: posts small blind $0.50
BGS013: posts big blind $1
*** HOLE CARDS ***
Juusokoo: folds 
kvcsszblcs: folds 
RohayhuP: raises $2 to $3
Oli3579: folds 
Pippa83: folds 
BGS013: folds 
Uncalled bet ($2) returned to RohayhuP
RohayhuP collected $2.50 from pot
RohayhuP: doesn't show hand 
*** SUMMARY ***
Total pot $2.50 | Rake $0 
Seat 1: Juusokoo folded before Flop (didn't bet)
Seat 2: kvcsszblcs folded before Flop (didn't bet)
Seat 3: RohayhuP collected ($2.50)
Seat 4: Oli3579 (button) folded before Flop (didn't bet)
Seat 5: Pippa83 (small blind) folded before Flop
Seat 6: BGS013 (big blind) folded before Flop



PokerStars Hand #254596168414:  Hold'em No Limit ($0.50/$1.00 USD) - 2025/01/28 20:39:11 WET [2025/01/28 15:39:11 ET]
Table 'Algedi' 6-max Seat #5 is the button
Seat 1: Juusokoo ($38.66 in chips) is sitting out
Seat 2: kvcsszblcs ($100 in chips) 
Seat 3: RohayhuP ($106.58 in chips) 
Seat 4: Oli3579 ($124 in chips) 
Seat 5: Pippa83 ($136.53 in chips) 
Seat 6: BGS013 ($276.09 in chips) 
BGS013: posts small blind $0.50
kvcsszblcs: posts big blind $1
*** HOLE CARDS ***
RohayhuP: folds 
Oli3579: folds 
Pippa83: folds 
BGS013: raises $2 to $3
kvcsszblcs: folds 
Uncalled bet ($2) returned to BGS013
BGS013 collected $2 from pot
BGS013: doesn't show hand 
*** SUMMARY ***
Total pot $2 | Rake $0 
Seat 1: Juusokoo
Seat 2: kvcsszblcs (big blind) folded before Flop
Seat 3: RohayhuP folded before Flop (didn't bet)
Seat 4: Oli3579 folded before Flop (didn't bet)
Seat 5: Pippa83 (button) folded before Flop (didn't bet)
Seat 6: BGS013 (small blind) collected ($2)



PokerStars Hand #254596175795:  Hold'em No Limit ($0.50/$1.00 USD) - 2025/01/28 20:39:35 WET [2025/01/28 15:39:35 ET]
Table 'Algedi' 6-max Seat #6 is the button
Seat 1: Juusokoo ($38.66 in chips) is sitting out
Seat 2: kvcsszblcs ($100 in chips) 
Seat 3: RohayhuP ($106.58 in chips) 
Seat 4: Oli3579 ($124 in chips) 
Seat 5: Pippa83 ($136.53 in chips) 
Seat 6: BGS013 ($277.09 in chips) 
kvcsszblcs: posts small blind $0.50
RohayhuP: posts big blind $1
*** HOLE CARDS ***
Oli3579: folds 
Pippa83: folds 
BGS013: folds 
kvcsszblcs: raises $1.85 to $2.85
RohayhuP: folds 
Uncalled bet ($1.85) returned to kvcsszblcs
kvcsszblcs collected $2 from pot
*** SUMMARY ***
Total pot $2 | Rake $0 
Seat 1: Juusokoo
Seat 2: kvcsszblcs (small blind) collected ($2)
Seat 3: RohayhuP (big blind) folded before Flop
Seat 4: Oli3579 folded before Flop (didn't bet)
Seat 5: Pippa83 folded before Flop (didn't bet)
Seat 6: BGS013 (button) folded before Flop (didn't bet)



PokerStars Hand #254596182560:  Hold'em No Limit ($0.50/$1.00 USD) - 2025/01/28 20:39:57 WET [2025/01/28 15:39:57 ET]
Table 'Algedi' 6-max Seat #2 is the button
Seat 1: Juusokoo ($38.66 in chips) is sitting out
Seat 2: kvcsszblcs ($101 in chips) 
Seat 3: RohayhuP ($105.58 in chips) 
Seat 4: Oli3579 ($124 in chips) 
Seat 5: Pippa83 ($136.53 in chips) 
Seat 6: BGS013 ($277.09 in chips) 
RohayhuP: posts small blind $0.50
Oli3579: posts big blind $1
*** HOLE CARDS ***
Pippa83: raises $1.20 to $2.20
BGS013: folds 
kvcsszblcs: folds 
RohayhuP: folds 
Oli3579: folds 
Uncalled bet ($1.20) returned to Pippa83
Pippa83 collected $2.50 from pot
Pippa83: doesn't show hand 
*** SUMMARY ***
Total pot $2.50 | Rake $0 
Seat 1: Juusokoo
Seat 2: kvcsszblcs (button) folded before Flop (didn't bet)
Seat 3: RohayhuP (small blind) folded before Flop
Seat 4: Oli3579 (big blind) folded before Flop
Seat 5: Pippa83 collected ($2.50)
Seat 6: BGS013 folded before Flop (didn't bet)



PokerStars Hand #254596187694:  Hold'em No Limit ($0.50/$1.00 USD) - 2025/01/28 20:40:13 WET [2025/01/28 15:40:13 ET]
Table 'Algedi' 6-max Seat #3 is the button
Seat 1: Juusokoo ($38.66 in chips) is sitting out
Seat 2: kvcsszblcs ($101 in chips) 
Seat 3: RohayhuP ($105.08 in chips) 
Seat 4: Oli3579 ($123 in chips) 
Seat 5: Pippa83 ($138.03 in chips) 
Seat 6: BGS013 ($277.09 in chips) 
Oli3579: posts small blind $0.50
Pippa83: posts big blind $1
*** HOLE CARDS ***
BGS013: raises $1 to $2
kvcsszblcs: folds 
RohayhuP: folds 
Oli3579: folds 
Pippa83: calls $1
*** FLOP *** [Qh 5h 8h]
Pippa83: checks 
BGS013: bets $1.11
Pippa83: raises $5.89 to $7
BGS013: calls $5.89
*** TURN *** [Qh 5h 8h] [Kd]
Pippa83: bets $13.19
BGS013: calls $13.19
*** RIVER *** [Qh 5h 8h Kd] [6s]
Pippa83: bets $63.96
BGS013: folds 
Uncalled bet ($63.96) returned to Pippa83
Pippa83 collected $42.64 from pot
Pippa83: doesn't show hand 
*** SUMMARY ***
Total pot $44.88 | Rake $2.24 
Board [Qh 5h 8h Kd 6s]
Seat 1: Juusokoo
Seat 2: kvcsszblcs folded before Flop (didn't bet)
Seat 3: RohayhuP (button) folded before Flop (didn't bet)
Seat 4: Oli3579 (small blind) folded before Flop
Seat 5: Pippa83 (big blind) collected ($42.64)
Seat 6: BGS013 folded on the River



PokerStars Hand #254596228225:  Hold'em No Limit ($0.50/$1.00 USD) - 2025/01/28 20:42:22 WET [2025/01/28 15:42:22 ET]
Table 'Algedi' 6-max Seat #4 is the button
Seat 1: Juusokoo ($38.66 in chips) is sitting out
Seat 2: kvcsszblcs ($101 in chips) 
Seat 3: RohayhuP ($105.08 in chips) 
Seat 4: Oli3579 ($122.50 in chips) 
Seat 5: Pippa83 ($158.48 in chips) 
Seat 6: BGS013 ($254.90 in chips) 
Pippa83: posts small blind $0.50
BGS013: posts big blind $1
*** HOLE CARDS ***
kvcsszblcs: folds 
RohayhuP: folds 
Oli3579: raises $1.25 to $2.25
Pippa83: folds 
BGS013: calls $1.25
*** FLOP *** [6c Kh 5c]
BGS013: checks 
Oli3579: bets $2.38
BGS013: folds 
Uncalled bet ($2.38) returned to Oli3579
Oli3579 collected $4.75 from pot
Oli3579: doesn't show hand 
*** SUMMARY ***
Total pot $5 | Rake $0.25 
Board [6c Kh 5c]
Seat 1: Juusokoo
Seat 2: kvcsszblcs folded before Flop (didn't bet)
Seat 3: RohayhuP folded before Flop (didn't bet)
Seat 4: Oli3579 (button) collected ($4.75)
Seat 5: Pippa83 (small blind) folded before Flop
Seat 6: BGS013 (big blind) folded on the Flop



PokerStars Hand #254596238646:  Hold'em No Limit ($0.50/$1.00 USD) - 2025/01/28 20:42:56 WET [2025/01/28 15:42:56 ET]
Table 'Algedi' 6-max Seat #5 is the button
Seat 1: Juusokoo ($38.66 in chips) is sitting out
Seat 2: kvcsszblcs ($101 in chips) 
Seat 3: RohayhuP ($105.08 in chips) 
Seat 4: Oli3579 ($125 in chips) 
Seat 5: Pippa83 ($157.98 in chips) 
Seat 6: BGS013 ($252.65 in chips) 
BGS013: posts small blind $0.50
kvcsszblcs: posts big blind $1
*** HOLE CARDS ***
RohayhuP: folds 
Oli3579: folds 
Pippa83: folds 
BGS013: folds 
Uncalled bet ($0.50) returned to kvcsszblcs
kvcsszblcs collected $1 from pot
kvcsszblcs: doesn't show hand 
*** SUMMARY ***
Total pot $1 | Rake $0 
Seat 1: Juusokoo
Seat 2: kvcsszblcs (big blind) collected ($1)
Seat 3: RohayhuP folded before Flop (didn't bet)
Seat 4: Oli3579 folded before Flop (didn't bet)
Seat 5: Pippa83 (button) folded before Flop (didn't bet)
Seat 6: BGS013 (small blind) folded before Flop



PokerStars Hand #254596242483:  Hold'em No Limit ($0.50/$1.00 USD) - 2025/01/28 20:43:08 WET [2025/01/28 15:43:08 ET]
Table 'Algedi' 6-max Seat #6 is the button
Seat 1: Juusokoo ($38.66 in chips) is sitting out
Seat 2: kvcsszblcs ($101.50 in chips) 
Seat 3: RohayhuP ($105.08 in chips) 
Seat 4: Oli3579 ($125 in chips) 
Seat 5: Pippa83 ($157.98 in chips) 
Seat 6: BGS013 ($252.15 in chips) 
kvcsszblcs: posts small blind $0.50
RohayhuP: posts big blind $1
*** HOLE CARDS ***
Oli3579: folds 
Pippa83: raises $1.50 to $2.50
BGS013: folds 
kvcsszblcs: folds 
RohayhuP: folds 
Uncalled bet ($1.50) returned to Pippa83
Pippa83 collected $2.50 from pot
Pippa83: doesn't show hand 
*** SUMMARY ***
Total pot $2.50 | Rake $0 
Seat 1: Juusokoo
Seat 2: kvcsszblcs (small blind) folded before Flop
Seat 3: RohayhuP (big blind) folded before Flop
Seat 4: Oli3579 folded before Flop (didn't bet)
Seat 5: Pippa83 collected ($2.50)
Seat 6: BGS013 (button) folded before Flop (didn't bet)



PokerStars Hand #254596248105:  Hold'em No Limit ($0.50/$1.00 USD) - 2025/01/28 20:43:26 WET [2025/01/28 15:43:26 ET]
Table 'Algedi' 6-max Seat #2 is the button
Seat 1: Juusokoo ($38.66 in chips) is sitting out
Seat 2: kvcsszblcs ($101 in chips) 
Seat 3: RohayhuP ($104.08 in chips) 
Seat 4: Oli3579 ($125 in chips) 
Seat 5: Pippa83 ($159.48 in chips) 
Seat 6: BGS013 ($252.15 in chips) 
RohayhuP: posts small blind $0.50
Oli3579: posts big blind $1
Juusokoo: sits out 
*** HOLE CARDS ***
Pippa83: folds 
BGS013: folds 
kvcsszblcs: raises $1.25 to $2.25
RohayhuP: folds 
Oli3579: folds 
Uncalled bet ($1.25) returned to kvcsszblcs
kvcsszblcs collected $2.50 from pot
kvcsszblcs: doesn't show hand 
*** SUMMARY ***
Total pot $2.50 | Rake $0 
Seat 1: Juusokoo
Seat 2: kvcsszblcs (button) collected ($2.50)
Seat 3: RohayhuP (small blind) folded before Flop
Seat 4: Oli3579 (big blind) folded before Flop
Seat 5: Pippa83 folded before Flop (didn't bet)
Seat 6: BGS013 folded before Flop (didn't bet)



PokerStars Hand #254596252005:  Hold'em No Limit ($0.50/$1.00 USD) - 2025/01/28 20:43:38 WET [2025/01/28 15:43:38 ET]
Table 'Algedi' 6-max Seat #3 is the button
Seat 1: Juusokoo ($38.66 in chips) is sitting out
Seat 2: kvcsszblcs ($102.50 in chips) 
Seat 3: RohayhuP ($103.58 in chips) 
Seat 4: Oli3579 ($124 in chips) 
Seat 5: Pippa83 ($159.48 in chips) 
Seat 6: BGS013 ($252.15 in chips) 
Oli3579: posts small blind $0.50
Pippa83: posts big blind $1
Juusokoo: sits out 
*** HOLE CARDS ***
BGS013: folds 
kvcsszblcs: raises $1 to $2
RohayhuP: folds 
Oli3579: folds 
Pippa83: folds 
Uncalled bet ($1) returned to kvcsszblcs
kvcsszblcs collected $2.50 from pot
kvcsszblcs: doesn't show hand 
*** SUMMARY ***
Total pot $2.50 | Rake $0 
Seat 1: Juusokoo
Seat 2: kvcsszblcs collected ($2.50)
Seat 3: RohayhuP (button) folded before Flop (didn't bet)
Seat 4: Oli3579 (small blind) folded before Flop
Seat 5: Pippa83 (big blind) folded before Flop
Seat 6: BGS013 folded before Flop (didn't bet)



PokerStars Hand #254596260574:  Hold'em No Limit ($0.50/$1.00 USD) - 2025/01/28 20:44:05 WET [2025/01/28 15:44:05 ET]
Table 'Algedi' 6-max Seat #4 is the button
Seat 6: BGS013 ($252.15 in chips) is sitting out
Seat 1: Juusokoo ($38.66 in chips) 
Seat 2: kvcsszblcs ($104 in chips) 
Seat 3: RohayhuP ($103.58 in chips) 
Seat 4: Oli3579 ($123.50 in chips) 
Seat 5: Pippa83 ($158.48 in chips) 
Pippa83: posts small blind $0.50
BGS013: is sitting out 
Juusokoo: posts big blind $1
*** HOLE CARDS ***
kvcsszblcs: folds 
RohayhuP: folds 
Oli3579: folds 
BGS013 leaves the table
Pippa83: raises $2 to $3
BoyLoc0 joins the table at seat #6 
Juusokoo: calls $2
*** FLOP *** [Js Kh Ad]
Pippa83: checks 
Juusokoo: bets $3
Pippa83: raises $6 to $9
Juusokoo: folds 
Uncalled bet ($6) returned to Pippa83
Pippa83 collected $11.40 from pot
Pippa83: doesn't show hand 
*** SUMMARY ***
Total pot $12 | Rake $0.60 
Board [Js Kh Ad]
Seat 6: BGS013
Seat 1: Juusokoo (big blind) folded on the Flop
Seat 2: kvcsszblcs folded before Flop (didn't bet)
Seat 3: RohayhuP folded before Flop (didn't bet)
Seat 4: Oli3579 (button) folded before Flop (didn't bet)
Seat 5: Pippa83 (small blind) collected ($11.40)



