PokerStars Hand #254590234317:  Hold'em No Limit ($0.50/$1.00 USD) - 2025/01/28 4:39:28 WET [2025/01/27 23:39:28 ET]
Table 'Chiny IV' 6-max Seat #5 is the button
Seat 2: shootingGRID ($244.92 in chips) is sitting out
Seat 3: evarejj ($32.47 in chips) is sitting out
Seat 4: iTrustU21 ($101.50 in chips) 
Seat 5: CashfishT ($100 in chips) 
Seat 6: Manifestorr ($103.72 in chips) 
Manifestorr: posts small blind $0.50
shootingGRID: is sitting out 
iTrustU21: posts big blind $1
*** HOLE CARDS ***
CashfishT: raises $1.20 to $2.20
Manifestorr: folds 
iTrustU21: folds 
Uncalled bet ($1.20) returned to CashfishT
steelNike joins the table at seat #1 
CashfishT collected $2.50 from pot
CashfishT: doesn't show hand 
*** SUMMARY ***
Total pot $2.50 | Rake $0 
Seat 2: shootingGRID
Seat 3: evarejj
Seat 4: iTrustU21 (big blind) folded before Flop
Seat 5: CashfishT (button) collected ($2.50)
Seat 6: Manifestorr (small blind) folded before Flop



PokerStars Hand #254590236445:  Hold'em No Limit ($0.50/$1.00 USD) - 2025/01/28 4:39:51 WET [2025/01/27 23:39:51 ET]
Table 'Chiny IV' 6-max Seat #6 is the button
Seat 1: steelNike ($40 in chips) is sitting out
Seat 2: shootingGRID ($244.92 in chips) is sitting out
Seat 3: evarejj ($32.47 in chips) is sitting out
Seat 4: iTrustU21 ($100.50 in chips) 
Seat 5: CashfishT ($101.50 in chips) 
Seat 6: Manifestorr ($103.22 in chips) 
iTrustU21: posts small blind $0.50
CashfishT: posts big blind $1
*** HOLE CARDS ***
Manifestorr: folds 
shootingGRID leaves the table
iTrustU21: folds 
Uncalled bet ($0.50) returned to CashfishT
CashfishT collected $1 from pot
CashfishT: doesn't show hand 
*** SUMMARY ***
Total pot $1 | Rake $0 
Seat 1: steelNike
Seat 2: shootingGRID
Seat 3: evarejj
Seat 4: iTrustU21 (small blind) folded before Flop
Seat 5: CashfishT (big blind) collected ($1)
Seat 6: Manifestorr (button) folded before Flop (didn't bet)



PokerStars Hand #254590237625:  Hold'em No Limit ($0.50/$1.00 USD) - 2025/01/28 4:40:04 WET [2025/01/27 23:40:04 ET]
Table 'Chiny IV' 6-max Seat #4 is the button
Seat 1: steelNike ($40 in chips) is sitting out
Seat 3: evarejj ($32.47 in chips) is sitting out
Seat 4: iTrustU21 ($100 in chips) 
Seat 5: CashfishT ($102 in chips) 
Seat 6: Manifestorr ($103.22 in chips) 
CashfishT: posts small blind $0.50
Manifestorr: posts big blind $1
steelNike: sits out 
*** HOLE CARDS ***
iTrustU21: raises $1.20 to $2.20
CashfishT: folds 
Manifestorr: folds 
Uncalled bet ($1.20) returned to iTrustU21
iTrustU21 collected $2.50 from pot
iTrustU21: doesn't show hand 
*** SUMMARY ***
Total pot $2.50 | Rake $0 
Seat 1: steelNike
Seat 3: evarejj
Seat 4: iTrustU21 (button) collected ($2.50)
Seat 5: CashfishT (small blind) folded before Flop
Seat 6: Manifestorr (big blind) folded before Flop



PokerStars Hand #254590239416:  Hold'em No Limit ($0.50/$1.00 USD) - 2025/01/28 4:40:25 WET [2025/01/27 23:40:25 ET]
Table 'Chiny IV' 6-max Seat #5 is the button
Seat 3: evarejj ($32.47 in chips) is sitting out
Seat 1: steelNike ($40 in chips) 
Seat 4: iTrustU21 ($101.50 in chips) 
Seat 5: CashfishT ($101.50 in chips) 
Seat 6: Manifestorr ($102.22 in chips) 
Manifestorr: posts small blind $0.50
steelNike: posts big blind $1
*** HOLE CARDS ***
iTrustU21: raises $1.20 to $2.20
CashfishT: folds 
Manifestorr: folds 
steelNike: folds 
Uncalled bet ($1.20) returned to iTrustU21
iTrustU21 collected $2.50 from pot
iTrustU21: doesn't show hand 
pako142 joins the table at seat #2 
*** SUMMARY ***
Total pot $2.50 | Rake $0 
Seat 3: evarejj
Seat 1: steelNike (big blind) folded before Flop
Seat 4: iTrustU21 collected ($2.50)
Seat 5: CashfishT (button) folded before Flop (didn't bet)
Seat 6: Manifestorr (small blind) folded before Flop



PokerStars Hand #254590242383:  Hold'em No Limit ($0.50/$1.00 USD) - 2025/01/28 4:40:57 WET [2025/01/27 23:40:57 ET]
Table 'Chiny IV' 6-max Seat #6 is the button
Seat 3: evarejj ($32.47 in chips) is sitting out
Seat 1: steelNike ($39 in chips) 
Seat 2: pako142 ($50 in chips) 
Seat 4: iTrustU21 ($103 in chips) 
Seat 5: CashfishT ($101.50 in chips) 
Seat 6: Manifestorr ($101.72 in chips) 
steelNike: posts small blind $0.50
pako142 is connected 
pako142: posts big blind $1
*** HOLE CARDS ***
iTrustU21: folds 
CashfishT: folds 
Manifestorr: folds 
steelNike: raises $2 to $3
pako142: calls $2
*** FLOP *** [Th Kh Ts]
steelNike: bets $1.43
pako142: calls $1.43
*** TURN *** [Th Kh Ts] [7c]
steelNike: checks 
pako142: checks 
*** RIVER *** [Th Kh Ts 7c] [8c]
steelNike: checks 
pako142: checks 
*** SHOW DOWN ***
steelNike: shows [Ad 5d] (a pair of Tens)
pako142: shows [6h Ks] (two pair, Kings and Tens)
pako142 collected $8.42 from pot
*** SUMMARY ***
Total pot $8.86 | Rake $0.44 
Board [Th Kh Ts 7c 8c]
Seat 3: evarejj
Seat 1: steelNike (small blind) showed [Ad 5d] and lost with a pair of Tens
Seat 2: pako142 (big blind) showed [6h Ks] and won ($8.42) with two pair, Kings and Tens
Seat 4: iTrustU21 folded before Flop (didn't bet)
Seat 5: CashfishT folded before Flop (didn't bet)
Seat 6: Manifestorr (button) folded before Flop (didn't bet)



PokerStars Hand #254590250820:  Hold'em No Limit ($0.50/$1.00 USD) - 2025/01/28 4:42:30 WET [2025/01/27 23:42:30 ET]
Table 'Chiny IV' 6-max Seat #1 is the button
Seat 3: evarejj ($32.47 in chips) is sitting out
Seat 1: steelNike ($34.57 in chips) 
Seat 2: pako142 ($84.92 in chips) 
Seat 4: iTrustU21 ($103 in chips) 
Seat 5: CashfishT ($101.50 in chips) 
Seat 6: Manifestorr ($101.72 in chips) 
pako142: posts small blind $0.50
iTrustU21: posts big blind $1
*** HOLE CARDS ***
CashfishT: folds 
Manifestorr: folds 
steelNike: raises $1.30 to $2.30
pako142: folds 
iTrustU21: folds 
Uncalled bet ($1.30) returned to steelNike
steelNike collected $2.50 from pot
*** SUMMARY ***
Total pot $2.50 | Rake $0 
Seat 3: evarejj
Seat 1: steelNike (button) collected ($2.50)
Seat 2: pako142 (small blind) folded before Flop
Seat 4: iTrustU21 (big blind) folded before Flop
Seat 5: CashfishT folded before Flop (didn't bet)
Seat 6: Manifestorr folded before Flop (didn't bet)



PokerStars Hand #254590253988:  Hold'em No Limit ($0.50/$1.00 USD) - 2025/01/28 4:43:05 WET [2025/01/27 23:43:05 ET]
Table 'Chiny IV' 6-max Seat #2 is the button
Seat 3: evarejj ($32.47 in chips) is sitting out
Seat 1: steelNike ($36.07 in chips) 
Seat 2: pako142 ($84.42 in chips) 
Seat 4: iTrustU21 ($102 in chips) 
Seat 5: CashfishT ($101.50 in chips) 
Seat 6: Manifestorr ($101.72 in chips) 
iTrustU21: posts small blind $0.50
CashfishT: posts big blind $1
*** HOLE CARDS ***
Manifestorr: folds 
steelNike: folds 
pako142: raises $1.50 to $2.50
iTrustU21: folds 
CashfishT: calls $1.50
*** FLOP *** [Jd 9s 3s]
CashfishT: checks 
pako142: checks 
*** TURN *** [Jd 9s 3s] [Ac]
CashfishT: checks 
pako142: checks 
*** RIVER *** [Jd 9s 3s Ac] [Jc]
CashfishT: bets $10
pako142: calls $10
*** SHOW DOWN ***
CashfishT: shows [3c 3h] (a full house, Threes full of Jacks)
pako142: mucks hand 
CashfishT collected $24.22 from pot
*** SUMMARY ***
Total pot $25.50 | Rake $1.28 
Board [Jd 9s 3s Ac Jc]
Seat 3: evarejj
Seat 1: steelNike folded before Flop (didn't bet)
Seat 2: pako142 (button) mucked
Seat 4: iTrustU21 (small blind) folded before Flop
Seat 5: CashfishT (big blind) showed [3c 3h] and won ($24.22) with a full house, Threes full of Jacks
Seat 6: Manifestorr folded before Flop (didn't bet)



PokerStars Hand #254590258804:  Hold'em No Limit ($0.50/$1.00 USD) - 2025/01/28 4:43:58 WET [2025/01/27 23:43:58 ET]
Table 'Chiny IV' 6-max Seat #4 is the button
Seat 3: evarejj ($32.47 in chips) is sitting out
Seat 1: steelNike ($36.07 in chips) 
Seat 2: pako142 ($71.92 in chips) 
Seat 4: iTrustU21 ($101.50 in chips) 
Seat 5: CashfishT ($113.22 in chips) 
Seat 6: Manifestorr ($101.72 in chips) 
CashfishT: posts small blind $0.50
Manifestorr: posts big blind $1
*** HOLE CARDS ***
steelNike: raises $1 to $2
pako142: folds 
iTrustU21: folds 
CashfishT: raises $6 to $8
Manifestorr: folds 
steelNike: folds 
Uncalled bet ($6) returned to CashfishT
CashfishT collected $5 from pot
CashfishT: doesn't show hand 
*** SUMMARY ***
Total pot $5 | Rake $0 
Seat 3: evarejj
Seat 1: steelNike folded before Flop
Seat 2: pako142 folded before Flop (didn't bet)
Seat 4: iTrustU21 (button) folded before Flop (didn't bet)
Seat 5: CashfishT (small blind) collected ($5)
Seat 6: Manifestorr (big blind) folded before Flop



PokerStars Hand #254590262213:  Hold'em No Limit ($0.50/$1.00 USD) - 2025/01/28 4:44:35 WET [2025/01/27 23:44:35 ET]
Table 'Chiny IV' 6-max Seat #5 is the button
Seat 3: evarejj ($32.47 in chips) is sitting out
Seat 1: steelNike ($34.07 in chips) 
Seat 2: pako142 ($71.92 in chips) 
Seat 4: iTrustU21 ($101.50 in chips) 
Seat 5: CashfishT ($116.22 in chips) 
Seat 6: Manifestorr ($100.72 in chips) 
Manifestorr: posts small blind $0.50
steelNike: posts big blind $1
*** HOLE CARDS ***
pako142: raises $1.50 to $2.50
iTrustU21: folds 
CashfishT: folds 
Manifestorr: folds 
steelNike: folds 
Uncalled bet ($1.50) returned to pako142
pako142 collected $2.50 from pot
pako142: doesn't show hand 
*** SUMMARY ***
Total pot $2.50 | Rake $0 
Seat 3: evarejj
Seat 1: steelNike (big blind) folded before Flop
Seat 2: pako142 collected ($2.50)
Seat 4: iTrustU21 folded before Flop (didn't bet)
Seat 5: CashfishT (button) folded before Flop (didn't bet)
Seat 6: Manifestorr (small blind) folded before Flop



PokerStars Hand #254590264663:  Hold'em No Limit ($0.50/$1.00 USD) - 2025/01/28 4:45:03 WET [2025/01/27 23:45:03 ET]
Table 'Chiny IV' 6-max Seat #6 is the button
Seat 3: evarejj ($32.47 in chips) is sitting out
Seat 1: steelNike ($33.07 in chips) 
Seat 2: pako142 ($73.42 in chips) 
Seat 4: iTrustU21 ($101.50 in chips) 
Seat 5: CashfishT ($116.22 in chips) 
Seat 6: Manifestorr ($100.22 in chips) 
steelNike: posts small blind $0.50
pako142: posts big blind $1
*** HOLE CARDS ***
iTrustU21: folds 
CashfishT: folds 
Manifestorr: raises $1.20 to $2.20
steelNike: folds 
pako142: raises $8.80 to $11
Manifestorr: calls $8.80
*** FLOP *** [Ad Qs Td]
pako142: checks 
Manifestorr: checks 
*** TURN *** [Ad Qs Td] [Jd]
pako142: bets $14.11
Manifestorr: calls $14.11
*** RIVER *** [Ad Qs Td Jd] [Tc]
pako142: checks 
Manifestorr: bets $75.11 and is all-in
pako142: folds 
Uncalled bet ($75.11) returned to Manifestorr
Manifestorr collected $48.22 from pot
*** SUMMARY ***
Total pot $50.72 | Rake $2.50 
Board [Ad Qs Td Jd Tc]
Seat 3: evarejj
Seat 1: steelNike (small blind) folded before Flop
Seat 2: pako142 (big blind) folded on the River
Seat 4: iTrustU21 folded before Flop (didn't bet)
Seat 5: CashfishT folded before Flop (didn't bet)
Seat 6: Manifestorr (button) collected ($48.22)



PokerStars Hand #254590272179:  Hold'em No Limit ($0.50/$1.00 USD) - 2025/01/28 4:46:26 WET [2025/01/27 23:46:26 ET]
Table 'Chiny IV' 6-max Seat #1 is the button
Seat 3: evarejj ($32.47 in chips) is sitting out
Seat 4: iTrustU21 ($101.50 in chips) is sitting out
Seat 1: steelNike ($32.57 in chips) 
Seat 2: pako142 ($48.31 in chips) 
Seat 5: CashfishT ($116.22 in chips) 
Seat 6: Manifestorr ($123.33 in chips) 
pako142: posts small blind $0.50
iTrustU21: is sitting out 
CashfishT: posts big blind $1
*** HOLE CARDS ***
Manifestorr: folds 
iTrustU21 leaves the table
steelNike: folds 
pako142: folds 
Uncalled bet ($0.50) returned to CashfishT
CashfishT collected $1 from pot
evarejj leaves the table
CashfishT: doesn't show hand 
*** SUMMARY ***
Total pot $1 | Rake $0 
Seat 3: evarejj
Seat 4: iTrustU21
Seat 1: steelNike (button) folded before Flop (didn't bet)
Seat 2: pako142 (small blind) folded before Flop
Seat 5: CashfishT (big blind) collected ($1)
Seat 6: Manifestorr folded before Flop (didn't bet)



PokerStars Hand #254590273708:  Hold'em No Limit ($0.50/$1.00 USD) - 2025/01/28 4:46:43 WET [2025/01/27 23:46:43 ET]
Table 'Chiny IV' 6-max Seat #2 is the button
Seat 1: steelNike ($32.57 in chips) 
Seat 2: pako142 ($47.81 in chips) 
Seat 5: CashfishT ($116.72 in chips) 
Seat 6: Manifestorr ($123.33 in chips) 
CashfishT: posts small blind $0.50
Manifestorr: posts big blind $1
*** HOLE CARDS ***
steelNike: folds 
pako142: raises $1.50 to $2.50
CashfishT: raises $7.50 to $10
Manifestorr: folds 
pako142: folds 
Uncalled bet ($7.50) returned to CashfishT
CashfishT collected $6 from pot
CashfishT: doesn't show hand 
*** SUMMARY ***
Total pot $6 | Rake $0 
Seat 1: steelNike folded before Flop (didn't bet)
Seat 2: pako142 (button) folded before Flop
Seat 5: CashfishT (small blind) collected ($6)
Seat 6: Manifestorr (big blind) folded before Flop



PokerStars Hand #254590275728:  Hold'em No Limit ($0.50/$1.00 USD) - 2025/01/28 4:47:05 WET [2025/01/27 23:47:05 ET]
Table 'Chiny IV' 6-max Seat #5 is the button
Seat 1: steelNike ($32.57 in chips) is sitting out
Seat 2: pako142 ($45.31 in chips) 
Seat 5: CashfishT ($120.22 in chips) 
Seat 6: Manifestorr ($122.33 in chips) 
Manifestorr: posts small blind $0.50
steelNike: is sitting out 
pako142: posts big blind $1
*** HOLE CARDS ***
steelNike leaves the table
CashfishT is disconnected 
CashfishT is connected 
CashfishT: raises $1.20 to $2.20
Manifestorr: folds 
pako142: folds 
Uncalled bet ($1.20) returned to CashfishT
CashfishT collected $2.50 from pot
CashfishT: doesn't show hand 
*** SUMMARY ***
Total pot $2.50 | Rake $0 
Seat 1: steelNike
Seat 2: pako142 (big blind) folded before Flop
Seat 5: CashfishT (button) collected ($2.50)
Seat 6: Manifestorr (small blind) folded before Flop



PokerStars Hand #254590278464:  Hold'em No Limit ($0.50/$1.00 USD) - 2025/01/28 4:47:35 WET [2025/01/27 23:47:35 ET]
Table 'Chiny IV' 6-max Seat #6 is the button
Seat 2: pako142 ($44.31 in chips) 
Seat 5: CashfishT ($121.72 in chips) 
Seat 6: Manifestorr ($121.83 in chips) 
pako142: posts small blind $0.50
CashfishT: posts big blind $1
*** HOLE CARDS ***
Manifestorr: raises $1.20 to $2.20
pako142: folds 
CashfishT: raises $9.80 to $12
Manifestorr: folds 
Uncalled bet ($9.80) returned to CashfishT
CashfishT collected $4.90 from pot
CashfishT: doesn't show hand 
*** SUMMARY ***
Total pot $4.90 | Rake $0 
Seat 2: pako142 (small blind) folded before Flop
Seat 5: CashfishT (big blind) collected ($4.90)
Seat 6: Manifestorr (button) folded before Flop



PokerStars Hand #254590279664:  Hold'em No Limit ($0.50/$1.00 USD) - 2025/01/28 4:47:49 WET [2025/01/27 23:47:49 ET]
Table 'Chiny IV' 6-max Seat #2 is the button
Seat 2: pako142 ($43.81 in chips) 
Seat 5: CashfishT ($124.42 in chips) 
Seat 6: Manifestorr ($119.63 in chips) 
CashfishT: posts small blind $0.50
Manifestorr: posts big blind $1
*** HOLE CARDS ***
pako142: folds 
CashfishT: folds 
Uncalled bet ($0.50) returned to Manifestorr
Manifestorr collected $1 from pot
pako142 leaves the table
*** SUMMARY ***
Total pot $1 | Rake $0 
Seat 2: pako142 (button) folded before Flop (didn't bet)
Seat 5: CashfishT (small blind) folded before Flop
Seat 6: Manifestorr (big blind) collected ($1)



PokerStars Hand #254590280257:  Hold'em No Limit ($0.50/$1.00 USD) - 2025/01/28 4:47:55 WET [2025/01/27 23:47:55 ET]
Table 'Chiny IV' 6-max Seat #6 is the button
Seat 5: CashfishT ($123.92 in chips) 
Seat 6: Manifestorr ($120.13 in chips) 
Manifestorr: posts small blind $0.50
CashfishT: posts big blind $1
*** HOLE CARDS ***
Manifestorr: raises $1 to $2
CashfishT: folds 
Uncalled bet ($1) returned to Manifestorr
Manifestorr collected $2 from pot
*** SUMMARY ***
Total pot $2 | Rake $0 
Seat 5: CashfishT (big blind) folded before Flop
Seat 6: Manifestorr (button) (small blind) collected ($2)



PokerStars Hand #254590282136:  Hold'em No Limit ($0.50/$1.00 USD) - 2025/01/28 4:48:17 WET [2025/01/27 23:48:17 ET]
Table 'Chiny IV' 6-max Seat #5 is the button
Seat 5: CashfishT ($122.92 in chips) 
Seat 6: Manifestorr ($121.13 in chips) 
CashfishT: posts small blind $0.50
Manifestorr: posts big blind $1
*** HOLE CARDS ***
CashfishT: folds 
Uncalled bet ($0.50) returned to Manifestorr
Manifestorr collected $1 from pot
*** SUMMARY ***
Total pot $1 | Rake $0 
Seat 5: CashfishT (button) (small blind) folded before Flop
Seat 6: Manifestorr (big blind) collected ($1)



PokerStars Hand #254590167445:  Hold'em No Limit ($0.50/$1.00 USD) - 2025/01/28 4:27:19 WET [2025/01/27 23:27:19 ET]
Table 'Chiny IV' 6-max Seat #4 is the button
Seat 2: shootingGRID ($127.26 in chips) 
Seat 3: Burlica2013 ($138.16 in chips) 
Seat 4: Melenya ($100 in chips) 
Seat 6: Manifestorr ($100.50 in chips) 
Manifestorr: posts small blind $0.50
shootingGRID: posts big blind $1
*** HOLE CARDS ***
Burlica2013: folds 
Burlica2013 leaves the table
Melenya: raises $1.50 to $2.50
Manifestorr: folds 
shootingGRID: folds 
Uncalled bet ($1.50) returned to Melenya
Melenya collected $2.50 from pot
Melenya: doesn't show hand 
*** SUMMARY ***
Total pot $2.50 | Rake $0 
Seat 2: shootingGRID (big blind) folded before Flop
Seat 3: Burlica2013 folded before Flop (didn't bet)
Seat 4: Melenya (button) collected ($2.50)
Seat 6: Manifestorr (small blind) folded before Flop



PokerStars Hand #254590168337:  Hold'em No Limit ($0.50/$1.00 USD) - 2025/01/28 4:27:28 WET [2025/01/27 23:27:28 ET]
Table 'Chiny IV' 6-max Seat #2 is the button
Seat 4: Melenya ($101.50 in chips) is sitting out
Seat 2: shootingGRID ($126.26 in chips) 
Seat 6: Manifestorr ($100 in chips) 
shootingGRID: posts small blind $0.50
Melenya: is sitting out 
Manifestorr: posts big blind $1
*** HOLE CARDS ***
shootingGRID: raises $1.25 to $2.25
Melenya leaves the table
Manifestorr: folds 
Uncalled bet ($1.25) returned to shootingGRID
evarejj joins the table at seat #3 
shootingGRID collected $2 from pot
evarejj is disconnected 
*** SUMMARY ***
Total pot $2 | Rake $0 
Seat 4: Melenya
Seat 2: shootingGRID (button) (small blind) collected ($2)
Seat 6: Manifestorr (big blind) folded before Flop



PokerStars Hand #254590169073:  Hold'em No Limit ($0.50/$1.00 USD) - 2025/01/28 4:27:36 WET [2025/01/27 23:27:36 ET]
Table 'Chiny IV' 6-max Seat #6 is the button
Seat 2: shootingGRID ($127.26 in chips) 
Seat 3: evarejj ($100 in chips) 
Seat 6: Manifestorr ($100 in chips) 
shootingGRID: posts small blind $0.50
evarejj: posts big blind $1
*** HOLE CARDS ***
Manifestorr: folds 
shootingGRID: raises $2 to $3
iTrustU21 joins the table at seat #4 
evarejj: calls $2
*** FLOP *** [5d 4c 2d]
shootingGRID: bets $2.85
evarejj: folds 
Uncalled bet ($2.85) returned to shootingGRID
shootingGRID collected $5.70 from pot
*** SUMMARY ***
Total pot $6 | Rake $0.30 
Board [5d 4c 2d]
Seat 2: shootingGRID (small blind) collected ($5.70)
Seat 3: evarejj (big blind) folded on the Flop
Seat 6: Manifestorr (button) folded before Flop (didn't bet)



PokerStars Hand #254590170949:  Hold'em No Limit ($0.50/$1.00 USD) - 2025/01/28 4:27:56 WET [2025/01/27 23:27:56 ET]
Table 'Chiny IV' 6-max Seat #2 is the button
Seat 2: shootingGRID ($129.96 in chips) 
Seat 3: evarejj ($97 in chips) 
Seat 4: iTrustU21 ($100 in chips) 
Seat 6: Manifestorr ($100 in chips) 
evarejj: posts small blind $0.50
iTrustU21: posts big blind $1
*** HOLE CARDS ***
CashfishT joins the table at seat #5 
Manifestorr: folds 
shootingGRID: folds 
evarejj: raises $1 to $2
Burlica2013 joins the table at seat #1 
iTrustU21: calls $1
*** FLOP *** [Ad 9s 4s]
evarejj: bets $3.80
iTrustU21: raises $5.20 to $9
evarejj: calls $5.20
*** TURN *** [Ad 9s 4s] [Jh]
evarejj: bets $12.50
iTrustU21: folds 
Uncalled bet ($12.50) returned to evarejj
evarejj collected $21 from pot
*** SUMMARY ***
Total pot $22 | Rake $1 
Board [Ad 9s 4s Jh]
Seat 2: shootingGRID (button) folded before Flop (didn't bet)
Seat 3: evarejj (small blind) collected ($21)
Seat 4: iTrustU21 (big blind) folded on the Turn
Seat 6: Manifestorr folded before Flop (didn't bet)



PokerStars Hand #254590175861:  Hold'em No Limit ($0.50/$1.00 USD) - 2025/01/28 4:28:49 WET [2025/01/27 23:28:49 ET]
Table 'Chiny IV' 6-max Seat #3 is the button
Seat 1: Burlica2013 ($138.16 in chips) is sitting out
Seat 2: shootingGRID ($129.96 in chips) 
Seat 3: evarejj ($107 in chips) 
Seat 4: iTrustU21 ($100 in chips) 
Seat 5: CashfishT ($100 in chips) 
Seat 6: Manifestorr ($100 in chips) 
iTrustU21: posts small blind $0.50
CashfishT: posts big blind $1
Burlica2013: sits out 
*** HOLE CARDS ***
Manifestorr: raises $1.20 to $2.20
shootingGRID: raises $4.80 to $7
evarejj: folds 
iTrustU21: folds 
CashfishT: folds 
Manifestorr: calls $4.80
*** FLOP *** [8h 4d 7s]
Manifestorr: bets $7.36
shootingGRID: folds 
Uncalled bet ($7.36) returned to Manifestorr
Manifestorr collected $14.72 from pot
*** SUMMARY ***
Total pot $15.50 | Rake $0.78 
Board [8h 4d 7s]
Seat 1: Burlica2013
Seat 2: shootingGRID folded on the Flop
Seat 3: evarejj (button) folded before Flop (didn't bet)
Seat 4: iTrustU21 (small blind) folded before Flop
Seat 5: CashfishT (big blind) folded before Flop
Seat 6: Manifestorr collected ($14.72)



PokerStars Hand #254590179444:  Hold'em No Limit ($0.50/$1.00 USD) - 2025/01/28 4:29:29 WET [2025/01/27 23:29:29 ET]
Table 'Chiny IV' 6-max Seat #4 is the button
Seat 1: Burlica2013 ($138.16 in chips) is sitting out
Seat 2: shootingGRID ($122.96 in chips) 
Seat 3: evarejj ($107 in chips) 
Seat 4: iTrustU21 ($100 in chips) 
Seat 5: CashfishT ($100 in chips) 
Seat 6: Manifestorr ($107.72 in chips) 
CashfishT: posts small blind $0.50
Manifestorr: posts big blind $1
Burlica2013: sits out 
*** HOLE CARDS ***
shootingGRID: folds 
evarejj: raises $1 to $2
iTrustU21: folds 
CashfishT: raises $9 to $11
Manifestorr: folds 
evarejj: calls $9
*** FLOP *** [9s 6s Tc]
CashfishT: bets $10.93
evarejj: calls $10.93
*** TURN *** [9s 6s Tc] [6h]
CashfishT: checks 
evarejj: bets $26.31
CashfishT: folds 
Uncalled bet ($26.31) returned to evarejj
evarejj collected $42.62 from pot
*** SUMMARY ***
Total pot $44.86 | Rake $2.24 
Board [9s 6s Tc 6h]
Seat 1: Burlica2013
Seat 2: shootingGRID folded before Flop (didn't bet)
Seat 3: evarejj collected ($42.62)
Seat 4: iTrustU21 (button) folded before Flop (didn't bet)
Seat 5: CashfishT (small blind) folded on the Turn
Seat 6: Manifestorr (big blind) folded before Flop



PokerStars Hand #254590183732:  Hold'em No Limit ($0.50/$1.00 USD) - 2025/01/28 4:30:16 WET [2025/01/27 23:30:16 ET]
Table 'Chiny IV' 6-max Seat #5 is the button
Seat 1: Burlica2013 ($138.16 in chips) 
Seat 2: shootingGRID ($122.96 in chips) 
Seat 3: evarejj ($127.69 in chips) 
Seat 4: iTrustU21 ($100 in chips) 
Seat 5: CashfishT ($100 in chips) 
Seat 6: Manifestorr ($106.72 in chips) 
Manifestorr: posts small blind $0.50
Burlica2013: posts big blind $1
*** HOLE CARDS ***
shootingGRID: folds 
evarejj: folds 
iTrustU21: folds 
CashfishT: raises $1.20 to $2.20
Manifestorr: folds 
Burlica2013: folds 
Uncalled bet ($1.20) returned to CashfishT
CashfishT collected $2.50 from pot
CashfishT: doesn't show hand 
*** SUMMARY ***
Total pot $2.50 | Rake $0 
Seat 1: Burlica2013 (big blind) folded before Flop
Seat 2: shootingGRID folded before Flop (didn't bet)
Seat 3: evarejj folded before Flop (didn't bet)
Seat 4: iTrustU21 folded before Flop (didn't bet)
Seat 5: CashfishT (button) collected ($2.50)
Seat 6: Manifestorr (small blind) folded before Flop



PokerStars Hand #254590186603:  Hold'em No Limit ($0.50/$1.00 USD) - 2025/01/28 4:30:47 WET [2025/01/27 23:30:47 ET]
Table 'Chiny IV' 6-max Seat #6 is the button
Seat 1: Burlica2013 ($137.16 in chips) 
Seat 2: shootingGRID ($122.96 in chips) 
Seat 3: evarejj ($127.69 in chips) 
Seat 4: iTrustU21 ($100 in chips) 
Seat 5: CashfishT ($101.50 in chips) 
Seat 6: Manifestorr ($106.22 in chips) 
Burlica2013: posts small blind $0.50
shootingGRID: posts big blind $1
*** HOLE CARDS ***
evarejj: calls $1
iTrustU21: folds 
CashfishT: folds 
Manifestorr: folds 
Burlica2013: folds 
shootingGRID: checks 
*** FLOP *** [7h Ac 9s]
shootingGRID: checks 
evarejj: checks 
*** TURN *** [7h Ac 9s] [2s]
shootingGRID: checks 
evarejj: checks 
*** RIVER *** [7h Ac 9s 2s] [Jc]
shootingGRID: checks 
evarejj: checks 
*** SHOW DOWN ***
shootingGRID: shows [5s 8d] (high card Ace)
evarejj: shows [2c 3c] (a pair of Deuces)
evarejj collected $2.38 from pot
*** SUMMARY ***
Total pot $2.50 | Rake $0.12 
Board [7h Ac 9s 2s Jc]
Seat 1: Burlica2013 (small blind) folded before Flop
Seat 2: shootingGRID (big blind) showed [5s 8d] and lost with high card Ace
Seat 3: evarejj showed [2c 3c] and won ($2.38) with a pair of Deuces
Seat 4: iTrustU21 folded before Flop (didn't bet)
Seat 5: CashfishT folded before Flop (didn't bet)
Seat 6: Manifestorr (button) folded before Flop (didn't bet)



PokerStars Hand #254590190257:  Hold'em No Limit ($0.50/$1.00 USD) - 2025/01/28 4:31:27 WET [2025/01/27 23:31:27 ET]
Table 'Chiny IV' 6-max Seat #1 is the button
Seat 1: Burlica2013 ($136.66 in chips) 
Seat 2: shootingGRID ($121.96 in chips) 
Seat 3: evarejj ($129.07 in chips) 
Seat 4: iTrustU21 ($100 in chips) 
Seat 5: CashfishT ($101.50 in chips) 
Seat 6: Manifestorr ($106.22 in chips) 
shootingGRID: posts small blind $0.50
evarejj: posts big blind $1
*** HOLE CARDS ***
iTrustU21: folds 
CashfishT: folds 
Manifestorr: folds 
Burlica2013: folds 
shootingGRID: folds 
Uncalled bet ($0.50) returned to evarejj
evarejj collected $1 from pot
*** SUMMARY ***
Total pot $1 | Rake $0 
Seat 1: Burlica2013 (button) folded before Flop (didn't bet)
Seat 2: shootingGRID (small blind) folded before Flop
Seat 3: evarejj (big blind) collected ($1)
Seat 4: iTrustU21 folded before Flop (didn't bet)
Seat 5: CashfishT folded before Flop (didn't bet)
Seat 6: Manifestorr folded before Flop (didn't bet)



PokerStars Hand #254590192658:  Hold'em No Limit ($0.50/$1.00 USD) - 2025/01/28 4:31:52 WET [2025/01/27 23:31:52 ET]
Table 'Chiny IV' 6-max Seat #2 is the button
Seat 1: Burlica2013 ($136.66 in chips) 
Seat 2: shootingGRID ($121.46 in chips) 
Seat 3: evarejj ($129.57 in chips) 
Seat 4: iTrustU21 ($100 in chips) 
Seat 5: CashfishT ($101.50 in chips) 
Seat 6: Manifestorr ($106.22 in chips) 
evarejj: posts small blind $0.50
iTrustU21: posts big blind $1
*** HOLE CARDS ***
CashfishT: folds 
Manifestorr: folds 
Burlica2013: folds 
shootingGRID: folds 
evarejj: raises $1 to $2
iTrustU21: calls $1
*** FLOP *** [6h Kd Ac]
evarejj: bets $1.90
iTrustU21: folds 
Uncalled bet ($1.90) returned to evarejj
evarejj collected $3.80 from pot
*** SUMMARY ***
Total pot $4 | Rake $0.20 
Board [6h Kd Ac]
Seat 1: Burlica2013 folded before Flop (didn't bet)
Seat 2: shootingGRID (button) folded before Flop (didn't bet)
Seat 3: evarejj (small blind) collected ($3.80)
Seat 4: iTrustU21 (big blind) folded on the Flop
Seat 5: CashfishT folded before Flop (didn't bet)
Seat 6: Manifestorr folded before Flop (didn't bet)



PokerStars Hand #254590195244:  Hold'em No Limit ($0.50/$1.00 USD) - 2025/01/28 4:32:20 WET [2025/01/27 23:32:20 ET]
Table 'Chiny IV' 6-max Seat #3 is the button
Seat 1: Burlica2013 ($136.66 in chips) 
Seat 2: shootingGRID ($121.46 in chips) 
Seat 3: evarejj ($131.37 in chips) 
Seat 4: iTrustU21 ($100 in chips) 
Seat 5: CashfishT ($101.50 in chips) 
Seat 6: Manifestorr ($106.22 in chips) 
iTrustU21: posts small blind $0.50
CashfishT: posts big blind $1
*** HOLE CARDS ***
Manifestorr: folds 
Burlica2013: folds 
shootingGRID: folds 
evarejj: calls $1
iTrustU21: folds 
CashfishT: raises $4.50 to $5.50
evarejj: calls $4.50
*** FLOP *** [Th Qs Qh]
CashfishT: bets $2.73
evarejj: calls $2.73
*** TURN *** [Th Qs Qh] [6s]
CashfishT: checks 
evarejj: checks 
*** RIVER *** [Th Qs Qh 6s] [As]
CashfishT: checks 
evarejj: bets $16.11
CashfishT: calls $16.11
*** SHOW DOWN ***
evarejj: shows [9s 3s] (a flush, Ace high)
CashfishT: mucks hand 
evarejj collected $46.72 from pot
*** SUMMARY ***
Total pot $49.18 | Rake $2.46 
Board [Th Qs Qh 6s As]
Seat 1: Burlica2013 folded before Flop (didn't bet)
Seat 2: shootingGRID folded before Flop (didn't bet)
Seat 3: evarejj (button) showed [9s 3s] and won ($46.72) with a flush, Ace high
Seat 4: iTrustU21 (small blind) folded before Flop
Seat 5: CashfishT (big blind) mucked
Seat 6: Manifestorr folded before Flop (didn't bet)



PokerStars Hand #254590202554:  Hold'em No Limit ($0.50/$1.00 USD) - 2025/01/28 4:33:40 WET [2025/01/27 23:33:40 ET]
Table 'Chiny IV' 6-max Seat #4 is the button
Seat 1: Burlica2013 ($136.66 in chips) 
Seat 2: shootingGRID ($121.46 in chips) 
Seat 3: evarejj ($153.75 in chips) 
Seat 4: iTrustU21 ($100 in chips) 
Seat 5: CashfishT ($100 in chips) 
Seat 6: Manifestorr ($106.22 in chips) 
CashfishT: posts small blind $0.50
Manifestorr: posts big blind $1
*** HOLE CARDS ***
Burlica2013: folds 
shootingGRID: folds 
evarejj: folds 
iTrustU21: folds 
CashfishT: raises $2 to $3
Manifestorr: folds 
Uncalled bet ($2) returned to CashfishT
CashfishT collected $2 from pot
CashfishT: doesn't show hand 
*** SUMMARY ***
Total pot $2 | Rake $0 
Seat 1: Burlica2013 folded before Flop (didn't bet)
Seat 2: shootingGRID folded before Flop (didn't bet)
Seat 3: evarejj folded before Flop (didn't bet)
Seat 4: iTrustU21 (button) folded before Flop (didn't bet)
Seat 5: CashfishT (small blind) collected ($2)
Seat 6: Manifestorr (big blind) folded before Flop



PokerStars Hand #254590204643:  Hold'em No Limit ($0.50/$1.00 USD) - 2025/01/28 4:34:02 WET [2025/01/27 23:34:02 ET]
Table 'Chiny IV' 6-max Seat #5 is the button
Seat 1: Burlica2013 ($136.66 in chips) 
Seat 2: shootingGRID ($121.46 in chips) 
Seat 3: evarejj ($153.75 in chips) 
Seat 4: iTrustU21 ($100 in chips) 
Seat 5: CashfishT ($101 in chips) 
Seat 6: Manifestorr ($105.22 in chips) 
Manifestorr: posts small blind $0.50
Burlica2013: posts big blind $1
*** HOLE CARDS ***
shootingGRID: raises $1.25 to $2.25
evarejj: folds 
iTrustU21: folds 
CashfishT: folds 
Manifestorr: folds 
Burlica2013: folds 
Uncalled bet ($1.25) returned to shootingGRID
shootingGRID collected $2.50 from pot
*** SUMMARY ***
Total pot $2.50 | Rake $0 
Seat 1: Burlica2013 (big blind) folded before Flop
Seat 2: shootingGRID collected ($2.50)
Seat 3: evarejj folded before Flop (didn't bet)
Seat 4: iTrustU21 folded before Flop (didn't bet)
Seat 5: CashfishT (button) folded before Flop (didn't bet)
Seat 6: Manifestorr (small blind) folded before Flop



PokerStars Hand #254590206467:  Hold'em No Limit ($0.50/$1.00 USD) - 2025/01/28 4:34:22 WET [2025/01/27 23:34:22 ET]
Table 'Chiny IV' 6-max Seat #6 is the button
Seat 1: Burlica2013 ($135.66 in chips) 
Seat 2: shootingGRID ($122.96 in chips) 
Seat 3: evarejj ($153.75 in chips) 
Seat 4: iTrustU21 ($100 in chips) 
Seat 5: CashfishT ($101 in chips) 
Seat 6: Manifestorr ($104.72 in chips) 
Burlica2013: posts small blind $0.50
shootingGRID: posts big blind $1
*** HOLE CARDS ***
evarejj: folds 
iTrustU21: folds 
CashfishT: raises $1.20 to $2.20
Manifestorr: folds 
Burlica2013: folds 
shootingGRID: folds 
Uncalled bet ($1.20) returned to CashfishT
CashfishT collected $2.50 from pot
CashfishT: doesn't show hand 
*** SUMMARY ***
Total pot $2.50 | Rake $0 
Seat 1: Burlica2013 (small blind) folded before Flop
Seat 2: shootingGRID (big blind) folded before Flop
Seat 3: evarejj folded before Flop (didn't bet)
Seat 4: iTrustU21 folded before Flop (didn't bet)
Seat 5: CashfishT collected ($2.50)
Seat 6: Manifestorr (button) folded before Flop (didn't bet)



PokerStars Hand #254590208383:  Hold'em No Limit ($0.50/$1.00 USD) - 2025/01/28 4:34:43 WET [2025/01/27 23:34:43 ET]
Table 'Chiny IV' 6-max Seat #1 is the button
Seat 1: Burlica2013 ($135.16 in chips) 
Seat 2: shootingGRID ($121.96 in chips) 
Seat 3: evarejj ($153.75 in chips) 
Seat 4: iTrustU21 ($100 in chips) 
Seat 5: CashfishT ($102.50 in chips) 
Seat 6: Manifestorr ($104.72 in chips) 
shootingGRID: posts small blind $0.50
evarejj: posts big blind $1
*** HOLE CARDS ***
iTrustU21: folds 
CashfishT: raises $1.20 to $2.20
Manifestorr: folds 
Burlica2013: raises $5.02 to $7.22
shootingGRID: folds 
evarejj: folds 
CashfishT: folds 
Uncalled bet ($5.02) returned to Burlica2013
Burlica2013 collected $5.90 from pot
Burlica2013: doesn't show hand 
*** SUMMARY ***
Total pot $5.90 | Rake $0 
Seat 1: Burlica2013 (button) collected ($5.90)
Seat 2: shootingGRID (small blind) folded before Flop
Seat 3: evarejj (big blind) folded before Flop
Seat 4: iTrustU21 folded before Flop (didn't bet)
Seat 5: CashfishT folded before Flop
Seat 6: Manifestorr folded before Flop (didn't bet)



PokerStars Hand #254590211151:  Hold'em No Limit ($0.50/$1.00 USD) - 2025/01/28 4:35:13 WET [2025/01/27 23:35:13 ET]
Table 'Chiny IV' 6-max Seat #2 is the button
Seat 1: Burlica2013 ($138.86 in chips) 
Seat 2: shootingGRID ($121.46 in chips) 
Seat 3: evarejj ($152.75 in chips) 
Seat 4: iTrustU21 ($100 in chips) 
Seat 5: CashfishT ($100.30 in chips) 
Seat 6: Manifestorr ($104.72 in chips) 
evarejj: posts small blind $0.50
iTrustU21: posts big blind $1
*** HOLE CARDS ***
CashfishT: folds 
Manifestorr: folds 
Burlica2013: folds 
shootingGRID: raises $1.50 to $2.50
evarejj: folds 
iTrustU21: folds 
Uncalled bet ($1.50) returned to shootingGRID
shootingGRID collected $2.50 from pot
*** SUMMARY ***
Total pot $2.50 | Rake $0 
Seat 1: Burlica2013 folded before Flop (didn't bet)
Seat 2: shootingGRID (button) collected ($2.50)
Seat 3: evarejj (small blind) folded before Flop
Seat 4: iTrustU21 (big blind) folded before Flop
Seat 5: CashfishT folded before Flop (didn't bet)
Seat 6: Manifestorr folded before Flop (didn't bet)



PokerStars Hand #254590213656:  Hold'em No Limit ($0.50/$1.00 USD) - 2025/01/28 4:35:40 WET [2025/01/27 23:35:40 ET]
Table 'Chiny IV' 6-max Seat #3 is the button
Seat 1: Burlica2013 ($138.86 in chips) 
Seat 2: shootingGRID ($122.96 in chips) 
Seat 3: evarejj ($152.25 in chips) 
Seat 4: iTrustU21 ($100 in chips) 
Seat 5: CashfishT ($100.30 in chips) 
Seat 6: Manifestorr ($104.72 in chips) 
iTrustU21: posts small blind $0.50
CashfishT: posts big blind $1
*** HOLE CARDS ***
Manifestorr: folds 
Burlica2013: folds 
shootingGRID: folds 
evarejj: raises $2 to $3
iTrustU21: folds 
CashfishT: calls $2
*** FLOP *** [3d Th 9h]
CashfishT: checks 
evarejj: bets $1
CashfishT: folds 
Uncalled bet ($1) returned to evarejj
evarejj collected $6.18 from pot
*** SUMMARY ***
Total pot $6.50 | Rake $0.32 
Board [3d Th 9h]
Seat 1: Burlica2013 folded before Flop (didn't bet)
Seat 2: shootingGRID folded before Flop (didn't bet)
Seat 3: evarejj (button) collected ($6.18)
Seat 4: iTrustU21 (small blind) folded before Flop
Seat 5: CashfishT (big blind) folded on the Flop
Seat 6: Manifestorr folded before Flop (didn't bet)



PokerStars Hand #254590217674:  Hold'em No Limit ($0.50/$1.00 USD) - 2025/01/28 4:36:25 WET [2025/01/27 23:36:25 ET]
Table 'Chiny IV' 6-max Seat #4 is the button
Seat 1: Burlica2013 ($138.86 in chips) 
Seat 2: shootingGRID ($122.96 in chips) 
Seat 3: evarejj ($155.43 in chips) 
Seat 4: iTrustU21 ($100 in chips) 
Seat 5: CashfishT ($100 in chips) 
Seat 6: Manifestorr ($104.72 in chips) 
CashfishT: posts small blind $0.50
Manifestorr: posts big blind $1
*** HOLE CARDS ***
Burlica2013: folds 
shootingGRID: folds 
evarejj: folds 
iTrustU21: folds 
CashfishT: folds 
Uncalled bet ($0.50) returned to Manifestorr
Manifestorr collected $1 from pot
*** SUMMARY ***
Total pot $1 | Rake $0 
Seat 1: Burlica2013 folded before Flop (didn't bet)
Seat 2: shootingGRID folded before Flop (didn't bet)
Seat 3: evarejj folded before Flop (didn't bet)
Seat 4: iTrustU21 (button) folded before Flop (didn't bet)
Seat 5: CashfishT (small blind) folded before Flop
Seat 6: Manifestorr (big blind) collected ($1)



PokerStars Hand #254590219457:  Hold'em No Limit ($0.50/$1.00 USD) - 2025/01/28 4:36:44 WET [2025/01/27 23:36:44 ET]
Table 'Chiny IV' 6-max Seat #5 is the button
Seat 1: Burlica2013 ($138.86 in chips) 
Seat 2: shootingGRID ($122.96 in chips) 
Seat 3: evarejj ($155.43 in chips) 
Seat 4: iTrustU21 ($100 in chips) 
Seat 5: CashfishT ($100 in chips) 
Seat 6: Manifestorr ($105.22 in chips) 
Manifestorr: posts small blind $0.50
Burlica2013: posts big blind $1
*** HOLE CARDS ***
shootingGRID: folds 
evarejj: folds 
iTrustU21: folds 
CashfishT: folds 
Manifestorr: folds 
Uncalled bet ($0.50) returned to Burlica2013
Burlica2013 collected $1 from pot
Burlica2013: doesn't show hand 
*** SUMMARY ***
Total pot $1 | Rake $0 
Seat 1: Burlica2013 (big blind) collected ($1)
Seat 2: shootingGRID folded before Flop (didn't bet)
Seat 3: evarejj folded before Flop (didn't bet)
Seat 4: iTrustU21 folded before Flop (didn't bet)
Seat 5: CashfishT (button) folded before Flop (didn't bet)
Seat 6: Manifestorr (small blind) folded before Flop



PokerStars Hand #254590220902:  Hold'em No Limit ($0.50/$1.00 USD) - 2025/01/28 4:37:00 WET [2025/01/27 23:37:00 ET]
Table 'Chiny IV' 6-max Seat #6 is the button
Seat 1: Burlica2013 ($139.36 in chips) 
Seat 2: shootingGRID ($122.96 in chips) 
Seat 3: evarejj ($155.43 in chips) 
Seat 4: iTrustU21 ($100 in chips) 
Seat 5: CashfishT ($100 in chips) 
Seat 6: Manifestorr ($104.72 in chips) 
Burlica2013: posts small blind $0.50
shootingGRID: posts big blind $1
*** HOLE CARDS ***
evarejj: raises $2 to $3
iTrustU21: folds 
CashfishT: folds 
Manifestorr: folds 
Burlica2013: folds 
shootingGRID: raises $10 to $13
evarejj: calls $10
*** FLOP *** [5d 2c 9d]
shootingGRID: bets $12.59
evarejj: calls $12.59
*** TURN *** [5d 2c 9d] [5c]
shootingGRID: checks 
evarejj: bets $49.18
shootingGRID: calls $49.18
*** RIVER *** [5d 2c 9d 5c] [8h]
shootingGRID: checks 
evarejj: bets $80.66 and is all-in
shootingGRID: calls $48.19 and is all-in
Uncalled bet ($32.47) returned to evarejj
*** SHOW DOWN ***
evarejj: shows [Jd Kd] (a pair of Fives)
shootingGRID: shows [Ac Qd] (a pair of Fives - Ace kicker)
shootingGRID collected $243.92 from pot
evarejj is disconnected 
*** SUMMARY ***
Total pot $246.42 | Rake $2.50 
Board [5d 2c 9d 5c 8h]
Seat 1: Burlica2013 (small blind) folded before Flop
Seat 2: shootingGRID (big blind) showed [Ac Qd] and won ($243.92) with a pair of Fives
Seat 3: evarejj showed [Jd Kd] and lost with a pair of Fives
Seat 4: iTrustU21 folded before Flop (didn't bet)
Seat 5: CashfishT folded before Flop (didn't bet)
Seat 6: Manifestorr (button) folded before Flop (didn't bet)



PokerStars Hand #254590229344:  Hold'em No Limit ($0.50/$1.00 USD) - 2025/01/28 4:38:33 WET [2025/01/27 23:38:33 ET]
Table 'Chiny IV' 6-max Seat #1 is the button
Seat 3: evarejj ($32.47 in chips) is sitting out
Seat 1: Burlica2013 ($138.86 in chips) 
Seat 2: shootingGRID ($243.92 in chips) 
Seat 4: iTrustU21 ($100 in chips) 
Seat 5: CashfishT ($100 in chips) 
Seat 6: Manifestorr ($104.72 in chips) 
shootingGRID: posts small blind $0.50
evarejj has timed out while disconnected
evarejj: is sitting out 
iTrustU21: posts big blind $1
*** HOLE CARDS ***
CashfishT: folds 
Manifestorr: folds 
Burlica2013: folds 
shootingGRID: folds 
Uncalled bet ($0.50) returned to iTrustU21
iTrustU21 collected $1 from pot
iTrustU21: doesn't show hand 
*** SUMMARY ***
Total pot $1 | Rake $0 
Seat 3: evarejj
Seat 1: Burlica2013 (button) folded before Flop (didn't bet)
Seat 2: shootingGRID (small blind) folded before Flop
Seat 4: iTrustU21 (big blind) collected ($1)
Seat 5: CashfishT folded before Flop (didn't bet)
Seat 6: Manifestorr folded before Flop (didn't bet)



PokerStars Hand #254590231646:  Hold'em No Limit ($0.50/$1.00 USD) - 2025/01/28 4:38:59 WET [2025/01/27 23:38:59 ET]
Table 'Chiny IV' 6-max Seat #2 is the button
Seat 3: evarejj ($32.47 in chips) is sitting out
Seat 1: Burlica2013 ($138.86 in chips) 
Seat 2: shootingGRID ($243.42 in chips) 
Seat 4: iTrustU21 ($100.50 in chips) 
Seat 5: CashfishT ($100 in chips) 
Seat 6: Manifestorr ($104.72 in chips) 
iTrustU21: posts small blind $0.50
CashfishT: posts big blind $1
*** HOLE CARDS ***
Manifestorr: folds 
Burlica2013: folds 
shootingGRID: raises $1.50 to $2.50
iTrustU21: folds 
CashfishT: folds 
Uncalled bet ($1.50) returned to shootingGRID
shootingGRID collected $2.50 from pot
*** SUMMARY ***
Total pot $2.50 | Rake $0 
Seat 3: evarejj
Seat 1: Burlica2013 folded before Flop (didn't bet)
Seat 2: shootingGRID (button) collected ($2.50)
Seat 4: iTrustU21 (small blind) folded before Flop
Seat 5: CashfishT (big blind) folded before Flop
Seat 6: Manifestorr folded before Flop (didn't bet)



PokerStars Hand #254590232868:  Hold'em No Limit ($0.50/$1.00 USD) - 2025/01/28 4:39:12 WET [2025/01/27 23:39:12 ET]
Table 'Chiny IV' 6-max Seat #4 is the button
Seat 3: evarejj ($32.47 in chips) is sitting out
Seat 1: Burlica2013 ($138.86 in chips) 
Seat 2: shootingGRID ($244.92 in chips) 
Seat 4: iTrustU21 ($100 in chips) 
Seat 5: CashfishT ($100 in chips) 
Seat 6: Manifestorr ($104.72 in chips) 
CashfishT: posts small blind $0.50
Manifestorr: posts big blind $1
*** HOLE CARDS ***
Burlica2013: folds 
shootingGRID: folds 
Burlica2013 leaves the table
iTrustU21: raises $1.20 to $2.20
CashfishT: folds 
Manifestorr: folds 
Uncalled bet ($1.20) returned to iTrustU21
iTrustU21 collected $2.50 from pot
iTrustU21: doesn't show hand 
*** SUMMARY ***
Total pot $2.50 | Rake $0 
Seat 3: evarejj
Seat 1: Burlica2013 folded before Flop (didn't bet)
Seat 2: shootingGRID folded before Flop (didn't bet)
Seat 4: iTrustU21 (button) collected ($2.50)
Seat 5: CashfishT (small blind) folded before Flop
Seat 6: Manifestorr (big blind) folded before Flop



PokerStars Hand #254590119569:  Hold'em No Limit ($0.50/$1.00 USD) - 2025/01/28 4:18:51 WET [2025/01/27 23:18:51 ET]
Table 'Chiny IV' 6-max Seat #1 is the button
Seat 1: Yasefaw ($43.66 in chips) 
Seat 2: shootingGRID ($107.80 in chips) 
Seat 3: Burlica2013 ($100 in chips) 
Seat 4: Melenya ($100 in chips) 
Seat 5: iTrustU21 ($100 in chips) 
Seat 6: Manifestorr ($100 in chips) 
shootingGRID: posts small blind $0.50
Burlica2013: posts big blind $1
*** HOLE CARDS ***
Melenya: folds 
iTrustU21: folds 
Manifestorr: folds 
Yasefaw: folds 
shootingGRID: folds 
Uncalled bet ($0.50) returned to Burlica2013
Burlica2013 collected $1 from pot
Burlica2013: doesn't show hand 
*** SUMMARY ***
Total pot $1 | Rake $0 
Seat 1: Yasefaw (button) folded before Flop (didn't bet)
Seat 2: shootingGRID (small blind) folded before Flop
Seat 3: Burlica2013 (big blind) collected ($1)
Seat 4: Melenya folded before Flop (didn't bet)
Seat 5: iTrustU21 folded before Flop (didn't bet)
Seat 6: Manifestorr folded before Flop (didn't bet)



PokerStars Hand #254590120954:  Hold'em No Limit ($0.50/$1.00 USD) - 2025/01/28 4:19:05 WET [2025/01/27 23:19:05 ET]
Table 'Chiny IV' 6-max Seat #2 is the button
Seat 1: Yasefaw ($43.66 in chips) 
Seat 2: shootingGRID ($107.30 in chips) 
Seat 3: Burlica2013 ($100.50 in chips) 
Seat 4: Melenya ($100 in chips) 
Seat 5: iTrustU21 ($100 in chips) 
Seat 6: Manifestorr ($100 in chips) 
Burlica2013: posts small blind $0.50
Melenya: posts big blind $1
*** HOLE CARDS ***
iTrustU21: folds 
Manifestorr: folds 
Yasefaw: folds 
shootingGRID: raises $1.50 to $2.50
Burlica2013: folds 
Melenya: calls $1.50
*** FLOP *** [5c 9s Ac]
Melenya: checks 
shootingGRID: checks 
*** TURN *** [5c 9s Ac] [Tc]
Melenya: checks 
shootingGRID: checks 
*** RIVER *** [5c 9s Ac Tc] [7h]
Melenya: bets $7.83
shootingGRID: folds 
Uncalled bet ($7.83) returned to Melenya
Melenya collected $5.22 from pot
Melenya: doesn't show hand 
*** SUMMARY ***
Total pot $5.50 | Rake $0.28 
Board [5c 9s Ac Tc 7h]
Seat 1: Yasefaw folded before Flop (didn't bet)
Seat 2: shootingGRID (button) folded on the River
Seat 3: Burlica2013 (small blind) folded before Flop
Seat 4: Melenya (big blind) collected ($5.22)
Seat 5: iTrustU21 folded before Flop (didn't bet)
Seat 6: Manifestorr folded before Flop (didn't bet)



PokerStars Hand #254590127864:  Hold'em No Limit ($0.50/$1.00 USD) - 2025/01/28 4:20:18 WET [2025/01/27 23:20:18 ET]
Table 'Chiny IV' 6-max Seat #3 is the button
Seat 1: Yasefaw ($43.66 in chips) 
Seat 2: shootingGRID ($104.80 in chips) 
Seat 3: Burlica2013 ($100 in chips) 
Seat 4: Melenya ($102.72 in chips) 
Seat 5: iTrustU21 ($100 in chips) 
Seat 6: Manifestorr ($100 in chips) 
Melenya: posts small blind $0.50
iTrustU21: posts big blind $1
*** HOLE CARDS ***
Manifestorr: folds 
Yasefaw: folds 
shootingGRID: folds 
Burlica2013: raises $1.45 to $2.45
Melenya: folds 
iTrustU21: folds 
Uncalled bet ($1.45) returned to Burlica2013
Burlica2013 collected $2.50 from pot
Burlica2013: doesn't show hand 
*** SUMMARY ***
Total pot $2.50 | Rake $0 
Seat 1: Yasefaw folded before Flop (didn't bet)
Seat 2: shootingGRID folded before Flop (didn't bet)
Seat 3: Burlica2013 (button) collected ($2.50)
Seat 4: Melenya (small blind) folded before Flop
Seat 5: iTrustU21 (big blind) folded before Flop
Seat 6: Manifestorr folded before Flop (didn't bet)



PokerStars Hand #254590130901:  Hold'em No Limit ($0.50/$1.00 USD) - 2025/01/28 4:20:50 WET [2025/01/27 23:20:50 ET]
Table 'Chiny IV' 6-max Seat #4 is the button
Seat 1: Yasefaw ($43.66 in chips) 
Seat 2: shootingGRID ($104.80 in chips) 
Seat 3: Burlica2013 ($101.50 in chips) 
Seat 4: Melenya ($102.22 in chips) 
Seat 5: iTrustU21 ($100 in chips) 
Seat 6: Manifestorr ($100 in chips) 
iTrustU21: posts small blind $0.50
Manifestorr: posts big blind $1
*** HOLE CARDS ***
Yasefaw: folds 
shootingGRID: folds 
Burlica2013: folds 
Melenya: folds 
iTrustU21: folds 
Uncalled bet ($0.50) returned to Manifestorr
Manifestorr collected $1 from pot
*** SUMMARY ***
Total pot $1 | Rake $0 
Seat 1: Yasefaw folded before Flop (didn't bet)
Seat 2: shootingGRID folded before Flop (didn't bet)
Seat 3: Burlica2013 folded before Flop (didn't bet)
Seat 4: Melenya (button) folded before Flop (didn't bet)
Seat 5: iTrustU21 (small blind) folded before Flop
Seat 6: Manifestorr (big blind) collected ($1)



PokerStars Hand #254590132848:  Hold'em No Limit ($0.50/$1.00 USD) - 2025/01/28 4:21:10 WET [2025/01/27 23:21:10 ET]
Table 'Chiny IV' 6-max Seat #5 is the button
Seat 1: Yasefaw ($43.66 in chips) 
Seat 2: shootingGRID ($104.80 in chips) 
Seat 3: Burlica2013 ($101.50 in chips) 
Seat 4: Melenya ($102.22 in chips) 
Seat 5: iTrustU21 ($100 in chips) 
Seat 6: Manifestorr ($100.50 in chips) 
Manifestorr: posts small blind $0.50
Yasefaw: posts big blind $1
*** HOLE CARDS ***
shootingGRID: folds 
Burlica2013: folds 
Melenya: folds 
iTrustU21: raises $1.50 to $2.50
Manifestorr: folds 
Yasefaw: folds 
Uncalled bet ($1.50) returned to iTrustU21
iTrustU21 collected $2.50 from pot
iTrustU21: doesn't show hand 
*** SUMMARY ***
Total pot $2.50 | Rake $0 
Seat 1: Yasefaw (big blind) folded before Flop
Seat 2: shootingGRID folded before Flop (didn't bet)
Seat 3: Burlica2013 folded before Flop (didn't bet)
Seat 4: Melenya folded before Flop (didn't bet)
Seat 5: iTrustU21 (button) collected ($2.50)
Seat 6: Manifestorr (small blind) folded before Flop



PokerStars Hand #254590135223:  Hold'em No Limit ($0.50/$1.00 USD) - 2025/01/28 4:21:35 WET [2025/01/27 23:21:35 ET]
Table 'Chiny IV' 6-max Seat #6 is the button
Seat 1: Yasefaw ($42.66 in chips) 
Seat 2: shootingGRID ($104.80 in chips) 
Seat 3: Burlica2013 ($101.50 in chips) 
Seat 4: Melenya ($102.22 in chips) 
Seat 5: iTrustU21 ($101.50 in chips) 
Seat 6: Manifestorr ($100 in chips) 
Yasefaw: posts small blind $0.50
shootingGRID: posts big blind $1
*** HOLE CARDS ***
Burlica2013: folds 
Melenya: folds 
iTrustU21: folds 
Manifestorr: raises $1.20 to $2.20
Yasefaw: folds 
shootingGRID: raises $9.30 to $11.50
Manifestorr: folds 
Uncalled bet ($9.30) returned to shootingGRID
shootingGRID collected $4.90 from pot
*** SUMMARY ***
Total pot $4.90 | Rake $0 
Seat 1: Yasefaw (small blind) folded before Flop
Seat 2: shootingGRID (big blind) collected ($4.90)
Seat 3: Burlica2013 folded before Flop (didn't bet)
Seat 4: Melenya folded before Flop (didn't bet)
Seat 5: iTrustU21 folded before Flop (didn't bet)
Seat 6: Manifestorr (button) folded before Flop



PokerStars Hand #254590139035:  Hold'em No Limit ($0.50/$1.00 USD) - 2025/01/28 4:22:15 WET [2025/01/27 23:22:15 ET]
Table 'Chiny IV' 6-max Seat #1 is the button
Seat 1: Yasefaw ($42.16 in chips) 
Seat 2: shootingGRID ($107.50 in chips) 
Seat 3: Burlica2013 ($101.50 in chips) 
Seat 4: Melenya ($102.22 in chips) 
Seat 5: iTrustU21 ($101.50 in chips) 
Seat 6: Manifestorr ($100 in chips) 
shootingGRID: posts small blind $0.50
Burlica2013: posts big blind $1
*** HOLE CARDS ***
Melenya: folds 
iTrustU21: folds 
Manifestorr: raises $1.20 to $2.20
Yasefaw: folds 
shootingGRID: folds 
Burlica2013: folds 
Uncalled bet ($1.20) returned to Manifestorr
Manifestorr collected $2.50 from pot
*** SUMMARY ***
Total pot $2.50 | Rake $0 
Seat 1: Yasefaw (button) folded before Flop (didn't bet)
Seat 2: shootingGRID (small blind) folded before Flop
Seat 3: Burlica2013 (big blind) folded before Flop
Seat 4: Melenya folded before Flop (didn't bet)
Seat 5: iTrustU21 folded before Flop (didn't bet)
Seat 6: Manifestorr collected ($2.50)



PokerStars Hand #254590141059:  Hold'em No Limit ($0.50/$1.00 USD) - 2025/01/28 4:22:36 WET [2025/01/27 23:22:36 ET]
Table 'Chiny IV' 6-max Seat #2 is the button
Seat 1: Yasefaw ($42.16 in chips) 
Seat 2: shootingGRID ($107 in chips) 
Seat 3: Burlica2013 ($100.50 in chips) 
Seat 4: Melenya ($102.22 in chips) 
Seat 5: iTrustU21 ($101.50 in chips) 
Seat 6: Manifestorr ($101.50 in chips) 
Burlica2013: posts small blind $0.50
Melenya: posts big blind $1
*** HOLE CARDS ***
iTrustU21: folds 
Manifestorr: folds 
Yasefaw: folds 
shootingGRID: raises $1.50 to $2.50
Burlica2013: folds 
Melenya: folds 
Uncalled bet ($1.50) returned to shootingGRID
shootingGRID collected $2.50 from pot
*** SUMMARY ***
Total pot $2.50 | Rake $0 
Seat 1: Yasefaw folded before Flop (didn't bet)
Seat 2: shootingGRID (button) collected ($2.50)
Seat 3: Burlica2013 (small blind) folded before Flop
Seat 4: Melenya (big blind) folded before Flop
Seat 5: iTrustU21 folded before Flop (didn't bet)
Seat 6: Manifestorr folded before Flop (didn't bet)



PokerStars Hand #254590143576:  Hold'em No Limit ($0.50/$1.00 USD) - 2025/01/28 4:23:03 WET [2025/01/27 23:23:03 ET]
Table 'Chiny IV' 6-max Seat #3 is the button
Seat 1: Yasefaw ($42.16 in chips) 
Seat 2: shootingGRID ($108.50 in chips) 
Seat 3: Burlica2013 ($100 in chips) 
Seat 4: Melenya ($101.22 in chips) 
Seat 5: iTrustU21 ($101.50 in chips) 
Seat 6: Manifestorr ($101.50 in chips) 
Melenya: posts small blind $0.50
iTrustU21: posts big blind $1
*** HOLE CARDS ***
Manifestorr: folds 
Yasefaw: folds 
shootingGRID: folds 
Burlica2013: folds 
Melenya: raises $2 to $3
iTrustU21: raises $6 to $9
Melenya: raises $13.50 to $22.50
iTrustU21: folds 
Uncalled bet ($13.50) returned to Melenya
Melenya collected $18 from pot
Melenya: doesn't show hand 
*** SUMMARY ***
Total pot $18 | Rake $0 
Seat 1: Yasefaw folded before Flop (didn't bet)
Seat 2: shootingGRID folded before Flop (didn't bet)
Seat 3: Burlica2013 (button) folded before Flop (didn't bet)
Seat 4: Melenya (small blind) collected ($18)
Seat 5: iTrustU21 (big blind) folded before Flop
Seat 6: Manifestorr folded before Flop (didn't bet)



PokerStars Hand #254590147672:  Hold'em No Limit ($0.50/$1.00 USD) - 2025/01/28 4:23:46 WET [2025/01/27 23:23:46 ET]
Table 'Chiny IV' 6-max Seat #4 is the button
Seat 1: Yasefaw ($42.16 in chips) 
Seat 2: shootingGRID ($108.50 in chips) 
Seat 3: Burlica2013 ($100 in chips) 
Seat 4: Melenya ($110.22 in chips) 
Seat 5: iTrustU21 ($100 in chips) 
Seat 6: Manifestorr ($101.50 in chips) 
iTrustU21: posts small blind $0.50
Manifestorr: posts big blind $1
*** HOLE CARDS ***
Yasefaw: folds 
shootingGRID: folds 
Burlica2013: folds 
Melenya: raises $1.50 to $2.50
iTrustU21: folds 
Manifestorr: folds 
Uncalled bet ($1.50) returned to Melenya
Melenya collected $2.50 from pot
Melenya: doesn't show hand 
*** SUMMARY ***
Total pot $2.50 | Rake $0 
Seat 1: Yasefaw folded before Flop (didn't bet)
Seat 2: shootingGRID folded before Flop (didn't bet)
Seat 3: Burlica2013 folded before Flop (didn't bet)
Seat 4: Melenya (button) collected ($2.50)
Seat 5: iTrustU21 (small blind) folded before Flop
Seat 6: Manifestorr (big blind) folded before Flop



PokerStars Hand #254590149967:  Hold'em No Limit ($0.50/$1.00 USD) - 2025/01/28 4:24:10 WET [2025/01/27 23:24:10 ET]
Table 'Chiny IV' 6-max Seat #5 is the button
Seat 1: Yasefaw ($42.16 in chips) 
Seat 2: shootingGRID ($108.50 in chips) 
Seat 3: Burlica2013 ($100 in chips) 
Seat 4: Melenya ($111.72 in chips) 
Seat 5: iTrustU21 ($100 in chips) 
Seat 6: Manifestorr ($100.50 in chips) 
Manifestorr: posts small blind $0.50
Yasefaw: posts big blind $1
*** HOLE CARDS ***
shootingGRID: raises $1.25 to $2.25
Burlica2013: folds 
Melenya: raises $5.25 to $7.50
iTrustU21: folds 
Manifestorr: folds 
Yasefaw: folds 
shootingGRID: calls $5.25
*** FLOP *** [7h 7s 2s]
shootingGRID: checks 
Melenya: bets $11.76
shootingGRID: calls $11.76
*** TURN *** [7h 7s 2s] [5d]
shootingGRID: checks 
Melenya: checks 
*** RIVER *** [7h 7s 2s 5d] [9s]
shootingGRID: checks 
Melenya: checks 
*** SHOW DOWN ***
shootingGRID: shows [Ts Tc] (two pair, Tens and Sevens)
Melenya: mucks hand 
shootingGRID collected $38.02 from pot
*** SUMMARY ***
Total pot $40.02 | Rake $2 
Board [7h 7s 2s 5d 9s]
Seat 1: Yasefaw (big blind) folded before Flop
Seat 2: shootingGRID showed [Ts Tc] and won ($38.02) with two pair, Tens and Sevens
Seat 3: Burlica2013 folded before Flop (didn't bet)
Seat 4: Melenya mucked
Seat 5: iTrustU21 (button) folded before Flop (didn't bet)
Seat 6: Manifestorr (small blind) folded before Flop



PokerStars Hand #254590158057:  Hold'em No Limit ($0.50/$1.00 USD) - 2025/01/28 4:25:37 WET [2025/01/27 23:25:37 ET]
Table 'Chiny IV' 6-max Seat #6 is the button
Seat 1: Yasefaw ($41.16 in chips) 
Seat 2: shootingGRID ($127.26 in chips) 
Seat 3: Burlica2013 ($100 in chips) 
Seat 4: Melenya ($100 in chips) 
Seat 5: iTrustU21 ($100 in chips) 
Seat 6: Manifestorr ($100 in chips) 
Yasefaw: posts small blind $0.50
shootingGRID: posts big blind $1
*** HOLE CARDS ***
Burlica2013: folds 
Melenya: folds 
iTrustU21: folds 
Manifestorr: folds 
Yasefaw: folds 
Uncalled bet ($0.50) returned to shootingGRID
shootingGRID collected $1 from pot
*** SUMMARY ***
Total pot $1 | Rake $0 
Seat 1: Yasefaw (small blind) folded before Flop
Seat 2: shootingGRID (big blind) collected ($1)
Seat 3: Burlica2013 folded before Flop (didn't bet)
Seat 4: Melenya folded before Flop (didn't bet)
Seat 5: iTrustU21 folded before Flop (didn't bet)
Seat 6: Manifestorr (button) folded before Flop (didn't bet)



PokerStars Hand #254590159110:  Hold'em No Limit ($0.50/$1.00 USD) - 2025/01/28 4:25:48 WET [2025/01/27 23:25:48 ET]
Table 'Chiny IV' 6-max Seat #1 is the button
Seat 1: Yasefaw ($40.66 in chips) 
Seat 2: shootingGRID ($127.76 in chips) 
Seat 3: Burlica2013 ($100 in chips) 
Seat 4: Melenya ($100 in chips) 
Seat 5: iTrustU21 ($100 in chips) 
Seat 6: Manifestorr ($100 in chips) 
shootingGRID: posts small blind $0.50
Burlica2013: posts big blind $1
*** HOLE CARDS ***
Melenya: folds 
iTrustU21: folds 
Manifestorr: folds 
Yasefaw: raises $2.50 to $3.50
shootingGRID: folds 
Burlica2013: raises $8.50 to $12
Yasefaw: calls $8.50
*** FLOP *** [4s 8c Ah]
Burlica2013: checks 
Yasefaw: bets $28.66 and is all-in
Burlica2013: calls $28.66
*** TURN *** [4s 8c Ah] [5h]
*** RIVER *** [4s 8c Ah 5h] [6s]
*** SHOW DOWN ***
Burlica2013: shows [Kh Ks] (a pair of Kings)
Yasefaw: shows [Th 8h] (a pair of Eights)
Burlica2013 collected $79.32 from pot
*** SUMMARY ***
Total pot $81.82 | Rake $2.50 
Board [4s 8c Ah 5h 6s]
Seat 1: Yasefaw (button) showed [Th 8h] and lost with a pair of Eights
Seat 2: shootingGRID (small blind) folded before Flop
Seat 3: Burlica2013 (big blind) showed [Kh Ks] and won ($79.32) with a pair of Kings
Seat 4: Melenya folded before Flop (didn't bet)
Seat 5: iTrustU21 folded before Flop (didn't bet)
Seat 6: Manifestorr folded before Flop (didn't bet)



PokerStars Hand #254590164655:  Hold'em No Limit ($0.50/$1.00 USD) - 2025/01/28 4:26:48 WET [2025/01/27 23:26:48 ET]
Table 'Chiny IV' 6-max Seat #2 is the button
Seat 1: Yasefaw ($0 in chips) is sitting out
Seat 2: shootingGRID ($127.26 in chips) 
Seat 3: Burlica2013 ($138.66 in chips) 
Seat 4: Melenya ($100 in chips) 
Seat 5: iTrustU21 ($100 in chips) 
Seat 6: Manifestorr ($100 in chips) 
Burlica2013: posts small blind $0.50
Melenya: posts big blind $1
*** HOLE CARDS ***
iTrustU21: folds 
Manifestorr: folds 
shootingGRID: folds 
Burlica2013: folds 
Uncalled bet ($0.50) returned to Melenya
Melenya collected $1 from pot
Melenya: doesn't show hand 
Yasefaw leaves the table
*** SUMMARY ***
Total pot $1 | Rake $0 
Seat 1: Yasefaw
Seat 2: shootingGRID (button) folded before Flop (didn't bet)
Seat 3: Burlica2013 (small blind) folded before Flop
Seat 4: Melenya (big blind) collected ($1)
Seat 5: iTrustU21 folded before Flop (didn't bet)
Seat 6: Manifestorr folded before Flop (didn't bet)



PokerStars Hand #254590165483:  Hold'em No Limit ($0.50/$1.00 USD) - 2025/01/28 4:26:57 WET [2025/01/27 23:26:57 ET]
Table 'Chiny IV' 6-max Seat #3 is the button
Seat 5: iTrustU21 ($100 in chips) is sitting out
Seat 2: shootingGRID ($127.26 in chips) 
Seat 3: Burlica2013 ($138.16 in chips) 
Seat 4: Melenya ($100.50 in chips) 
Seat 6: Manifestorr ($100 in chips) 
Melenya: posts small blind $0.50
iTrustU21: is sitting out 
Manifestorr: posts big blind $1
*** HOLE CARDS ***
shootingGRID: folds 
Burlica2013: folds 
iTrustU21 leaves the table
Melenya: folds 
Uncalled bet ($0.50) returned to Manifestorr
Manifestorr collected $1 from pot
*** SUMMARY ***
Total pot $1 | Rake $0 
Seat 5: iTrustU21
Seat 2: shootingGRID folded before Flop (didn't bet)
Seat 3: Burlica2013 (button) folded before Flop (didn't bet)
Seat 4: Melenya (small blind) folded before Flop
Seat 6: Manifestorr (big blind) collected ($1)



