PokerStars Hand #254591496052:  Hold'em No Limit ($0.50/$1.00 USD) - 2025/01/28 9:20:06 WET [2025/01/28 4:20:06 ET]
Table 'Jupiter IV' 6-max Seat #1 is the button
Seat 5: SeEevg ($100 in chips) is sitting out
Seat 6: Paco19bn ($100 in chips) is sitting out
Seat 1: DenisSmi13 ($52.21 in chips) 
Seat 2: Poker9803 ($100 in chips) 
Seat 3: Maximysss85 ($100 in chips) 
Seat 4: steelNike ($40 in chips) 
Poker9803: posts small blind $0.50
Maximysss85: posts big blind $1
SeEevg: sits out 
Paco19bn: sits out 
*** HOLE CARDS ***
steelNike: folds 
DenisSmi13: calls $1
Poker9803: folds 
Maximysss85: checks 
*** FLOP *** [Jd 2c Js]
Maximysss85: checks 
DenisSmi13: checks 
*** TURN *** [Jd 2c Js] [7s]
Maximysss85: bets $2.98
DenisSmi13: folds 
Uncalled bet ($2.98) returned to Maximysss85
Maximysss85 collected $2.38 from pot
Maximysss85: doesn't show hand 
*** SUMMARY ***
Total pot $2.50 | Rake $0.12 
Board [Jd 2c Js 7s]
Seat 5: SeEevg
Seat 6: Paco19bn
Seat 1: DenisSmi13 (button) folded on the Turn
Seat 2: Poker9803 (small blind) folded before Flop
Seat 3: Maximysss85 (big blind) collected ($2.38)
Seat 4: steelNike folded before Flop (didn't bet)



PokerStars Hand #254591498094:  Hold'em No Limit ($0.50/$1.00 USD) - 2025/01/28 9:20:31 WET [2025/01/28 4:20:31 ET]
Table 'Jupiter IV' 6-max Seat #2 is the button
Seat 5: SeEevg ($100 in chips) is sitting out
Seat 6: Paco19bn ($100 in chips) is sitting out
Seat 1: DenisSmi13 ($51.21 in chips) 
Seat 2: Poker9803 ($100 in chips) 
Seat 3: Maximysss85 ($101.38 in chips) 
Seat 4: steelNike ($60 in chips) 
Maximysss85: posts small blind $0.50
steelNike: posts big blind $1
SeEevg: sits out 
Paco19bn: sits out 
*** HOLE CARDS ***
DenisSmi13: folds 
Poker9803: raises $1 to $2
Maximysss85: folds 
steelNike: folds 
Uncalled bet ($1) returned to Poker9803
Poker9803 collected $2.50 from pot
Poker9803: doesn't show hand 
*** SUMMARY ***
Total pot $2.50 | Rake $0 
Seat 5: SeEevg
Seat 6: Paco19bn
Seat 1: DenisSmi13 folded before Flop (didn't bet)
Seat 2: Poker9803 (button) collected ($2.50)
Seat 3: Maximysss85 (small blind) folded before Flop
Seat 4: steelNike (big blind) folded before Flop



PokerStars Hand #254591499745:  Hold'em No Limit ($0.50/$1.00 USD) - 2025/01/28 9:20:51 WET [2025/01/28 4:20:51 ET]
Table 'Jupiter IV' 6-max Seat #3 is the button
Seat 6: Paco19bn ($100 in chips) is sitting out
Seat 1: DenisSmi13 ($51.21 in chips) 
Seat 2: Poker9803 ($101.50 in chips) 
Seat 3: Maximysss85 ($100.88 in chips) 
Seat 4: steelNike ($59 in chips) 
Seat 5: SeEevg ($100 in chips) 
steelNike: posts small blind $0.50
SeEevg: posts big blind $1
Paco19bn: sits out 
*** HOLE CARDS ***
DenisSmi13: folds 
Poker9803: folds 
Maximysss85: raises $1.50 to $2.50
steelNike: folds 
SeEevg: folds 
Uncalled bet ($1.50) returned to Maximysss85
Maximysss85 collected $2.50 from pot
Maximysss85: doesn't show hand 
*** SUMMARY ***
Total pot $2.50 | Rake $0 
Seat 6: Paco19bn
Seat 1: DenisSmi13 folded before Flop (didn't bet)
Seat 2: Poker9803 folded before Flop (didn't bet)
Seat 3: Maximysss85 (button) collected ($2.50)
Seat 4: steelNike (small blind) folded before Flop
Seat 5: SeEevg (big blind) folded before Flop



PokerStars Hand #254591501021:  Hold'em No Limit ($0.50/$1.00 USD) - 2025/01/28 9:21:06 WET [2025/01/28 4:21:06 ET]
Table 'Jupiter IV' 6-max Seat #4 is the button
Seat 1: DenisSmi13 ($51.21 in chips) 
Seat 2: Poker9803 ($101.50 in chips) 
Seat 3: Maximysss85 ($102.38 in chips) 
Seat 4: steelNike ($58.50 in chips) 
Seat 5: SeEevg ($100 in chips) 
Seat 6: Paco19bn ($100 in chips) 
SeEevg: posts small blind $0.50
Paco19bn: posts big blind $1
*** HOLE CARDS ***
DenisSmi13: calls $1
Poker9803: folds 
Maximysss85: raises $1.75 to $2.75
steelNike: raises $5.75 to $8.50
SeEevg: raises $10.50 to $19
Paco19bn: folds 
DenisSmi13: folds 
Maximysss85: folds 
steelNike: folds 
Uncalled bet ($10.50) returned to SeEevg
SeEevg collected $21.75 from pot
SeEevg: doesn't show hand 
*** SUMMARY ***
Total pot $21.75 | Rake $0 
Seat 1: DenisSmi13 folded before Flop
Seat 2: Poker9803 folded before Flop (didn't bet)
Seat 3: Maximysss85 folded before Flop
Seat 4: steelNike (button) folded before Flop
Seat 5: SeEevg (small blind) collected ($21.75)
Seat 6: Paco19bn (big blind) folded before Flop



PokerStars Hand #254591505922:  Hold'em No Limit ($0.50/$1.00 USD) - 2025/01/28 9:22:05 WET [2025/01/28 4:22:05 ET]
Table 'Jupiter IV' 6-max Seat #5 is the button
Seat 1: DenisSmi13 ($50.21 in chips) 
Seat 2: Poker9803 ($101.50 in chips) 
Seat 3: Maximysss85 ($100 in chips) 
Seat 4: steelNike ($50 in chips) 
Seat 5: SeEevg ($113.25 in chips) 
Seat 6: Paco19bn ($100 in chips) 
Paco19bn: posts small blind $0.50
DenisSmi13: posts big blind $1
*** HOLE CARDS ***
Poker9803: folds 
Maximysss85: folds 
steelNike: folds 
SeEevg: folds 
Paco19bn: raises $2 to $3
DenisSmi13: calls $2
*** FLOP *** [6d 7c Ah]
Paco19bn: bets $2.91
DenisSmi13: folds 
Uncalled bet ($2.91) returned to Paco19bn
Paco19bn collected $5.70 from pot
Paco19bn: doesn't show hand 
*** SUMMARY ***
Total pot $6 | Rake $0.30 
Board [6d 7c Ah]
Seat 1: DenisSmi13 (big blind) folded on the Flop
Seat 2: Poker9803 folded before Flop (didn't bet)
Seat 3: Maximysss85 folded before Flop (didn't bet)
Seat 4: steelNike folded before Flop (didn't bet)
Seat 5: SeEevg (button) folded before Flop (didn't bet)
Seat 6: Paco19bn (small blind) collected ($5.70)



PokerStars Hand #254591507941:  Hold'em No Limit ($0.50/$1.00 USD) - 2025/01/28 9:22:28 WET [2025/01/28 4:22:28 ET]
Table 'Jupiter IV' 6-max Seat #6 is the button
Seat 1: DenisSmi13 ($47.21 in chips) 
Seat 2: Poker9803 ($101.50 in chips) 
Seat 3: Maximysss85 ($100 in chips) 
Seat 4: steelNike ($50 in chips) 
Seat 5: SeEevg ($113.25 in chips) 
Seat 6: Paco19bn ($102.70 in chips) 
DenisSmi13: posts small blind $0.50
Poker9803: posts big blind $1
*** HOLE CARDS ***
Maximysss85: raises $1.25 to $2.25
steelNike: raises $3.75 to $6
SeEevg: folds 
Paco19bn: folds 
DenisSmi13: folds 
Poker9803: folds 
Maximysss85: raises $94 to $100 and is all-in
steelNike: calls $44 and is all-in
Uncalled bet ($50) returned to Maximysss85
*** FLOP *** [2c 9h 2s]
*** TURN *** [2c 9h 2s] [5c]
*** RIVER *** [2c 9h 2s 5c] [2d]
*** SHOW DOWN ***
Maximysss85: shows [Kh Ac] (three of a kind, Deuces)
steelNike: shows [Kc Ah] (three of a kind, Deuces)
Maximysss85 collected $49.50 from pot
steelNike collected $49.50 from pot
*** SUMMARY ***
Total pot $101.50 | Rake $2.50 
Board [2c 9h 2s 5c 2d]
Seat 1: DenisSmi13 (small blind) folded before Flop
Seat 2: Poker9803 (big blind) folded before Flop
Seat 3: Maximysss85 showed [Kh Ac] and won ($49.50) with three of a kind, Deuces
Seat 4: steelNike showed [Kc Ah] and won ($49.50) with three of a kind, Deuces
Seat 5: SeEevg folded before Flop (didn't bet)
Seat 6: Paco19bn (button) folded before Flop (didn't bet)



PokerStars Hand #254591511507:  Hold'em No Limit ($0.50/$1.00 USD) - 2025/01/28 9:23:11 WET [2025/01/28 4:23:11 ET]
Table 'Jupiter IV' 6-max Seat #1 is the button
Seat 1: DenisSmi13 ($46.71 in chips) 
Seat 2: Poker9803 ($100.50 in chips) 
Seat 3: Maximysss85 ($100 in chips) 
Seat 4: steelNike ($49.50 in chips) 
Seat 5: SeEevg ($113.25 in chips) 
Seat 6: Paco19bn ($102.70 in chips) 
Poker9803: posts small blind $0.50
Maximysss85: posts big blind $1
*** HOLE CARDS ***
steelNike: raises $1 to $2
SeEevg: folds 
Paco19bn: calls $2
DenisSmi13: calls $2
Poker9803: folds 
Maximysss85: folds 
*** FLOP *** [Th Ac 8h]
steelNike: checks 
Paco19bn: checks 
DenisSmi13: checks 
*** TURN *** [Th Ac 8h] [5h]
steelNike: checks 
Paco19bn: checks 
DenisSmi13: checks 
*** RIVER *** [Th Ac 8h 5h] [4d]
steelNike: checks 
Paco19bn: checks 
DenisSmi13: checks 
*** SHOW DOWN ***
steelNike: shows [Ts Kd] (a pair of Tens)
Paco19bn: mucks hand 
DenisSmi13: shows [3h Ad] (a pair of Aces)
DenisSmi13 collected $7.02 from pot
*** SUMMARY ***
Total pot $7.50 | Rake $0.48 
Board [Th Ac 8h 5h 4d]
Seat 1: DenisSmi13 (button) showed [3h Ad] and won ($7.02) with a pair of Aces
Seat 2: Poker9803 (small blind) folded before Flop
Seat 3: Maximysss85 (big blind) folded before Flop
Seat 4: steelNike showed [Ts Kd] and lost with a pair of Tens
Seat 5: SeEevg folded before Flop (didn't bet)
Seat 6: Paco19bn mucked



PokerStars Hand #254591516077:  Hold'em No Limit ($0.50/$1.00 USD) - 2025/01/28 9:24:06 WET [2025/01/28 4:24:06 ET]
Table 'Jupiter IV' 6-max Seat #2 is the button
Seat 1: DenisSmi13 ($51.73 in chips) 
Seat 2: Poker9803 ($100 in chips) 
Seat 3: Maximysss85 ($100 in chips) 
Seat 4: steelNike ($47.50 in chips) 
Seat 5: SeEevg ($113.25 in chips) 
Seat 6: Paco19bn ($100.70 in chips) 
Maximysss85: posts small blind $0.50
steelNike: posts big blind $1
*** HOLE CARDS ***
SeEevg: folds 
Paco19bn: folds 
DenisSmi13: calls $1
Poker9803: raises $2.50 to $3.50
Maximysss85: folds 
steelNike: folds 
DenisSmi13: calls $2.50
*** FLOP *** [6h 2h 8d]
DenisSmi13: checks 
Poker9803: bets $2.67
DenisSmi13: calls $2.67
*** TURN *** [6h 2h 8d] [9s]
DenisSmi13: bets $4
Poker9803: raises $11 to $15
DenisSmi13: calls $11
*** RIVER *** [6h 2h 8d 9s] [8h]
DenisSmi13: bets $11
Poker9803: folds 
Uncalled bet ($11) returned to DenisSmi13
DenisSmi13 collected $41.10 from pot
*** SUMMARY ***
Total pot $43.84 | Rake $2.74 
Board [6h 2h 8d 9s 8h]
Seat 1: DenisSmi13 collected ($41.10)
Seat 2: Poker9803 (button) folded on the River
Seat 3: Maximysss85 (small blind) folded before Flop
Seat 4: steelNike (big blind) folded before Flop
Seat 5: SeEevg folded before Flop (didn't bet)
Seat 6: Paco19bn folded before Flop (didn't bet)



PokerStars Hand #254591522844:  Hold'em No Limit ($0.50/$1.00 USD) - 2025/01/28 9:25:26 WET [2025/01/28 4:25:26 ET]
Table 'Jupiter IV' 6-max Seat #3 is the button
Seat 1: DenisSmi13 ($71.66 in chips) 
Seat 2: Poker9803 ($100 in chips) 
Seat 3: Maximysss85 ($100 in chips) 
Seat 4: steelNike ($46.50 in chips) 
Seat 5: SeEevg ($113.25 in chips) 
Seat 6: Paco19bn ($100.70 in chips) 
steelNike: posts small blind $0.50
SeEevg: posts big blind $1
*** HOLE CARDS ***
Paco19bn: folds 
DenisSmi13: folds 
Poker9803: folds 
Maximysss85: raises $1.50 to $2.50
steelNike: folds 
Paco19bn leaves the table
SeEevg: calls $1.50
*** FLOP *** [Qh 3d 5h]
ARCTlCkiss joins the table at seat #6 
SeEevg: checks 
Maximysss85: bets $2.09
SeEevg: calls $2.09
*** TURN *** [Qh 3d 5h] [3h]
SeEevg: checks 
Maximysss85: checks 
*** RIVER *** [Qh 3d 5h 3h] [As]
SeEevg: checks 
Maximysss85: checks 
*** SHOW DOWN ***
SeEevg: shows [6h 6s] (two pair, Sixes and Threes)
Maximysss85: shows [Jc Qc] (two pair, Queens and Threes)
Maximysss85 collected $9.20 from pot
*** SUMMARY ***
Total pot $9.68 | Rake $0.48 
Board [Qh 3d 5h 3h As]
Seat 1: DenisSmi13 folded before Flop (didn't bet)
Seat 2: Poker9803 folded before Flop (didn't bet)
Seat 3: Maximysss85 (button) showed [Jc Qc] and won ($9.20) with two pair, Queens and Threes
Seat 4: steelNike (small blind) folded before Flop
Seat 5: SeEevg (big blind) showed [6h 6s] and lost with two pair, Sixes and Threes
Seat 6: Paco19bn folded before Flop (didn't bet)



PokerStars Hand #254591527466:  Hold'em No Limit ($0.50/$1.00 USD) - 2025/01/28 9:26:21 WET [2025/01/28 4:26:21 ET]
Table 'Jupiter IV' 6-max Seat #4 is the button
Seat 1: DenisSmi13 ($71.66 in chips) 
Seat 2: Poker9803 ($100 in chips) 
Seat 3: Maximysss85 ($104.61 in chips) 
Seat 4: steelNike ($66 in chips) 
Seat 5: SeEevg ($108.66 in chips) 
Seat 6: ARCTlCkiss ($100 in chips) 
SeEevg: posts small blind $0.50
ARCTlCkiss: posts big blind $1
*** HOLE CARDS ***
DenisSmi13: calls $1
Poker9803: folds 
Maximysss85: folds 
steelNike: calls $1
SeEevg: folds 
ARCTlCkiss: raises $4 to $5
DenisSmi13: calls $4
steelNike: calls $4
*** FLOP *** [7s 7d 4d]
ARCTlCkiss: checks 
DenisSmi13: checks 
steelNike: checks 
*** TURN *** [7s 7d 4d] [6c]
ARCTlCkiss: checks 
DenisSmi13: bets $6
steelNike: folds 
ARCTlCkiss: folds 
Uncalled bet ($6) returned to DenisSmi13
DenisSmi13 collected $14.52 from pot
*** SUMMARY ***
Total pot $15.50 | Rake $0.98 
Board [7s 7d 4d 6c]
Seat 1: DenisSmi13 collected ($14.52)
Seat 2: Poker9803 folded before Flop (didn't bet)
Seat 3: Maximysss85 folded before Flop (didn't bet)
Seat 4: steelNike (button) folded on the Turn
Seat 5: SeEevg (small blind) folded before Flop
Seat 6: ARCTlCkiss (big blind) folded on the Turn



PokerStars Hand #254591534857:  Hold'em No Limit ($0.50/$1.00 USD) - 2025/01/28 9:27:49 WET [2025/01/28 4:27:49 ET]
Table 'Jupiter IV' 6-max Seat #5 is the button
Seat 1: DenisSmi13 ($81.18 in chips) 
Seat 2: Poker9803 ($100 in chips) 
Seat 3: Maximysss85 ($104.61 in chips) 
Seat 4: steelNike ($71 in chips) 
Seat 5: SeEevg ($108.16 in chips) 
Seat 6: ARCTlCkiss ($100 in chips) 
ARCTlCkiss: posts small blind $0.50
DenisSmi13: posts big blind $1
*** HOLE CARDS ***
Poker9803: folds 
Maximysss85: folds 
steelNike: raises $1.30 to $2.30
SeEevg: raises $5.30 to $7.60
ARCTlCkiss: folds 
DenisSmi13: folds 
steelNike: raises $63.40 to $71 and is all-in
SeEevg: folds 
Uncalled bet ($63.40) returned to steelNike
steelNike collected $16.70 from pot
*** SUMMARY ***
Total pot $16.70 | Rake $0 
Seat 1: DenisSmi13 (big blind) folded before Flop
Seat 2: Poker9803 folded before Flop (didn't bet)
Seat 3: Maximysss85 folded before Flop (didn't bet)
Seat 4: steelNike collected ($16.70)
Seat 5: SeEevg (button) folded before Flop
Seat 6: ARCTlCkiss (small blind) folded before Flop



PokerStars Hand #254591538875:  Hold'em No Limit ($0.50/$1.00 USD) - 2025/01/28 9:28:36 WET [2025/01/28 4:28:36 ET]
Table 'Jupiter IV' 6-max Seat #6 is the button
Seat 1: DenisSmi13 ($80.18 in chips) 
Seat 2: Poker9803 ($100 in chips) 
Seat 3: Maximysss85 ($104.61 in chips) 
Seat 4: steelNike ($80.10 in chips) 
Seat 5: SeEevg ($100.56 in chips) 
Seat 6: ARCTlCkiss ($100 in chips) 
DenisSmi13: posts small blind $0.50
Poker9803: posts big blind $1
*** HOLE CARDS ***
Maximysss85: folds 
steelNike: folds 
SeEevg: folds 
ARCTlCkiss: folds 
DenisSmi13: calls $0.50
Poker9803: checks 
*** FLOP *** [Ac Js 4h]
DenisSmi13: checks 
Poker9803: checks 
*** TURN *** [Ac Js 4h] [9h]
DenisSmi13: checks 
Poker9803: bets $1.43
DenisSmi13: calls $1.43
*** RIVER *** [Ac Js 4h 9h] [5c]
DenisSmi13: checks 
Poker9803: bets $6.93
DenisSmi13: folds 
Uncalled bet ($6.93) returned to Poker9803
Poker9803 collected $4.62 from pot
Poker9803: doesn't show hand 
*** SUMMARY ***
Total pot $4.86 | Rake $0.24 
Board [Ac Js 4h 9h 5c]
Seat 1: DenisSmi13 (small blind) folded on the River
Seat 2: Poker9803 (big blind) collected ($4.62)
Seat 3: Maximysss85 folded before Flop (didn't bet)
Seat 4: steelNike folded before Flop (didn't bet)
Seat 5: SeEevg folded before Flop (didn't bet)
Seat 6: ARCTlCkiss (button) folded before Flop (didn't bet)



PokerStars Hand #254591542972:  Hold'em No Limit ($0.50/$1.00 USD) - 2025/01/28 9:29:24 WET [2025/01/28 4:29:24 ET]
Table 'Jupiter IV' 6-max Seat #1 is the button
Seat 1: DenisSmi13 ($77.75 in chips) 
Seat 2: Poker9803 ($102.19 in chips) 
Seat 3: Maximysss85 ($104.61 in chips) 
Seat 4: steelNike ($80.10 in chips) 
Seat 5: SeEevg ($100.56 in chips) 
Seat 6: ARCTlCkiss ($100 in chips) 
Poker9803: posts small blind $0.50
Maximysss85: posts big blind $1
*** HOLE CARDS ***
steelNike: folds 
SeEevg: folds 
ARCTlCkiss: folds 
DenisSmi13: folds 
Poker9803: raises $2 to $3
Maximysss85: folds 
Uncalled bet ($2) returned to Poker9803
Poker9803 collected $2 from pot
Poker9803: doesn't show hand 
*** SUMMARY ***
Total pot $2 | Rake $0 
Seat 1: DenisSmi13 (button) folded before Flop (didn't bet)
Seat 2: Poker9803 (small blind) collected ($2)
Seat 3: Maximysss85 (big blind) folded before Flop
Seat 4: steelNike folded before Flop (didn't bet)
Seat 5: SeEevg folded before Flop (didn't bet)
Seat 6: ARCTlCkiss folded before Flop (didn't bet)



PokerStars Hand #254591543958:  Hold'em No Limit ($0.50/$1.00 USD) - 2025/01/28 9:29:35 WET [2025/01/28 4:29:35 ET]
Table 'Jupiter IV' 6-max Seat #2 is the button
Seat 1: DenisSmi13 ($77.75 in chips) 
Seat 2: Poker9803 ($103.19 in chips) 
Seat 3: Maximysss85 ($103.61 in chips) 
Seat 4: steelNike ($80.10 in chips) 
Seat 5: SeEevg ($100.56 in chips) 
Seat 6: ARCTlCkiss ($100 in chips) 
Maximysss85: posts small blind $0.50
steelNike: posts big blind $1
*** HOLE CARDS ***
SeEevg: folds 
ARCTlCkiss: folds 
DenisSmi13: calls $1
Poker9803: raises $2.50 to $3.50
Maximysss85: folds 
steelNike: raises $10 to $13.50
DenisSmi13: folds 
Poker9803: folds 
Uncalled bet ($10) returned to steelNike
steelNike collected $8.50 from pot
*** SUMMARY ***
Total pot $8.50 | Rake $0 
Seat 1: DenisSmi13 folded before Flop
Seat 2: Poker9803 (button) folded before Flop
Seat 3: Maximysss85 (small blind) folded before Flop
Seat 4: steelNike (big blind) collected ($8.50)
Seat 5: SeEevg folded before Flop (didn't bet)
Seat 6: ARCTlCkiss folded before Flop (didn't bet)



PokerStars Hand #254591559658:  Hold'em No Limit ($0.50/$1.00 USD) - 2025/01/28 9:32:40 WET [2025/01/28 4:32:40 ET]
Table 'Jupiter IV' 6-max Seat #1 is the button
Seat 1: DenisSmi13 ($81.93 in chips) 
Seat 2: Poker9803 ($103.22 in chips) 
Seat 3: Maximysss85 ($104.61 in chips) 
Seat 4: steelNike ($84.60 in chips) 
Seat 5: SeEevg ($100 in chips) 
Seat 6: ARCTlCkiss ($100 in chips) 
Poker9803: posts small blind $0.50
Maximysss85: posts big blind $1
*** HOLE CARDS ***
steelNike: folds 
SeEevg: folds 
ARCTlCkiss: folds 
DenisSmi13: calls $1
Poker9803: folds 
Maximysss85: checks 
*** FLOP *** [2d Td 4h]
Maximysss85: checks 
DenisSmi13: checks 
*** TURN *** [2d Td 4h] [3c]
Maximysss85: bets $2.98
DenisSmi13: folds 
Uncalled bet ($2.98) returned to Maximysss85
Maximysss85 collected $2.38 from pot
Maximysss85: doesn't show hand 
*** SUMMARY ***
Total pot $2.50 | Rake $0.12 
Board [2d Td 4h 3c]
Seat 1: DenisSmi13 (button) folded on the Turn
Seat 2: Poker9803 (small blind) folded before Flop
Seat 3: Maximysss85 (big blind) collected ($2.38)
Seat 4: steelNike folded before Flop (didn't bet)
Seat 5: SeEevg folded before Flop (didn't bet)
Seat 6: ARCTlCkiss folded before Flop (didn't bet)



PokerStars Hand #254591561499:  Hold'em No Limit ($0.50/$1.00 USD) - 2025/01/28 9:33:01 WET [2025/01/28 4:33:01 ET]
Table 'Jupiter IV' 6-max Seat #2 is the button
Seat 1: DenisSmi13 ($80.93 in chips) 
Seat 2: Poker9803 ($102.72 in chips) 
Seat 3: Maximysss85 ($105.99 in chips) 
Seat 4: steelNike ($84.60 in chips) 
Seat 5: SeEevg ($100 in chips) 
Seat 6: ARCTlCkiss ($100 in chips) 
Maximysss85: posts small blind $0.50
steelNike: posts big blind $1
*** HOLE CARDS ***
SeEevg: folds 
ARCTlCkiss: folds 
DenisSmi13: calls $1
Poker9803: folds 
Maximysss85: raises $3.75 to $4.75
steelNike: folds 
DenisSmi13: calls $3.75
*** FLOP *** [5h 2d Qc]
Maximysss85: bets $4.99
DenisSmi13: folds 
Uncalled bet ($4.99) returned to Maximysss85
Maximysss85 collected $9.98 from pot
Maximysss85: doesn't show hand 
*** SUMMARY ***
Total pot $10.50 | Rake $0.52 
Board [5h 2d Qc]
Seat 1: DenisSmi13 folded on the Flop
Seat 2: Poker9803 (button) folded before Flop (didn't bet)
Seat 3: Maximysss85 (small blind) collected ($9.98)
Seat 4: steelNike (big blind) folded before Flop
Seat 5: SeEevg folded before Flop (didn't bet)
Seat 6: ARCTlCkiss folded before Flop (didn't bet)



PokerStars Hand #254591564735:  Hold'em No Limit ($0.50/$1.00 USD) - 2025/01/28 9:33:40 WET [2025/01/28 4:33:40 ET]
Table 'Jupiter IV' 6-max Seat #3 is the button
Seat 5: SeEevg ($100 in chips) is sitting out
Seat 1: DenisSmi13 ($76.18 in chips) 
Seat 2: Poker9803 ($102.72 in chips) 
Seat 3: Maximysss85 ($111.22 in chips) 
Seat 4: steelNike ($83.60 in chips) 
Seat 6: ARCTlCkiss ($100 in chips) 
steelNike: posts small blind $0.50
SeEevg: is sitting out 
ARCTlCkiss: posts big blind $1
*** HOLE CARDS ***
DenisSmi13: calls $1
Poker9803: folds 
Maximysss85: folds 
steelNike: calls $0.50
ARCTlCkiss: checks 
*** FLOP *** [9d 3s 6s]
steelNike: checks 
ARCTlCkiss: bets $2.22
DenisSmi13: calls $2.22
steelNike: folds 
*** TURN *** [9d 3s 6s] [Jc]
ARCTlCkiss: bets $5.51
DenisSmi13: calls $5.51
*** RIVER *** [9d 3s 6s Jc] [2d]
ARCTlCkiss: bets $13.68
DenisSmi13: folds 
Uncalled bet ($13.68) returned to ARCTlCkiss
ARCTlCkiss collected $17.54 from pot
ARCTlCkiss: doesn't show hand 
*** SUMMARY ***
Total pot $18.46 | Rake $0.92 
Board [9d 3s 6s Jc 2d]
Seat 5: SeEevg
Seat 1: DenisSmi13 folded on the River
Seat 2: Poker9803 folded before Flop (didn't bet)
Seat 3: Maximysss85 (button) folded before Flop (didn't bet)
Seat 4: steelNike (small blind) folded on the Flop
Seat 6: ARCTlCkiss (big blind) collected ($17.54)



PokerStars Hand #254591569151:  Hold'em No Limit ($0.50/$1.00 USD) - 2025/01/28 9:34:32 WET [2025/01/28 4:34:32 ET]
Table 'Jupiter IV' 6-max Seat #4 is the button
Seat 5: SeEevg ($100 in chips) is sitting out
Seat 1: DenisSmi13 ($67.45 in chips) 
Seat 2: Poker9803 ($102.72 in chips) 
Seat 3: Maximysss85 ($111.22 in chips) 
Seat 4: steelNike ($82.60 in chips) 
Seat 6: ARCTlCkiss ($108.81 in chips) 
ARCTlCkiss: posts small blind $0.50
DenisSmi13: posts big blind $1
*** HOLE CARDS ***
Poker9803: raises $1 to $2
Maximysss85: folds 
steelNike: calls $2
ARCTlCkiss: folds 
DenisSmi13: calls $1
*** FLOP *** [Kc 2h 4c]
DenisSmi13: bets $5
Poker9803: folds 
steelNike: folds 
Uncalled bet ($5) returned to DenisSmi13
DenisSmi13 collected $6.10 from pot
*** SUMMARY ***
Total pot $6.50 | Rake $0.40 
Board [Kc 2h 4c]
Seat 5: SeEevg
Seat 1: DenisSmi13 (big blind) collected ($6.10)
Seat 2: Poker9803 folded on the Flop
Seat 3: Maximysss85 folded before Flop (didn't bet)
Seat 4: steelNike (button) folded on the Flop
Seat 6: ARCTlCkiss (small blind) folded before Flop



PokerStars Hand #254591571066:  Hold'em No Limit ($0.50/$1.00 USD) - 2025/01/28 9:34:54 WET [2025/01/28 4:34:54 ET]
Table 'Jupiter IV' 6-max Seat #6 is the button
Seat 5: SeEevg ($100 in chips) is sitting out
Seat 1: DenisSmi13 ($71.55 in chips) 
Seat 2: Poker9803 ($100.72 in chips) 
Seat 3: Maximysss85 ($111.22 in chips) 
Seat 4: steelNike ($80.60 in chips) 
Seat 6: ARCTlCkiss ($108.31 in chips) 
DenisSmi13: posts small blind $0.50
Poker9803: posts big blind $1
*** HOLE CARDS ***
Maximysss85: folds 
steelNike: raises $1.30 to $2.30
ARCTlCkiss: folds 
DenisSmi13: folds 
Poker9803: folds 
Uncalled bet ($1.30) returned to steelNike
steelNike collected $2.50 from pot
*** SUMMARY ***
Total pot $2.50 | Rake $0 
Seat 5: SeEevg
Seat 1: DenisSmi13 (small blind) folded before Flop
Seat 2: Poker9803 (big blind) folded before Flop
Seat 3: Maximysss85 folded before Flop (didn't bet)
Seat 4: steelNike collected ($2.50)
Seat 6: ARCTlCkiss (button) folded before Flop (didn't bet)



PokerStars Hand #254591572623:  Hold'em No Limit ($0.50/$1.00 USD) - 2025/01/28 9:35:12 WET [2025/01/28 4:35:12 ET]
Table 'Jupiter IV' 6-max Seat #1 is the button
Seat 5: SeEevg ($100 in chips) is sitting out
Seat 1: DenisSmi13 ($71.05 in chips) 
Seat 2: Poker9803 ($100 in chips) 
Seat 3: Maximysss85 ($111.22 in chips) 
Seat 4: steelNike ($82.10 in chips) 
Seat 6: ARCTlCkiss ($108.31 in chips) 
Poker9803: posts small blind $0.50
Maximysss85: posts big blind $1
*** HOLE CARDS ***
steelNike: folds 
ARCTlCkiss: folds 
DenisSmi13: calls $1
Poker9803: raises $3 to $4
Maximysss85: raises $8 to $12
DenisSmi13: calls $11
Poker9803: folds 
*** FLOP *** [Ac 5s 7h]
Maximysss85: bets $6.65
DenisSmi13: raises $13.35 to $20
Maximysss85: calls $13.35
*** TURN *** [Ac 5s 7h] [4c]
Maximysss85: checks 
DenisSmi13: checks 
*** RIVER *** [Ac 5s 7h 4c] [Js]
Maximysss85: bets $51.09
DenisSmi13: calls $39.05 and is all-in
Uncalled bet ($12.04) returned to Maximysss85
*** SHOW DOWN ***
Maximysss85: shows [Qs As] (a pair of Aces)
DenisSmi13: shows [8h 8s] (a pair of Eights)
Maximysss85 collected $143.60 from pot
*** SUMMARY ***
Total pot $146.10 | Rake $2.50 
Board [Ac 5s 7h 4c Js]
Seat 5: SeEevg
Seat 1: DenisSmi13 (button) showed [8h 8s] and lost with a pair of Eights
Seat 2: Poker9803 (small blind) folded before Flop
Seat 3: Maximysss85 (big blind) showed [Qs As] and won ($143.60) with a pair of Aces
Seat 4: steelNike folded before Flop (didn't bet)
Seat 6: ARCTlCkiss folded before Flop (didn't bet)



PokerStars Hand #254591577580:  Hold'em No Limit ($0.50/$1.00 USD) - 2025/01/28 9:36:11 WET [2025/01/28 4:36:11 ET]
Table 'Jupiter IV' 6-max Seat #2 is the button
Seat 1: DenisSmi13 ($0 in chips) is sitting out
Seat 5: SeEevg ($100 in chips) is sitting out
Seat 2: Poker9803 ($100 in chips) 
Seat 3: Maximysss85 ($183.77 in chips) 
Seat 4: steelNike ($82.10 in chips) 
Seat 6: ARCTlCkiss ($108.31 in chips) 
Maximysss85: posts small blind $0.50
steelNike: posts big blind $1
*** HOLE CARDS ***
ARCTlCkiss: folds 
Poker9803: folds 
DenisSmi13 is disconnected 
Maximysss85: folds 
Uncalled bet ($0.50) returned to steelNike
steelNike collected $1 from pot
*** SUMMARY ***
Total pot $1 | Rake $0 
Seat 1: DenisSmi13
Seat 5: SeEevg
Seat 2: Poker9803 (button) folded before Flop (didn't bet)
Seat 3: Maximysss85 (small blind) folded before Flop
Seat 4: steelNike (big blind) collected ($1)
Seat 6: ARCTlCkiss folded before Flop (didn't bet)



PokerStars Hand #254591578244:  Hold'em No Limit ($0.50/$1.00 USD) - 2025/01/28 9:36:19 WET [2025/01/28 4:36:19 ET]
Table 'Jupiter IV' 6-max Seat #3 is the button
Seat 1: DenisSmi13 ($0 in chips) is sitting out
Seat 5: SeEevg ($100 in chips) is sitting out
Seat 2: Poker9803 ($100 in chips) 
Seat 3: Maximysss85 ($183.27 in chips) 
Seat 4: steelNike ($82.60 in chips) 
Seat 6: ARCTlCkiss ($108.31 in chips) 
steelNike: posts small blind $0.50
ARCTlCkiss: posts big blind $1
*** HOLE CARDS ***
Poker9803: folds 
Maximysss85: folds 
steelNike: folds 
Uncalled bet ($0.50) returned to ARCTlCkiss
ARCTlCkiss collected $1 from pot
ARCTlCkiss: doesn't show hand 
*** SUMMARY ***
Total pot $1 | Rake $0 
Seat 1: DenisSmi13
Seat 5: SeEevg
Seat 2: Poker9803 folded before Flop (didn't bet)
Seat 3: Maximysss85 (button) folded before Flop (didn't bet)
Seat 4: steelNike (small blind) folded before Flop
Seat 6: ARCTlCkiss (big blind) collected ($1)



PokerStars Hand #254591579195:  Hold'em No Limit ($0.50/$1.00 USD) - 2025/01/28 9:36:30 WET [2025/01/28 4:36:30 ET]
Table 'Jupiter IV' 6-max Seat #4 is the button
Seat 1: DenisSmi13 ($0 in chips) is sitting out
Seat 5: SeEevg ($100 in chips) is sitting out
Seat 2: Poker9803 ($100 in chips) 
Seat 3: Maximysss85 ($183.27 in chips) 
Seat 4: steelNike ($82.10 in chips) 
Seat 6: ARCTlCkiss ($108.81 in chips) 
ARCTlCkiss: posts small blind $0.50
Poker9803: posts big blind $1
*** HOLE CARDS ***
Maximysss85: folds 
DenisSmi13 leaves the table
Maximysss85 leaves the table
Dazburt123 joins the table at seat #1 
steelNike: folds 
ARCTlCkiss: folds 
Uncalled bet ($0.50) returned to Poker9803
anthoslr joins the table at seat #3 
Poker9803 collected $1 from pot
Poker9803: doesn't show hand 
anthoslr is disconnected 
*** SUMMARY ***
Total pot $1 | Rake $0 
Seat 1: DenisSmi13
Seat 5: SeEevg
Seat 2: Poker9803 (big blind) collected ($1)
Seat 3: Maximysss85 folded before Flop (didn't bet)
Seat 4: steelNike (button) folded before Flop (didn't bet)
Seat 6: ARCTlCkiss (small blind) folded before Flop



PokerStars Hand #254591582036:  Hold'em No Limit ($0.50/$1.00 USD) - 2025/01/28 9:37:04 WET [2025/01/28 4:37:04 ET]
Table 'Jupiter IV' 6-max Seat #6 is the button
Seat 1: Dazburt123 ($100 in chips) is sitting out
Seat 5: SeEevg ($100 in chips) is sitting out
Seat 2: Poker9803 ($100.50 in chips) 
Seat 3: anthoslr ($80 in chips) 
Seat 4: steelNike ($82.10 in chips) 
Seat 6: ARCTlCkiss ($108.31 in chips) 
Poker9803: posts small blind $0.50
anthoslr: posts big blind $1
*** HOLE CARDS ***
steelNike: folds 
ARCTlCkiss: folds 
Poker9803: folds 
Uncalled bet ($0.50) returned to anthoslr
anthoslr collected $1 from pot
*** SUMMARY ***
Total pot $1 | Rake $0 
Seat 1: Dazburt123
Seat 5: SeEevg
Seat 2: Poker9803 (small blind) folded before Flop
Seat 3: anthoslr (big blind) collected ($1)
Seat 4: steelNike folded before Flop (didn't bet)
Seat 6: ARCTlCkiss (button) folded before Flop (didn't bet)



PokerStars Hand #254591583582:  Hold'em No Limit ($0.50/$1.00 USD) - 2025/01/28 9:37:22 WET [2025/01/28 4:37:22 ET]
Table 'Jupiter IV' 6-max Seat #2 is the button
Seat 1: Dazburt123 ($100 in chips) is sitting out
Seat 5: SeEevg ($100 in chips) is sitting out
Seat 2: Poker9803 ($100 in chips) 
Seat 3: anthoslr ($80.50 in chips) 
Seat 4: steelNike ($82.10 in chips) 
Seat 6: ARCTlCkiss ($108.31 in chips) 
anthoslr: posts small blind $0.50
steelNike: posts big blind $1
Dazburt123: sits out 
*** HOLE CARDS ***
ARCTlCkiss: folds 
Poker9803: raises $1.50 to $2.50
anthoslr: folds 
steelNike: calls $1.50
*** FLOP *** [5d 9s 6h]
steelNike: checks 
Poker9803: checks 
*** TURN *** [5d 9s 6h] [7h]
steelNike: bets $3.92
Poker9803: folds 
Uncalled bet ($3.92) returned to steelNike
steelNike collected $5.22 from pot
*** SUMMARY ***
Total pot $5.50 | Rake $0.28 
Board [5d 9s 6h 7h]
Seat 1: Dazburt123
Seat 5: SeEevg
Seat 2: Poker9803 (button) folded on the Turn
Seat 3: anthoslr (small blind) folded before Flop
Seat 4: steelNike (big blind) collected ($5.22)
Seat 6: ARCTlCkiss folded before Flop (didn't bet)



PokerStars Hand #254591587754:  Hold'em No Limit ($0.50/$1.00 USD) - 2025/01/28 9:38:11 WET [2025/01/28 4:38:11 ET]
Table 'Jupiter IV' 6-max Seat #3 is the button
Seat 1: Dazburt123 ($100 in chips) is sitting out
Seat 5: SeEevg ($100 in chips) is sitting out
Seat 2: Poker9803 ($100 in chips) 
Seat 3: anthoslr ($80 in chips) 
Seat 4: steelNike ($84.82 in chips) 
Seat 6: ARCTlCkiss ($108.31 in chips) 
steelNike: posts small blind $0.50
ARCTlCkiss: posts big blind $1
Dazburt123: sits out 
*** HOLE CARDS ***
Poker9803: raises $1.50 to $2.50
anthoslr: folds 
steelNike: folds 
ARCTlCkiss: folds 
Uncalled bet ($1.50) returned to Poker9803
Poker9803 collected $2.50 from pot
Poker9803: doesn't show hand 
*** SUMMARY ***
Total pot $2.50 | Rake $0 
Seat 1: Dazburt123
Seat 5: SeEevg
Seat 2: Poker9803 collected ($2.50)
Seat 3: anthoslr (button) folded before Flop (didn't bet)
Seat 4: steelNike (small blind) folded before Flop
Seat 6: ARCTlCkiss (big blind) folded before Flop



PokerStars Hand #254591589709:  Hold'em No Limit ($0.50/$1.00 USD) - 2025/01/28 9:38:34 WET [2025/01/28 4:38:34 ET]
Table 'Jupiter IV' 6-max Seat #4 is the button
Seat 5: SeEevg ($100 in chips) is sitting out
Seat 1: Dazburt123 ($100 in chips) 
Seat 2: Poker9803 ($101.50 in chips) 
Seat 3: anthoslr ($80 in chips) 
Seat 4: steelNike ($84.32 in chips) 
Seat 6: ARCTlCkiss ($107.31 in chips) 
ARCTlCkiss: posts small blind $0.50
Dazburt123: posts big blind $1
*** HOLE CARDS ***
Poker9803: folds 
anthoslr: raises $3 to $4
steelNike: folds 
ARCTlCkiss: folds 
Dazburt123: folds 
Uncalled bet ($3) returned to anthoslr
anthoslr collected $2.50 from pot
*** SUMMARY ***
Total pot $2.50 | Rake $0 
Seat 5: SeEevg
Seat 1: Dazburt123 (big blind) folded before Flop
Seat 2: Poker9803 folded before Flop (didn't bet)
Seat 3: anthoslr collected ($2.50)
Seat 4: steelNike (button) folded before Flop (didn't bet)
Seat 6: ARCTlCkiss (small blind) folded before Flop



PokerStars Hand #254591591612:  Hold'em No Limit ($0.50/$1.00 USD) - 2025/01/28 9:38:56 WET [2025/01/28 4:38:56 ET]
Table 'Jupiter IV' 6-max Seat #6 is the button
Seat 5: SeEevg ($100 in chips) is sitting out
Seat 1: Dazburt123 ($100 in chips) 
Seat 2: Poker9803 ($101.50 in chips) 
Seat 3: anthoslr ($81.50 in chips) 
Seat 4: steelNike ($84.32 in chips) 
Seat 6: ARCTlCkiss ($106.81 in chips) 
Dazburt123: posts small blind $0.50
Poker9803: posts big blind $1
SeEevg: sits out 
*** HOLE CARDS ***
anthoslr: folds 
steelNike: folds 
ARCTlCkiss: raises $1.18 to $2.18
Dazburt123: folds 
Poker9803: folds 
Uncalled bet ($1.18) returned to ARCTlCkiss
ARCTlCkiss collected $2.50 from pot
*** SUMMARY ***
Total pot $2.50 | Rake $0 
Seat 5: SeEevg
Seat 1: Dazburt123 (small blind) folded before Flop
Seat 2: Poker9803 (big blind) folded before Flop
Seat 3: anthoslr folded before Flop (didn't bet)
Seat 4: steelNike folded before Flop (didn't bet)
Seat 6: ARCTlCkiss (button) collected ($2.50)



PokerStars Hand #254591592732:  Hold'em No Limit ($0.50/$1.00 USD) - 2025/01/28 9:39:10 WET [2025/01/28 4:39:10 ET]
Table 'Jupiter IV' 6-max Seat #1 is the button
Seat 5: SeEevg ($100 in chips) is sitting out
Seat 1: Dazburt123 ($100 in chips) 
Seat 2: Poker9803 ($100.50 in chips) 
Seat 3: anthoslr ($81.50 in chips) 
Seat 4: steelNike ($84.32 in chips) 
Seat 6: ARCTlCkiss ($108.31 in chips) 
Poker9803: posts small blind $0.50
anthoslr: posts big blind $1
SeEevg: sits out 
*** HOLE CARDS ***
steelNike: raises $1 to $2
ARCTlCkiss: folds 
Dazburt123: folds 
Poker9803: folds 
anthoslr: calls $1
*** FLOP *** [4h 5c 4s]
anthoslr: checks 
steelNike: bets $2.57
anthoslr: calls $2.57
*** TURN *** [4h 5c 4s] [Ad]
anthoslr: checks 
steelNike: checks 
*** RIVER *** [4h 5c 4s Ad] [Qd]
anthoslr: bets $7
steelNike: folds 
Uncalled bet ($7) returned to anthoslr
anthoslr collected $9.16 from pot
*** SUMMARY ***
Total pot $9.64 | Rake $0.48 
Board [4h 5c 4s Ad Qd]
Seat 5: SeEevg
Seat 1: Dazburt123 (button) folded before Flop (didn't bet)
Seat 2: Poker9803 (small blind) folded before Flop
Seat 3: anthoslr (big blind) collected ($9.16)
Seat 4: steelNike folded on the River
Seat 6: ARCTlCkiss folded before Flop (didn't bet)



PokerStars Hand #254591597501:  Hold'em No Limit ($0.50/$1.00 USD) - 2025/01/28 9:40:05 WET [2025/01/28 4:40:05 ET]
Table 'Jupiter IV' 6-max Seat #2 is the button
Seat 5: SeEevg ($100 in chips) is sitting out
Seat 1: Dazburt123 ($100 in chips) 
Seat 2: Poker9803 ($100 in chips) 
Seat 3: anthoslr ($86.09 in chips) 
Seat 4: steelNike ($79.75 in chips) 
Seat 6: ARCTlCkiss ($108.31 in chips) 
anthoslr: posts small blind $0.50
steelNike: posts big blind $1
SeEevg: sits out 
*** HOLE CARDS ***
ARCTlCkiss: raises $1.53 to $2.53
Dazburt123: folds 
Poker9803: folds 
anthoslr: folds 
steelNike: folds 
Uncalled bet ($1.53) returned to ARCTlCkiss
ARCTlCkiss collected $2.50 from pot
ARCTlCkiss: doesn't show hand 
*** SUMMARY ***
Total pot $2.50 | Rake $0 
Seat 5: SeEevg
Seat 1: Dazburt123 folded before Flop (didn't bet)
Seat 2: Poker9803 (button) folded before Flop (didn't bet)
Seat 3: anthoslr (small blind) folded before Flop
Seat 4: steelNike (big blind) folded before Flop
Seat 6: ARCTlCkiss collected ($2.50)



PokerStars Hand #254591599429:  Hold'em No Limit ($0.50/$1.00 USD) - 2025/01/28 9:40:28 WET [2025/01/28 4:40:28 ET]
Table 'Jupiter IV' 6-max Seat #3 is the button
Seat 1: Dazburt123 ($100 in chips) 
Seat 2: Poker9803 ($100 in chips) 
Seat 3: anthoslr ($85.59 in chips) 
Seat 4: steelNike ($100 in chips) 
Seat 5: SeEevg ($100 in chips) 
Seat 6: ARCTlCkiss ($109.81 in chips) 
steelNike: posts small blind $0.50
SeEevg: posts big blind $1
*** HOLE CARDS ***
ARCTlCkiss: folds 
Dazburt123: folds 
Poker9803: folds 
anthoslr: folds 
steelNike: folds 
Uncalled bet ($0.50) returned to SeEevg
SeEevg collected $1 from pot
SeEevg: doesn't show hand 
*** SUMMARY ***
Total pot $1 | Rake $0 
Seat 1: Dazburt123 folded before Flop (didn't bet)
Seat 2: Poker9803 folded before Flop (didn't bet)
Seat 3: anthoslr (button) folded before Flop (didn't bet)
Seat 4: steelNike (small blind) folded before Flop
Seat 5: SeEevg (big blind) collected ($1)
Seat 6: ARCTlCkiss folded before Flop (didn't bet)



PokerStars Hand #254591600467:  Hold'em No Limit ($0.50/$1.00 USD) - 2025/01/28 9:40:41 WET [2025/01/28 4:40:41 ET]
Table 'Jupiter IV' 6-max Seat #4 is the button
Seat 1: Dazburt123 ($100 in chips) 
Seat 2: Poker9803 ($100 in chips) 
Seat 3: anthoslr ($85.59 in chips) 
Seat 4: steelNike ($99.50 in chips) 
Seat 5: SeEevg ($100.50 in chips) 
Seat 6: ARCTlCkiss ($109.81 in chips) 
SeEevg: posts small blind $0.50
ARCTlCkiss: posts big blind $1
*** HOLE CARDS ***
Dazburt123: folds 
Poker9803: folds 
anthoslr: raises $1 to $2
steelNike: raises $5.50 to $7.50
SeEevg: folds 
ARCTlCkiss: folds 
anthoslr: raises $36.50 to $44
steelNike: raises $55.50 to $99.50 and is all-in
anthoslr: calls $41.59 and is all-in
Uncalled bet ($13.91) returned to steelNike
*** FLOP *** [Js 6c Ks]
*** TURN *** [Js 6c Ks] [5d]
*** RIVER *** [Js 6c Ks 5d] [Ts]
*** SHOW DOWN ***
anthoslr: shows [Kc Kh] (three of a kind, Kings)
steelNike: shows [Ah Ac] (a pair of Aces)
anthoslr collected $170.18 from pot
*** SUMMARY ***
Total pot $172.68 | Rake $2.50 
Board [Js 6c Ks 5d Ts]
Seat 1: Dazburt123 folded before Flop (didn't bet)
Seat 2: Poker9803 folded before Flop (didn't bet)
Seat 3: anthoslr showed [Kc Kh] and won ($170.18) with three of a kind, Kings
Seat 4: steelNike (button) showed [Ah Ac] and lost with a pair of Aces
Seat 5: SeEevg (small blind) folded before Flop
Seat 6: ARCTlCkiss (big blind) folded before Flop



PokerStars Hand #254591604601:  Hold'em No Limit ($0.50/$1.00 USD) - 2025/01/28 9:41:30 WET [2025/01/28 4:41:30 ET]
Table 'Jupiter IV' 6-max Seat #5 is the button
Seat 1: Dazburt123 ($100 in chips) 
Seat 2: Poker9803 ($100 in chips) 
Seat 3: anthoslr ($170.18 in chips) 
Seat 4: steelNike ($13.91 in chips) 
Seat 5: SeEevg ($100 in chips) 
Seat 6: ARCTlCkiss ($108.81 in chips) 
ARCTlCkiss: posts small blind $0.50
Dazburt123: posts big blind $1
*** HOLE CARDS ***
Poker9803: folds 
anthoslr: calls $1
steelNike: raises $12.91 to $13.91 and is all-in
SeEevg: folds 
ARCTlCkiss: folds 
Dazburt123: folds 
anthoslr: calls $12.91
*** FLOP *** [9h Ac 5h]
*** TURN *** [9h Ac 5h] [Jc]
*** RIVER *** [9h Ac 5h Jc] [Js]
*** SHOW DOWN ***
anthoslr: shows [Kc 9c] (two pair, Jacks and Nines)
steelNike: shows [Kh As] (two pair, Aces and Jacks)
steelNike collected $27.85 from pot
*** SUMMARY ***
Total pot $29.32 | Rake $1.47 
Board [9h Ac 5h Jc Js]
Seat 1: Dazburt123 (big blind) folded before Flop
Seat 2: Poker9803 folded before Flop (didn't bet)
Seat 3: anthoslr showed [Kc 9c] and lost with two pair, Jacks and Nines
Seat 4: steelNike showed [Kh As] and won ($27.85) with two pair, Aces and Jacks
Seat 5: SeEevg (button) folded before Flop (didn't bet)
Seat 6: ARCTlCkiss (small blind) folded before Flop



PokerStars Hand #254591607583:  Hold'em No Limit ($0.50/$1.00 USD) - 2025/01/28 9:42:05 WET [2025/01/28 4:42:05 ET]
Table 'Jupiter IV' 6-max Seat #6 is the button
Seat 1: Dazburt123 ($100 in chips) 
Seat 2: Poker9803 ($100 in chips) 
Seat 3: anthoslr ($156.27 in chips) 
Seat 4: steelNike ($27.85 in chips) 
Seat 5: SeEevg ($100 in chips) 
Seat 6: ARCTlCkiss ($108.31 in chips) 
Dazburt123: posts small blind $0.50
Poker9803: posts big blind $1
*** HOLE CARDS ***
anthoslr: folds 
steelNike: folds 
SeEevg: raises $1.50 to $2.50
ARCTlCkiss: folds 
Dazburt123: folds 
Poker9803: folds 
Uncalled bet ($1.50) returned to SeEevg
SeEevg collected $2.50 from pot
SeEevg: doesn't show hand 
*** SUMMARY ***
Total pot $2.50 | Rake $0 
Seat 1: Dazburt123 (small blind) folded before Flop
Seat 2: Poker9803 (big blind) folded before Flop
Seat 3: anthoslr folded before Flop (didn't bet)
Seat 4: steelNike folded before Flop (didn't bet)
Seat 5: SeEevg collected ($2.50)
Seat 6: ARCTlCkiss (button) folded before Flop (didn't bet)



PokerStars Hand #254591609245:  Hold'em No Limit ($0.50/$1.00 USD) - 2025/01/28 9:42:24 WET [2025/01/28 4:42:24 ET]
Table 'Jupiter IV' 6-max Seat #1 is the button
Seat 1: Dazburt123 ($100 in chips) 
Seat 2: Poker9803 ($100 in chips) 
Seat 3: anthoslr ($156.27 in chips) 
Seat 4: steelNike ($27.85 in chips) 
Seat 5: SeEevg ($101.50 in chips) 
Seat 6: ARCTlCkiss ($108.31 in chips) 
Poker9803: posts small blind $0.50
anthoslr: posts big blind $1
*** HOLE CARDS ***
steelNike: raises $1 to $2
SeEevg: folds 
ARCTlCkiss: folds 
Dazburt123: folds 
Poker9803: folds 
anthoslr: folds 
Uncalled bet ($1) returned to steelNike
steelNike collected $2.50 from pot
*** SUMMARY ***
Total pot $2.50 | Rake $0 
Seat 1: Dazburt123 (button) folded before Flop (didn't bet)
Seat 2: Poker9803 (small blind) folded before Flop
Seat 3: anthoslr (big blind) folded before Flop
Seat 4: steelNike collected ($2.50)
Seat 5: SeEevg folded before Flop (didn't bet)
Seat 6: ARCTlCkiss folded before Flop (didn't bet)



PokerStars Hand #254591610721:  Hold'em No Limit ($0.50/$1.00 USD) - 2025/01/28 9:42:41 WET [2025/01/28 4:42:41 ET]
Table 'Jupiter IV' 6-max Seat #2 is the button
Seat 1: Dazburt123 ($100 in chips) 
Seat 2: Poker9803 ($100 in chips) 
Seat 3: anthoslr ($155.27 in chips) 
Seat 4: steelNike ($69.35 in chips) 
Seat 5: SeEevg ($101.50 in chips) 
Seat 6: ARCTlCkiss ($108.31 in chips) 
anthoslr: posts small blind $0.50
steelNike: posts big blind $1
*** HOLE CARDS ***
SeEevg: folds 
ARCTlCkiss: folds 
Dazburt123: folds 
Poker9803: folds 
anthoslr: calls $0.50
steelNike: checks 
*** FLOP *** [5s 7h As]
anthoslr: checks 
steelNike: checks 
*** TURN *** [5s 7h As] [Jc]
anthoslr: checks 
steelNike: checks 
*** RIVER *** [5s 7h As Jc] [9s]
anthoslr: checks 
steelNike: checks 
*** SHOW DOWN ***
anthoslr: shows [Qc 8c] (high card Ace)
steelNike: mucks hand 
anthoslr collected $1.90 from pot
*** SUMMARY ***
Total pot $2 | Rake $0.10 
Board [5s 7h As Jc 9s]
Seat 1: Dazburt123 folded before Flop (didn't bet)
Seat 2: Poker9803 (button) folded before Flop (didn't bet)
Seat 3: anthoslr (small blind) showed [Qc 8c] and won ($1.90) with high card Ace
Seat 4: steelNike (big blind) mucked
Seat 5: SeEevg folded before Flop (didn't bet)
Seat 6: ARCTlCkiss folded before Flop (didn't bet)



PokerStars Hand #254591614092:  Hold'em No Limit ($0.50/$1.00 USD) - 2025/01/28 9:43:20 WET [2025/01/28 4:43:20 ET]
Table 'Jupiter IV' 6-max Seat #3 is the button
Seat 1: Dazburt123 ($100 in chips) 
Seat 2: Poker9803 ($100 in chips) 
Seat 3: anthoslr ($156.17 in chips) 
Seat 4: steelNike ($100 in chips) 
Seat 5: SeEevg ($101.50 in chips) 
Seat 6: ARCTlCkiss ($108.31 in chips) 
steelNike: posts small blind $0.50
SeEevg: posts big blind $1
*** HOLE CARDS ***
ARCTlCkiss: folds 
Dazburt123: folds 
Poker9803: folds 
anthoslr: raises $1 to $2
steelNike: folds 
SeEevg: folds 
Uncalled bet ($1) returned to anthoslr
anthoslr collected $2.50 from pot
*** SUMMARY ***
Total pot $2.50 | Rake $0 
Seat 1: Dazburt123 folded before Flop (didn't bet)
Seat 2: Poker9803 folded before Flop (didn't bet)
Seat 3: anthoslr (button) collected ($2.50)
Seat 4: steelNike (small blind) folded before Flop
Seat 5: SeEevg (big blind) folded before Flop
Seat 6: ARCTlCkiss folded before Flop (didn't bet)



PokerStars Hand #254591615659:  Hold'em No Limit ($0.50/$1.00 USD) - 2025/01/28 9:43:39 WET [2025/01/28 4:43:39 ET]
Table 'Jupiter IV' 6-max Seat #4 is the button
Seat 1: Dazburt123 ($100 in chips) 
Seat 2: Poker9803 ($100 in chips) 
Seat 3: anthoslr ($157.67 in chips) 
Seat 4: steelNike ($99.50 in chips) 
Seat 5: SeEevg ($100.50 in chips) 
Seat 6: ARCTlCkiss ($108.31 in chips) 
SeEevg: posts small blind $0.50
ARCTlCkiss: posts big blind $1
*** HOLE CARDS ***
Dazburt123: folds 
Poker9803: folds 
anthoslr: calls $1
steelNike: raises $6 to $7
SeEevg: folds 
ARCTlCkiss: folds 
anthoslr: folds 
Uncalled bet ($6) returned to steelNike
steelNike collected $3.50 from pot
*** SUMMARY ***
Total pot $3.50 | Rake $0 
Seat 1: Dazburt123 folded before Flop (didn't bet)
Seat 2: Poker9803 folded before Flop (didn't bet)
Seat 3: anthoslr folded before Flop
Seat 4: steelNike (button) collected ($3.50)
Seat 5: SeEevg (small blind) folded before Flop
Seat 6: ARCTlCkiss (big blind) folded before Flop



PokerStars Hand #254591617271:  Hold'em No Limit ($0.50/$1.00 USD) - 2025/01/28 9:43:58 WET [2025/01/28 4:43:58 ET]
Table 'Jupiter IV' 6-max Seat #5 is the button
Seat 1: Dazburt123 ($100 in chips) 
Seat 2: Poker9803 ($100 in chips) 
Seat 3: anthoslr ($156.67 in chips) 
Seat 4: steelNike ($102 in chips) 
Seat 5: SeEevg ($100 in chips) 
Seat 6: ARCTlCkiss ($107.31 in chips) 
ARCTlCkiss: posts small blind $0.50
Dazburt123: posts big blind $1
*** HOLE CARDS ***
Poker9803: folds 
anthoslr: folds 
steelNike: folds 
SeEevg: folds 
ARCTlCkiss: raises $2.08 to $3.08
Dazburt123: calls $2.08
*** FLOP *** [6d 9d 7h]
ARCTlCkiss: bets $1.64
Dazburt123: calls $1.64
*** TURN *** [6d 9d 7h] [3h]
ARCTlCkiss: checks 
Dazburt123: bets $6.73
ARCTlCkiss: calls $6.73
*** RIVER *** [6d 9d 7h 3h] [Jd]
ARCTlCkiss: checks 
Dazburt123: bets $16.32
ARCTlCkiss: folds 
Uncalled bet ($16.32) returned to Dazburt123
Dazburt123 collected $21.76 from pot
Dazburt123: doesn't show hand 
*** SUMMARY ***
Total pot $22.90 | Rake $1.14 
Board [6d 9d 7h 3h Jd]
Seat 1: Dazburt123 (big blind) collected ($21.76)
Seat 2: Poker9803 folded before Flop (didn't bet)
Seat 3: anthoslr folded before Flop (didn't bet)
Seat 4: steelNike folded before Flop (didn't bet)
Seat 5: SeEevg (button) folded before Flop (didn't bet)
Seat 6: ARCTlCkiss (small blind) folded on the River



PokerStars Hand #254591628157:  Hold'em No Limit ($0.50/$1.00 USD) - 2025/01/28 9:46:03 WET [2025/01/28 4:46:03 ET]
Table 'Jupiter IV' 6-max Seat #6 is the button
Seat 1: Dazburt123 ($110.31 in chips) 
Seat 2: Poker9803 ($100 in chips) 
Seat 3: anthoslr ($156.67 in chips) 
Seat 4: steelNike ($102 in chips) 
Seat 5: SeEevg ($100 in chips) 
Seat 6: ARCTlCkiss ($100 in chips) 
Dazburt123: posts small blind $0.50
Poker9803: posts big blind $1
*** HOLE CARDS ***
anthoslr: folds 
steelNike: folds 
SeEevg: folds 
ARCTlCkiss: folds 
Dazburt123: folds 
Uncalled bet ($0.50) returned to Poker9803
Poker9803 collected $1 from pot
Poker9803: doesn't show hand 
*** SUMMARY ***
Total pot $1 | Rake $0 
Seat 1: Dazburt123 (small blind) folded before Flop
Seat 2: Poker9803 (big blind) collected ($1)
Seat 3: anthoslr folded before Flop (didn't bet)
Seat 4: steelNike folded before Flop (didn't bet)
Seat 5: SeEevg folded before Flop (didn't bet)
Seat 6: ARCTlCkiss (button) folded before Flop (didn't bet)



PokerStars Hand #254591629236:  Hold'em No Limit ($0.50/$1.00 USD) - 2025/01/28 9:46:15 WET [2025/01/28 4:46:15 ET]
Table 'Jupiter IV' 6-max Seat #1 is the button
Seat 1: Dazburt123 ($109.81 in chips) 
Seat 2: Poker9803 ($100.50 in chips) 
Seat 3: anthoslr ($156.67 in chips) 
Seat 4: steelNike ($102 in chips) 
Seat 5: SeEevg ($100 in chips) 
Seat 6: ARCTlCkiss ($100 in chips) 
Poker9803: posts small blind $0.50
anthoslr: posts big blind $1
*** HOLE CARDS ***
steelNike: folds 
SeEevg: raises $1.50 to $2.50
ARCTlCkiss: folds 
Dazburt123: folds 
Poker9803: folds 
anthoslr: calls $1.50
*** FLOP *** [Qh Jc 2d]
anthoslr: checks 
SeEevg: bets $3.45
anthoslr: calls $3.45
*** TURN *** [Qh Jc 2d] [4h]
anthoslr: checks 
SeEevg: bets $14.73
anthoslr: calls $14.73
*** RIVER *** [Qh Jc 2d 4h] [5s]
anthoslr: checks 
SeEevg: checks 
*** SHOW DOWN ***
anthoslr: shows [8s Qs] (a pair of Queens)
SeEevg: mucks hand 
anthoslr collected $39.77 from pot
*** SUMMARY ***
Total pot $41.86 | Rake $2.09 
Board [Qh Jc 2d 4h 5s]
Seat 1: Dazburt123 (button) folded before Flop (didn't bet)
Seat 2: Poker9803 (small blind) folded before Flop
Seat 3: anthoslr (big blind) showed [8s Qs] and won ($39.77) with a pair of Queens
Seat 4: steelNike folded before Flop (didn't bet)
Seat 5: SeEevg mucked
Seat 6: ARCTlCkiss folded before Flop (didn't bet)



PokerStars Hand #254591633169:  Hold'em No Limit ($0.50/$1.00 USD) - 2025/01/28 9:47:01 WET [2025/01/28 4:47:01 ET]
Table 'Jupiter IV' 6-max Seat #2 is the button
Seat 1: Dazburt123 ($109.81 in chips) 
Seat 2: Poker9803 ($100 in chips) 
Seat 3: anthoslr ($175.76 in chips) 
Seat 4: steelNike ($102 in chips) 
Seat 5: SeEevg ($100 in chips) 
Seat 6: ARCTlCkiss ($100 in chips) 
anthoslr: posts small blind $0.50
steelNike: posts big blind $1
*** HOLE CARDS ***
SeEevg: folds 
ARCTlCkiss: folds 
Dazburt123: folds 
Poker9803: raises $1.50 to $2.50
anthoslr: folds 
steelNike: folds 
Uncalled bet ($1.50) returned to Poker9803
Poker9803 collected $2.50 from pot
Poker9803: doesn't show hand 
*** SUMMARY ***
Total pot $2.50 | Rake $0 
Seat 1: Dazburt123 folded before Flop (didn't bet)
Seat 2: Poker9803 (button) collected ($2.50)
Seat 3: anthoslr (small blind) folded before Flop
Seat 4: steelNike (big blind) folded before Flop
Seat 5: SeEevg folded before Flop (didn't bet)
Seat 6: ARCTlCkiss folded before Flop (didn't bet)



PokerStars Hand #254591634822:  Hold'em No Limit ($0.50/$1.00 USD) - 2025/01/28 9:47:21 WET [2025/01/28 4:47:21 ET]
Table 'Jupiter IV' 6-max Seat #3 is the button
Seat 1: Dazburt123 ($109.81 in chips) 
Seat 2: Poker9803 ($101.50 in chips) 
Seat 3: anthoslr ($175.26 in chips) 
Seat 4: steelNike ($101 in chips) 
Seat 5: SeEevg ($100 in chips) 
Seat 6: ARCTlCkiss ($100 in chips) 
steelNike: posts small blind $0.50
SeEevg: posts big blind $1
*** HOLE CARDS ***
ARCTlCkiss: folds 
Dazburt123: folds 
Poker9803: folds 
anthoslr: folds 
steelNike: folds 
Uncalled bet ($0.50) returned to SeEevg
SeEevg collected $1 from pot
SeEevg: doesn't show hand 
*** SUMMARY ***
Total pot $1 | Rake $0 
Seat 1: Dazburt123 folded before Flop (didn't bet)
Seat 2: Poker9803 folded before Flop (didn't bet)
Seat 3: anthoslr (button) folded before Flop (didn't bet)
Seat 4: steelNike (small blind) folded before Flop
Seat 5: SeEevg (big blind) collected ($1)
Seat 6: ARCTlCkiss folded before Flop (didn't bet)



PokerStars Hand #254591635672:  Hold'em No Limit ($0.50/$1.00 USD) - 2025/01/28 9:47:31 WET [2025/01/28 4:47:31 ET]
Table 'Jupiter IV' 6-max Seat #4 is the button
Seat 1: Dazburt123 ($109.81 in chips) 
Seat 2: Poker9803 ($101.50 in chips) 
Seat 3: anthoslr ($175.26 in chips) 
Seat 4: steelNike ($100.50 in chips) 
Seat 5: SeEevg ($100.50 in chips) 
Seat 6: ARCTlCkiss ($100 in chips) 
SeEevg: posts small blind $0.50
ARCTlCkiss: posts big blind $1
*** HOLE CARDS ***
Dazburt123: folds 
Poker9803: folds 
anthoslr: folds 
steelNike: folds 
SeEevg: folds 
Uncalled bet ($0.50) returned to ARCTlCkiss
ARCTlCkiss collected $1 from pot
ARCTlCkiss: doesn't show hand 
*** SUMMARY ***
Total pot $1 | Rake $0 
Seat 1: Dazburt123 folded before Flop (didn't bet)
Seat 2: Poker9803 folded before Flop (didn't bet)
Seat 3: anthoslr folded before Flop (didn't bet)
Seat 4: steelNike (button) folded before Flop (didn't bet)
Seat 5: SeEevg (small blind) folded before Flop
Seat 6: ARCTlCkiss (big blind) collected ($1)



PokerStars Hand #254591636932:  Hold'em No Limit ($0.50/$1.00 USD) - 2025/01/28 9:47:45 WET [2025/01/28 4:47:45 ET]
Table 'Jupiter IV' 6-max Seat #5 is the button
Seat 1: Dazburt123 ($109.81 in chips) 
Seat 2: Poker9803 ($101.50 in chips) 
Seat 3: anthoslr ($175.26 in chips) 
Seat 4: steelNike ($100.50 in chips) 
Seat 5: SeEevg ($100 in chips) 
Seat 6: ARCTlCkiss ($100.50 in chips) 
ARCTlCkiss: posts small blind $0.50
Dazburt123: posts big blind $1
*** HOLE CARDS ***
Poker9803: raises $1.50 to $2.50
anthoslr: calls $2.50
steelNike: folds 
SeEevg: folds 
ARCTlCkiss: folds 
Dazburt123: folds 
*** FLOP *** [4s 3s 5c]
Poker9803: checks 
anthoslr: bets $3
Poker9803: calls $3
*** TURN *** [4s 3s 5c] [9s]
Poker9803: checks 
anthoslr: bets $3
Poker9803: folds 
Uncalled bet ($3) returned to anthoslr
anthoslr collected $11.88 from pot
*** SUMMARY ***
Total pot $12.50 | Rake $0.62 
Board [4s 3s 5c 9s]
Seat 1: Dazburt123 (big blind) folded before Flop
Seat 2: Poker9803 folded on the Turn
Seat 3: anthoslr collected ($11.88)
Seat 4: steelNike folded before Flop (didn't bet)
Seat 5: SeEevg (button) folded before Flop (didn't bet)
Seat 6: ARCTlCkiss (small blind) folded before Flop



PokerStars Hand #254591640416:  Hold'em No Limit ($0.50/$1.00 USD) - 2025/01/28 9:48:25 WET [2025/01/28 4:48:25 ET]
Table 'Jupiter IV' 6-max Seat #6 is the button
Seat 1: Dazburt123 ($108.81 in chips) 
Seat 2: Poker9803 ($100 in chips) 
Seat 3: anthoslr ($181.64 in chips) 
Seat 4: steelNike ($100.50 in chips) 
Seat 5: SeEevg ($100 in chips) 
Seat 6: ARCTlCkiss ($100 in chips) 
Dazburt123: posts small blind $0.50
Poker9803: posts big blind $1
*** HOLE CARDS ***
anthoslr: folds 
steelNike: folds 
SeEevg: folds 
ARCTlCkiss: raises $1.18 to $2.18
Dazburt123: folds 
Poker9803: calls $1.18
*** FLOP *** [7s Qs As]
Poker9803: checks 
ARCTlCkiss: bets $1.29
Poker9803: folds 
Uncalled bet ($1.29) returned to ARCTlCkiss
ARCTlCkiss collected $4.62 from pot
ARCTlCkiss: doesn't show hand 
*** SUMMARY ***
Total pot $4.86 | Rake $0.24 
Board [7s Qs As]
Seat 1: Dazburt123 (small blind) folded before Flop
Seat 2: Poker9803 (big blind) folded on the Flop
Seat 3: anthoslr folded before Flop (didn't bet)
Seat 4: steelNike folded before Flop (didn't bet)
Seat 5: SeEevg folded before Flop (didn't bet)
Seat 6: ARCTlCkiss (button) collected ($4.62)



PokerStars Hand #254591643755:  Hold'em No Limit ($0.50/$1.00 USD) - 2025/01/28 9:49:03 WET [2025/01/28 4:49:03 ET]
Table 'Jupiter IV' 6-max Seat #1 is the button
Seat 1: Dazburt123 ($108.31 in chips) 
Seat 2: Poker9803 ($100 in chips) 
Seat 3: anthoslr ($181.64 in chips) 
Seat 4: steelNike ($100.50 in chips) 
Seat 5: SeEevg ($100 in chips) 
Seat 6: ARCTlCkiss ($102.44 in chips) 
Poker9803: posts small blind $0.50
anthoslr: posts big blind $1
*** HOLE CARDS ***
steelNike: folds 
SeEevg: folds 
ARCTlCkiss: raises $1.53 to $2.53
Dazburt123: raises $4.97 to $7.50
Poker9803: folds 
anthoslr: folds 
ARCTlCkiss: folds 
Uncalled bet ($4.97) returned to Dazburt123
Dazburt123 collected $6.56 from pot
Dazburt123: doesn't show hand 
*** SUMMARY ***
Total pot $6.56 | Rake $0 
Seat 1: Dazburt123 (button) collected ($6.56)
Seat 2: Poker9803 (small blind) folded before Flop
Seat 3: anthoslr (big blind) folded before Flop
Seat 4: steelNike folded before Flop (didn't bet)
Seat 5: SeEevg folded before Flop (didn't bet)
Seat 6: ARCTlCkiss folded before Flop



PokerStars Hand #254591646627:  Hold'em No Limit ($0.50/$1.00 USD) - 2025/01/28 9:49:36 WET [2025/01/28 4:49:36 ET]
Table 'Jupiter IV' 6-max Seat #2 is the button
Seat 1: Dazburt123 ($112.34 in chips) 
Seat 2: Poker9803 ($100 in chips) 
Seat 3: anthoslr ($180.64 in chips) 
Seat 4: steelNike ($100.50 in chips) 
Seat 5: SeEevg ($100 in chips) 
Seat 6: ARCTlCkiss ($100 in chips) 
anthoslr: posts small blind $0.50
steelNike: posts big blind $1
*** HOLE CARDS ***
SeEevg: folds 
SeEevg leaves the table
ARCTlCkiss: raises $1.53 to $2.53
Dazburt123: folds 
Poker9803: folds 
anthoslr: folds 
steelNike: folds 
Uncalled bet ($1.53) returned to ARCTlCkiss
ARCTlCkiss collected $2.50 from pot
ARCTlCkiss: doesn't show hand 
*** SUMMARY ***
Total pot $2.50 | Rake $0 
Seat 1: Dazburt123 folded before Flop (didn't bet)
Seat 2: Poker9803 (button) folded before Flop (didn't bet)
Seat 3: anthoslr (small blind) folded before Flop
Seat 4: steelNike (big blind) folded before Flop
Seat 5: SeEevg folded before Flop (didn't bet)
Seat 6: ARCTlCkiss collected ($2.50)



PokerStars Hand #254591648475:  Hold'em No Limit ($0.50/$1.00 USD) - 2025/01/28 9:49:58 WET [2025/01/28 4:49:58 ET]
Table 'Jupiter IV' 6-max Seat #3 is the button
Seat 1: Dazburt123 ($112.34 in chips) 
Seat 2: Poker9803 ($100 in chips) 
Seat 3: anthoslr ($180.14 in chips) 
Seat 4: steelNike ($99.50 in chips) 
Seat 6: ARCTlCkiss ($101.50 in chips) 
steelNike: posts small blind $0.50
ARCTlCkiss: posts big blind $1
*** HOLE CARDS ***
Dazburt123: folds 
Poker9803: folds 
anthoslr: folds 
steelNike: folds 
Uncalled bet ($0.50) returned to ARCTlCkiss
ARCTlCkiss collected $1 from pot
ARCTlCkiss: doesn't show hand 
*** SUMMARY ***
Total pot $1 | Rake $0 
Seat 1: Dazburt123 folded before Flop (didn't bet)
Seat 2: Poker9803 folded before Flop (didn't bet)
Seat 3: anthoslr (button) folded before Flop (didn't bet)
Seat 4: steelNike (small blind) folded before Flop
Seat 6: ARCTlCkiss (big blind) collected ($1)



PokerStars Hand #254591649337:  Hold'em No Limit ($0.50/$1.00 USD) - 2025/01/28 9:50:07 WET [2025/01/28 4:50:07 ET]
Table 'Jupiter IV' 6-max Seat #4 is the button
Seat 1: Dazburt123 ($112.34 in chips) 
Seat 2: Poker9803 ($100 in chips) 
Seat 3: anthoslr ($180.14 in chips) 
Seat 4: steelNike ($99 in chips) 
Seat 6: ARCTlCkiss ($102 in chips) 
ARCTlCkiss: posts small blind $0.50
Dazburt123: posts big blind $1
*** HOLE CARDS ***
Poker9803: folds 
anthoslr: folds 
steelNike: folds 
ARCTlCkiss: folds 
Uncalled bet ($0.50) returned to Dazburt123
Dazburt123 collected $1 from pot
Dazburt123: doesn't show hand 
*** SUMMARY ***
Total pot $1 | Rake $0 
Seat 1: Dazburt123 (big blind) collected ($1)
Seat 2: Poker9803 folded before Flop (didn't bet)
Seat 3: anthoslr folded before Flop (didn't bet)
Seat 4: steelNike (button) folded before Flop (didn't bet)
Seat 6: ARCTlCkiss (small blind) folded before Flop



PokerStars Hand #254591650113:  Hold'em No Limit ($0.50/$1.00 USD) - 2025/01/28 9:50:17 WET [2025/01/28 4:50:17 ET]
Table 'Jupiter IV' 6-max Seat #6 is the button
Seat 1: Dazburt123 ($112.84 in chips) 
Seat 2: Poker9803 ($100 in chips) 
Seat 3: anthoslr ($180.14 in chips) 
Seat 4: steelNike ($99 in chips) 
Seat 6: ARCTlCkiss ($101.50 in chips) 
Dazburt123: posts small blind $0.50
Poker9803: posts big blind $1
*** HOLE CARDS ***
anthoslr: folds 
steelNike: folds 
ARCTlCkiss: folds 
Dazburt123: raises $2 to $3
Pippa83 joins the table at seat #5 
Poker9803: raises $6 to $9
Dazburt123: folds 
Uncalled bet ($6) returned to Poker9803
Poker9803 collected $6 from pot
Poker9803: doesn't show hand 
*** SUMMARY ***
Total pot $6 | Rake $0 
Seat 1: Dazburt123 (small blind) folded before Flop
Seat 2: Poker9803 (big blind) collected ($6)
Seat 3: anthoslr folded before Flop (didn't bet)
Seat 4: steelNike folded before Flop (didn't bet)
Seat 6: ARCTlCkiss (button) folded before Flop (didn't bet)



PokerStars Hand #254591652553:  Hold'em No Limit ($0.50/$1.00 USD) - 2025/01/28 9:50:46 WET [2025/01/28 4:50:46 ET]
Table 'Jupiter IV' 6-max Seat #1 is the button
Seat 5: Pippa83 ($100 in chips) is sitting out
Seat 1: Dazburt123 ($109.84 in chips) 
Seat 2: Poker9803 ($103 in chips) 
Seat 3: anthoslr ($180.14 in chips) 
Seat 4: steelNike ($99 in chips) 
Seat 6: ARCTlCkiss ($101.50 in chips) 
Poker9803: posts small blind $0.50
anthoslr: posts big blind $1
Pippa83: sits out 
*** HOLE CARDS ***
steelNike: folds 
ARCTlCkiss: raises $1.53 to $2.53
Dazburt123: folds 
Poker9803: folds 
anthoslr: raises $1.53 to $4.06
ARCTlCkiss: calls $1.53
*** FLOP *** [6d 8s Ac]
anthoslr: checks 
ARCTlCkiss: bets $2.29
anthoslr: calls $2.29
*** TURN *** [6d 8s Ac] [4d]
anthoslr: checks 
ARCTlCkiss: bets $4.01
anthoslr: calls $4.01
*** RIVER *** [6d 8s Ac 4d] [Qh]
anthoslr: bets $9
ARCTlCkiss: calls $9
*** SHOW DOWN ***
anthoslr: shows [Ad Tc] (a pair of Aces)
ARCTlCkiss: mucks hand 
anthoslr collected $37.26 from pot
*** SUMMARY ***
Total pot $39.22 | Rake $1.96 
Board [6d 8s Ac 4d Qh]
Seat 5: Pippa83
Seat 1: Dazburt123 (button) folded before Flop (didn't bet)
Seat 2: Poker9803 (small blind) folded before Flop
Seat 3: anthoslr (big blind) showed [Ad Tc] and won ($37.26) with a pair of Aces
Seat 4: steelNike folded before Flop (didn't bet)
Seat 6: ARCTlCkiss mucked



PokerStars Hand #254591657074:  Hold'em No Limit ($0.50/$1.00 USD) - 2025/01/28 9:51:39 WET [2025/01/28 4:51:39 ET]
Table 'Jupiter IV' 6-max Seat #2 is the button
Seat 5: Pippa83 ($100 in chips) is sitting out
Seat 1: Dazburt123 ($109.84 in chips) 
Seat 2: Poker9803 ($102.50 in chips) 
Seat 3: anthoslr ($198.04 in chips) 
Seat 4: steelNike ($99 in chips) 
Seat 6: ARCTlCkiss ($100 in chips) 
anthoslr: posts small blind $0.50
steelNike: posts big blind $1
Pippa83: sits out 
*** HOLE CARDS ***
ARCTlCkiss: folds 
Dazburt123: folds 
Poker9803: folds 
anthoslr: folds 
Uncalled bet ($0.50) returned to steelNike
steelNike collected $1 from pot
*** SUMMARY ***
Total pot $1 | Rake $0 
Seat 5: Pippa83
Seat 1: Dazburt123 folded before Flop (didn't bet)
Seat 2: Poker9803 (button) folded before Flop (didn't bet)
Seat 3: anthoslr (small blind) folded before Flop
Seat 4: steelNike (big blind) collected ($1)
Seat 6: ARCTlCkiss folded before Flop (didn't bet)



PokerStars Hand #254591657790:  Hold'em No Limit ($0.50/$1.00 USD) - 2025/01/28 9:51:48 WET [2025/01/28 4:51:48 ET]
Table 'Jupiter IV' 6-max Seat #3 is the button
Seat 1: Dazburt123 ($109.84 in chips) 
Seat 2: Poker9803 ($102.50 in chips) 
Seat 3: anthoslr ($197.54 in chips) 
Seat 4: steelNike ($99.50 in chips) 
Seat 5: Pippa83 ($100 in chips) 
Seat 6: ARCTlCkiss ($100 in chips) 
steelNike: posts small blind $0.50
Pippa83: posts big blind $1
*** HOLE CARDS ***
ARCTlCkiss: folds 
anthoslr is disconnected 
Dazburt123: folds 
Poker9803: folds 
anthoslr has timed out while disconnected
anthoslr: folds 
steelNike: folds 
Uncalled bet ($0.50) returned to Pippa83
Pippa83 collected $1 from pot
Pippa83: doesn't show hand 
*** SUMMARY ***
Total pot $1 | Rake $0 
Seat 1: Dazburt123 folded before Flop (didn't bet)
Seat 2: Poker9803 folded before Flop (didn't bet)
Seat 3: anthoslr (button) folded before Flop (didn't bet)
Seat 4: steelNike (small blind) folded before Flop
Seat 5: Pippa83 (big blind) collected ($1)
Seat 6: ARCTlCkiss folded before Flop (didn't bet)



PokerStars Hand #254591659847:  Hold'em No Limit ($0.50/$1.00 USD) - 2025/01/28 9:52:12 WET [2025/01/28 4:52:12 ET]
Table 'Jupiter IV' 6-max Seat #4 is the button
Seat 3: anthoslr ($197.54 in chips) is sitting out
Seat 1: Dazburt123 ($109.84 in chips) 
Seat 2: Poker9803 ($102.50 in chips) 
Seat 4: steelNike ($99 in chips) 
Seat 5: Pippa83 ($100.50 in chips) 
Seat 6: ARCTlCkiss ($100 in chips) 
Pippa83: posts small blind $0.50
ARCTlCkiss: posts big blind $1
*** HOLE CARDS ***
Dazburt123: folds 
Poker9803: folds 
steelNike: folds 
Pippa83: raises $2 to $3
ARCTlCkiss: folds 
Uncalled bet ($2) returned to Pippa83
Pippa83 collected $2 from pot
Pippa83: doesn't show hand 
*** SUMMARY ***
Total pot $2 | Rake $0 
Seat 3: anthoslr
Seat 1: Dazburt123 folded before Flop (didn't bet)
Seat 2: Poker9803 folded before Flop (didn't bet)
Seat 4: steelNike (button) folded before Flop (didn't bet)
Seat 5: Pippa83 (small blind) collected ($2)
Seat 6: ARCTlCkiss (big blind) folded before Flop



PokerStars Hand #254591661834:  Hold'em No Limit ($0.50/$1.00 USD) - 2025/01/28 9:52:35 WET [2025/01/28 4:52:35 ET]
Table 'Jupiter IV' 6-max Seat #5 is the button
Seat 3: anthoslr ($197.54 in chips) is sitting out
Seat 1: Dazburt123 ($109.84 in chips) 
Seat 2: Poker9803 ($102.50 in chips) 
Seat 4: steelNike ($99 in chips) 
Seat 5: Pippa83 ($101.50 in chips) 
Seat 6: ARCTlCkiss ($100 in chips) 
ARCTlCkiss: posts small blind $0.50
Dazburt123: posts big blind $1
*** HOLE CARDS ***
Poker9803: folds 
steelNike: raises $1.30 to $2.30
Pippa83: folds 
ARCTlCkiss: folds 
Dazburt123: folds 
Uncalled bet ($1.30) returned to steelNike
steelNike collected $2.50 from pot
*** SUMMARY ***
Total pot $2.50 | Rake $0 
Seat 3: anthoslr
Seat 1: Dazburt123 (big blind) folded before Flop
Seat 2: Poker9803 folded before Flop (didn't bet)
Seat 4: steelNike collected ($2.50)
Seat 5: Pippa83 (button) folded before Flop (didn't bet)
Seat 6: ARCTlCkiss (small blind) folded before Flop



PokerStars Hand #254591663638:  Hold'em No Limit ($0.50/$1.00 USD) - 2025/01/28 9:52:56 WET [2025/01/28 4:52:56 ET]
Table 'Jupiter IV' 6-max Seat #6 is the button
Seat 2: Poker9803 ($102.50 in chips) is sitting out
Seat 3: anthoslr ($197.54 in chips) is sitting out
Seat 4: steelNike ($100.50 in chips) is sitting out
Seat 1: Dazburt123 ($108.84 in chips) 
Seat 5: Pippa83 ($101.50 in chips) 
Seat 6: ARCTlCkiss ($100 in chips) 
Dazburt123: posts small blind $0.50
Poker9803: is sitting out 
steelNike: is sitting out 
Pippa83: posts big blind $1
*** HOLE CARDS ***
ARCTlCkiss: raises $1.18 to $2.18
Poker9803 leaves the table
Dazburt123: folds 
steelNike leaves the table
Pippa83: folds 
Uncalled bet ($1.18) returned to ARCTlCkiss
ARCTlCkiss collected $2.50 from pot
ARCTlCkiss: doesn't show hand 
kuhclemO joins the table at seat #2 
*** SUMMARY ***
Total pot $2.50 | Rake $0 
Seat 2: Poker9803
Seat 3: anthoslr
Seat 4: steelNike
Seat 1: Dazburt123 (small blind) folded before Flop
Seat 5: Pippa83 (big blind) folded before Flop
Seat 6: ARCTlCkiss (button) collected ($2.50)



PokerStars Hand #254591664563:  Hold'em No Limit ($0.50/$1.00 USD) - 2025/01/28 9:53:07 WET [2025/01/28 4:53:07 ET]
Table 'Jupiter IV' 6-max Seat #1 is the button
Seat 2: kuhclemO ($100 in chips) is sitting out
Seat 3: anthoslr ($197.54 in chips) is sitting out
Seat 1: Dazburt123 ($108.34 in chips) 
Seat 5: Pippa83 ($100.50 in chips) 
Seat 6: ARCTlCkiss ($101.50 in chips) 
Pippa83: posts small blind $0.50
ARCTlCkiss: posts big blind $1
*** HOLE CARDS ***
kuhclemO leaves the table
Dazburt123: raises $1.50 to $2.50
Pippa83: folds 
ARCTlCkiss: folds 
Uncalled bet ($1.50) returned to Dazburt123
Dazburt123 collected $2.50 from pot
Dazburt123: doesn't show hand 
*** SUMMARY ***
Total pot $2.50 | Rake $0 
Seat 2: kuhclemO
Seat 3: anthoslr
Seat 1: Dazburt123 (button) collected ($2.50)
Seat 5: Pippa83 (small blind) folded before Flop
Seat 6: ARCTlCkiss (big blind) folded before Flop



PokerStars Hand #254591665570:  Hold'em No Limit ($0.50/$1.00 USD) - 2025/01/28 9:53:19 WET [2025/01/28 4:53:19 ET]
Table 'Jupiter IV' 6-max Seat #5 is the button
Seat 3: anthoslr ($197.54 in chips) is sitting out
Seat 1: Dazburt123 ($109.84 in chips) 
Seat 5: Pippa83 ($100 in chips) 
Seat 6: ARCTlCkiss ($100.50 in chips) 
ARCTlCkiss: posts small blind $0.50
Dazburt123: posts big blind $1
*** HOLE CARDS ***
Pippa83: folds 
ARCTlCkiss: raises $2.08 to $3.08
Dazburt123: folds 
Uncalled bet ($2.08) returned to ARCTlCkiss
ARCTlCkiss collected $2 from pot
ARCTlCkiss: doesn't show hand 
*** SUMMARY ***
Total pot $2 | Rake $0 
Seat 3: anthoslr
Seat 1: Dazburt123 (big blind) folded before Flop
Seat 5: Pippa83 (button) folded before Flop (didn't bet)
Seat 6: ARCTlCkiss (small blind) collected ($2)



PokerStars Hand #254591666702:  Hold'em No Limit ($0.50/$1.00 USD) - 2025/01/28 9:53:32 WET [2025/01/28 4:53:32 ET]
Table 'Jupiter IV' 6-max Seat #6 is the button
Seat 3: anthoslr ($197.54 in chips) is sitting out
Seat 1: Dazburt123 ($108.84 in chips) 
Seat 5: Pippa83 ($100 in chips) 
Seat 6: ARCTlCkiss ($101.50 in chips) 
Dazburt123: posts small blind $0.50
Pippa83: posts big blind $1
*** HOLE CARDS ***
ARCTlCkiss: folds 
Dazburt123: folds 
Uncalled bet ($0.50) returned to Pippa83
Pippa83 collected $1 from pot
Pippa83: doesn't show hand 
*** SUMMARY ***
Total pot $1 | Rake $0 
Seat 3: anthoslr
Seat 1: Dazburt123 (small blind) folded before Flop
Seat 5: Pippa83 (big blind) collected ($1)
Seat 6: ARCTlCkiss (button) folded before Flop (didn't bet)



PokerStars Hand #254591667879:  Hold'em No Limit ($0.50/$1.00 USD) - 2025/01/28 9:53:47 WET [2025/01/28 4:53:47 ET]
Table 'Jupiter IV' 6-max Seat #1 is the button
Seat 3: anthoslr ($197.54 in chips) is sitting out
Seat 1: Dazburt123 ($108.34 in chips) 
Seat 5: Pippa83 ($100.50 in chips) 
Seat 6: ARCTlCkiss ($101.50 in chips) 
Pippa83: posts small blind $0.50
ARCTlCkiss: posts big blind $1
*** HOLE CARDS ***
Dazburt123: folds 
Pippa83: folds 
Uncalled bet ($0.50) returned to ARCTlCkiss
ARCTlCkiss collected $1 from pot
ARCTlCkiss: doesn't show hand 
*** SUMMARY ***
Total pot $1 | Rake $0 
Seat 3: anthoslr
Seat 1: Dazburt123 (button) folded before Flop (didn't bet)
Seat 5: Pippa83 (small blind) folded before Flop
Seat 6: ARCTlCkiss (big blind) collected ($1)



PokerStars Hand #254591668524:  Hold'em No Limit ($0.50/$1.00 USD) - 2025/01/28 9:53:54 WET [2025/01/28 4:53:54 ET]
Table 'Jupiter IV' 6-max Seat #5 is the button
Seat 3: anthoslr ($197.54 in chips) is sitting out
Seat 1: Dazburt123 ($108.34 in chips) 
Seat 5: Pippa83 ($100 in chips) 
Seat 6: ARCTlCkiss ($102 in chips) 
ARCTlCkiss: posts small blind $0.50
Dazburt123: posts big blind $1
*** HOLE CARDS ***
Pippa83: folds 
ARCTlCkiss: folds 
Uncalled bet ($0.50) returned to Dazburt123
Dazburt123 collected $1 from pot
Dazburt123: doesn't show hand 
*** SUMMARY ***
Total pot $1 | Rake $0 
Seat 3: anthoslr
Seat 1: Dazburt123 (big blind) collected ($1)
Seat 5: Pippa83 (button) folded before Flop (didn't bet)
Seat 6: ARCTlCkiss (small blind) folded before Flop



PokerStars Hand #254591669584:  Hold'em No Limit ($0.50/$1.00 USD) - 2025/01/28 9:54:07 WET [2025/01/28 4:54:07 ET]
Table 'Jupiter IV' 6-max Seat #6 is the button
Seat 3: anthoslr ($197.54 in chips) is sitting out
Seat 1: Dazburt123 ($108.84 in chips) 
Seat 5: Pippa83 ($100 in chips) 
Seat 6: ARCTlCkiss ($101.50 in chips) 
Dazburt123: posts small blind $0.50
Pippa83: posts big blind $1
*** HOLE CARDS ***
ARCTlCkiss: folds 
Dazburt123: raises $2 to $3
Pippa83: raises $6 to $9
Dazburt123: calls $6
*** FLOP *** [2d 3d 5d]
Dazburt123: checks 
Pippa83: checks 
*** TURN *** [2d 3d 5d] [Ah]
Dazburt123: checks 
Pippa83: checks 
*** RIVER *** [2d 3d 5d Ah] [8s]
Dazburt123: bets $26
Pippa83: calls $26
*** SHOW DOWN ***
Dazburt123: shows [Ad 8d] (a flush, Ace high)
Pippa83: mucks hand 
Dazburt123 collected $69 from pot
*** SUMMARY ***
Total pot $70 | Rake $1 
Board [2d 3d 5d Ah 8s]
Seat 3: anthoslr
Seat 1: Dazburt123 (small blind) showed [Ad 8d] and won ($69) with a flush, Ace high
Seat 5: Pippa83 (big blind) mucked
Seat 6: ARCTlCkiss (button) folded before Flop (didn't bet)



PokerStars Hand #254591678933:  Hold'em No Limit ($0.50/$1.00 USD) - 2025/01/28 9:55:58 WET [2025/01/28 4:55:58 ET]
Table 'Jupiter IV' 6-max Seat #1 is the button
Seat 3: anthoslr ($197.54 in chips) is sitting out
Seat 1: Dazburt123 ($142.84 in chips) 
Seat 5: Pippa83 ($100 in chips) 
Seat 6: ARCTlCkiss ($101.50 in chips) 
Pippa83: posts small blind $0.50
ARCTlCkiss: posts big blind $1
*** HOLE CARDS ***
Dazburt123: folds 
Pippa83: raises $2 to $3
ARCTlCkiss: folds 
Uncalled bet ($2) returned to Pippa83
Pippa83 collected $2 from pot
Pippa83: doesn't show hand 
*** SUMMARY ***
Total pot $2 | Rake $0 
Seat 3: anthoslr
Seat 1: Dazburt123 (button) folded before Flop (didn't bet)
Seat 5: Pippa83 (small blind) collected ($2)
Seat 6: ARCTlCkiss (big blind) folded before Flop



PokerStars Hand #254591679909:  Hold'em No Limit ($0.50/$1.00 USD) - 2025/01/28 9:56:09 WET [2025/01/28 4:56:09 ET]
Table 'Jupiter IV' 6-max Seat #5 is the button
Seat 3: anthoslr ($197.54 in chips) is sitting out
Seat 1: Dazburt123 ($142.84 in chips) 
Seat 5: Pippa83 ($101 in chips) 
Seat 6: ARCTlCkiss ($100.50 in chips) 
ARCTlCkiss: posts small blind $0.50
Dazburt123: posts big blind $1
*** HOLE CARDS ***
Pippa83: folds 
ARCTlCkiss: folds 
Uncalled bet ($0.50) returned to Dazburt123
Dazburt123 collected $1 from pot
Dazburt123: doesn't show hand 
*** SUMMARY ***
Total pot $1 | Rake $0 
Seat 3: anthoslr
Seat 1: Dazburt123 (big blind) collected ($1)
Seat 5: Pippa83 (button) folded before Flop (didn't bet)
Seat 6: ARCTlCkiss (small blind) folded before Flop



PokerStars Hand #254591680648:  Hold'em No Limit ($0.50/$1.00 USD) - 2025/01/28 9:56:17 WET [2025/01/28 4:56:17 ET]
Table 'Jupiter IV' 6-max Seat #6 is the button
Seat 3: anthoslr ($197.54 in chips) is sitting out
Seat 1: Dazburt123 ($143.34 in chips) 
Seat 5: Pippa83 ($101 in chips) 
Seat 6: ARCTlCkiss ($100 in chips) 
Dazburt123: posts small blind $0.50
Pippa83: posts big blind $1
*** HOLE CARDS ***
ARCTlCkiss: folds 
Dazburt123: folds 
Uncalled bet ($0.50) returned to Pippa83
Pippa83 collected $1 from pot
Pippa83: doesn't show hand 
*** SUMMARY ***
Total pot $1 | Rake $0 
Seat 3: anthoslr
Seat 1: Dazburt123 (small blind) folded before Flop
Seat 5: Pippa83 (big blind) collected ($1)
Seat 6: ARCTlCkiss (button) folded before Flop (didn't bet)



PokerStars Hand #254591681208:  Hold'em No Limit ($0.50/$1.00 USD) - 2025/01/28 9:56:24 WET [2025/01/28 4:56:24 ET]
Table 'Jupiter IV' 6-max Seat #1 is the button
Seat 3: anthoslr ($197.54 in chips) is sitting out
Seat 1: Dazburt123 ($142.84 in chips) 
Seat 5: Pippa83 ($101.50 in chips) 
Seat 6: ARCTlCkiss ($100 in chips) 
Pippa83: posts small blind $0.50
ARCTlCkiss: posts big blind $1
*** HOLE CARDS ***
Dazburt123: folds 
Pippa83: folds 
Uncalled bet ($0.50) returned to ARCTlCkiss
ARCTlCkiss collected $1 from pot
ARCTlCkiss: doesn't show hand 
*** SUMMARY ***
Total pot $1 | Rake $0 
Seat 3: anthoslr
Seat 1: Dazburt123 (button) folded before Flop (didn't bet)
Seat 5: Pippa83 (small blind) folded before Flop
Seat 6: ARCTlCkiss (big blind) collected ($1)



PokerStars Hand #254591682020:  Hold'em No Limit ($0.50/$1.00 USD) - 2025/01/28 9:56:34 WET [2025/01/28 4:56:34 ET]
Table 'Jupiter IV' 6-max Seat #5 is the button
Seat 3: anthoslr ($197.54 in chips) is sitting out
Seat 1: Dazburt123 ($142.84 in chips) 
Seat 5: Pippa83 ($101 in chips) 
Seat 6: ARCTlCkiss ($100.50 in chips) 
ARCTlCkiss: posts small blind $0.50
Dazburt123: posts big blind $1
*** HOLE CARDS ***
Pippa83: folds 
ARCTlCkiss: folds 
Uncalled bet ($0.50) returned to Dazburt123
Dazburt123 collected $1 from pot
Dazburt123: doesn't show hand 
*** SUMMARY ***
Total pot $1 | Rake $0 
Seat 3: anthoslr
Seat 1: Dazburt123 (big blind) collected ($1)
Seat 5: Pippa83 (button) folded before Flop (didn't bet)
Seat 6: ARCTlCkiss (small blind) folded before Flop



PokerStars Hand #254591682710:  Hold'em No Limit ($0.50/$1.00 USD) - 2025/01/28 9:56:42 WET [2025/01/28 4:56:42 ET]
Table 'Jupiter IV' 6-max Seat #6 is the button
Seat 3: anthoslr ($197.54 in chips) is sitting out
Seat 1: Dazburt123 ($143.34 in chips) 
Seat 5: Pippa83 ($101 in chips) 
Seat 6: ARCTlCkiss ($100 in chips) 
Dazburt123: posts small blind $0.50
Pippa83: posts big blind $1
*** HOLE CARDS ***
ARCTlCkiss: folds 
Dazburt123: raises $2 to $3
Pippa83: calls $2
*** FLOP *** [8c 3d 2s]
Dazburt123: checks 
Pippa83: checks 
*** TURN *** [8c 3d 2s] [Ad]
Dazburt123: checks 
Pippa83: checks 
*** RIVER *** [8c 3d 2s Ad] [Ts]
Dazburt123: checks 
Pippa83: bets $4.28
Dazburt123: calls $4.28
*** SHOW DOWN ***
Pippa83: shows [7d Jd] (high card Ace)
Dazburt123: shows [4s 3s] (a pair of Threes)
Dazburt123 collected $13.83 from pot
*** SUMMARY ***
Total pot $14.56 | Rake $0.73 
Board [8c 3d 2s Ad Ts]
Seat 3: anthoslr
Seat 1: Dazburt123 (small blind) showed [4s 3s] and won ($13.83) with a pair of Threes
Seat 5: Pippa83 (big blind) showed [7d Jd] and lost with high card Ace
Seat 6: ARCTlCkiss (button) folded before Flop (didn't bet)



PokerStars Hand #254591690295:  Hold'em No Limit ($0.50/$1.00 USD) - 2025/01/28 9:58:12 WET [2025/01/28 4:58:12 ET]
Table 'Jupiter IV' 6-max Seat #1 is the button
Seat 3: anthoslr ($197.54 in chips) is sitting out
Seat 1: Dazburt123 ($149.89 in chips) 
Seat 5: Pippa83 ($100 in chips) 
Seat 6: ARCTlCkiss ($100 in chips) 
Pippa83: posts small blind $0.50
ARCTlCkiss: posts big blind $1
*** HOLE CARDS ***
Dazburt123: raises $1.50 to $2.50
Pippa83: folds 
ARCTlCkiss: folds 
Uncalled bet ($1.50) returned to Dazburt123
Dazburt123 collected $2.50 from pot
Dazburt123: doesn't show hand 
*** SUMMARY ***
Total pot $2.50 | Rake $0 
Seat 3: anthoslr
Seat 1: Dazburt123 (button) collected ($2.50)
Seat 5: Pippa83 (small blind) folded before Flop
Seat 6: ARCTlCkiss (big blind) folded before Flop



PokerStars Hand #254591691176:  Hold'em No Limit ($0.50/$1.00 USD) - 2025/01/28 9:58:22 WET [2025/01/28 4:58:22 ET]
Table 'Jupiter IV' 6-max Seat #5 is the button
Seat 3: anthoslr ($197.54 in chips) is sitting out
Seat 1: Dazburt123 ($151.39 in chips) 
Seat 5: Pippa83 ($100 in chips) 
Seat 6: ARCTlCkiss ($100 in chips) 
ARCTlCkiss: posts small blind $0.50
Dazburt123: posts big blind $1
*** HOLE CARDS ***
Pippa83: folds 
ARCTlCkiss: folds 
Uncalled bet ($0.50) returned to Dazburt123
Dazburt123 collected $1 from pot
Dazburt123: doesn't show hand 
*** SUMMARY ***
Total pot $1 | Rake $0 
Seat 3: anthoslr
Seat 1: Dazburt123 (big blind) collected ($1)
Seat 5: Pippa83 (button) folded before Flop (didn't bet)
Seat 6: ARCTlCkiss (small blind) folded before Flop



PokerStars Hand #254591691754:  Hold'em No Limit ($0.50/$1.00 USD) - 2025/01/28 9:58:29 WET [2025/01/28 4:58:29 ET]
Table 'Jupiter IV' 6-max Seat #6 is the button
Seat 3: anthoslr ($197.54 in chips) is sitting out
Seat 1: Dazburt123 ($151.89 in chips) 
Seat 5: Pippa83 ($100 in chips) 
Seat 6: ARCTlCkiss ($100 in chips) 
Dazburt123: posts small blind $0.50
Pippa83: posts big blind $1
*** HOLE CARDS ***
ARCTlCkiss: raises $1.18 to $2.18
Dazburt123: raises $8.32 to $10.50
Pippa83: folds 
ARCTlCkiss: raises $89.50 to $100 and is all-in
Dazburt123: folds 
Uncalled bet ($89.50) returned to ARCTlCkiss
ARCTlCkiss collected $22 from pot
ARCTlCkiss: doesn't show hand 
*** SUMMARY ***
Total pot $22 | Rake $0 
Seat 3: anthoslr
Seat 1: Dazburt123 (small blind) folded before Flop
Seat 5: Pippa83 (big blind) folded before Flop
Seat 6: ARCTlCkiss (button) collected ($22)



PokerStars Hand #254591694234:  Hold'em No Limit ($0.50/$1.00 USD) - 2025/01/28 9:58:59 WET [2025/01/28 4:58:59 ET]
Table 'Jupiter IV' 6-max Seat #1 is the button
Seat 3: anthoslr ($197.54 in chips) is sitting out
Seat 1: Dazburt123 ($141.39 in chips) 
Seat 5: Pippa83 ($100 in chips) 
Seat 6: ARCTlCkiss ($111.50 in chips) 
Pippa83: posts small blind $0.50
ARCTlCkiss: posts big blind $1
*** HOLE CARDS ***
Dazburt123: folds 
Dazburt123 leaves the table
Pippa83: raises $2 to $3
ARCTlCkiss: folds 
Uncalled bet ($2) returned to Pippa83
Pippa83 collected $2 from pot
Pippa83: doesn't show hand 
*** SUMMARY ***
Total pot $2 | Rake $0 
Seat 3: anthoslr
Seat 1: Dazburt123 (button) folded before Flop (didn't bet)
Seat 5: Pippa83 (small blind) collected ($2)
Seat 6: ARCTlCkiss (big blind) folded before Flop



PokerStars Hand #254591695201:  Hold'em No Limit ($0.50/$1.00 USD) - 2025/01/28 9:59:11 WET [2025/01/28 4:59:11 ET]
Table 'Jupiter IV' 6-max Seat #6 is the button
Seat 3: anthoslr ($197.54 in chips) is sitting out
Seat 5: Pippa83 ($101 in chips) 
Seat 6: ARCTlCkiss ($110.50 in chips) 
ARCTlCkiss: posts small blind $0.50
Pippa83: posts big blind $1
*** HOLE CARDS ***
ARCTlCkiss: raises $1 to $2
Pippa83: folds 
Uncalled bet ($1) returned to ARCTlCkiss
ARCTlCkiss collected $2 from pot
ARCTlCkiss: doesn't show hand 
*** SUMMARY ***
Total pot $2 | Rake $0 
Seat 3: anthoslr
Seat 5: Pippa83 (big blind) folded before Flop
Seat 6: ARCTlCkiss (button) (small blind) collected ($2)



PokerStars Hand #254591697331:  Hold'em No Limit ($0.50/$1.00 USD) - 2025/01/28 9:59:38 WET [2025/01/28 4:59:38 ET]
Table 'Jupiter IV' 6-max Seat #4 is the button
Seat 3: anthoslr ($197.54 in chips) is sitting out
Seat 4: Dazburt123 ($141.39 in chips) 
Seat 5: Pippa83 ($100 in chips) 
Seat 6: ARCTlCkiss ($111.50 in chips) 
Pippa83: posts small blind $0.50
ARCTlCkiss: posts big blind $1
*** HOLE CARDS ***
Dazburt123: folds 
Pippa83: folds 
Uncalled bet ($0.50) returned to ARCTlCkiss
ARCTlCkiss collected $1 from pot
ARCTlCkiss: doesn't show hand 
*** SUMMARY ***
Total pot $1 | Rake $0 
Seat 3: anthoslr
Seat 4: Dazburt123 (button) folded before Flop (didn't bet)
Seat 5: Pippa83 (small blind) folded before Flop
Seat 6: ARCTlCkiss (big blind) collected ($1)



PokerStars Hand #254591697833:  Hold'em No Limit ($0.50/$1.00 USD) - 2025/01/28 9:59:45 WET [2025/01/28 4:59:45 ET]
Table 'Jupiter IV' 6-max Seat #5 is the button
Seat 3: anthoslr ($197.54 in chips) is sitting out
Seat 4: Dazburt123 ($141.39 in chips) 
Seat 5: Pippa83 ($100 in chips) 
Seat 6: ARCTlCkiss ($112 in chips) 
ARCTlCkiss: posts small blind $0.50
Dazburt123: posts big blind $1
*** HOLE CARDS ***
Pippa83: folds 
ARCTlCkiss: raises $2.08 to $3.08
Dazburt123: calls $2.08
*** FLOP *** [7s Qh 5d]
ARCTlCkiss: checks 
Dazburt123: checks 
*** TURN *** [7s Qh 5d] [7c]
7BillionLuck joins the table at seat #1 
ARCTlCkiss: bets $1.64
Dazburt123: raises $6.36 to $8
ru_ruu_ru joins the table at seat #2 
ARCTlCkiss: folds 
Uncalled bet ($6.36) returned to Dazburt123
Dazburt123 collected $8.97 from pot
Dazburt123: doesn't show hand 
*** SUMMARY ***
Total pot $9.44 | Rake $0.47 
Board [7s Qh 5d 7c]
Seat 3: anthoslr
Seat 4: Dazburt123 (big blind) collected ($8.97)
Seat 5: Pippa83 (button) folded before Flop (didn't bet)
Seat 6: ARCTlCkiss (small blind) folded on the Turn



PokerStars Hand #254591702146:  Hold'em No Limit ($0.50/$1.00 USD) - 2025/01/28 10:00:46 WET [2025/01/28 5:00:46 ET]
Table 'Jupiter IV' 6-max Seat #6 is the button
Seat 1: 7BillionLuck ($50 in chips) is sitting out
Seat 2: ru_ruu_ru ($100 in chips) is sitting out
Seat 3: anthoslr ($197.54 in chips) is sitting out
Seat 4: Dazburt123 ($145.64 in chips) 
Seat 5: Pippa83 ($100 in chips) 
Seat 6: ARCTlCkiss ($107.28 in chips) 
Dazburt123: posts small blind $0.50
Pippa83: posts big blind $1
*** HOLE CARDS ***
ARCTlCkiss: raises $1.18 to $2.18
Dazburt123: folds 
Pippa83: folds 
Uncalled bet ($1.18) returned to ARCTlCkiss
ARCTlCkiss collected $2.50 from pot
ARCTlCkiss: doesn't show hand 
*** SUMMARY ***
Total pot $2.50 | Rake $0 
Seat 1: 7BillionLuck
Seat 2: ru_ruu_ru
Seat 3: anthoslr
Seat 4: Dazburt123 (small blind) folded before Flop
Seat 5: Pippa83 (big blind) folded before Flop
Seat 6: ARCTlCkiss (button) collected ($2.50)



PokerStars Hand #254591703248:  Hold'em No Limit ($0.50/$1.00 USD) - 2025/01/28 10:01:03 WET [2025/01/28 5:01:03 ET]
Table 'Jupiter IV' 6-max Seat #4 is the button
Seat 2: ru_ruu_ru ($100 in chips) is sitting out
Seat 3: anthoslr ($197.54 in chips) is sitting out
Seat 1: 7BillionLuck ($50 in chips) 
Seat 4: Dazburt123 ($145.14 in chips) 
Seat 5: Pippa83 ($100 in chips) 
Seat 6: ARCTlCkiss ($108.78 in chips) 
Pippa83: posts small blind $0.50
ARCTlCkiss: posts big blind $1
7BillionLuck: posts big blind $1
ru_ruu_ru: sits out 
*** HOLE CARDS ***
7BillionLuck: checks 
Dazburt123: raises $1.50 to $2.50
Pippa83: folds 
ARCTlCkiss: calls $1.50
7BillionLuck: calls $1.50
*** FLOP *** [4d Qd Jc]
ARCTlCkiss: checks 
7BillionLuck: checks 
anthoslr leaves the table
Dazburt123: bets $3.80
ARCTlCkiss: folds 
7BillionLuck: folds 
Uncalled bet ($3.80) returned to Dazburt123
Dazburt123 collected $7.60 from pot
Dazburt123: doesn't show hand 
*** SUMMARY ***
Total pot $8 | Rake $0.40 
Board [4d Qd Jc]
Seat 2: ru_ruu_ru
Seat 3: anthoslr
Seat 1: 7BillionLuck folded on the Flop
Seat 4: Dazburt123 (button) collected ($7.60)
Seat 5: Pippa83 (small blind) folded before Flop
Seat 6: ARCTlCkiss (big blind) folded on the Flop



PokerStars Hand #254591707475:  Hold'em No Limit ($0.50/$1.00 USD) - 2025/01/28 10:02:14 WET [2025/01/28 5:02:14 ET]
Table 'Jupiter IV' 6-max Seat #5 is the button
Seat 2: ru_ruu_ru ($100 in chips) is sitting out
Seat 1: 7BillionLuck ($47.50 in chips) 
Seat 4: Dazburt123 ($150.24 in chips) 
Seat 5: Pippa83 ($100 in chips) 
Seat 6: ARCTlCkiss ($106.28 in chips) 
ARCTlCkiss: posts small blind $0.50
7BillionLuck: posts big blind $1
ru_ruu_ru: sits out 
*** HOLE CARDS ***
Dazburt123: folds 
Pippa83: folds 
ARCTlCkiss: raises $2.08 to $3.08
7BillionLuck: calls $2.08
*** FLOP *** [Jd 9d 6d]
ARCTlCkiss: bets $1.64
7BillionLuck: calls $1.64
*** TURN *** [Jd 9d 6d] [5c]
ARCTlCkiss: checks 
7BillionLuck: bets $3
ARCTlCkiss: folds 
Uncalled bet ($3) returned to 7BillionLuck
7BillionLuck collected $8.97 from pot
7BillionLuck: doesn't show hand 
*** SUMMARY ***
Total pot $9.44 | Rake $0.47 
Board [Jd 9d 6d 5c]
Seat 2: ru_ruu_ru
Seat 1: 7BillionLuck (big blind) collected ($8.97)
Seat 4: Dazburt123 folded before Flop (didn't bet)
Seat 5: Pippa83 (button) folded before Flop (didn't bet)
Seat 6: ARCTlCkiss (small blind) folded on the Turn



PokerStars Hand #254591709148:  Hold'em No Limit ($0.50/$1.00 USD) - 2025/01/28 10:02:44 WET [2025/01/28 5:02:44 ET]
Table 'Jupiter IV' 6-max Seat #6 is the button
Seat 1: 7BillionLuck ($51.75 in chips) 
Seat 2: ru_ruu_ru ($100 in chips) 
Seat 4: Dazburt123 ($150.24 in chips) 
Seat 5: Pippa83 ($100 in chips) 
Seat 6: ARCTlCkiss ($101.56 in chips) 
7BillionLuck: posts small blind $0.50
ru_ruu_ru: posts big blind $1
*** HOLE CARDS ***
DL1B joins the table at seat #3 
Dazburt123: folds 
Pippa83: raises $1.50 to $2.50
ARCTlCkiss: folds 
7BillionLuck: raises $3.50 to $6
ru_ruu_ru: folds 
Pippa83: calls $3.50
*** FLOP *** [3h 3d Ts]
7BillionLuck: bets $4
Pippa83: folds 
Uncalled bet ($4) returned to 7BillionLuck
7BillionLuck collected $12.35 from pot
7BillionLuck: doesn't show hand 
*** SUMMARY ***
Total pot $13 | Rake $0.65 
Board [3h 3d Ts]
Seat 1: 7BillionLuck (small blind) collected ($12.35)
Seat 2: ru_ruu_ru (big blind) folded before Flop
Seat 4: Dazburt123 folded before Flop (didn't bet)
Seat 5: Pippa83 folded on the Flop
Seat 6: ARCTlCkiss (button) folded before Flop (didn't bet)



PokerStars Hand #254591711531:  Hold'em No Limit ($0.50/$1.00 USD) - 2025/01/28 10:03:32 WET [2025/01/28 5:03:32 ET]
Table 'Jupiter IV' 6-max Seat #1 is the button
Seat 1: 7BillionLuck ($58.10 in chips) 
Seat 2: ru_ruu_ru ($100 in chips) 
Seat 3: DL1B ($100 in chips) 
Seat 4: Dazburt123 ($150.24 in chips) 
Seat 5: Pippa83 ($100 in chips) 
Seat 6: ARCTlCkiss ($101.56 in chips) 
ru_ruu_ru: posts small blind $0.50
DL1B: posts big blind $1
*** HOLE CARDS ***
Dazburt123: folds 
Pippa83: folds 
ARCTlCkiss: folds 
7BillionLuck: raises $1 to $2
ru_ruu_ru: folds 
DL1B: folds 
Uncalled bet ($1) returned to 7BillionLuck
7BillionLuck collected $2.50 from pot
7BillionLuck: doesn't show hand 
*** SUMMARY ***
Total pot $2.50 | Rake $0 
Seat 1: 7BillionLuck (button) collected ($2.50)
Seat 2: ru_ruu_ru (small blind) folded before Flop
Seat 3: DL1B (big blind) folded before Flop
Seat 4: Dazburt123 folded before Flop (didn't bet)
Seat 5: Pippa83 folded before Flop (didn't bet)
Seat 6: ARCTlCkiss folded before Flop (didn't bet)



PokerStars Hand #254591712519:  Hold'em No Limit ($0.50/$1.00 USD) - 2025/01/28 10:03:52 WET [2025/01/28 5:03:52 ET]
Table 'Jupiter IV' 6-max Seat #2 is the button
Seat 1: 7BillionLuck ($59.60 in chips) 
Seat 2: ru_ruu_ru ($100 in chips) 
Seat 3: DL1B ($99 in chips) 
Seat 4: Dazburt123 ($150.24 in chips) 
Seat 5: Pippa83 ($100 in chips) 
Seat 6: ARCTlCkiss ($101.56 in chips) 
DL1B: posts small blind $0.50
Dazburt123: posts big blind $1
*** HOLE CARDS ***
Pippa83: raises $1.20 to $2.20
ARCTlCkiss: folds 
7BillionLuck: raises $2.80 to $5
ru_ruu_ru: folds 
DL1B: folds 
Dazburt123: folds 
Pippa83: raises $95 to $100 and is all-in
7BillionLuck: folds 
Uncalled bet ($95) returned to Pippa83
Pippa83 collected $11.50 from pot
Pippa83: doesn't show hand 
*** SUMMARY ***
Total pot $11.50 | Rake $0 
Seat 1: 7BillionLuck folded before Flop
Seat 2: ru_ruu_ru (button) folded before Flop (didn't bet)
Seat 3: DL1B (small blind) folded before Flop
Seat 4: Dazburt123 (big blind) folded before Flop
Seat 5: Pippa83 collected ($11.50)
Seat 6: ARCTlCkiss folded before Flop (didn't bet)



PokerStars Hand #254591714057:  Hold'em No Limit ($0.50/$1.00 USD) - 2025/01/28 10:04:27 WET [2025/01/28 5:04:27 ET]
Table 'Jupiter IV' 6-max Seat #3 is the button
Seat 1: 7BillionLuck ($54.60 in chips) 
Seat 2: ru_ruu_ru ($100 in chips) 
Seat 3: DL1B ($98.50 in chips) 
Seat 4: Dazburt123 ($149.24 in chips) 
Seat 5: Pippa83 ($106.50 in chips) 
Seat 6: ARCTlCkiss ($101.56 in chips) 
Dazburt123: posts small blind $0.50
Pippa83: posts big blind $1
*** HOLE CARDS ***
ARCTlCkiss: folds 
7BillionLuck: folds 
ru_ruu_ru: folds 
DL1B: raises $1.50 to $2.50
Dazburt123: folds 
Pippa83: folds 
Uncalled bet ($1.50) returned to DL1B
DL1B collected $2.50 from pot
DL1B: doesn't show hand 
*** SUMMARY ***
Total pot $2.50 | Rake $0 
Seat 1: 7BillionLuck folded before Flop (didn't bet)
Seat 2: ru_ruu_ru folded before Flop (didn't bet)
Seat 3: DL1B (button) collected ($2.50)
Seat 4: Dazburt123 (small blind) folded before Flop
Seat 5: Pippa83 (big blind) folded before Flop
Seat 6: ARCTlCkiss folded before Flop (didn't bet)



PokerStars Hand #254591714786:  Hold'em No Limit ($0.50/$1.00 USD) - 2025/01/28 10:04:43 WET [2025/01/28 5:04:43 ET]
Table 'Jupiter IV' 6-max Seat #4 is the button
Seat 6: ARCTlCkiss ($101.56 in chips) is sitting out
Seat 1: 7BillionLuck ($54.60 in chips) 
Seat 2: ru_ruu_ru ($100 in chips) 
Seat 3: DL1B ($100 in chips) 
Seat 4: Dazburt123 ($148.74 in chips) 
Seat 5: Pippa83 ($105.50 in chips) 
Pippa83: posts small blind $0.50
ARCTlCkiss: is sitting out 
7BillionLuck: posts big blind $1
*** HOLE CARDS ***
ARCTlCkiss leaves the table
ru_ruu_ru: folds 
DL1B: folds 
Dazburt123: folds 
Pippa83: raises $2 to $3
7BillionLuck: calls $2
*** FLOP *** [4h Td 4c]
Pippa83: bets $1.50
7BillionLuck: calls $1.50
*** TURN *** [4h Td 4c] [7c]
Pippa83: checks 
7BillionLuck: bets $3
Pippa83: folds 
Uncalled bet ($3) returned to 7BillionLuck
7BillionLuck collected $8.55 from pot
7BillionLuck: doesn't show hand 
*** SUMMARY ***
Total pot $9 | Rake $0.45 
Board [4h Td 4c 7c]
Seat 6: ARCTlCkiss
Seat 1: 7BillionLuck (big blind) collected ($8.55)
Seat 2: ru_ruu_ru folded before Flop (didn't bet)
Seat 3: DL1B folded before Flop (didn't bet)
Seat 4: Dazburt123 (button) folded before Flop (didn't bet)
Seat 5: Pippa83 (small blind) folded on the Turn



PokerStars Hand #254591716396:  Hold'em No Limit ($0.50/$1.00 USD) - 2025/01/28 10:05:22 WET [2025/01/28 5:05:22 ET]
Table 'Jupiter IV' 6-max Seat #5 is the button
Seat 1: 7BillionLuck ($58.65 in chips) 
Seat 2: ru_ruu_ru ($100 in chips) 
Seat 3: DL1B ($100 in chips) 
Seat 4: Dazburt123 ($148.74 in chips) 
Seat 5: Pippa83 ($101 in chips) 
7BillionLuck: posts small blind $0.50
ru_ruu_ru: posts big blind $1
*** HOLE CARDS ***
DL1B: folds 
Dazburt123: raises $1 to $2
Pippa83: raises $5 to $7
7BillionLuck: calls $6.50
ru_ruu_ru: folds 
Dazburt123: folds 
*** FLOP *** [Qh Th 9s]
7BillionLuck: checks 
Pippa83: checks 
*** TURN *** [Qh Th 9s] [Ad]
7BillionLuck: checks 
Pippa83: checks 
*** RIVER *** [Qh Th 9s Ad] [7c]
7BillionLuck: bets $4
Pippa83: calls $4
*** SHOW DOWN ***
7BillionLuck: shows [Ac Jh] (a pair of Aces)
Pippa83: mucks hand 
7BillionLuck collected $23.75 from pot
*** SUMMARY ***
Total pot $25 | Rake $1.25 
Board [Qh Th 9s Ad 7c]
Seat 1: 7BillionLuck (small blind) showed [Ac Jh] and won ($23.75) with a pair of Aces
Seat 2: ru_ruu_ru (big blind) folded before Flop
Seat 3: DL1B folded before Flop (didn't bet)
Seat 4: Dazburt123 folded before Flop
Seat 5: Pippa83 (button) mucked



PokerStars Hand #254591718730:  Hold'em No Limit ($0.50/$1.00 USD) - 2025/01/28 10:06:22 WET [2025/01/28 5:06:22 ET]
Table 'Jupiter IV' 6-max Seat #1 is the button
Seat 1: 7BillionLuck ($71.40 in chips) 
Seat 2: ru_ruu_ru ($100 in chips) 
Seat 3: DL1B ($100 in chips) 
Seat 4: Dazburt123 ($146.74 in chips) 
Seat 5: Pippa83 ($100 in chips) 
ru_ruu_ru: posts small blind $0.50
DL1B: posts big blind $1
*** HOLE CARDS ***
Dazburt123: folds 
Pippa83: folds 
7BillionLuck: folds 
ru_ruu_ru: raises $2 to $3
DL1B: calls $2
*** FLOP *** [7h 9s 8d]
ru_ruu_ru: checks 
DL1B: checks 
*** TURN *** [7h 9s 8d] [8s]
ru_ruu_ru: checks 
DL1B: checks 
*** RIVER *** [7h 9s 8d 8s] [6s]
ru_ruu_ru: checks 
DL1B: bets $4.33
MaRKiToScoK joins the table at seat #6 
ru_ruu_ru: folds 
Uncalled bet ($4.33) returned to DL1B
DL1B collected $5.70 from pot
DL1B: doesn't show hand 
*** SUMMARY ***
Total pot $6 | Rake $0.30 
Board [7h 9s 8d 8s 6s]
Seat 1: 7BillionLuck (button) folded before Flop (didn't bet)
Seat 2: ru_ruu_ru (small blind) folded on the River
Seat 3: DL1B (big blind) collected ($5.70)
Seat 4: Dazburt123 folded before Flop (didn't bet)
Seat 5: Pippa83 folded before Flop (didn't bet)



PokerStars Hand #254591721035:  Hold'em No Limit ($0.50/$1.00 USD) - 2025/01/28 10:07:21 WET [2025/01/28 5:07:21 ET]
Table 'Jupiter IV' 6-max Seat #2 is the button
Seat 6: MaRKiToScoK ($100 in chips) is sitting out
Seat 1: 7BillionLuck ($71.40 in chips) 
Seat 2: ru_ruu_ru ($100 in chips) 
Seat 3: DL1B ($102.70 in chips) 
Seat 4: Dazburt123 ($146.74 in chips) 
Seat 5: Pippa83 ($100 in chips) 
DL1B: posts small blind $0.50
Dazburt123: posts big blind $1
MaRKiToScoK: sits out 
*** HOLE CARDS ***
Pippa83: raises $1.20 to $2.20
7BillionLuck: raises $2.80 to $5
ru_ruu_ru: folds 
DL1B: folds 
Dazburt123: folds 
Pippa83: calls $2.80
*** FLOP *** [7c Ah 4c]
Pippa83: checks 
7BillionLuck: bets $4
Pippa83: folds 
Uncalled bet ($4) returned to 7BillionLuck
7BillionLuck collected $10.92 from pot
7BillionLuck: doesn't show hand 
*** SUMMARY ***
Total pot $11.50 | Rake $0.58 
Board [7c Ah 4c]
Seat 6: MaRKiToScoK
Seat 1: 7BillionLuck collected ($10.92)
Seat 2: ru_ruu_ru (button) folded before Flop (didn't bet)
Seat 3: DL1B (small blind) folded before Flop
Seat 4: Dazburt123 (big blind) folded before Flop
Seat 5: Pippa83 folded on the Flop



PokerStars Hand #254591722174:  Hold'em No Limit ($0.50/$1.00 USD) - 2025/01/28 10:07:52 WET [2025/01/28 5:07:52 ET]
Table 'Jupiter IV' 6-max Seat #3 is the button
Seat 6: MaRKiToScoK ($100 in chips) is sitting out
Seat 1: 7BillionLuck ($77.32 in chips) 
Seat 2: ru_ruu_ru ($100 in chips) 
Seat 3: DL1B ($102.20 in chips) 
Seat 4: Dazburt123 ($145.74 in chips) 
Seat 5: Pippa83 ($100 in chips) 
Dazburt123: posts small blind $0.50
Pippa83: posts big blind $1
MaRKiToScoK: sits out 
*** HOLE CARDS ***
7BillionLuck: folds 
ru_ruu_ru: folds 
DL1B: folds 
Dazburt123: raises $2 to $3
Pippa83: calls $2
*** FLOP *** [Qh 3c Kd]
Dazburt123: bets $1.88
Pippa83: folds 
Uncalled bet ($1.88) returned to Dazburt123
Dazburt123 collected $5.70 from pot
Dazburt123: doesn't show hand 
*** SUMMARY ***
Total pot $6 | Rake $0.30 
Board [Qh 3c Kd]
Seat 6: MaRKiToScoK
Seat 1: 7BillionLuck folded before Flop (didn't bet)
Seat 2: ru_ruu_ru folded before Flop (didn't bet)
Seat 3: DL1B (button) folded before Flop (didn't bet)
Seat 4: Dazburt123 (small blind) collected ($5.70)
Seat 5: Pippa83 (big blind) folded on the Flop



PokerStars Hand #254591723926:  Hold'em No Limit ($0.50/$1.00 USD) - 2025/01/28 10:08:45 WET [2025/01/28 5:08:45 ET]
Table 'Jupiter IV' 6-max Seat #4 is the button
Seat 1: 7BillionLuck ($77.32 in chips) 
Seat 2: ru_ruu_ru ($100 in chips) 
Seat 3: DL1B ($102.20 in chips) 
Seat 4: Dazburt123 ($148.44 in chips) 
Seat 5: Pippa83 ($100 in chips) 
Pippa83: posts small blind $0.50
7BillionLuck: posts big blind $1
*** HOLE CARDS ***
ru_ruu_ru: folds 
DL1B: folds 
Dazburt123: raises $1.50 to $2.50
Pippa83: folds 
7BillionLuck: folds 
Uncalled bet ($1.50) returned to Dazburt123
Dazburt123 collected $2.50 from pot
Dazburt123: doesn't show hand 
*** SUMMARY ***
Total pot $2.50 | Rake $0 
Seat 1: 7BillionLuck (big blind) folded before Flop
Seat 2: ru_ruu_ru folded before Flop (didn't bet)
Seat 3: DL1B folded before Flop (didn't bet)
Seat 4: Dazburt123 (button) collected ($2.50)
Seat 5: Pippa83 (small blind) folded before Flop



PokerStars Hand #254591724326:  Hold'em No Limit ($0.50/$1.00 USD) - 2025/01/28 10:08:57 WET [2025/01/28 5:08:57 ET]
Table 'Jupiter IV' 6-max Seat #5 is the button
Seat 1: 7BillionLuck ($76.32 in chips) 
Seat 2: ru_ruu_ru ($100 in chips) 
Seat 3: DL1B ($102.20 in chips) 
Seat 4: Dazburt123 ($149.94 in chips) 
Seat 5: Pippa83 ($100 in chips) 
7BillionLuck: posts small blind $0.50
ru_ruu_ru: posts big blind $1
*** HOLE CARDS ***
DL1B: folds 
Dazburt123: raises $1 to $2
Pippa83: raises $5 to $7
7BillionLuck: folds 
ru_ruu_ru: folds 
Dazburt123: folds 
Uncalled bet ($5) returned to Pippa83
Pippa83 collected $5.50 from pot
Pippa83: doesn't show hand 
MaRKiToScoK joins the table at seat #6 
*** SUMMARY ***
Total pot $5.50 | Rake $0 
Seat 1: 7BillionLuck (small blind) folded before Flop
Seat 2: ru_ruu_ru (big blind) folded before Flop
Seat 3: DL1B folded before Flop (didn't bet)
Seat 4: Dazburt123 folded before Flop
Seat 5: Pippa83 (button) collected ($5.50)



PokerStars Hand #254591725151:  Hold'em No Limit ($0.50/$1.00 USD) - 2025/01/28 10:09:21 WET [2025/01/28 5:09:21 ET]
Table 'Jupiter IV' 6-max Seat #1 is the button
Seat 6: MaRKiToScoK ($100 in chips) is sitting out
Seat 1: 7BillionLuck ($75.82 in chips) 
Seat 2: ru_ruu_ru ($100 in chips) 
Seat 3: DL1B ($102.20 in chips) 
Seat 4: Dazburt123 ($147.94 in chips) 
Seat 5: Pippa83 ($103.50 in chips) 
ru_ruu_ru: posts small blind $0.50
DL1B: posts big blind $1
MaRKiToScoK: sits out 
*** HOLE CARDS ***
Dazburt123: raises $1 to $2
Pippa83: folds 
7BillionLuck: folds 
ru_ruu_ru: folds 
DL1B: calls $1
*** FLOP *** [9h 4h Qd]
DL1B: checks 
Dazburt123: bets $1.41
DL1B: calls $1.41
*** TURN *** [9h 4h Qd] [3s]
DL1B: checks 
Dazburt123: bets $9.50
DL1B: folds 
Uncalled bet ($9.50) returned to Dazburt123
Dazburt123 collected $6.95 from pot
Dazburt123: doesn't show hand 
*** SUMMARY ***
Total pot $7.32 | Rake $0.37 
Board [9h 4h Qd 3s]
Seat 6: MaRKiToScoK
Seat 1: 7BillionLuck (button) folded before Flop (didn't bet)
Seat 2: ru_ruu_ru (small blind) folded before Flop
Seat 3: DL1B (big blind) folded on the Turn
Seat 4: Dazburt123 collected ($6.95)
Seat 5: Pippa83 folded before Flop (didn't bet)



PokerStars Hand #254591727139:  Hold'em No Limit ($0.50/$1.00 USD) - 2025/01/28 10:10:20 WET [2025/01/28 5:10:20 ET]
Table 'Jupiter IV' 6-max Seat #2 is the button
Seat 6: MaRKiToScoK ($100 in chips) is sitting out
Seat 1: 7BillionLuck ($75.82 in chips) 
Seat 2: ru_ruu_ru ($100 in chips) 
Seat 3: DL1B ($98.79 in chips) 
Seat 4: Dazburt123 ($151.48 in chips) 
Seat 5: Pippa83 ($103.50 in chips) 
DL1B: posts small blind $0.50
Dazburt123: posts big blind $1
MaRKiToScoK: sits out 
*** HOLE CARDS ***
Pippa83: folds 
7BillionLuck: folds 
ru_ruu_ru has timed out
ru_ruu_ru: folds 
DL1B: folds 
Uncalled bet ($0.50) returned to Dazburt123
Dazburt123 collected $1 from pot
Dazburt123: doesn't show hand 
*** SUMMARY ***
Total pot $1 | Rake $0 
Seat 6: MaRKiToScoK
Seat 1: 7BillionLuck folded before Flop (didn't bet)
Seat 2: ru_ruu_ru (button) folded before Flop (didn't bet)
Seat 3: DL1B (small blind) folded before Flop
Seat 4: Dazburt123 (big blind) collected ($1)
Seat 5: Pippa83 folded before Flop (didn't bet)



