PokerStars Hand #254589875580:  Hold'em No Limit ($0.50/$1.00 USD) - 2025/01/28 3:38:55 WET [2025/01/27 22:38:55 ET]
Table 'Transvaalia IV' 6-max Seat #3 is the button
Seat 3: pipza05 ($40.87 in chips) 
Seat 4: Burlica2013 ($100 in chips) 
Seat 5: mironchikvld ($289.31 in chips) 
Burlica2013: posts small blind $0.50
mironchikvld: posts big blind $1
*** HOLE CARDS ***
pipza05: folds 
Burlica2013: folds 
Uncalled bet ($0.50) returned to mironchikvld
mironchikvld collected $1 from pot
mironchikvld: doesn't show hand 
*** SUMMARY ***
Total pot $1 | Rake $0 
Seat 3: pipza05 (button) folded before Flop (didn't bet)
Seat 4: Burlica2013 (small blind) folded before Flop
Seat 5: mironchikvld (big blind) collected ($1)



PokerStars Hand #254589876614:  Hold'em No Limit ($0.50/$1.00 USD) - 2025/01/28 3:39:04 WET [2025/01/27 22:39:04 ET]
Table 'Transvaalia IV' 6-max Seat #4 is the button
Seat 3: pipza05 ($40.87 in chips) 
Seat 4: Burlica2013 ($100 in chips) 
Seat 5: mironchikvld ($289.81 in chips) 
mironchikvld: posts small blind $0.50
pipza05: posts big blind $1
*** HOLE CARDS ***
ffac joins the table at seat #1 
Burlica2013: raises $1.45 to $2.45
mironchikvld: folds 
pipza05: calls $1.45
*** FLOP *** [4h Ks 7h]
pipza05: checks 
Burlica2013: bets $1.69
pipza05: calls $1.69
*** TURN *** [4h Ks 7h] [Kd]
pipza05: checks 
Burlica2013: checks 
*** RIVER *** [4h Ks 7h Kd] [Td]
pipza05: bets $2
Burlica2013: folds 
Uncalled bet ($2) returned to pipza05
pipza05 collected $8.23 from pot
*** SUMMARY ***
Total pot $8.78 | Rake $0.55 
Board [4h Ks 7h Kd Td]
Seat 3: pipza05 (big blind) collected ($8.23)
Seat 4: Burlica2013 (button) folded on the River
Seat 5: mironchikvld (small blind) folded before Flop



PokerStars Hand #254589882731:  Hold'em No Limit ($0.50/$1.00 USD) - 2025/01/28 3:39:59 WET [2025/01/27 22:39:59 ET]
Table 'Transvaalia IV' 6-max Seat #5 is the button
Seat 1: ffac ($100 in chips) is sitting out
Seat 3: pipza05 ($44.96 in chips) 
Seat 4: Burlica2013 ($100 in chips) 
Seat 5: mironchikvld ($289.31 in chips) 
pipza05: posts small blind $0.50
Burlica2013: posts big blind $1
*** HOLE CARDS ***
PeteGriffen joins the table at seat #6 
mironchikvld: folds 
pipza05: folds 
Uncalled bet ($0.50) returned to Burlica2013
Burlica2013 collected $1 from pot
Burlica2013: doesn't show hand 
*** SUMMARY ***
Total pot $1 | Rake $0 
Seat 1: ffac
Seat 3: pipza05 (small blind) folded before Flop
Seat 4: Burlica2013 (big blind) collected ($1)
Seat 5: mironchikvld (button) folded before Flop (didn't bet)



PokerStars Hand #254589883971:  Hold'em No Limit ($0.50/$1.00 USD) - 2025/01/28 3:40:10 WET [2025/01/27 22:40:10 ET]
Table 'Transvaalia IV' 6-max Seat #3 is the button
Seat 1: ffac ($100 in chips) is sitting out
Seat 6: PeteGriffen ($100 in chips) is sitting out
Seat 3: pipza05 ($44.46 in chips) 
Seat 4: Burlica2013 ($100.50 in chips) 
Seat 5: mironchikvld ($289.31 in chips) 
Burlica2013: posts small blind $0.50
mironchikvld: posts big blind $1
PeteGriffen: sits out 
ffac: sits out 
*** HOLE CARDS ***
pipza05: folds 
Burlica2013: raises $2 to $3
mironchikvld: folds 
Uncalled bet ($2) returned to Burlica2013
Burlica2013 collected $2 from pot
Burlica2013: doesn't show hand 
*** SUMMARY ***
Total pot $2 | Rake $0 
Seat 1: ffac
Seat 6: PeteGriffen
Seat 3: pipza05 (button) folded before Flop (didn't bet)
Seat 4: Burlica2013 (small blind) collected ($2)
Seat 5: mironchikvld (big blind) folded before Flop



PokerStars Hand #254589886198:  Hold'em No Limit ($0.50/$1.00 USD) - 2025/01/28 3:40:29 WET [2025/01/27 22:40:29 ET]
Table 'Transvaalia IV' 6-max Seat #4 is the button
Seat 1: ffac ($100 in chips) is sitting out
Seat 3: pipza05 ($44.46 in chips) 
Seat 4: Burlica2013 ($101.50 in chips) 
Seat 5: mironchikvld ($288.31 in chips) 
Seat 6: PeteGriffen ($100 in chips) 
mironchikvld: posts small blind $0.50
PeteGriffen: posts big blind $1
ffac: sits out 
*** HOLE CARDS ***
pipza05: folds 
Burlica2013: folds 
mironchikvld: raises $2 to $3
PeteGriffen: folds 
Uncalled bet ($2) returned to mironchikvld
mironchikvld collected $2 from pot
mironchikvld: doesn't show hand 
*** SUMMARY ***
Total pot $2 | Rake $0 
Seat 1: ffac
Seat 3: pipza05 folded before Flop (didn't bet)
Seat 4: Burlica2013 (button) folded before Flop (didn't bet)
Seat 5: mironchikvld (small blind) collected ($2)
Seat 6: PeteGriffen (big blind) folded before Flop



PokerStars Hand #254589888360:  Hold'em No Limit ($0.50/$1.00 USD) - 2025/01/28 3:40:48 WET [2025/01/27 22:40:48 ET]
Table 'Transvaalia IV' 6-max Seat #5 is the button
Seat 1: ffac ($100 in chips) 
Seat 3: pipza05 ($44.46 in chips) 
Seat 4: Burlica2013 ($101.50 in chips) 
Seat 5: mironchikvld ($289.31 in chips) 
Seat 6: PeteGriffen ($100 in chips) 
PeteGriffen: posts small blind $0.50
ffac: posts big blind $1
*** HOLE CARDS ***
pipza05: folds 
Burlica2013: raises $1.25 to $2.25
mironchikvld: folds 
PeteGriffen: raises $8.50 to $10.75
ffac: folds 
Burlica2013: folds 
Uncalled bet ($8.50) returned to PeteGriffen
PeteGriffen collected $5.50 from pot
PeteGriffen: doesn't show hand 
*** SUMMARY ***
Total pot $5.50 | Rake $0 
Seat 1: ffac (big blind) folded before Flop
Seat 3: pipza05 folded before Flop (didn't bet)
Seat 4: Burlica2013 folded before Flop
Seat 5: mironchikvld (button) folded before Flop (didn't bet)
Seat 6: PeteGriffen (small blind) collected ($5.50)



PokerStars Hand #254589891234:  Hold'em No Limit ($0.50/$1.00 USD) - 2025/01/28 3:41:14 WET [2025/01/27 22:41:14 ET]
Table 'Transvaalia IV' 6-max Seat #6 is the button
Seat 1: ffac ($100 in chips) 
Seat 3: pipza05 ($44.46 in chips) 
Seat 4: Burlica2013 ($100 in chips) 
Seat 5: mironchikvld ($289.31 in chips) 
Seat 6: PeteGriffen ($103.25 in chips) 
ffac: posts small blind $0.50
pipza05: posts big blind $1
*** HOLE CARDS ***
Burlica2013: folds 
mironchikvld: folds 
PeteGriffen: raises $1.50 to $2.50
ffac: folds 
pipza05: folds 
Uncalled bet ($1.50) returned to PeteGriffen
PeteGriffen collected $2.50 from pot
PeteGriffen: doesn't show hand 
*** SUMMARY ***
Total pot $2.50 | Rake $0 
Seat 1: ffac (small blind) folded before Flop
Seat 3: pipza05 (big blind) folded before Flop
Seat 4: Burlica2013 folded before Flop (didn't bet)
Seat 5: mironchikvld folded before Flop (didn't bet)
Seat 6: PeteGriffen (button) collected ($2.50)



PokerStars Hand #254589893764:  Hold'em No Limit ($0.50/$1.00 USD) - 2025/01/28 3:41:36 WET [2025/01/27 22:41:36 ET]
Table 'Transvaalia IV' 6-max Seat #1 is the button
Seat 1: ffac ($100 in chips) 
Seat 3: pipza05 ($43.46 in chips) 
Seat 4: Burlica2013 ($100 in chips) 
Seat 5: mironchikvld ($289.31 in chips) 
Seat 6: PeteGriffen ($104.75 in chips) 
pipza05: posts small blind $0.50
Burlica2013: posts big blind $1
*** HOLE CARDS ***
mironchikvld has timed out
mironchikvld: folds 
PeteGriffen: raises $1.50 to $2.50
ffac: folds 
pipza05: folds 
Burlica2013: folds 
Uncalled bet ($1.50) returned to PeteGriffen
PeteGriffen collected $2.50 from pot
PeteGriffen: doesn't show hand 
*** SUMMARY ***
Total pot $2.50 | Rake $0 
Seat 1: ffac (button) folded before Flop (didn't bet)
Seat 3: pipza05 (small blind) folded before Flop
Seat 4: Burlica2013 (big blind) folded before Flop
Seat 5: mironchikvld folded before Flop (didn't bet)
Seat 6: PeteGriffen collected ($2.50)



PokerStars Hand #254589896683:  Hold'em No Limit ($0.50/$1.00 USD) - 2025/01/28 3:42:02 WET [2025/01/27 22:42:02 ET]
Table 'Transvaalia IV' 6-max Seat #3 is the button
Seat 1: ffac ($100 in chips) 
Seat 3: pipza05 ($42.96 in chips) 
Seat 4: Burlica2013 ($100 in chips) 
Seat 5: mironchikvld ($289.31 in chips) 
Seat 6: PeteGriffen ($106.25 in chips) 
Burlica2013: posts small blind $0.50
mironchikvld: posts big blind $1
*** HOLE CARDS ***
PeteGriffen: folds 
ffac: raises $1.19 to $2.19
pipza05: calls $2.19
Burlica2013: folds 
mironchikvld: folds 
*** FLOP *** [8s 2s Qd]
ffac: bets $1.84
CashfishT joins the table at seat #2 
pipza05: calls $1.84
*** TURN *** [8s 2s Qd] [Ad]
ffac: bets $9.08
pipza05: folds 
Uncalled bet ($9.08) returned to ffac
ffac collected $9.08 from pot
ffac: doesn't show hand 
*** SUMMARY ***
Total pot $9.56 | Rake $0.48 
Board [8s 2s Qd Ad]
Seat 1: ffac collected ($9.08)
Seat 3: pipza05 (button) folded on the Turn
Seat 4: Burlica2013 (small blind) folded before Flop
Seat 5: mironchikvld (big blind) folded before Flop
Seat 6: PeteGriffen folded before Flop (didn't bet)



PokerStars Hand #254589901795:  Hold'em No Limit ($0.50/$1.00 USD) - 2025/01/28 3:42:48 WET [2025/01/27 22:42:48 ET]
Table 'Transvaalia IV' 6-max Seat #4 is the button
Seat 2: CashfishT ($109.57 in chips) is sitting out
Seat 1: ffac ($105.05 in chips) 
Seat 3: pipza05 ($38.93 in chips) 
Seat 4: Burlica2013 ($100 in chips) 
Seat 5: mironchikvld ($288.31 in chips) 
Seat 6: PeteGriffen ($106.25 in chips) 
mironchikvld: posts small blind $0.50
PeteGriffen: posts big blind $1
CashfishT: sits out 
*** HOLE CARDS ***
ffac: folds 
pipza05: folds 
Burlica2013: folds 
mironchikvld: raises $2 to $3
PeteGriffen: folds 
Uncalled bet ($2) returned to mironchikvld
mironchikvld collected $2 from pot
mironchikvld: doesn't show hand 
*** SUMMARY ***
Total pot $2 | Rake $0 
Seat 2: CashfishT
Seat 1: ffac folded before Flop (didn't bet)
Seat 3: pipza05 folded before Flop (didn't bet)
Seat 4: Burlica2013 (button) folded before Flop (didn't bet)
Seat 5: mironchikvld (small blind) collected ($2)
Seat 6: PeteGriffen (big blind) folded before Flop



PokerStars Hand #254589904429:  Hold'em No Limit ($0.50/$1.00 USD) - 2025/01/28 3:43:11 WET [2025/01/27 22:43:11 ET]
Table 'Transvaalia IV' 6-max Seat #5 is the button
Seat 2: CashfishT ($109.57 in chips) is sitting out
Seat 1: ffac ($105.05 in chips) 
Seat 3: pipza05 ($38.93 in chips) 
Seat 4: Burlica2013 ($100 in chips) 
Seat 5: mironchikvld ($289.31 in chips) 
Seat 6: PeteGriffen ($105.25 in chips) 
PeteGriffen: posts small blind $0.50
ffac: posts big blind $1
CashfishT: sits out 
*** HOLE CARDS ***
pipza05: folds 
Burlica2013: folds 
mironchikvld: folds 
PeteGriffen: raises $2 to $3
ffac: folds 
Uncalled bet ($2) returned to PeteGriffen
PeteGriffen collected $2 from pot
PeteGriffen: doesn't show hand 
*** SUMMARY ***
Total pot $2 | Rake $0 
Seat 2: CashfishT
Seat 1: ffac (big blind) folded before Flop
Seat 3: pipza05 folded before Flop (didn't bet)
Seat 4: Burlica2013 folded before Flop (didn't bet)
Seat 5: mironchikvld (button) folded before Flop (didn't bet)
Seat 6: PeteGriffen (small blind) collected ($2)



PokerStars Hand #254589906161:  Hold'em No Limit ($0.50/$1.00 USD) - 2025/01/28 3:43:27 WET [2025/01/27 22:43:27 ET]
Table 'Transvaalia IV' 6-max Seat #6 is the button
Seat 1: ffac ($104.05 in chips) 
Seat 2: CashfishT ($109.57 in chips) 
Seat 3: pipza05 ($38.93 in chips) 
Seat 4: Burlica2013 ($100 in chips) 
Seat 5: mironchikvld ($289.31 in chips) 
Seat 6: PeteGriffen ($106.25 in chips) 
ffac: posts small blind $0.50
CashfishT: posts big blind $1
*** HOLE CARDS ***
pipza05: calls $1
Burlica2013: raises $2 to $3
mironchikvld: folds 
PeteGriffen: folds 
ffac: folds 
CashfishT: folds 
pipza05: calls $2
*** FLOP *** [7h 6d 2d]
pipza05: checks 
Burlica2013: checks 
*** TURN *** [7h 6d 2d] [Qd]
pipza05: bets $2
Burlica2013: calls $2
*** RIVER *** [7h 6d 2d Qd] [Th]
pipza05: bets $10.92
Burlica2013: calls $10.92
*** SHOW DOWN ***
pipza05: shows [6s 6c] (three of a kind, Sixes)
Burlica2013: mucks hand 
pipza05 collected $31.25 from pot
*** SUMMARY ***
Total pot $33.34 | Rake $2.09 
Board [7h 6d 2d Qd Th]
Seat 1: ffac (small blind) folded before Flop
Seat 2: CashfishT (big blind) folded before Flop
Seat 3: pipza05 showed [6s 6c] and won ($31.25) with three of a kind, Sixes
Seat 4: Burlica2013 mucked
Seat 5: mironchikvld folded before Flop (didn't bet)
Seat 6: PeteGriffen (button) folded before Flop (didn't bet)



PokerStars Hand #254589911763:  Hold'em No Limit ($0.50/$1.00 USD) - 2025/01/28 3:44:18 WET [2025/01/27 22:44:18 ET]
Table 'Transvaalia IV' 6-max Seat #1 is the button
Seat 1: ffac ($103.55 in chips) 
Seat 2: CashfishT ($108.57 in chips) 
Seat 3: pipza05 ($54.26 in chips) 
Seat 4: Burlica2013 ($100 in chips) 
Seat 5: mironchikvld ($289.31 in chips) 
Seat 6: PeteGriffen ($106.25 in chips) 
CashfishT: posts small blind $0.50
pipza05: posts big blind $1
*** HOLE CARDS ***
Burlica2013: folds 
mironchikvld: folds 
PeteGriffen: raises $1.50 to $2.50
ffac: calls $2.50
CashfishT: calls $2
pipza05: folds 
*** FLOP *** [4s 3s 8d]
CashfishT: checks 
PeteGriffen: checks 
ffac: checks 
*** TURN *** [4s 3s 8d] [4d]
CashfishT: checks 
PeteGriffen: checks 
ffac: checks 
*** RIVER *** [4s 3s 8d 4d] [Ac]
CashfishT: checks 
PeteGriffen: bets $4.04
ffac: folds 
CashfishT: folds 
Uncalled bet ($4.04) returned to PeteGriffen
CashfishT leaves the table
PeteGriffen collected $8.08 from pot
PeteGriffen: doesn't show hand 
*** SUMMARY ***
Total pot $8.50 | Rake $0.42 
Board [4s 3s 8d 4d Ac]
Seat 1: ffac (button) folded on the River
Seat 2: CashfishT (small blind) folded on the River
Seat 3: pipza05 (big blind) folded before Flop
Seat 4: Burlica2013 folded before Flop (didn't bet)
Seat 5: mironchikvld folded before Flop (didn't bet)
Seat 6: PeteGriffen collected ($8.08)



PokerStars Hand #254589925161:  Hold'em No Limit ($0.50/$1.00 USD) - 2025/01/28 3:46:19 WET [2025/01/27 22:46:19 ET]
Table 'Transvaalia IV' 6-max Seat #3 is the button
Seat 1: ffac ($101.05 in chips) 
Seat 3: pipza05 ($53.26 in chips) 
Seat 4: Burlica2013 ($100 in chips) 
Seat 5: mironchikvld ($289.31 in chips) 
Seat 6: PeteGriffen ($111.83 in chips) 
Burlica2013: posts small blind $0.50
mironchikvld: posts big blind $1
*** HOLE CARDS ***
PeteGriffen: folds 
ffac: folds 
pipza05: folds 
CashfishT joins the table at seat #2 
Burlica2013: folds 
Uncalled bet ($0.50) returned to mironchikvld
mironchikvld collected $1 from pot
mironchikvld: doesn't show hand 
*** SUMMARY ***
Total pot $1 | Rake $0 
Seat 1: ffac folded before Flop (didn't bet)
Seat 3: pipza05 (button) folded before Flop (didn't bet)
Seat 4: Burlica2013 (small blind) folded before Flop
Seat 5: mironchikvld (big blind) collected ($1)
Seat 6: PeteGriffen folded before Flop (didn't bet)



PokerStars Hand #254589926857:  Hold'em No Limit ($0.50/$1.00 USD) - 2025/01/28 3:46:34 WET [2025/01/27 22:46:34 ET]
Table 'Transvaalia IV' 6-max Seat #4 is the button
Seat 2: CashfishT ($106.07 in chips) is sitting out
Seat 1: ffac ($101.05 in chips) 
Seat 3: pipza05 ($53.26 in chips) 
Seat 4: Burlica2013 ($100 in chips) 
Seat 5: mironchikvld ($289.81 in chips) 
Seat 6: PeteGriffen ($111.83 in chips) 
mironchikvld: posts small blind $0.50
PeteGriffen: posts big blind $1
CashfishT: sits out 
*** HOLE CARDS ***
ffac: folds 
pipza05: folds 
Burlica2013: raises $1.45 to $2.45
mironchikvld: folds 
PeteGriffen: calls $1.45
*** FLOP *** [6d Tc 8c]
PeteGriffen: checks 
Burlica2013: bets $3.85
PeteGriffen: folds 
Uncalled bet ($3.85) returned to Burlica2013
Burlica2013 collected $5.13 from pot
Burlica2013: doesn't show hand 
*** SUMMARY ***
Total pot $5.40 | Rake $0.27 
Board [6d Tc 8c]
Seat 2: CashfishT
Seat 1: ffac folded before Flop (didn't bet)
Seat 3: pipza05 folded before Flop (didn't bet)
Seat 4: Burlica2013 (button) collected ($5.13)
Seat 5: mironchikvld (small blind) folded before Flop
Seat 6: PeteGriffen (big blind) folded on the Flop



PokerStars Hand #254589929631:  Hold'em No Limit ($0.50/$1.00 USD) - 2025/01/28 3:46:59 WET [2025/01/27 22:46:59 ET]
Table 'Transvaalia IV' 6-max Seat #5 is the button
Seat 2: CashfishT ($106.07 in chips) is sitting out
Seat 1: ffac ($101.05 in chips) 
Seat 3: pipza05 ($53.26 in chips) 
Seat 4: Burlica2013 ($102.68 in chips) 
Seat 5: mironchikvld ($289.31 in chips) 
Seat 6: PeteGriffen ($109.38 in chips) 
PeteGriffen: posts small blind $0.50
ffac: posts big blind $1
CashfishT: sits out 
*** HOLE CARDS ***
pipza05: raises $1 to $2
Burlica2013: calls $2
mironchikvld: folds 
PeteGriffen: folds 
ffac: folds 
*** FLOP *** [Ks 4s 9d]
pipza05: checks 
Burlica2013: bets $1.72
pipza05: calls $1.72
*** TURN *** [Ks 4s 9d] [Tc]
pipza05: checks 
Burlica2013: bets $8.57
pipza05: folds 
Uncalled bet ($8.57) returned to Burlica2013
Burlica2013 collected $8.49 from pot
Burlica2013: doesn't show hand 
*** SUMMARY ***
Total pot $8.94 | Rake $0.45 
Board [Ks 4s 9d Tc]
Seat 2: CashfishT
Seat 1: ffac (big blind) folded before Flop
Seat 3: pipza05 folded on the Turn
Seat 4: Burlica2013 collected ($8.49)
Seat 5: mironchikvld (button) folded before Flop (didn't bet)
Seat 6: PeteGriffen (small blind) folded before Flop



PokerStars Hand #254589933427:  Hold'em No Limit ($0.50/$1.00 USD) - 2025/01/28 3:47:34 WET [2025/01/27 22:47:34 ET]
Table 'Transvaalia IV' 6-max Seat #6 is the button
Seat 1: ffac ($100.05 in chips) 
Seat 2: CashfishT ($106.07 in chips) 
Seat 3: pipza05 ($49.54 in chips) 
Seat 4: Burlica2013 ($107.45 in chips) 
Seat 5: mironchikvld ($289.31 in chips) 
Seat 6: PeteGriffen ($108.88 in chips) 
ffac: posts small blind $0.50
CashfishT: posts big blind $1
*** HOLE CARDS ***
pipza05: folds 
Burlica2013: folds 
mironchikvld: raises $2 to $3
PeteGriffen: folds 
ffac: folds 
CashfishT: folds 
Uncalled bet ($2) returned to mironchikvld
mironchikvld collected $2.50 from pot
mironchikvld: doesn't show hand 
*** SUMMARY ***
Total pot $2.50 | Rake $0 
Seat 1: ffac (small blind) folded before Flop
Seat 2: CashfishT (big blind) folded before Flop
Seat 3: pipza05 folded before Flop (didn't bet)
Seat 4: Burlica2013 folded before Flop (didn't bet)
Seat 5: mironchikvld collected ($2.50)
Seat 6: PeteGriffen (button) folded before Flop (didn't bet)



PokerStars Hand #254589935596:  Hold'em No Limit ($0.50/$1.00 USD) - 2025/01/28 3:47:54 WET [2025/01/27 22:47:54 ET]
Table 'Transvaalia IV' 6-max Seat #1 is the button
Seat 1: ffac ($100 in chips) 
Seat 2: CashfishT ($105.07 in chips) 
Seat 3: pipza05 ($49.54 in chips) 
Seat 4: Burlica2013 ($107.45 in chips) 
Seat 5: mironchikvld ($290.81 in chips) 
Seat 6: PeteGriffen ($108.88 in chips) 
CashfishT: posts small blind $0.50
pipza05: posts big blind $1
*** HOLE CARDS ***
Burlica2013: raises $1.20 to $2.20
mironchikvld: folds 
PeteGriffen: folds 
ffac: calls $2.20
CashfishT: folds 
pipza05: calls $1.20
*** FLOP *** [4s 2d 8c]
pipza05: checks 
Burlica2013: checks 
ffac: checks 
*** TURN *** [4s 2d 8c] [Qc]
pipza05: checks 
Burlica2013: bets $5.05
ffac: folds 
pipza05: folds 
Uncalled bet ($5.05) returned to Burlica2013
Burlica2013 collected $6.74 from pot
Burlica2013: doesn't show hand 
*** SUMMARY ***
Total pot $7.10 | Rake $0.36 
Board [4s 2d 8c Qc]
Seat 1: ffac (button) folded on the Turn
Seat 2: CashfishT (small blind) folded before Flop
Seat 3: pipza05 (big blind) folded on the Turn
Seat 4: Burlica2013 collected ($6.74)
Seat 5: mironchikvld folded before Flop (didn't bet)
Seat 6: PeteGriffen folded before Flop (didn't bet)



PokerStars Hand #254589942823:  Hold'em No Limit ($0.50/$1.00 USD) - 2025/01/28 3:49:00 WET [2025/01/27 22:49:00 ET]
Table 'Transvaalia IV' 6-max Seat #2 is the button
Seat 1: ffac ($100 in chips) 
Seat 2: CashfishT ($104.57 in chips) 
Seat 3: pipza05 ($47.34 in chips) 
Seat 4: Burlica2013 ($111.99 in chips) 
Seat 5: mironchikvld ($290.81 in chips) 
Seat 6: PeteGriffen ($108.88 in chips) 
pipza05: posts small blind $0.50
Burlica2013: posts big blind $1
*** HOLE CARDS ***
mironchikvld: raises $2 to $3
PeteGriffen: folds 
ffac: folds 
CashfishT: folds 
pipza05: folds 
Burlica2013: calls $2
*** FLOP *** [6c Ah Qh]
Burlica2013: checks 
mironchikvld: bets $2.04
Burlica2013: calls $2.04
*** TURN *** [6c Ah Qh] [6d]
Burlica2013: checks 
mironchikvld: checks 
*** RIVER *** [6c Ah Qh 6d] [Kd]
Burlica2013: bets $7.54
mironchikvld: folds 
Uncalled bet ($7.54) returned to Burlica2013
Burlica2013 collected $10.05 from pot
Burlica2013: doesn't show hand 
*** SUMMARY ***
Total pot $10.58 | Rake $0.53 
Board [6c Ah Qh 6d Kd]
Seat 1: ffac folded before Flop (didn't bet)
Seat 2: CashfishT (button) folded before Flop (didn't bet)
Seat 3: pipza05 (small blind) folded before Flop
Seat 4: Burlica2013 (big blind) collected ($10.05)
Seat 5: mironchikvld folded on the River
Seat 6: PeteGriffen folded before Flop (didn't bet)



PokerStars Hand #254589951965:  Hold'em No Limit ($0.50/$1.00 USD) - 2025/01/28 3:50:26 WET [2025/01/27 22:50:26 ET]
Table 'Transvaalia IV' 6-max Seat #3 is the button
Seat 1: ffac ($100 in chips) 
Seat 2: CashfishT ($104.57 in chips) 
Seat 3: pipza05 ($46.84 in chips) 
Seat 4: Burlica2013 ($117 in chips) 
Seat 5: mironchikvld ($285.77 in chips) 
Seat 6: PeteGriffen ($108.88 in chips) 
Burlica2013: posts small blind $0.50
mironchikvld: posts big blind $1
*** HOLE CARDS ***
PeteGriffen: raises $1.50 to $2.50
ffac: folds 
CashfishT: folds 
pipza05: folds 
Burlica2013: folds 
mironchikvld: calls $1.50
*** FLOP *** [Kd Kh 9c]
mironchikvld: checks 
PeteGriffen: bets $1.31
mironchikvld: calls $1.31
*** TURN *** [Kd Kh 9c] [3h]
mironchikvld: checks 
PeteGriffen: bets $4.86
mironchikvld: calls $4.86
*** RIVER *** [Kd Kh 9c 3h] [Qs]
mironchikvld: checks 
PeteGriffen: checks 
*** SHOW DOWN ***
mironchikvld: shows [Ks 8s] (three of a kind, Kings)
PeteGriffen: mucks hand 
mironchikvld collected $16.95 from pot
*** SUMMARY ***
Total pot $17.84 | Rake $0.89 
Board [Kd Kh 9c 3h Qs]
Seat 1: ffac folded before Flop (didn't bet)
Seat 2: CashfishT folded before Flop (didn't bet)
Seat 3: pipza05 (button) folded before Flop (didn't bet)
Seat 4: Burlica2013 (small blind) folded before Flop
Seat 5: mironchikvld (big blind) showed [Ks 8s] and won ($16.95) with three of a kind, Kings
Seat 6: PeteGriffen mucked



PokerStars Hand #254589957390:  Hold'em No Limit ($0.50/$1.00 USD) - 2025/01/28 3:51:16 WET [2025/01/27 22:51:16 ET]
Table 'Transvaalia IV' 6-max Seat #4 is the button
Seat 1: ffac ($100 in chips) 
Seat 2: CashfishT ($104.57 in chips) 
Seat 3: pipza05 ($46.84 in chips) 
Seat 4: Burlica2013 ($116.50 in chips) 
Seat 5: mironchikvld ($294.05 in chips) 
Seat 6: PeteGriffen ($100.21 in chips) 
mironchikvld: posts small blind $0.50
PeteGriffen: posts big blind $1
*** HOLE CARDS ***
ffac: raises $1.04 to $2.04
CashfishT: folds 
pipza05: folds 
Burlica2013: folds 
mironchikvld: folds 
PeteGriffen: folds 
Uncalled bet ($1.04) returned to ffac
ffac collected $2.50 from pot
ffac: doesn't show hand 
*** SUMMARY ***
Total pot $2.50 | Rake $0 
Seat 1: ffac collected ($2.50)
Seat 2: CashfishT folded before Flop (didn't bet)
Seat 3: pipza05 folded before Flop (didn't bet)
Seat 4: Burlica2013 (button) folded before Flop (didn't bet)
Seat 5: mironchikvld (small blind) folded before Flop
Seat 6: PeteGriffen (big blind) folded before Flop



PokerStars Hand #254589959642:  Hold'em No Limit ($0.50/$1.00 USD) - 2025/01/28 3:51:37 WET [2025/01/27 22:51:37 ET]
Table 'Transvaalia IV' 6-max Seat #5 is the button
Seat 1: ffac ($101.50 in chips) 
Seat 2: CashfishT ($104.57 in chips) 
Seat 3: pipza05 ($46.84 in chips) 
Seat 4: Burlica2013 ($116.50 in chips) 
Seat 5: mironchikvld ($293.55 in chips) 
Seat 6: PeteGriffen ($100 in chips) 
PeteGriffen: posts small blind $0.50
ffac: posts big blind $1
*** HOLE CARDS ***
CashfishT: folds 
pipza05: folds 
Burlica2013: folds 
mironchikvld: raises $2 to $3
PeteGriffen: raises $8 to $11
ffac: folds 
mironchikvld: raises $12 to $23
PeteGriffen: raises $77 to $100 and is all-in
mironchikvld: folds 
Uncalled bet ($77) returned to PeteGriffen
PeteGriffen collected $47 from pot
PeteGriffen: doesn't show hand 
*** SUMMARY ***
Total pot $47 | Rake $0 
Seat 1: ffac (big blind) folded before Flop
Seat 2: CashfishT folded before Flop (didn't bet)
Seat 3: pipza05 folded before Flop (didn't bet)
Seat 4: Burlica2013 folded before Flop (didn't bet)
Seat 5: mironchikvld (button) folded before Flop
Seat 6: PeteGriffen (small blind) collected ($47)



PokerStars Hand #254589967602:  Hold'em No Limit ($0.50/$1.00 USD) - 2025/01/28 3:52:50 WET [2025/01/27 22:52:50 ET]
Table 'Transvaalia IV' 6-max Seat #6 is the button
Seat 1: ffac ($100.50 in chips) 
Seat 2: CashfishT ($104.57 in chips) 
Seat 3: pipza05 ($46.84 in chips) 
Seat 4: Burlica2013 ($116.50 in chips) 
Seat 5: mironchikvld ($270.55 in chips) 
Seat 6: PeteGriffen ($124 in chips) 
ffac: posts small blind $0.50
CashfishT: posts big blind $1
*** HOLE CARDS ***
pipza05: calls $1
Burlica2013: folds 
mironchikvld: folds 
PeteGriffen: folds 
ffac: folds 
CashfishT: checks 
*** FLOP *** [Th Ah Kc]
CashfishT: checks 
pipza05: checks 
*** TURN *** [Th Ah Kc] [Qs]
CashfishT: checks 
pipza05: checks 
*** RIVER *** [Th Ah Kc Qs] [Qd]
CashfishT: bets $1.19
pipza05: calls $1.19
*** SHOW DOWN ***
CashfishT: shows [Ad 4s] (two pair, Aces and Queens)
pipza05: mucks hand 
CashfishT collected $4.64 from pot
*** SUMMARY ***
Total pot $4.88 | Rake $0.24 
Board [Th Ah Kc Qs Qd]
Seat 1: ffac (small blind) folded before Flop
Seat 2: CashfishT (big blind) showed [Ad 4s] and won ($4.64) with two pair, Aces and Queens
Seat 3: pipza05 mucked
Seat 4: Burlica2013 folded before Flop (didn't bet)
Seat 5: mironchikvld folded before Flop (didn't bet)
Seat 6: PeteGriffen (button) folded before Flop (didn't bet)



PokerStars Hand #254589974069:  Hold'em No Limit ($0.50/$1.00 USD) - 2025/01/28 3:53:50 WET [2025/01/27 22:53:50 ET]
Table 'Transvaalia IV' 6-max Seat #1 is the button
Seat 1: ffac ($100 in chips) 
Seat 2: CashfishT ($107.02 in chips) 
Seat 3: pipza05 ($44.65 in chips) 
Seat 4: Burlica2013 ($116.50 in chips) 
Seat 5: mironchikvld ($270.55 in chips) 
Seat 6: PeteGriffen ($124 in chips) 
CashfishT: posts small blind $0.50
pipza05: posts big blind $1
*** HOLE CARDS ***
Burlica2013: folds 
mironchikvld: raises $2 to $3
PeteGriffen: folds 
ffac: folds 
CashfishT: folds 
pipza05: folds 
Uncalled bet ($2) returned to mironchikvld
mironchikvld collected $2.50 from pot
mironchikvld: doesn't show hand 
*** SUMMARY ***
Total pot $2.50 | Rake $0 
Seat 1: ffac (button) folded before Flop (didn't bet)
Seat 2: CashfishT (small blind) folded before Flop
Seat 3: pipza05 (big blind) folded before Flop
Seat 4: Burlica2013 folded before Flop (didn't bet)
Seat 5: mironchikvld collected ($2.50)
Seat 6: PeteGriffen folded before Flop (didn't bet)



PokerStars Hand #254589975571:  Hold'em No Limit ($0.50/$1.00 USD) - 2025/01/28 3:54:04 WET [2025/01/27 22:54:04 ET]
Table 'Transvaalia IV' 6-max Seat #2 is the button
Seat 1: ffac ($100 in chips) 
Seat 2: CashfishT ($106.52 in chips) 
Seat 3: pipza05 ($43.65 in chips) 
Seat 4: Burlica2013 ($116.50 in chips) 
Seat 5: mironchikvld ($272.05 in chips) 
Seat 6: PeteGriffen ($124 in chips) 
pipza05: posts small blind $0.50
Burlica2013: posts big blind $1
*** HOLE CARDS ***
mironchikvld: raises $1 to $2
PeteGriffen: folds 
ffac: folds 
CashfishT: folds 
pipza05: calls $1.50
Burlica2013: calls $1
*** FLOP *** [4d 9d 8s]
pipza05: checks 
Burlica2013: checks 
mironchikvld: checks 
*** TURN *** [4d 9d 8s] [9h]
pipza05: checks 
Burlica2013: bets $2.85
mironchikvld: calls $2.85
pipza05: folds 
*** RIVER *** [4d 9d 8s 9h] [2c]
Burlica2013: bets $8.34
mironchikvld: folds 
Uncalled bet ($8.34) returned to Burlica2013
Burlica2013 collected $11.12 from pot
Burlica2013: doesn't show hand 
*** SUMMARY ***
Total pot $11.70 | Rake $0.58 
Board [4d 9d 8s 9h 2c]
Seat 1: ffac folded before Flop (didn't bet)
Seat 2: CashfishT (button) folded before Flop (didn't bet)
Seat 3: pipza05 (small blind) folded on the Turn
Seat 4: Burlica2013 (big blind) collected ($11.12)
Seat 5: mironchikvld folded on the River
Seat 6: PeteGriffen folded before Flop (didn't bet)



PokerStars Hand #254589982541:  Hold'em No Limit ($0.50/$1.00 USD) - 2025/01/28 3:55:09 WET [2025/01/27 22:55:09 ET]
Table 'Transvaalia IV' 6-max Seat #3 is the button
Seat 1: ffac ($100 in chips) 
Seat 2: CashfishT ($106.52 in chips) 
Seat 3: pipza05 ($41.65 in chips) 
Seat 4: Burlica2013 ($122.77 in chips) 
Seat 5: mironchikvld ($267.20 in chips) 
Seat 6: PeteGriffen ($124 in chips) 
Burlica2013: posts small blind $0.50
mironchikvld: posts big blind $1
*** HOLE CARDS ***
PeteGriffen: folds 
ffac: folds 
CashfishT: folds 
pipza05: raises $1 to $2
Burlica2013: folds 
mironchikvld: calls $1
*** FLOP *** [2c Jc 2d]
mironchikvld: checks 
pipza05: checks 
*** TURN *** [2c Jc 2d] [6s]
mironchikvld: bets $6.42
pipza05: folds 
Uncalled bet ($6.42) returned to mironchikvld
mironchikvld collected $4.28 from pot
mironchikvld: doesn't show hand 
*** SUMMARY ***
Total pot $4.50 | Rake $0.22 
Board [2c Jc 2d 6s]
Seat 1: ffac folded before Flop (didn't bet)
Seat 2: CashfishT folded before Flop (didn't bet)
Seat 3: pipza05 (button) folded on the Turn
Seat 4: Burlica2013 (small blind) folded before Flop
Seat 5: mironchikvld (big blind) collected ($4.28)
Seat 6: PeteGriffen folded before Flop (didn't bet)



PokerStars Hand #254589986083:  Hold'em No Limit ($0.50/$1.00 USD) - 2025/01/28 3:55:49 WET [2025/01/27 22:55:49 ET]
Table 'Transvaalia IV' 6-max Seat #4 is the button
Seat 1: ffac ($100 in chips) 
Seat 2: CashfishT ($106.52 in chips) 
Seat 3: pipza05 ($39.65 in chips) 
Seat 4: Burlica2013 ($122.27 in chips) 
Seat 5: mironchikvld ($269.48 in chips) 
Seat 6: PeteGriffen ($124 in chips) 
mironchikvld: posts small blind $0.50
PeteGriffen: posts big blind $1
*** HOLE CARDS ***
ffac: folds 
CashfishT: folds 
CashfishT leaves the table
pipza05: folds 
Burlica2013: folds 
mironchikvld: folds 
Uncalled bet ($0.50) returned to PeteGriffen
PeteGriffen collected $1 from pot
PeteGriffen: doesn't show hand 
*** SUMMARY ***
Total pot $1 | Rake $0 
Seat 1: ffac folded before Flop (didn't bet)
Seat 2: CashfishT folded before Flop (didn't bet)
Seat 3: pipza05 folded before Flop (didn't bet)
Seat 4: Burlica2013 (button) folded before Flop (didn't bet)
Seat 5: mironchikvld (small blind) folded before Flop
Seat 6: PeteGriffen (big blind) collected ($1)



PokerStars Hand #254590234977:  Hold'em No Limit ($0.50/$1.00 USD) - 2025/01/28 4:39:35 WET [2025/01/27 23:39:35 ET]
Table 'Transvaalia IV' 6-max Seat #2 is the button
Seat 3: steelNike ($43.98 in chips) is sitting out
Seat 1: franbasualdo10 ($32.18 in chips) 
Seat 2: 7bekon7 ($116.13 in chips) 
Seat 4: PeteGriffen ($121.14 in chips) 
PeteGriffen: posts small blind $0.50
franbasualdo10: posts big blind $1
*** HOLE CARDS ***
7bekon7: folds 
PeteGriffen: raises $2 to $3
franbasualdo10: folds 
Uncalled bet ($2) returned to PeteGriffen
PeteGriffen collected $2 from pot
PeteGriffen: doesn't show hand 
*** SUMMARY ***
Total pot $2 | Rake $0 
Seat 3: steelNike
Seat 1: franbasualdo10 (big blind) folded before Flop
Seat 2: 7bekon7 (button) folded before Flop (didn't bet)
Seat 4: PeteGriffen (small blind) collected ($2)



PokerStars Hand #254590236275:  Hold'em No Limit ($0.50/$1.00 USD) - 2025/01/28 4:39:49 WET [2025/01/27 23:39:49 ET]
Table 'Transvaalia IV' 6-max Seat #4 is the button
Seat 3: steelNike ($43.98 in chips) is sitting out
Seat 1: franbasualdo10 ($31.18 in chips) 
Seat 2: 7bekon7 ($116.13 in chips) 
Seat 4: PeteGriffen ($122.14 in chips) 
franbasualdo10: posts small blind $0.50
7bekon7: posts big blind $1
*** HOLE CARDS ***
PeteGriffen: folds 
franbasualdo10: raises $2 to $3
7bekon7: calls $2
*** FLOP *** [Kd 7c 3s]
franbasualdo10: bets $2
7bekon7: folds 
Uncalled bet ($2) returned to franbasualdo10
franbasualdo10 collected $5.70 from pot
steelNike leaves the table
*** SUMMARY ***
Total pot $6 | Rake $0.30 
Board [Kd 7c 3s]
Seat 3: steelNike
Seat 1: franbasualdo10 (small blind) collected ($5.70)
Seat 2: 7bekon7 (big blind) folded on the Flop
Seat 4: PeteGriffen (button) folded before Flop (didn't bet)



PokerStars Hand #254590237712:  Hold'em No Limit ($0.50/$1.00 USD) - 2025/01/28 4:40:05 WET [2025/01/27 23:40:05 ET]
Table 'Transvaalia IV' 6-max Seat #1 is the button
Seat 1: franbasualdo10 ($33.88 in chips) 
Seat 2: 7bekon7 ($113.13 in chips) 
Seat 4: PeteGriffen ($122.14 in chips) 
7bekon7: posts small blind $0.50
PeteGriffen: posts big blind $1
*** HOLE CARDS ***
franbasualdo10: folds 
7bekon7: folds 
Uncalled bet ($0.50) returned to PeteGriffen
PeteGriffen collected $1 from pot
PeteGriffen: doesn't show hand 
*** SUMMARY ***
Total pot $1 | Rake $0 
Seat 1: franbasualdo10 (button) folded before Flop (didn't bet)
Seat 2: 7bekon7 (small blind) folded before Flop
Seat 4: PeteGriffen (big blind) collected ($1)



PokerStars Hand #254590239386:  Hold'em No Limit ($0.50/$1.00 USD) - 2025/01/28 4:40:24 WET [2025/01/27 23:40:24 ET]
Table 'Transvaalia IV' 6-max Seat #2 is the button
Seat 1: franbasualdo10 ($33.88 in chips) 
Seat 2: 7bekon7 ($112.63 in chips) 
Seat 4: PeteGriffen ($122.64 in chips) 
PeteGriffen: posts small blind $0.50
franbasualdo10: posts big blind $1
*** HOLE CARDS ***
7bekon7: folds 
PeteGriffen: folds 
Uncalled bet ($0.50) returned to franbasualdo10
franbasualdo10 collected $1 from pot
*** SUMMARY ***
Total pot $1 | Rake $0 
Seat 1: franbasualdo10 (big blind) collected ($1)
Seat 2: 7bekon7 (button) folded before Flop (didn't bet)
Seat 4: PeteGriffen (small blind) folded before Flop



PokerStars Hand #254590240305:  Hold'em No Limit ($0.50/$1.00 USD) - 2025/01/28 4:40:34 WET [2025/01/27 23:40:34 ET]
Table 'Transvaalia IV' 6-max Seat #4 is the button
Seat 1: franbasualdo10 ($34.38 in chips) 
Seat 2: 7bekon7 ($112.63 in chips) 
Seat 4: PeteGriffen ($122.14 in chips) 
franbasualdo10: posts small blind $0.50
7bekon7: posts big blind $1
*** HOLE CARDS ***
PeteGriffen: folds 
franbasualdo10: raises $1 to $2
7bekon7: folds 
Uncalled bet ($1) returned to franbasualdo10
franbasualdo10 collected $2 from pot
franbasualdo10: doesn't show hand 
*** SUMMARY ***
Total pot $2 | Rake $0 
Seat 1: franbasualdo10 (small blind) collected ($2)
Seat 2: 7bekon7 (big blind) folded before Flop
Seat 4: PeteGriffen (button) folded before Flop (didn't bet)



PokerStars Hand #254590241517:  Hold'em No Limit ($0.50/$1.00 USD) - 2025/01/28 4:40:47 WET [2025/01/27 23:40:47 ET]
Table 'Transvaalia IV' 6-max Seat #1 is the button
Seat 1: franbasualdo10 ($35.38 in chips) 
Seat 2: 7bekon7 ($111.63 in chips) 
Seat 4: PeteGriffen ($122.14 in chips) 
7bekon7: posts small blind $0.50
PeteGriffen: posts big blind $1
*** HOLE CARDS ***
franbasualdo10: folds 
7bekon7: raises $2 to $3
PeteGriffen: folds 
Uncalled bet ($2) returned to 7bekon7
7bekon7 collected $2 from pot
7bekon7: doesn't show hand 
*** SUMMARY ***
Total pot $2 | Rake $0 
Seat 1: franbasualdo10 (button) folded before Flop (didn't bet)
Seat 2: 7bekon7 (small blind) collected ($2)
Seat 4: PeteGriffen (big blind) folded before Flop



PokerStars Hand #254590242459:  Hold'em No Limit ($0.50/$1.00 USD) - 2025/01/28 4:40:58 WET [2025/01/27 23:40:58 ET]
Table 'Transvaalia IV' 6-max Seat #2 is the button
Seat 1: franbasualdo10 ($35.38 in chips) 
Seat 2: 7bekon7 ($112.63 in chips) 
Seat 4: PeteGriffen ($121.14 in chips) 
PeteGriffen: posts small blind $0.50
franbasualdo10: posts big blind $1
*** HOLE CARDS ***
7bekon7: raises $1.50 to $2.50
PeteGriffen: folds 
franbasualdo10: calls $1.50
*** FLOP *** [As 8d Tc]
franbasualdo10: checks 
7bekon7: bets $2.61
franbasualdo10: calls $2.61
*** TURN *** [As 8d Tc] [Kh]
franbasualdo10: checks 
7bekon7: bets $8.91
franbasualdo10: raises $21.36 to $30.27 and is all-in
7bekon7: calls $21.36
*** RIVER *** [As 8d Tc Kh] [Qc]
*** SHOW DOWN ***
franbasualdo10: shows [Ad Td] (two pair, Aces and Tens)
7bekon7: shows [Jc Qh] (a straight, Ten to Ace)
7bekon7 collected $70.26 from pot
*** SUMMARY ***
Total pot $71.26 | Rake $1 
Board [As 8d Tc Kh Qc]
Seat 1: franbasualdo10 (big blind) showed [Ad Td] and lost with two pair, Aces and Tens
Seat 2: 7bekon7 (button) showed [Jc Qh] and won ($70.26) with a straight, Ten to Ace
Seat 4: PeteGriffen (small blind) folded before Flop



PokerStars Hand #254590246279:  Hold'em No Limit ($0.50/$1.00 USD) - 2025/01/28 4:41:40 WET [2025/01/27 23:41:40 ET]
Table 'Transvaalia IV' 6-max Seat #4 is the button
Seat 1: franbasualdo10 ($0 in chips) is sitting out
Seat 2: 7bekon7 ($147.51 in chips) 
Seat 4: PeteGriffen ($120.64 in chips) 
PeteGriffen: posts small blind $0.50
7bekon7: posts big blind $1
*** HOLE CARDS ***
PeteGriffen: raises $1.50 to $2.50
franbasualdo10 leaves the table
7bekon7: raises $5.50 to $8
PeteGriffen: folds 
Uncalled bet ($5.50) returned to 7bekon7
7bekon7 collected $5 from pot
7bekon7: doesn't show hand 
*** SUMMARY ***
Total pot $5 | Rake $0 
Seat 1: franbasualdo10
Seat 2: 7bekon7 (big blind) collected ($5)
Seat 4: PeteGriffen (button) (small blind) folded before Flop



PokerStars Hand #254590117701:  Hold'em No Limit ($0.50/$1.00 USD) - 2025/01/28 4:18:32 WET [2025/01/27 23:18:32 ET]
Table 'Transvaalia IV' 6-max Seat #2 is the button
Seat 1: ffac ($125.16 in chips) 
Seat 2: CashfishT ($125.50 in chips) 
Seat 3: pipza05 ($25.29 in chips) 
Seat 4: Burlica2013 ($145.68 in chips) 
Seat 5: ponchua ($101.50 in chips) 
Seat 6: Xenicide ($105.45 in chips) 
pipza05: posts small blind $0.50
Burlica2013: posts big blind $1
*** HOLE CARDS ***
ponchua: folds 
Xenicide: raises $1 to $2
ffac: folds 
CashfishT: folds 
pipza05: folds 
Burlica2013: folds 
Uncalled bet ($1) returned to Xenicide
Xenicide collected $2.50 from pot
*** SUMMARY ***
Total pot $2.50 | Rake $0 
Seat 1: ffac folded before Flop (didn't bet)
Seat 2: CashfishT (button) folded before Flop (didn't bet)
Seat 3: pipza05 (small blind) folded before Flop
Seat 4: Burlica2013 (big blind) folded before Flop
Seat 5: ponchua folded before Flop (didn't bet)
Seat 6: Xenicide collected ($2.50)



PokerStars Hand #254590118881:  Hold'em No Limit ($0.50/$1.00 USD) - 2025/01/28 4:18:43 WET [2025/01/27 23:18:43 ET]
Table 'Transvaalia IV' 6-max Seat #3 is the button
Seat 1: ffac ($125.16 in chips) 
Seat 2: CashfishT ($125.50 in chips) 
Seat 3: pipza05 ($24.79 in chips) 
Seat 4: Burlica2013 ($144.68 in chips) 
Seat 5: ponchua ($101.50 in chips) 
Seat 6: Xenicide ($106.95 in chips) 
Burlica2013: posts small blind $0.50
ponchua: posts big blind $1
*** HOLE CARDS ***
Xenicide: folds 
ffac: folds 
CashfishT: folds 
pipza05: calls $1
Burlica2013: calls $0.50
ponchua: checks 
*** FLOP *** [8h 7c Qh]
Burlica2013: checks 
ponchua: checks 
pipza05: bets $1
Burlica2013: folds 
ponchua: raises $2 to $3
pipza05: raises $3 to $6
ponchua: calls $3
*** TURN *** [8h 7c Qh] [Ah]
ponchua: checks 
pipza05: checks 
*** RIVER *** [8h 7c Qh Ah] [Td]
ponchua: bets $17.81
pipza05: calls $17.79 and is all-in
Uncalled bet ($0.02) returned to ponchua
*** SHOW DOWN ***
ponchua: shows [8d Qd] (two pair, Queens and Eights)
pipza05: shows [Qs 7s] (two pair, Queens and Sevens)
ponchua collected $48.08 from pot
*** SUMMARY ***
Total pot $50.58 | Rake $2.50 
Board [8h 7c Qh Ah Td]
Seat 1: ffac folded before Flop (didn't bet)
Seat 2: CashfishT folded before Flop (didn't bet)
Seat 3: pipza05 (button) showed [Qs 7s] and lost with two pair, Queens and Sevens
Seat 4: Burlica2013 (small blind) folded on the Flop
Seat 5: ponchua (big blind) showed [8d Qd] and won ($48.08) with two pair, Queens and Eights
Seat 6: Xenicide folded before Flop (didn't bet)



PokerStars Hand #254590127151:  Hold'em No Limit ($0.50/$1.00 USD) - 2025/01/28 4:20:11 WET [2025/01/27 23:20:11 ET]
Table 'Transvaalia IV' 6-max Seat #4 is the button
Seat 3: pipza05 ($0 in chips) is sitting out
Seat 1: ffac ($125.16 in chips) 
Seat 2: CashfishT ($125.50 in chips) 
Seat 4: Burlica2013 ($143.68 in chips) 
Seat 5: ponchua ($124.79 in chips) 
Seat 6: Xenicide ($106.95 in chips) 
ponchua: posts small blind $0.50
Xenicide: posts big blind $1
*** HOLE CARDS ***
ffac: folds 
CashfishT: folds 
Burlica2013: raises $1.45 to $2.45
ponchua: folds 
Xenicide: calls $1.45
*** FLOP *** [5c 2d Td]
pipza05 leaves the table
Xenicide: checks 
Burlica2013: bets $3.85
ffac leaves the table
Xenicide: calls $3.85
*** TURN *** [5c 2d Td] [3d]
Xenicide: checks 
Burlica2013: checks 
*** RIVER *** [5c 2d Td 3d] [Kc]
Xenicide: bets $3.86
Burlica2013: calls $3.86
*** SHOW DOWN ***
Xenicide: shows [6d Jd] (a flush, Jack high)
Burlica2013: mucks hand 
Xenicide collected $19.78 from pot
*** SUMMARY ***
Total pot $20.82 | Rake $1.04 
Board [5c 2d Td 3d Kc]
Seat 3: pipza05
Seat 1: ffac folded before Flop (didn't bet)
Seat 2: CashfishT folded before Flop (didn't bet)
Seat 4: Burlica2013 (button) mucked
Seat 5: ponchua (small blind) folded before Flop
Seat 6: Xenicide (big blind) showed [6d Jd] and won ($19.78) with a flush, Jack high



PokerStars Hand #254590134888:  Hold'em No Limit ($0.50/$1.00 USD) - 2025/01/28 4:21:32 WET [2025/01/27 23:21:32 ET]
Table 'Transvaalia IV' 6-max Seat #6 is the button
Seat 2: CashfishT ($125.50 in chips) is sitting out
Seat 4: Burlica2013 ($133.52 in chips) is sitting out
Seat 5: ponchua ($124.29 in chips) 
Seat 6: Xenicide ($116.57 in chips) 
Xenicide: posts small blind $0.50
CashfishT: is sitting out 
Burlica2013: is sitting out 
ponchua: posts big blind $1
*** HOLE CARDS ***
Burlica2013 leaves the table
Xenicide: raises $1.25 to $2.25
ponchua: folds 
Uncalled bet ($1.25) returned to Xenicide
CashfishT leaves the table
Xenicide collected $2 from pot
*** SUMMARY ***
Total pot $2 | Rake $0 
Seat 2: CashfishT
Seat 4: Burlica2013
Seat 5: ponchua (big blind) folded before Flop
Seat 6: Xenicide (button) (small blind) collected ($2)



PokerStars Hand #254590136046:  Hold'em No Limit ($0.50/$1.00 USD) - 2025/01/28 4:21:44 WET [2025/01/27 23:21:44 ET]
Table 'Transvaalia IV' 6-max Seat #5 is the button
Seat 5: ponchua ($123.29 in chips) 
Seat 6: Xenicide ($117.57 in chips) 
ponchua: posts small blind $0.50
Xenicide: posts big blind $1
*** HOLE CARDS ***
ponchua: raises $1.50 to $2.50
Xenicide: folds 
Uncalled bet ($1.50) returned to ponchua
ponchua collected $2 from pot
ponchua: doesn't show hand 
*** SUMMARY ***
Total pot $2 | Rake $0 
Seat 5: ponchua (button) (small blind) collected ($2)
Seat 6: Xenicide (big blind) folded before Flop



PokerStars Hand #254590212154:  Hold'em No Limit ($0.50/$1.00 USD) - 2025/01/28 4:35:24 WET [2025/01/27 23:35:24 ET]
Table 'Transvaalia IV' 6-max Seat #1 is the button
Seat 1: franbasualdo10 ($42.76 in chips) 
Seat 2: 7bekon7 ($119.63 in chips) 
Seat 3: steelNike ($40 in chips) 
7bekon7: posts small blind $0.50
steelNike: posts big blind $1
*** HOLE CARDS ***
franbasualdo10: raises $1 to $2
7bekon7: folds 
steelNike: calls $1
*** FLOP *** [4c 7h 9h]
steelNike: checks 
franbasualdo10: checks 
*** TURN *** [4c 7h 9h] [2h]
steelNike: bets $1.41
franbasualdo10: folds 
Uncalled bet ($1.41) returned to steelNike
steelNike collected $4.28 from pot
*** SUMMARY ***
Total pot $4.50 | Rake $0.22 
Board [4c 7h 9h 2h]
Seat 1: franbasualdo10 (button) folded on the Turn
Seat 2: 7bekon7 (small blind) folded before Flop
Seat 3: steelNike (big blind) collected ($4.28)



PokerStars Hand #254590215910:  Hold'em No Limit ($0.50/$1.00 USD) - 2025/01/28 4:36:05 WET [2025/01/27 23:36:05 ET]
Table 'Transvaalia IV' 6-max Seat #2 is the button
Seat 1: franbasualdo10 ($40.76 in chips) 
Seat 2: 7bekon7 ($119.13 in chips) 
Seat 3: steelNike ($42.28 in chips) 
steelNike: posts small blind $0.50
franbasualdo10: posts big blind $1
*** HOLE CARDS ***
7bekon7: folds 
steelNike: raises $2 to $3
franbasualdo10: calls $2
*** FLOP *** [4s Qs 3s]
steelNike: checks 
franbasualdo10: checks 
*** TURN *** [4s Qs 3s] [9d]
PeteGriffen joins the table at seat #4 
steelNike: checks 
franbasualdo10: checks 
*** RIVER *** [4s Qs 3s 9d] [Qh]
steelNike: checks 
franbasualdo10: checks 
*** SHOW DOWN ***
steelNike: shows [2s 2d] (two pair, Queens and Deuces)
franbasualdo10: mucks hand 
steelNike collected $5.70 from pot
*** SUMMARY ***
Total pot $6 | Rake $0.30 
Board [4s Qs 3s 9d Qh]
Seat 1: franbasualdo10 (big blind) mucked
Seat 2: 7bekon7 (button) folded before Flop (didn't bet)
Seat 3: steelNike (small blind) showed [2s 2d] and won ($5.70) with two pair, Queens and Deuces



PokerStars Hand #254590221334:  Hold'em No Limit ($0.50/$1.00 USD) - 2025/01/28 4:37:05 WET [2025/01/27 23:37:05 ET]
Table 'Transvaalia IV' 6-max Seat #3 is the button
Seat 4: PeteGriffen ($113 in chips) is sitting out
Seat 1: franbasualdo10 ($37.76 in chips) 
Seat 2: 7bekon7 ($119.13 in chips) 
Seat 3: steelNike ($44.98 in chips) 
franbasualdo10: posts small blind $0.50
7bekon7: posts big blind $1
*** HOLE CARDS ***
steelNike: raises $1.30 to $2.30
franbasualdo10: folds 
7bekon7: folds 
Uncalled bet ($1.30) returned to steelNike
steelNike collected $2.50 from pot
*** SUMMARY ***
Total pot $2.50 | Rake $0 
Seat 4: PeteGriffen
Seat 1: franbasualdo10 (small blind) folded before Flop
Seat 2: 7bekon7 (big blind) folded before Flop
Seat 3: steelNike (button) collected ($2.50)



PokerStars Hand #254590222588:  Hold'em No Limit ($0.50/$1.00 USD) - 2025/01/28 4:37:18 WET [2025/01/27 23:37:18 ET]
Table 'Transvaalia IV' 6-max Seat #1 is the button
Seat 4: PeteGriffen ($113 in chips) is sitting out
Seat 1: franbasualdo10 ($37.26 in chips) 
Seat 2: 7bekon7 ($118.13 in chips) 
Seat 3: steelNike ($46.48 in chips) 
7bekon7: posts small blind $0.50
steelNike: posts big blind $1
PeteGriffen: sits out 
*** HOLE CARDS ***
franbasualdo10: raises $1 to $2
7bekon7: folds 
steelNike: calls $1
*** FLOP *** [4h 9d 5h]
steelNike: checks 
franbasualdo10: bets $2
steelNike: folds 
Uncalled bet ($2) returned to franbasualdo10
franbasualdo10 collected $4.28 from pot
franbasualdo10: doesn't show hand 
*** SUMMARY ***
Total pot $4.50 | Rake $0.22 
Board [4h 9d 5h]
Seat 4: PeteGriffen
Seat 1: franbasualdo10 (button) collected ($4.28)
Seat 2: 7bekon7 (small blind) folded before Flop
Seat 3: steelNike (big blind) folded on the Flop



PokerStars Hand #254590226772:  Hold'em No Limit ($0.50/$1.00 USD) - 2025/01/28 4:38:04 WET [2025/01/27 23:38:04 ET]
Table 'Transvaalia IV' 6-max Seat #2 is the button
Seat 1: franbasualdo10 ($39.54 in chips) 
Seat 2: 7bekon7 ($117.63 in chips) 
Seat 3: steelNike ($44.48 in chips) 
Seat 4: PeteGriffen ($113 in chips) 
steelNike: posts small blind $0.50
PeteGriffen: posts big blind $1
*** HOLE CARDS ***
franbasualdo10: folds 
7bekon7: folds 
steelNike: folds 
Uncalled bet ($0.50) returned to PeteGriffen
PeteGriffen collected $1 from pot
PeteGriffen: doesn't show hand 
*** SUMMARY ***
Total pot $1 | Rake $0 
Seat 1: franbasualdo10 folded before Flop (didn't bet)
Seat 2: 7bekon7 (button) folded before Flop (didn't bet)
Seat 3: steelNike (small blind) folded before Flop
Seat 4: PeteGriffen (big blind) collected ($1)



PokerStars Hand #254590228209:  Hold'em No Limit ($0.50/$1.00 USD) - 2025/01/28 4:38:20 WET [2025/01/27 23:38:20 ET]
Table 'Transvaalia IV' 6-max Seat #3 is the button
Seat 1: franbasualdo10 ($39.54 in chips) 
Seat 2: 7bekon7 ($117.63 in chips) 
Seat 3: steelNike ($43.98 in chips) 
Seat 4: PeteGriffen ($113.50 in chips) 
PeteGriffen: posts small blind $0.50
franbasualdo10: posts big blind $1
*** HOLE CARDS ***
7bekon7: folds 
steelNike: folds 
PeteGriffen: folds 
Uncalled bet ($0.50) returned to franbasualdo10
franbasualdo10 collected $1 from pot
*** SUMMARY ***
Total pot $1 | Rake $0 
Seat 1: franbasualdo10 (big blind) collected ($1)
Seat 2: 7bekon7 folded before Flop (didn't bet)
Seat 3: steelNike (button) folded before Flop (didn't bet)
Seat 4: PeteGriffen (small blind) folded before Flop



PokerStars Hand #254590229686:  Hold'em No Limit ($0.50/$1.00 USD) - 2025/01/28 4:38:36 WET [2025/01/27 23:38:36 ET]
Table 'Transvaalia IV' 6-max Seat #4 is the button
Seat 1: franbasualdo10 ($40.04 in chips) 
Seat 2: 7bekon7 ($117.63 in chips) 
Seat 3: steelNike ($43.98 in chips) 
Seat 4: PeteGriffen ($113 in chips) 
franbasualdo10: posts small blind $0.50
7bekon7: posts big blind $1
*** HOLE CARDS ***
steelNike: folds 
PeteGriffen: raises $1.50 to $2.50
franbasualdo10: calls $2
7bekon7: folds 
*** FLOP *** [2d 6s Qd]
franbasualdo10: checks 
PeteGriffen: bets $1.43
franbasualdo10: calls $1.43
*** TURN *** [2d 6s Qd] [Td]
franbasualdo10: checks 
PeteGriffen: bets $6.21
franbasualdo10: calls $6.21
*** RIVER *** [2d 6s Qd Td] [3c]
franbasualdo10: checks 
PeteGriffen: bets $102.86 and is all-in
franbasualdo10: folds 
Uncalled bet ($102.86) returned to PeteGriffen
PeteGriffen collected $20.28 from pot
PeteGriffen: doesn't show hand 
*** SUMMARY ***
Total pot $21.28 | Rake $1 
Board [2d 6s Qd Td 3c]
Seat 1: franbasualdo10 (small blind) folded on the River
Seat 2: 7bekon7 (big blind) folded before Flop
Seat 3: steelNike folded before Flop (didn't bet)
Seat 4: PeteGriffen (button) collected ($20.28)



PokerStars Hand #254590233721:  Hold'em No Limit ($0.50/$1.00 USD) - 2025/01/28 4:39:21 WET [2025/01/27 23:39:21 ET]
Table 'Transvaalia IV' 6-max Seat #1 is the button
Seat 3: steelNike ($43.98 in chips) is sitting out
Seat 1: franbasualdo10 ($29.90 in chips) 
Seat 2: 7bekon7 ($116.63 in chips) 
Seat 4: PeteGriffen ($123.14 in chips) 
7bekon7: posts small blind $0.50
steelNike: is sitting out 
PeteGriffen: posts big blind $1
*** HOLE CARDS ***
franbasualdo10: raises $1 to $2
7bekon7: folds 
PeteGriffen: calls $1
*** FLOP *** [Kh 6h 4s]
PeteGriffen: checks 
franbasualdo10: bets $2
PeteGriffen: folds 
Uncalled bet ($2) returned to franbasualdo10
franbasualdo10 collected $4.28 from pot
*** SUMMARY ***
Total pot $4.50 | Rake $0.22 
Board [Kh 6h 4s]
Seat 3: steelNike
Seat 1: franbasualdo10 (button) collected ($4.28)
Seat 2: 7bekon7 (small blind) folded before Flop
Seat 4: PeteGriffen (big blind) folded on the Flop



PokerStars Hand #254589987423:  Hold'em No Limit ($0.50/$1.00 USD) - 2025/01/28 3:56:04 WET [2025/01/27 22:56:04 ET]
Table 'Transvaalia IV' 6-max Seat #5 is the button
Seat 1: ffac ($100 in chips) 
Seat 3: pipza05 ($39.65 in chips) 
Seat 4: Burlica2013 ($122.27 in chips) 
Seat 5: mironchikvld ($268.98 in chips) 
Seat 6: PeteGriffen ($124.50 in chips) 
PeteGriffen: posts small blind $0.50
ffac: posts big blind $1
*** HOLE CARDS ***
pipza05: folds 
Burlica2013: folds 
mironchikvld: folds 
PeteGriffen: raises $2 to $3
ffac: raises $6 to $9
PeteGriffen: calls $6
*** FLOP *** [As 2h Kc]
PeteGriffen: checks 
ffac: checks 
*** TURN *** [As 2h Kc] [Ks]
PeteGriffen: bets $4.28
CashfishT joins the table at seat #2 
ffac: raises $4.28 to $8.56
PeteGriffen: calls $4.28
*** RIVER *** [As 2h Kc Ks] [Jd]
PeteGriffen: checks 
ffac: bets $25.02
PeteGriffen: folds 
Uncalled bet ($25.02) returned to ffac
ffac collected $33.36 from pot
ffac: doesn't show hand 
*** SUMMARY ***
Total pot $35.12 | Rake $1.76 
Board [As 2h Kc Ks Jd]
Seat 1: ffac (big blind) collected ($33.36)
Seat 3: pipza05 folded before Flop (didn't bet)
Seat 4: Burlica2013 folded before Flop (didn't bet)
Seat 5: mironchikvld (button) folded before Flop (didn't bet)
Seat 6: PeteGriffen (small blind) folded on the River



PokerStars Hand #254589999739:  Hold'em No Limit ($0.50/$1.00 USD) - 2025/01/28 3:58:24 WET [2025/01/27 22:58:24 ET]
Table 'Transvaalia IV' 6-max Seat #6 is the button
Seat 1: ffac ($115.80 in chips) 
Seat 2: CashfishT ($106.52 in chips) 
Seat 3: pipza05 ($39.65 in chips) 
Seat 4: Burlica2013 ($122.27 in chips) 
Seat 5: mironchikvld ($268.98 in chips) 
Seat 6: PeteGriffen ($106.94 in chips) 
ffac: posts small blind $0.50
CashfishT: posts big blind $1
*** HOLE CARDS ***
pipza05: folds 
Burlica2013: folds 
mironchikvld: folds 
PeteGriffen: folds 
ffac: folds 
Uncalled bet ($0.50) returned to CashfishT
CashfishT collected $1 from pot
CashfishT: doesn't show hand 
*** SUMMARY ***
Total pot $1 | Rake $0 
Seat 1: ffac (small blind) folded before Flop
Seat 2: CashfishT (big blind) collected ($1)
Seat 3: pipza05 folded before Flop (didn't bet)
Seat 4: Burlica2013 folded before Flop (didn't bet)
Seat 5: mironchikvld folded before Flop (didn't bet)
Seat 6: PeteGriffen (button) folded before Flop (didn't bet)



PokerStars Hand #254590002766:  Hold'em No Limit ($0.50/$1.00 USD) - 2025/01/28 3:58:59 WET [2025/01/27 22:58:59 ET]
Table 'Transvaalia IV' 6-max Seat #1 is the button
Seat 1: ffac ($115.30 in chips) 
Seat 2: CashfishT ($107.02 in chips) 
Seat 3: pipza05 ($39.65 in chips) 
Seat 4: Burlica2013 ($122.27 in chips) 
Seat 5: mironchikvld ($268.98 in chips) 
Seat 6: PeteGriffen ($106.94 in chips) 
CashfishT: posts small blind $0.50
pipza05: posts big blind $1
*** HOLE CARDS ***
Burlica2013: folds 
mironchikvld: raises $2 to $3
PeteGriffen: folds 
ffac: folds 
CashfishT: folds 
pipza05: folds 
Uncalled bet ($2) returned to mironchikvld
mironchikvld collected $2.50 from pot
mironchikvld: doesn't show hand 
*** SUMMARY ***
Total pot $2.50 | Rake $0 
Seat 1: ffac (button) folded before Flop (didn't bet)
Seat 2: CashfishT (small blind) folded before Flop
Seat 3: pipza05 (big blind) folded before Flop
Seat 4: Burlica2013 folded before Flop (didn't bet)
Seat 5: mironchikvld collected ($2.50)
Seat 6: PeteGriffen folded before Flop (didn't bet)



PokerStars Hand #254590004423:  Hold'em No Limit ($0.50/$1.00 USD) - 2025/01/28 3:59:18 WET [2025/01/27 22:59:18 ET]
Table 'Transvaalia IV' 6-max Seat #2 is the button
Seat 1: ffac ($115.30 in chips) 
Seat 2: CashfishT ($106.52 in chips) 
Seat 3: pipza05 ($38.65 in chips) 
Seat 4: Burlica2013 ($122.27 in chips) 
Seat 5: mironchikvld ($270.48 in chips) 
Seat 6: PeteGriffen ($106.94 in chips) 
pipza05: posts small blind $0.50
Burlica2013: posts big blind $1
*** HOLE CARDS ***
mironchikvld: folds 
PeteGriffen: folds 
ffac: folds 
CashfishT: folds 
pipza05: calls $0.50
Burlica2013: checks 
*** FLOP *** [Kc 2h 3c]
pipza05: checks 
Burlica2013: checks 
*** TURN *** [Kc 2h 3c] [Qd]
pipza05: bets $1
Burlica2013: folds 
Uncalled bet ($1) returned to pipza05
pipza05 collected $1.88 from pot
*** SUMMARY ***
Total pot $2 | Rake $0.12 
Board [Kc 2h 3c Qd]
Seat 1: ffac folded before Flop (didn't bet)
Seat 2: CashfishT (button) folded before Flop (didn't bet)
Seat 3: pipza05 (small blind) collected ($1.88)
Seat 4: Burlica2013 (big blind) folded on the Turn
Seat 5: mironchikvld folded before Flop (didn't bet)
Seat 6: PeteGriffen folded before Flop (didn't bet)



PokerStars Hand #254590008594:  Hold'em No Limit ($0.50/$1.00 USD) - 2025/01/28 4:00:06 WET [2025/01/27 23:00:06 ET]
Table 'Transvaalia IV' 6-max Seat #3 is the button
Seat 1: ffac ($115.30 in chips) 
Seat 2: CashfishT ($106.52 in chips) 
Seat 3: pipza05 ($39.53 in chips) 
Seat 4: Burlica2013 ($121.27 in chips) 
Seat 5: mironchikvld ($270.48 in chips) 
Seat 6: PeteGriffen ($106.94 in chips) 
Burlica2013: posts small blind $0.50
mironchikvld: posts big blind $1
*** HOLE CARDS ***
PeteGriffen: folds 
ffac: raises $1.04 to $2.04
CashfishT: folds 
pipza05: folds 
Burlica2013: folds 
mironchikvld: folds 
Uncalled bet ($1.04) returned to ffac
ffac collected $2.50 from pot
ffac: doesn't show hand 
*** SUMMARY ***
Total pot $2.50 | Rake $0 
Seat 1: ffac collected ($2.50)
Seat 2: CashfishT folded before Flop (didn't bet)
Seat 3: pipza05 (button) folded before Flop (didn't bet)
Seat 4: Burlica2013 (small blind) folded before Flop
Seat 5: mironchikvld (big blind) folded before Flop
Seat 6: PeteGriffen folded before Flop (didn't bet)



PokerStars Hand #254590010586:  Hold'em No Limit ($0.50/$1.00 USD) - 2025/01/28 4:00:27 WET [2025/01/27 23:00:27 ET]
Table 'Transvaalia IV' 6-max Seat #4 is the button
Seat 1: ffac ($116.80 in chips) 
Seat 2: CashfishT ($106.52 in chips) 
Seat 3: pipza05 ($39.53 in chips) 
Seat 4: Burlica2013 ($120.77 in chips) 
Seat 5: mironchikvld ($269.48 in chips) 
Seat 6: PeteGriffen ($106.94 in chips) 
mironchikvld: posts small blind $0.50
PeteGriffen: posts big blind $1
*** HOLE CARDS ***
ffac: folds 
CashfishT: raises $1.20 to $2.20
pipza05: folds 
Burlica2013: folds 
mironchikvld: folds 
PeteGriffen: folds 
Uncalled bet ($1.20) returned to CashfishT
CashfishT collected $2.50 from pot
CashfishT: doesn't show hand 
*** SUMMARY ***
Total pot $2.50 | Rake $0 
Seat 1: ffac folded before Flop (didn't bet)
Seat 2: CashfishT collected ($2.50)
Seat 3: pipza05 folded before Flop (didn't bet)
Seat 4: Burlica2013 (button) folded before Flop (didn't bet)
Seat 5: mironchikvld (small blind) folded before Flop
Seat 6: PeteGriffen (big blind) folded before Flop



PokerStars Hand #254590014376:  Hold'em No Limit ($0.50/$1.00 USD) - 2025/01/28 4:01:06 WET [2025/01/27 23:01:06 ET]
Table 'Transvaalia IV' 6-max Seat #5 is the button
Seat 1: ffac ($116.80 in chips) 
Seat 2: CashfishT ($108.02 in chips) 
Seat 3: pipza05 ($39.53 in chips) 
Seat 4: Burlica2013 ($120.77 in chips) 
Seat 5: mironchikvld ($268.98 in chips) 
Seat 6: PeteGriffen ($105.94 in chips) 
PeteGriffen: posts small blind $0.50
ffac: posts big blind $1
*** HOLE CARDS ***
CashfishT: folds 
pipza05: calls $1
Burlica2013: folds 
mironchikvld: folds 
PeteGriffen: folds 
ffac: checks 
*** FLOP *** [7h 6c Td]
ffac: checks 
pipza05: bets $1
ffac: folds 
Uncalled bet ($1) returned to pipza05
pipza05 collected $2.35 from pot
*** SUMMARY ***
Total pot $2.50 | Rake $0.15 
Board [7h 6c Td]
Seat 1: ffac (big blind) folded on the Flop
Seat 2: CashfishT folded before Flop (didn't bet)
Seat 3: pipza05 collected ($2.35)
Seat 4: Burlica2013 folded before Flop (didn't bet)
Seat 5: mironchikvld (button) folded before Flop (didn't bet)
Seat 6: PeteGriffen (small blind) folded before Flop



PokerStars Hand #254590017711:  Hold'em No Limit ($0.50/$1.00 USD) - 2025/01/28 4:01:39 WET [2025/01/27 23:01:39 ET]
Table 'Transvaalia IV' 6-max Seat #6 is the button
Seat 1: ffac ($115.80 in chips) 
Seat 2: CashfishT ($108.02 in chips) 
Seat 3: pipza05 ($40.88 in chips) 
Seat 4: Burlica2013 ($120.77 in chips) 
Seat 5: mironchikvld ($268.98 in chips) 
Seat 6: PeteGriffen ($105.44 in chips) 
ffac: posts small blind $0.50
CashfishT: posts big blind $1
*** HOLE CARDS ***
pipza05: raises $1 to $2
Burlica2013: folds 
mironchikvld: folds 
PeteGriffen: folds 
ffac: folds 
CashfishT: calls $1
*** FLOP *** [Ac 2d 5d]
CashfishT: checks 
pipza05: checks 
*** TURN *** [Ac 2d 5d] [2c]
CashfishT: checks 
pipza05: bets $2
CashfishT: folds 
Uncalled bet ($2) returned to pipza05
pipza05 collected $4.22 from pot
*** SUMMARY ***
Total pot $4.50 | Rake $0.28 
Board [Ac 2d 5d 2c]
Seat 1: ffac (small blind) folded before Flop
Seat 2: CashfishT (big blind) folded on the Turn
Seat 3: pipza05 collected ($4.22)
Seat 4: Burlica2013 folded before Flop (didn't bet)
Seat 5: mironchikvld folded before Flop (didn't bet)
Seat 6: PeteGriffen (button) folded before Flop (didn't bet)



PokerStars Hand #254590021165:  Hold'em No Limit ($0.50/$1.00 USD) - 2025/01/28 4:02:14 WET [2025/01/27 23:02:14 ET]
Table 'Transvaalia IV' 6-max Seat #1 is the button
Seat 1: ffac ($115.30 in chips) 
Seat 2: CashfishT ($106.02 in chips) 
Seat 3: pipza05 ($43.10 in chips) 
Seat 4: Burlica2013 ($120.77 in chips) 
Seat 5: mironchikvld ($268.98 in chips) 
Seat 6: PeteGriffen ($105.44 in chips) 
CashfishT: posts small blind $0.50
pipza05: posts big blind $1
*** HOLE CARDS ***
Burlica2013: folds 
mironchikvld: folds 
PeteGriffen: folds 
ffac: folds 
CashfishT: raises $2 to $3
pipza05: folds 
Uncalled bet ($2) returned to CashfishT
CashfishT collected $2 from pot
CashfishT: doesn't show hand 
*** SUMMARY ***
Total pot $2 | Rake $0 
Seat 1: ffac (button) folded before Flop (didn't bet)
Seat 2: CashfishT (small blind) collected ($2)
Seat 3: pipza05 (big blind) folded before Flop
Seat 4: Burlica2013 folded before Flop (didn't bet)
Seat 5: mironchikvld folded before Flop (didn't bet)
Seat 6: PeteGriffen folded before Flop (didn't bet)



PokerStars Hand #254590022948:  Hold'em No Limit ($0.50/$1.00 USD) - 2025/01/28 4:02:31 WET [2025/01/27 23:02:31 ET]
Table 'Transvaalia IV' 6-max Seat #2 is the button
Seat 1: ffac ($115.30 in chips) 
Seat 2: CashfishT ($107.02 in chips) 
Seat 3: pipza05 ($42.10 in chips) 
Seat 4: Burlica2013 ($120.77 in chips) 
Seat 5: mironchikvld ($268.98 in chips) 
Seat 6: PeteGriffen ($105.44 in chips) 
pipza05: posts small blind $0.50
Burlica2013: posts big blind $1
*** HOLE CARDS ***
mironchikvld: folds 
PeteGriffen: raises $1.50 to $2.50
ffac: raises $5 to $7.50
CashfishT: folds 
pipza05: folds 
Burlica2013: folds 
mironchikvld leaves the table
PeteGriffen: folds 
Uncalled bet ($5) returned to ffac
ffac collected $6.50 from pot
ffac: doesn't show hand 
ponchua joins the table at seat #5 
*** SUMMARY ***
Total pot $6.50 | Rake $0 
Seat 1: ffac collected ($6.50)
Seat 2: CashfishT (button) folded before Flop (didn't bet)
Seat 3: pipza05 (small blind) folded before Flop
Seat 4: Burlica2013 (big blind) folded before Flop
Seat 5: mironchikvld folded before Flop (didn't bet)
Seat 6: PeteGriffen folded before Flop



PokerStars Hand #254590026855:  Hold'em No Limit ($0.50/$1.00 USD) - 2025/01/28 4:03:09 WET [2025/01/27 23:03:09 ET]
Table 'Transvaalia IV' 6-max Seat #3 is the button
Seat 1: ffac ($119.30 in chips) 
Seat 2: CashfishT ($107.02 in chips) 
Seat 3: pipza05 ($41.60 in chips) 
Seat 4: Burlica2013 ($119.77 in chips) 
Seat 5: ponchua ($100 in chips) 
Seat 6: PeteGriffen ($102.94 in chips) 
Burlica2013: posts small blind $0.50
ponchua: posts big blind $1
*** HOLE CARDS ***
PeteGriffen: folds 
ffac: folds 
CashfishT: folds 
pipza05: folds 
Burlica2013: folds 
Uncalled bet ($0.50) returned to ponchua
ponchua collected $1 from pot
ponchua: doesn't show hand 
*** SUMMARY ***
Total pot $1 | Rake $0 
Seat 1: ffac folded before Flop (didn't bet)
Seat 2: CashfishT folded before Flop (didn't bet)
Seat 3: pipza05 (button) folded before Flop (didn't bet)
Seat 4: Burlica2013 (small blind) folded before Flop
Seat 5: ponchua (big blind) collected ($1)
Seat 6: PeteGriffen folded before Flop (didn't bet)



PokerStars Hand #254590028210:  Hold'em No Limit ($0.50/$1.00 USD) - 2025/01/28 4:03:23 WET [2025/01/27 23:03:23 ET]
Table 'Transvaalia IV' 6-max Seat #4 is the button
Seat 1: ffac ($119.30 in chips) 
Seat 2: CashfishT ($107.02 in chips) 
Seat 3: pipza05 ($41.60 in chips) 
Seat 4: Burlica2013 ($119.27 in chips) 
Seat 5: ponchua ($100.50 in chips) 
Seat 6: PeteGriffen ($102.94 in chips) 
ponchua: posts small blind $0.50
PeteGriffen: posts big blind $1
*** HOLE CARDS ***
ffac: folds 
CashfishT: raises $1.20 to $2.20
pipza05: folds 
Burlica2013: folds 
ponchua: folds 
PeteGriffen: calls $1.20
*** FLOP *** [9c 8h 4s]
PeteGriffen: checks 
CashfishT: bets $1.54
PeteGriffen: folds 
Uncalled bet ($1.54) returned to CashfishT
CashfishT collected $4.66 from pot
CashfishT: doesn't show hand 
*** SUMMARY ***
Total pot $4.90 | Rake $0.24 
Board [9c 8h 4s]
Seat 1: ffac folded before Flop (didn't bet)
Seat 2: CashfishT collected ($4.66)
Seat 3: pipza05 folded before Flop (didn't bet)
Seat 4: Burlica2013 (button) folded before Flop (didn't bet)
Seat 5: ponchua (small blind) folded before Flop
Seat 6: PeteGriffen (big blind) folded on the Flop



PokerStars Hand #254590031527:  Hold'em No Limit ($0.50/$1.00 USD) - 2025/01/28 4:03:56 WET [2025/01/27 23:03:56 ET]
Table 'Transvaalia IV' 6-max Seat #5 is the button
Seat 1: ffac ($119.30 in chips) 
Seat 2: CashfishT ($109.48 in chips) 
Seat 3: pipza05 ($41.60 in chips) 
Seat 4: Burlica2013 ($119.27 in chips) 
Seat 5: ponchua ($100 in chips) 
Seat 6: PeteGriffen ($100.74 in chips) 
PeteGriffen: posts small blind $0.50
ffac: posts big blind $1
*** HOLE CARDS ***
CashfishT: folds 
pipza05: raises $1 to $2
Burlica2013: folds 
ponchua: folds 
PeteGriffen: folds 
ffac: calls $1
*** FLOP *** [2d Qd 5d]
ffac: checks 
pipza05: bets $1
ffac: calls $1
*** TURN *** [2d Qd 5d] [Jd]
ffac: checks 
pipza05: bets $1
ffac: raises $2.59 to $3.59
pipza05: calls $2.59
*** RIVER *** [2d Qd 5d Jd] [6c]
ffac: bets $8.58
pipza05: folds 
Uncalled bet ($8.58) returned to ffac
ffac collected $13 from pot
ffac: doesn't show hand 
*** SUMMARY ***
Total pot $13.68 | Rake $0.68 
Board [2d Qd 5d Jd 6c]
Seat 1: ffac (big blind) collected ($13)
Seat 2: CashfishT folded before Flop (didn't bet)
Seat 3: pipza05 folded on the River
Seat 4: Burlica2013 folded before Flop (didn't bet)
Seat 5: ponchua (button) folded before Flop (didn't bet)
Seat 6: PeteGriffen (small blind) folded before Flop



PokerStars Hand #254590039312:  Hold'em No Limit ($0.50/$1.00 USD) - 2025/01/28 4:05:12 WET [2025/01/27 23:05:12 ET]
Table 'Transvaalia IV' 6-max Seat #6 is the button
Seat 1: ffac ($125.71 in chips) 
Seat 2: CashfishT ($109.48 in chips) 
Seat 3: pipza05 ($35.01 in chips) 
Seat 4: Burlica2013 ($119.27 in chips) 
Seat 5: ponchua ($100 in chips) 
Seat 6: PeteGriffen ($100.24 in chips) 
ffac: posts small blind $0.50
CashfishT: posts big blind $1
*** HOLE CARDS ***
pipza05: folds 
Burlica2013: folds 
ponchua: folds 
PeteGriffen: folds 
ffac: folds 
Uncalled bet ($0.50) returned to CashfishT
CashfishT collected $1 from pot
CashfishT: doesn't show hand 
*** SUMMARY ***
Total pot $1 | Rake $0 
Seat 1: ffac (small blind) folded before Flop
Seat 2: CashfishT (big blind) collected ($1)
Seat 3: pipza05 folded before Flop (didn't bet)
Seat 4: Burlica2013 folded before Flop (didn't bet)
Seat 5: ponchua folded before Flop (didn't bet)
Seat 6: PeteGriffen (button) folded before Flop (didn't bet)



PokerStars Hand #254590040541:  Hold'em No Limit ($0.50/$1.00 USD) - 2025/01/28 4:05:24 WET [2025/01/27 23:05:24 ET]
Table 'Transvaalia IV' 6-max Seat #1 is the button
Seat 1: ffac ($125.21 in chips) 
Seat 2: CashfishT ($109.98 in chips) 
Seat 3: pipza05 ($35.01 in chips) 
Seat 4: Burlica2013 ($119.27 in chips) 
Seat 5: ponchua ($100 in chips) 
Seat 6: PeteGriffen ($100.24 in chips) 
CashfishT: posts small blind $0.50
pipza05: posts big blind $1
*** HOLE CARDS ***
Burlica2013: raises $1.20 to $2.20
ponchua: folds 
PeteGriffen: folds 
ffac: folds 
CashfishT: folds 
pipza05: folds 
Uncalled bet ($1.20) returned to Burlica2013
Burlica2013 collected $2.50 from pot
Burlica2013: doesn't show hand 
*** SUMMARY ***
Total pot $2.50 | Rake $0 
Seat 1: ffac (button) folded before Flop (didn't bet)
Seat 2: CashfishT (small blind) folded before Flop
Seat 3: pipza05 (big blind) folded before Flop
Seat 4: Burlica2013 collected ($2.50)
Seat 5: ponchua folded before Flop (didn't bet)
Seat 6: PeteGriffen folded before Flop (didn't bet)



PokerStars Hand #254590041591:  Hold'em No Limit ($0.50/$1.00 USD) - 2025/01/28 4:05:35 WET [2025/01/27 23:05:35 ET]
Table 'Transvaalia IV' 6-max Seat #2 is the button
Seat 1: ffac ($125.21 in chips) 
Seat 2: CashfishT ($109.48 in chips) 
Seat 3: pipza05 ($34.01 in chips) 
Seat 4: Burlica2013 ($120.77 in chips) 
Seat 5: ponchua ($100 in chips) 
Seat 6: PeteGriffen ($100.24 in chips) 
pipza05: posts small blind $0.50
Burlica2013: posts big blind $1
*** HOLE CARDS ***
ponchua: folds 
PeteGriffen: folds 
ffac: folds 
CashfishT: folds 
pipza05: folds 
Uncalled bet ($0.50) returned to Burlica2013
Burlica2013 collected $1 from pot
Burlica2013: doesn't show hand 
*** SUMMARY ***
Total pot $1 | Rake $0 
Seat 1: ffac folded before Flop (didn't bet)
Seat 2: CashfishT (button) folded before Flop (didn't bet)
Seat 3: pipza05 (small blind) folded before Flop
Seat 4: Burlica2013 (big blind) collected ($1)
Seat 5: ponchua folded before Flop (didn't bet)
Seat 6: PeteGriffen folded before Flop (didn't bet)



PokerStars Hand #254590042549:  Hold'em No Limit ($0.50/$1.00 USD) - 2025/01/28 4:05:44 WET [2025/01/27 23:05:44 ET]
Table 'Transvaalia IV' 6-max Seat #3 is the button
Seat 1: ffac ($125.21 in chips) 
Seat 2: CashfishT ($109.48 in chips) 
Seat 3: pipza05 ($33.51 in chips) 
Seat 4: Burlica2013 ($121.27 in chips) 
Seat 5: ponchua ($100 in chips) 
Seat 6: PeteGriffen ($100.24 in chips) 
Burlica2013: posts small blind $0.50
ponchua: posts big blind $1
*** HOLE CARDS ***
PeteGriffen: folds 
ffac: folds 
CashfishT: raises $1.20 to $2.20
pipza05: folds 
Burlica2013: folds 
ponchua: folds 
Uncalled bet ($1.20) returned to CashfishT
CashfishT collected $2.50 from pot
CashfishT: doesn't show hand 
*** SUMMARY ***
Total pot $2.50 | Rake $0 
Seat 1: ffac folded before Flop (didn't bet)
Seat 2: CashfishT collected ($2.50)
Seat 3: pipza05 (button) folded before Flop (didn't bet)
Seat 4: Burlica2013 (small blind) folded before Flop
Seat 5: ponchua (big blind) folded before Flop
Seat 6: PeteGriffen folded before Flop (didn't bet)



PokerStars Hand #254590044781:  Hold'em No Limit ($0.50/$1.00 USD) - 2025/01/28 4:06:07 WET [2025/01/27 23:06:07 ET]
Table 'Transvaalia IV' 6-max Seat #4 is the button
Seat 1: ffac ($125.21 in chips) 
Seat 2: CashfishT ($110.98 in chips) 
Seat 3: pipza05 ($33.51 in chips) 
Seat 4: Burlica2013 ($120.77 in chips) 
Seat 5: ponchua ($100 in chips) 
Seat 6: PeteGriffen ($100.24 in chips) 
ponchua: posts small blind $0.50
PeteGriffen: posts big blind $1
*** HOLE CARDS ***
ffac: folds 
CashfishT: folds 
pipza05: folds 
Burlica2013: raises $1.45 to $2.45
ponchua: folds 
PeteGriffen: calls $1.45
*** FLOP *** [2d 3c 2s]
PeteGriffen: checks 
Burlica2013: bets $3.85
PeteGriffen: calls $3.85
*** TURN *** [2d 3c 2s] [3d]
PeteGriffen: bets $6.22
Burlica2013: calls $6.22
*** RIVER *** [2d 3c 2s 3d] [5h]
PeteGriffen: bets $12.13
Burlica2013: calls $12.13
*** SHOW DOWN ***
PeteGriffen: shows [9h 9s] (two pair, Nines and Threes)
Burlica2013: shows [As Ah] (two pair, Aces and Threes)
Burlica2013 collected $47.31 from pot
*** SUMMARY ***
Total pot $49.80 | Rake $2.49 
Board [2d 3c 2s 3d 5h]
Seat 1: ffac folded before Flop (didn't bet)
Seat 2: CashfishT folded before Flop (didn't bet)
Seat 3: pipza05 folded before Flop (didn't bet)
Seat 4: Burlica2013 (button) showed [As Ah] and won ($47.31) with two pair, Aces and Threes
Seat 5: ponchua (small blind) folded before Flop
Seat 6: PeteGriffen (big blind) showed [9h 9s] and lost with two pair, Nines and Threes



PokerStars Hand #254590051847:  Hold'em No Limit ($0.50/$1.00 USD) - 2025/01/28 4:07:19 WET [2025/01/27 23:07:19 ET]
Table 'Transvaalia IV' 6-max Seat #5 is the button
Seat 1: ffac ($125.21 in chips) 
Seat 2: CashfishT ($110.98 in chips) 
Seat 3: pipza05 ($33.51 in chips) 
Seat 4: Burlica2013 ($143.43 in chips) 
Seat 5: ponchua ($100 in chips) 
Seat 6: PeteGriffen ($100 in chips) 
PeteGriffen: posts small blind $0.50
ffac: posts big blind $1
*** HOLE CARDS ***
CashfishT: folds 
pipza05: folds 
Burlica2013: raises $1.25 to $2.25
ponchua: folds 
PeteGriffen: folds 
ffac: calls $1.25
*** FLOP *** [8c 5h Ad]
ffac: checks 
Burlica2013: bets $1.57
ffac: folds 
Uncalled bet ($1.57) returned to Burlica2013
Burlica2013 collected $4.75 from pot
Burlica2013: doesn't show hand 
*** SUMMARY ***
Total pot $5 | Rake $0.25 
Board [8c 5h Ad]
Seat 1: ffac (big blind) folded on the Flop
Seat 2: CashfishT folded before Flop (didn't bet)
Seat 3: pipza05 folded before Flop (didn't bet)
Seat 4: Burlica2013 collected ($4.75)
Seat 5: ponchua (button) folded before Flop (didn't bet)
Seat 6: PeteGriffen (small blind) folded before Flop



PokerStars Hand #254590056436:  Hold'em No Limit ($0.50/$1.00 USD) - 2025/01/28 4:08:04 WET [2025/01/27 23:08:04 ET]
Table 'Transvaalia IV' 6-max Seat #6 is the button
Seat 1: ffac ($122.96 in chips) 
Seat 2: CashfishT ($110.98 in chips) 
Seat 3: pipza05 ($33.51 in chips) 
Seat 4: Burlica2013 ($145.93 in chips) 
Seat 5: ponchua ($100 in chips) 
Seat 6: PeteGriffen ($100 in chips) 
ffac: posts small blind $0.50
CashfishT: posts big blind $1
*** HOLE CARDS ***
pipza05: folds 
Burlica2013: folds 
ponchua: raises $1.50 to $2.50
PeteGriffen: raises $5.50 to $8
ffac: folds 
CashfishT: folds 
ponchua: folds 
Uncalled bet ($5.50) returned to PeteGriffen
PeteGriffen collected $6.50 from pot
PeteGriffen: doesn't show hand 
*** SUMMARY ***
Total pot $6.50 | Rake $0 
Seat 1: ffac (small blind) folded before Flop
Seat 2: CashfishT (big blind) folded before Flop
Seat 3: pipza05 folded before Flop (didn't bet)
Seat 4: Burlica2013 folded before Flop (didn't bet)
Seat 5: ponchua folded before Flop
Seat 6: PeteGriffen (button) collected ($6.50)



PokerStars Hand #254590059421:  Hold'em No Limit ($0.50/$1.00 USD) - 2025/01/28 4:08:35 WET [2025/01/27 23:08:35 ET]
Table 'Transvaalia IV' 6-max Seat #1 is the button
Seat 1: ffac ($122.46 in chips) 
Seat 2: CashfishT ($109.98 in chips) 
Seat 3: pipza05 ($33.51 in chips) 
Seat 4: Burlica2013 ($145.93 in chips) 
Seat 5: ponchua ($100 in chips) 
Seat 6: PeteGriffen ($104 in chips) 
CashfishT: posts small blind $0.50
pipza05: posts big blind $1
*** HOLE CARDS ***
Burlica2013: folds 
ponchua: folds 
PeteGriffen: folds 
ffac: raises $1.50 to $2.50
CashfishT: folds 
pipza05: calls $1.50
*** FLOP *** [7h 5c Kc]
pipza05: checks 
ffac: bets $1.72
pipza05: calls $1.72
*** TURN *** [7h 5c Kc] [Qc]
pipza05: checks 
ffac: checks 
*** RIVER *** [7h 5c Kc Qc] [9d]
pipza05: checks 
ffac: bets $4.25
pipza05: folds 
Uncalled bet ($4.25) returned to ffac
ffac collected $8.49 from pot
ffac: doesn't show hand 
*** SUMMARY ***
Total pot $8.94 | Rake $0.45 
Board [7h 5c Kc Qc 9d]
Seat 1: ffac (button) collected ($8.49)
Seat 2: CashfishT (small blind) folded before Flop
Seat 3: pipza05 (big blind) folded on the River
Seat 4: Burlica2013 folded before Flop (didn't bet)
Seat 5: ponchua folded before Flop (didn't bet)
Seat 6: PeteGriffen folded before Flop (didn't bet)



PokerStars Hand #254590064165:  Hold'em No Limit ($0.50/$1.00 USD) - 2025/01/28 4:09:23 WET [2025/01/27 23:09:23 ET]
Table 'Transvaalia IV' 6-max Seat #2 is the button
Seat 1: ffac ($126.73 in chips) 
Seat 2: CashfishT ($109.48 in chips) 
Seat 3: pipza05 ($29.29 in chips) 
Seat 4: Burlica2013 ($145.93 in chips) 
Seat 5: ponchua ($100 in chips) 
Seat 6: PeteGriffen ($104 in chips) 
pipza05: posts small blind $0.50
Burlica2013: posts big blind $1
*** HOLE CARDS ***
ponchua: folds 
PeteGriffen: raises $1.50 to $2.50
ffac: raises $5 to $7.50
CashfishT: folds 
pipza05: folds 
Burlica2013: folds 
PeteGriffen: raises $12.50 to $20
ffac: folds 
Uncalled bet ($12.50) returned to PeteGriffen
PeteGriffen collected $16.50 from pot
PeteGriffen: doesn't show hand 
*** SUMMARY ***
Total pot $16.50 | Rake $0 
Seat 1: ffac folded before Flop
Seat 2: CashfishT (button) folded before Flop (didn't bet)
Seat 3: pipza05 (small blind) folded before Flop
Seat 4: Burlica2013 (big blind) folded before Flop
Seat 5: ponchua folded before Flop (didn't bet)
Seat 6: PeteGriffen collected ($16.50)



PokerStars Hand #254590068844:  Hold'em No Limit ($0.50/$1.00 USD) - 2025/01/28 4:10:10 WET [2025/01/27 23:10:10 ET]
Table 'Transvaalia IV' 6-max Seat #3 is the button
Seat 1: ffac ($119.23 in chips) 
Seat 2: CashfishT ($109.48 in chips) 
Seat 3: pipza05 ($28.79 in chips) 
Seat 4: Burlica2013 ($144.93 in chips) 
Seat 5: ponchua ($100 in chips) 
Seat 6: PeteGriffen ($113 in chips) 
Burlica2013: posts small blind $0.50
ponchua: posts big blind $1
*** HOLE CARDS ***
PeteGriffen: folds 
ffac: folds 
CashfishT: folds 
pipza05: folds 
Burlica2013: folds 
Uncalled bet ($0.50) returned to ponchua
ponchua collected $1 from pot
ponchua: doesn't show hand 
*** SUMMARY ***
Total pot $1 | Rake $0 
Seat 1: ffac folded before Flop (didn't bet)
Seat 2: CashfishT folded before Flop (didn't bet)
Seat 3: pipza05 (button) folded before Flop (didn't bet)
Seat 4: Burlica2013 (small blind) folded before Flop
Seat 5: ponchua (big blind) collected ($1)
Seat 6: PeteGriffen folded before Flop (didn't bet)



PokerStars Hand #254590070122:  Hold'em No Limit ($0.50/$1.00 USD) - 2025/01/28 4:10:23 WET [2025/01/27 23:10:23 ET]
Table 'Transvaalia IV' 6-max Seat #4 is the button
Seat 1: ffac ($119.23 in chips) 
Seat 2: CashfishT ($109.48 in chips) 
Seat 3: pipza05 ($28.79 in chips) 
Seat 4: Burlica2013 ($144.43 in chips) 
Seat 5: ponchua ($100.50 in chips) 
Seat 6: PeteGriffen ($113 in chips) 
ponchua: posts small blind $0.50
PeteGriffen: posts big blind $1
*** HOLE CARDS ***
ffac: folds 
CashfishT: folds 
pipza05: folds 
Burlica2013: raises $1.45 to $2.45
ponchua: folds 
PeteGriffen: folds 
Uncalled bet ($1.45) returned to Burlica2013
Burlica2013 collected $2.50 from pot
Burlica2013: doesn't show hand 
*** SUMMARY ***
Total pot $2.50 | Rake $0 
Seat 1: ffac folded before Flop (didn't bet)
Seat 2: CashfishT folded before Flop (didn't bet)
Seat 3: pipza05 folded before Flop (didn't bet)
Seat 4: Burlica2013 (button) collected ($2.50)
Seat 5: ponchua (small blind) folded before Flop
Seat 6: PeteGriffen (big blind) folded before Flop



PokerStars Hand #254590073893:  Hold'em No Limit ($0.50/$1.00 USD) - 2025/01/28 4:11:03 WET [2025/01/27 23:11:03 ET]
Table 'Transvaalia IV' 6-max Seat #5 is the button
Seat 1: ffac ($119.23 in chips) 
Seat 2: CashfishT ($109.48 in chips) 
Seat 3: pipza05 ($28.79 in chips) 
Seat 4: Burlica2013 ($145.93 in chips) 
Seat 5: ponchua ($100 in chips) 
Seat 6: PeteGriffen ($112 in chips) 
PeteGriffen: posts small blind $0.50
ffac: posts big blind $1
*** HOLE CARDS ***
CashfishT: folds 
pipza05: folds 
Burlica2013: folds 
ponchua: raises $1.50 to $2.50
PeteGriffen: folds 
ffac: raises $10.50 to $13
ponchua: folds 
Uncalled bet ($10.50) returned to ffac
ffac collected $5.50 from pot
ffac: doesn't show hand 
*** SUMMARY ***
Total pot $5.50 | Rake $0 
Seat 1: ffac (big blind) collected ($5.50)
Seat 2: CashfishT folded before Flop (didn't bet)
Seat 3: pipza05 folded before Flop (didn't bet)
Seat 4: Burlica2013 folded before Flop (didn't bet)
Seat 5: ponchua (button) folded before Flop
Seat 6: PeteGriffen (small blind) folded before Flop



PokerStars Hand #254590078299:  Hold'em No Limit ($0.50/$1.00 USD) - 2025/01/28 4:11:48 WET [2025/01/27 23:11:48 ET]
Table 'Transvaalia IV' 6-max Seat #6 is the button
Seat 1: ffac ($122.23 in chips) 
Seat 2: CashfishT ($109.48 in chips) 
Seat 3: pipza05 ($28.79 in chips) 
Seat 4: Burlica2013 ($145.93 in chips) 
Seat 5: ponchua ($100 in chips) 
Seat 6: PeteGriffen ($111.50 in chips) 
ffac: posts small blind $0.50
CashfishT: posts big blind $1
*** HOLE CARDS ***
pipza05: calls $1
Burlica2013: folds 
ponchua: folds 
PeteGriffen: folds 
ffac: folds 
CashfishT: checks 
*** FLOP *** [Kc 6s 2d]
CashfishT: checks 
pipza05: checks 
*** TURN *** [Kc 6s 2d] [7c]
CashfishT: checks 
pipza05: checks 
*** RIVER *** [Kc 6s 2d 7c] [2s]
CashfishT: bets $1.78
pipza05: folds 
Uncalled bet ($1.78) returned to CashfishT
CashfishT collected $2.38 from pot
CashfishT: doesn't show hand 
*** SUMMARY ***
Total pot $2.50 | Rake $0.12 
Board [Kc 6s 2d 7c 2s]
Seat 1: ffac (small blind) folded before Flop
Seat 2: CashfishT (big blind) collected ($2.38)
Seat 3: pipza05 folded on the River
Seat 4: Burlica2013 folded before Flop (didn't bet)
Seat 5: ponchua folded before Flop (didn't bet)
Seat 6: PeteGriffen (button) folded before Flop (didn't bet)



PokerStars Hand #254590083180:  Hold'em No Limit ($0.50/$1.00 USD) - 2025/01/28 4:12:38 WET [2025/01/27 23:12:38 ET]
Table 'Transvaalia IV' 6-max Seat #1 is the button
Seat 1: ffac ($121.73 in chips) 
Seat 2: CashfishT ($110.86 in chips) 
Seat 3: pipza05 ($27.79 in chips) 
Seat 4: Burlica2013 ($145.93 in chips) 
Seat 5: ponchua ($100 in chips) 
Seat 6: PeteGriffen ($111.50 in chips) 
CashfishT: posts small blind $0.50
pipza05: posts big blind $1
*** HOLE CARDS ***
Burlica2013: folds 
ponchua: folds 
PeteGriffen: raises $1.50 to $2.50
ffac: folds 
CashfishT: folds 
pipza05 has timed out
pipza05: folds 
Uncalled bet ($1.50) returned to PeteGriffen
PeteGriffen collected $2.50 from pot
PeteGriffen: doesn't show hand 
*** SUMMARY ***
Total pot $2.50 | Rake $0 
Seat 1: ffac (button) folded before Flop (didn't bet)
Seat 2: CashfishT (small blind) folded before Flop
Seat 3: pipza05 (big blind) folded before Flop
Seat 4: Burlica2013 folded before Flop (didn't bet)
Seat 5: ponchua folded before Flop (didn't bet)
Seat 6: PeteGriffen collected ($2.50)



PokerStars Hand #254590087307:  Hold'em No Limit ($0.50/$1.00 USD) - 2025/01/28 4:13:20 WET [2025/01/27 23:13:20 ET]
Table 'Transvaalia IV' 6-max Seat #2 is the button
Seat 1: ffac ($121.73 in chips) 
Seat 2: CashfishT ($110.36 in chips) 
Seat 3: pipza05 ($26.79 in chips) 
Seat 4: Burlica2013 ($145.93 in chips) 
Seat 5: ponchua ($100 in chips) 
Seat 6: PeteGriffen ($113 in chips) 
pipza05: posts small blind $0.50
Burlica2013: posts big blind $1
*** HOLE CARDS ***
ponchua: folds 
PeteGriffen: folds 
ffac: folds 
CashfishT: raises $1.20 to $2.20
pipza05: folds 
Burlica2013: raises $9.80 to $12
CashfishT: folds 
Uncalled bet ($9.80) returned to Burlica2013
Burlica2013 collected $4.90 from pot
Burlica2013: doesn't show hand 
*** SUMMARY ***
Total pot $4.90 | Rake $0 
Seat 1: ffac folded before Flop (didn't bet)
Seat 2: CashfishT (button) folded before Flop
Seat 3: pipza05 (small blind) folded before Flop
Seat 4: Burlica2013 (big blind) collected ($4.90)
Seat 5: ponchua folded before Flop (didn't bet)
Seat 6: PeteGriffen folded before Flop (didn't bet)



PokerStars Hand #254590108742:  Hold'em No Limit ($0.50/$1.00 USD) - 2025/01/28 4:16:59 WET [2025/01/27 23:16:59 ET]
Table 'Transvaalia IV' 6-max Seat #6 is the button
Seat 1: ffac ($125.66 in chips) 
Seat 2: CashfishT ($108.16 in chips) 
Seat 3: pipza05 ($26.29 in chips) 
Seat 4: Burlica2013 ($145.68 in chips) 
Seat 5: ponchua ($100 in chips) 
Seat 6: Xenicide ($105.45 in chips) 
ffac: posts small blind $0.50
CashfishT: posts big blind $1
*** HOLE CARDS ***
pipza05: folds 
Burlica2013: folds 
ponchua: raises $1.50 to $2.50
Xenicide: folds 
ffac: folds 
CashfishT: raises $10.50 to $13
ponchua: calls $10.50
*** FLOP *** [Ac 7d 5h]
CashfishT: bets $6.29
ponchua: calls $6.29
*** TURN *** [Ac 7d 5h] [Kd]
CashfishT: bets $27.85
ponchua: folds 
Uncalled bet ($27.85) returned to CashfishT
CashfishT collected $37.13 from pot
CashfishT: doesn't show hand 
*** SUMMARY ***
Total pot $39.08 | Rake $1.95 
Board [Ac 7d 5h Kd]
Seat 1: ffac (small blind) folded before Flop
Seat 2: CashfishT (big blind) collected ($37.13)
Seat 3: pipza05 folded before Flop (didn't bet)
Seat 4: Burlica2013 folded before Flop (didn't bet)
Seat 5: ponchua folded on the Turn
Seat 6: Xenicide (button) folded before Flop (didn't bet)



PokerStars Hand #254590115025:  Hold'em No Limit ($0.50/$1.00 USD) - 2025/01/28 4:18:04 WET [2025/01/27 23:18:04 ET]
Table 'Transvaalia IV' 6-max Seat #1 is the button
Seat 1: ffac ($125.16 in chips) 
Seat 2: CashfishT ($126 in chips) 
Seat 3: pipza05 ($26.29 in chips) 
Seat 4: Burlica2013 ($145.68 in chips) 
Seat 5: ponchua ($100 in chips) 
Seat 6: Xenicide ($105.45 in chips) 
CashfishT: posts small blind $0.50
pipza05: posts big blind $1
*** HOLE CARDS ***
Burlica2013: folds 
ponchua: raises $1 to $2
Xenicide: folds 
ffac: folds 
CashfishT: folds 
pipza05: folds 
Uncalled bet ($1) returned to ponchua
ponchua collected $2.50 from pot
ponchua: doesn't show hand 
*** SUMMARY ***
Total pot $2.50 | Rake $0 
Seat 1: ffac (button) folded before Flop (didn't bet)
Seat 2: CashfishT (small blind) folded before Flop
Seat 3: pipza05 (big blind) folded before Flop
Seat 4: Burlica2013 folded before Flop (didn't bet)
Seat 5: ponchua collected ($2.50)
Seat 6: Xenicide folded before Flop (didn't bet)



