PokerStars Hand #254600400673:  Hold'em No Limit ($0.50/$1.00 USD) - 2025/01/28 0:19:21 WET [2025/01/28 19:19:21 ET]
Table 'Antiphos' 6-max Seat #4 is the button
Seat 5: nastja336 ($101.50 in chips) is sitting out
Seat 1: ghc_2 ($100 in chips) 
Seat 2: Espada Fish ($100 in chips) 
Seat 3: phqshke ($42.23 in chips) 
Seat 4: Supermegopro ($107.67 in chips) 
Seat 6: Manifestorr ($141.02 in chips) 
Manifestorr: posts small blind $0.50
ghc_2: posts big blind $1
phqshke: posts big blind $1
*** HOLE CARDS ***
Espada Fish: folds 
phqshke: checks 
Supermegopro: folds 
Manifestorr: folds 
ghc_2: checks 
*** FLOP *** [Js Td 5s]
ghc_2: checks 
phqshke: bets $2.38
ghc_2: folds 
Uncalled bet ($2.38) returned to phqshke
phqshke collected $2.38 from pot
phqshke: doesn't show hand 
*** SUMMARY ***
Total pot $2.50 | Rake $0.12 
Board [Js Td 5s]
Seat 5: nastja336
Seat 1: ghc_2 (big blind) folded on the Flop
Seat 2: Espada Fish folded before Flop (didn't bet)
Seat 3: phqshke collected ($2.38)
Seat 4: Supermegopro (button) folded before Flop (didn't bet)
Seat 6: Manifestorr (small blind) folded before Flop



PokerStars Hand #254600407241:  Hold'em No Limit ($0.50/$1.00 USD) - 2025/01/28 0:19:52 WET [2025/01/28 19:19:52 ET]
Table 'Antiphos' 6-max Seat #6 is the button
Seat 2: Espada Fish ($100 in chips) is sitting out
Seat 5: nastja336 ($101.50 in chips) is sitting out
Seat 1: ghc_2 ($100 in chips) 
Seat 3: phqshke ($43.61 in chips) 
Seat 4: Supermegopro ($107.67 in chips) 
Seat 6: Manifestorr ($140.52 in chips) 
ghc_2: posts small blind $0.50
Espada Fish: is sitting out 
phqshke: posts big blind $1
nastja336: sits out 
*** HOLE CARDS ***
Supermegopro: folds 
Espada Fish leaves the table
Manifestorr: raises $1.20 to $2.20
ghc_2: folds 
phqshke: calls $1.20
*** FLOP *** [8s 7s Ah]
phqshke: checks 
Manifestorr: bets $4
phqshke: folds 
Uncalled bet ($4) returned to Manifestorr
Mr_Dick666 joins the table at seat #2 
Manifestorr collected $4.66 from pot
*** SUMMARY ***
Total pot $4.90 | Rake $0.24 
Board [8s 7s Ah]
Seat 2: Espada Fish
Seat 5: nastja336
Seat 1: ghc_2 (small blind) folded before Flop
Seat 3: phqshke (big blind) folded on the Flop
Seat 4: Supermegopro folded before Flop (didn't bet)
Seat 6: Manifestorr (button) collected ($4.66)



PokerStars Hand #254600412057:  Hold'em No Limit ($0.50/$1.00 USD) - 2025/01/28 0:20:14 WET [2025/01/28 19:20:14 ET]
Table 'Antiphos' 6-max Seat #1 is the button
Seat 2: Mr_Dick666 ($100 in chips) is sitting out
Seat 5: nastja336 ($101.50 in chips) is sitting out
Seat 1: ghc_2 ($100 in chips) 
Seat 3: phqshke ($41.41 in chips) 
Seat 4: Supermegopro ($107.67 in chips) 
Seat 6: Manifestorr ($142.98 in chips) 
phqshke: posts small blind $0.50
Supermegopro: posts big blind $1
nastja336: sits out 
*** HOLE CARDS ***
Manifestorr: raises $1.20 to $2.20
ghc_2: folds 
phqshke: calls $1.70
Supermegopro: calls $1.20
*** FLOP *** [Ad 3c 3d]
phqshke: checks 
Supermegopro: bets $2.07
Manifestorr: calls $2.07
phqshke: folds 
*** TURN *** [Ad 3c 3d] [Tc]
Supermegopro: bets $5.80
Manifestorr: calls $5.80
*** RIVER *** [Ad 3c 3d Tc] [4s]
Supermegopro: bets $14.23
Manifestorr: folds 
Uncalled bet ($14.23) returned to Supermegopro
Supermegopro collected $21.34 from pot
Supermegopro: doesn't show hand 
*** SUMMARY ***
Total pot $22.34 | Rake $1 
Board [Ad 3c 3d Tc 4s]
Seat 2: Mr_Dick666
Seat 5: nastja336
Seat 1: ghc_2 (button) folded before Flop (didn't bet)
Seat 3: phqshke (small blind) folded on the Flop
Seat 4: Supermegopro (big blind) collected ($21.34)
Seat 6: Manifestorr folded on the River



PokerStars Hand #254600422408:  Hold'em No Limit ($0.50/$1.00 USD) - 2025/01/28 0:21:04 WET [2025/01/28 19:21:04 ET]
Table 'Antiphos' 6-max Seat #3 is the button
Seat 2: Mr_Dick666 ($100 in chips) is sitting out
Seat 1: ghc_2 ($100 in chips) 
Seat 3: phqshke ($39.21 in chips) 
Seat 4: Supermegopro ($118.94 in chips) 
Seat 5: nastja336 ($101.50 in chips) 
Seat 6: Manifestorr ($132.91 in chips) 
Supermegopro: posts small blind $0.50
nastja336: posts big blind $1
Mr_Dick666: sits out 
*** HOLE CARDS ***
Manifestorr: folds 
ghc_2: folds 
phqshke: raises $1 to $2
Supermegopro: calls $1.50
nastja336: folds 
*** FLOP *** [7d As 9c]
Supermegopro: checks 
phqshke: bets $2.38
Supermegopro: calls $2.38
*** TURN *** [7d As 9c] [Td]
Supermegopro: checks 
phqshke: bets $4
Supermegopro: calls $4
*** RIVER *** [7d As 9c Td] [5d]
Supermegopro: bets $11.25
phqshke: folds 
Uncalled bet ($11.25) returned to Supermegopro
Supermegopro collected $16.87 from pot
Supermegopro: doesn't show hand 
*** SUMMARY ***
Total pot $17.76 | Rake $0.89 
Board [7d As 9c Td 5d]
Seat 2: Mr_Dick666
Seat 1: ghc_2 folded before Flop (didn't bet)
Seat 3: phqshke (button) folded on the River
Seat 4: Supermegopro (small blind) collected ($16.87)
Seat 5: nastja336 (big blind) folded before Flop
Seat 6: Manifestorr folded before Flop (didn't bet)



PokerStars Hand #254600429356:  Hold'em No Limit ($0.50/$1.00 USD) - 2025/01/28 0:21:37 WET [2025/01/28 19:21:37 ET]
Table 'Antiphos' 6-max Seat #4 is the button
Seat 2: Mr_Dick666 ($100 in chips) is sitting out
Seat 1: ghc_2 ($100 in chips) 
Seat 3: phqshke ($30.83 in chips) 
Seat 4: Supermegopro ($127.43 in chips) 
Seat 5: nastja336 ($100.50 in chips) 
Seat 6: Manifestorr ($132.91 in chips) 
nastja336: posts small blind $0.50
Manifestorr: posts big blind $1
Mr_Dick666: sits out 
*** HOLE CARDS ***
ghc_2: folds 
phqshke: raises $3 to $4
Supermegopro: folds 
nastja336: calls $3.50
Manifestorr: folds 
*** FLOP *** [Jd 6s Qs]
nastja336: checks 
phqshke: bets $4.28
nastja336: calls $4.28
*** TURN *** [Jd 6s Qs] [Ac]
nastja336: checks 
phqshke: bets $8.34
nastja336: calls $8.34
*** RIVER *** [Jd 6s Qs Ac] [6c]
nastja336: checks 
phqshke: checks 
*** SHOW DOWN ***
nastja336: shows [Qd Kh] (two pair, Queens and Sixes)
phqshke: shows [Qc Ks] (two pair, Queens and Sixes)
nastja336 collected $16.27 from pot
phqshke collected $16.26 from pot
*** SUMMARY ***
Total pot $34.24 | Rake $1.71 
Board [Jd 6s Qs Ac 6c]
Seat 2: Mr_Dick666
Seat 1: ghc_2 folded before Flop (didn't bet)
Seat 3: phqshke showed [Qc Ks] and won ($16.26) with two pair, Queens and Sixes
Seat 4: Supermegopro (button) folded before Flop (didn't bet)
Seat 5: nastja336 (small blind) showed [Qd Kh] and won ($16.27) with two pair, Queens and Sixes
Seat 6: Manifestorr (big blind) folded before Flop



PokerStars Hand #254600441354:  Hold'em No Limit ($0.50/$1.00 USD) - 2025/01/28 0:22:35 WET [2025/01/28 19:22:35 ET]
Table 'Antiphos' 6-max Seat #5 is the button
Seat 2: Mr_Dick666 ($100 in chips) is sitting out
Seat 1: ghc_2 ($100 in chips) 
Seat 3: phqshke ($30.47 in chips) 
Seat 4: Supermegopro ($127.43 in chips) 
Seat 5: nastja336 ($100.15 in chips) 
Seat 6: Manifestorr ($131.91 in chips) 
Manifestorr: posts small blind $0.50
ghc_2: posts big blind $1
Mr_Dick666: sits out 
*** HOLE CARDS ***
phqshke: folds 
Supermegopro: raises $1.50 to $2.50
nastja336: folds 
Manifestorr: folds 
ghc_2: folds 
Uncalled bet ($1.50) returned to Supermegopro
Supermegopro collected $2.50 from pot
Supermegopro: doesn't show hand 
*** SUMMARY ***
Total pot $2.50 | Rake $0 
Seat 2: Mr_Dick666
Seat 1: ghc_2 (big blind) folded before Flop
Seat 3: phqshke folded before Flop (didn't bet)
Seat 4: Supermegopro collected ($2.50)
Seat 5: nastja336 (button) folded before Flop (didn't bet)
Seat 6: Manifestorr (small blind) folded before Flop



PokerStars Hand #254600570713:  Hold'em No Limit ($0.50/$1.00 USD) - 2025/01/28 0:33:01 WET [2025/01/28 19:33:01 ET]
Table 'Antiphos' 6-max Seat #1 is the button
Seat 1: ghc_2 ($104.99 in chips) 
Seat 2: Mr_Dick666 ($100 in chips) 
Seat 3: phqshke ($52.75 in chips) 
Seat 4: Supermegopro ($121.93 in chips) 
Seat 5: nastja336 ($101.50 in chips) 
Seat 6: Manifestorr ($131.10 in chips) 
Mr_Dick666: posts small blind $0.50
phqshke: posts big blind $1
*** HOLE CARDS ***
Supermegopro: folds 
nastja336: folds 
Manifestorr: raises $1.20 to $2.20
ghc_2: calls $2.20
Mr_Dick666: calls $1.70
phqshke: calls $1.20
*** FLOP *** [4h 2c Ts]
Mr_Dick666: checks 
phqshke: bets $2
Manifestorr: folds 
ghc_2: folds 
Mr_Dick666: calls $2
*** TURN *** [4h 2c Ts] [Qc]
Mr_Dick666: checks 
phqshke: bets $6.08
Mr_Dick666: folds 
Uncalled bet ($6.08) returned to phqshke
phqshke collected $12.16 from pot
phqshke: doesn't show hand 
*** SUMMARY ***
Total pot $12.80 | Rake $0.64 
Board [4h 2c Ts Qc]
Seat 1: ghc_2 (button) folded on the Flop
Seat 2: Mr_Dick666 (small blind) folded on the Turn
Seat 3: phqshke (big blind) collected ($12.16)
Seat 4: Supermegopro folded before Flop (didn't bet)
Seat 5: nastja336 folded before Flop (didn't bet)
Seat 6: Manifestorr folded on the Flop



PokerStars Hand #254600584505:  Hold'em No Limit ($0.50/$1.00 USD) - 2025/01/28 0:34:08 WET [2025/01/28 19:34:08 ET]
Table 'Antiphos' 6-max Seat #2 is the button
Seat 1: ghc_2 ($102.79 in chips) 
Seat 2: Mr_Dick666 ($100 in chips) 
Seat 3: phqshke ($60.71 in chips) 
Seat 4: Supermegopro ($121.93 in chips) 
Seat 5: nastja336 ($101.50 in chips) 
Seat 6: Manifestorr ($128.90 in chips) 
phqshke: posts small blind $0.50
Supermegopro: posts big blind $1
*** HOLE CARDS ***
nastja336: folds 
Manifestorr: raises $1.20 to $2.20
ghc_2: folds 
Mr_Dick666: raises $5.30 to $7.50
phqshke: folds 
Supermegopro: folds 
Manifestorr: raises $16.50 to $24
Mr_Dick666: raises $76 to $100 and is all-in
Manifestorr: folds 
Uncalled bet ($76) returned to Mr_Dick666
Mr_Dick666 collected $49.50 from pot
Mr_Dick666: doesn't show hand 
*** SUMMARY ***
Total pot $49.50 | Rake $0 
Seat 1: ghc_2 folded before Flop (didn't bet)
Seat 2: Mr_Dick666 (button) collected ($49.50)
Seat 3: phqshke (small blind) folded before Flop
Seat 4: Supermegopro (big blind) folded before Flop
Seat 5: nastja336 folded before Flop (didn't bet)
Seat 6: Manifestorr folded before Flop



PokerStars Hand #254600593072:  Hold'em No Limit ($0.50/$1.00 USD) - 2025/01/28 0:34:50 WET [2025/01/28 19:34:50 ET]
Table 'Antiphos' 6-max Seat #3 is the button
Seat 1: ghc_2 ($102.79 in chips) 
Seat 2: Mr_Dick666 ($125.50 in chips) 
Seat 3: phqshke ($60.21 in chips) 
Seat 4: Supermegopro ($120.93 in chips) 
Seat 5: nastja336 ($101.50 in chips) 
Seat 6: Manifestorr ($104.90 in chips) 
Supermegopro: posts small blind $0.50
nastja336: posts big blind $1
*** HOLE CARDS ***
Manifestorr: folds 
ghc_2: folds 
Mr_Dick666: folds 
phqshke: raises $2 to $3
Supermegopro: calls $2.50
nastja336: folds 
*** FLOP *** [2c Jc 8h]
Supermegopro: checks 
phqshke: bets $3.33
Supermegopro: folds 
Uncalled bet ($3.33) returned to phqshke
phqshke collected $6.65 from pot
phqshke: doesn't show hand 
*** SUMMARY ***
Total pot $7 | Rake $0.35 
Board [2c Jc 8h]
Seat 1: ghc_2 folded before Flop (didn't bet)
Seat 2: Mr_Dick666 folded before Flop (didn't bet)
Seat 3: phqshke (button) collected ($6.65)
Seat 4: Supermegopro (small blind) folded on the Flop
Seat 5: nastja336 (big blind) folded before Flop
Seat 6: Manifestorr folded before Flop (didn't bet)



PokerStars Hand #254600598165:  Hold'em No Limit ($0.50/$1.00 USD) - 2025/01/28 0:35:15 WET [2025/01/28 19:35:15 ET]
Table 'Antiphos' 6-max Seat #4 is the button
Seat 1: ghc_2 ($102.79 in chips) 
Seat 2: Mr_Dick666 ($125.50 in chips) 
Seat 3: phqshke ($63.86 in chips) 
Seat 4: Supermegopro ($117.93 in chips) 
Seat 5: nastja336 ($100.50 in chips) 
Seat 6: Manifestorr ($104.90 in chips) 
nastja336: posts small blind $0.50
Manifestorr: posts big blind $1
*** HOLE CARDS ***
ghc_2: folds 
Mr_Dick666: folds 
phqshke: calls $1
Supermegopro: folds 
nastja336: folds 
Manifestorr: checks 
*** FLOP *** [Ks 2s Kd]
Manifestorr: checks 
phqshke: checks 
*** TURN *** [Ks 2s Kd] [6c]
Manifestorr: bets $1
phqshke is disconnected 
phqshke is connected 
phqshke: folds 
Uncalled bet ($1) returned to Manifestorr
Manifestorr collected $2.38 from pot
*** SUMMARY ***
Total pot $2.50 | Rake $0.12 
Board [Ks 2s Kd 6c]
Seat 1: ghc_2 folded before Flop (didn't bet)
Seat 2: Mr_Dick666 folded before Flop (didn't bet)
Seat 3: phqshke folded on the Turn
Seat 4: Supermegopro (button) folded before Flop (didn't bet)
Seat 5: nastja336 (small blind) folded before Flop
Seat 6: Manifestorr (big blind) collected ($2.38)



PokerStars Hand #254600607336:  Hold'em No Limit ($0.50/$1.00 USD) - 2025/01/28 0:36:00 WET [2025/01/28 19:36:00 ET]
Table 'Antiphos' 6-max Seat #5 is the button
Seat 1: ghc_2 ($102.79 in chips) 
Seat 2: Mr_Dick666 ($125.50 in chips) 
Seat 3: phqshke ($62.86 in chips) 
Seat 4: Supermegopro ($117.93 in chips) 
Seat 5: nastja336 ($100 in chips) 
Seat 6: Manifestorr ($106.28 in chips) 
Manifestorr: posts small blind $0.50
ghc_2: posts big blind $1
*** HOLE CARDS ***
Mr_Dick666: folds 
phqshke: folds 
Supermegopro: folds 
nastja336: folds 
Manifestorr: raises $2 to $3
ghc_2: folds 
Uncalled bet ($2) returned to Manifestorr
Manifestorr collected $2 from pot
*** SUMMARY ***
Total pot $2 | Rake $0 
Seat 1: ghc_2 (big blind) folded before Flop
Seat 2: Mr_Dick666 folded before Flop (didn't bet)
Seat 3: phqshke folded before Flop (didn't bet)
Seat 4: Supermegopro folded before Flop (didn't bet)
Seat 5: nastja336 (button) folded before Flop (didn't bet)
Seat 6: Manifestorr (small blind) collected ($2)



PokerStars Hand #254600611162:  Hold'em No Limit ($0.50/$1.00 USD) - 2025/01/28 0:36:19 WET [2025/01/28 19:36:19 ET]
Table 'Antiphos' 6-max Seat #6 is the button
Seat 1: ghc_2 ($101.79 in chips) 
Seat 2: Mr_Dick666 ($125.50 in chips) 
Seat 3: phqshke ($62.86 in chips) 
Seat 4: Supermegopro ($117.93 in chips) 
Seat 5: nastja336 ($100 in chips) 
Seat 6: Manifestorr ($107.28 in chips) 
ghc_2: posts small blind $0.50
Mr_Dick666: posts big blind $1
*** HOLE CARDS ***
phqshke: folds 
Supermegopro: folds 
nastja336: raises $1.50 to $2.50
Manifestorr: folds 
ghc_2: folds 
Mr_Dick666: folds 
Uncalled bet ($1.50) returned to nastja336
nastja336 collected $2.50 from pot
nastja336: doesn't show hand 
*** SUMMARY ***
Total pot $2.50 | Rake $0 
Seat 1: ghc_2 (small blind) folded before Flop
Seat 2: Mr_Dick666 (big blind) folded before Flop
Seat 3: phqshke folded before Flop (didn't bet)
Seat 4: Supermegopro folded before Flop (didn't bet)
Seat 5: nastja336 collected ($2.50)
Seat 6: Manifestorr (button) folded before Flop (didn't bet)



PokerStars Hand #254600614225:  Hold'em No Limit ($0.50/$1.00 USD) - 2025/01/28 0:36:34 WET [2025/01/28 19:36:34 ET]
Table 'Antiphos' 6-max Seat #1 is the button
Seat 1: ghc_2 ($101.29 in chips) 
Seat 2: Mr_Dick666 ($124.50 in chips) 
Seat 3: phqshke ($62.86 in chips) 
Seat 4: Supermegopro ($117.93 in chips) 
Seat 5: nastja336 ($101.50 in chips) 
Seat 6: Manifestorr ($107.28 in chips) 
Mr_Dick666: posts small blind $0.50
phqshke: posts big blind $1
*** HOLE CARDS ***
Supermegopro: raises $1.50 to $2.50
nastja336: folds 
Manifestorr: raises $5.50 to $8
ghc_2: raises $8 to $16
Mr_Dick666: folds 
phqshke: folds 
Supermegopro: folds 
Manifestorr: raises $91.28 to $107.28 and is all-in
ghc_2: calls $85.29 and is all-in
Uncalled bet ($5.99) returned to Manifestorr
*** FLOP *** [7s 3s 8d]
*** TURN *** [7s 3s 8d] [7d]
*** RIVER *** [7s 3s 8d 7d] [3h]
*** SHOW DOWN ***
Manifestorr: shows [Kc Kh] (two pair, Kings and Sevens)
ghc_2: shows [Js Jh] (two pair, Jacks and Sevens)
Manifestorr collected $204.08 from pot
*** SUMMARY ***
Total pot $206.58 | Rake $2.50 
Board [7s 3s 8d 7d 3h]
Seat 1: ghc_2 (button) showed [Js Jh] and lost with two pair, Jacks and Sevens
Seat 2: Mr_Dick666 (small blind) folded before Flop
Seat 3: phqshke (big blind) folded before Flop
Seat 4: Supermegopro folded before Flop
Seat 5: nastja336 folded before Flop (didn't bet)
Seat 6: Manifestorr showed [Kc Kh] and won ($204.08) with two pair, Kings and Sevens



PokerStars Hand #254600630792:  Hold'em No Limit ($0.50/$1.00 USD) - 2025/01/28 0:37:57 WET [2025/01/28 19:37:57 ET]
Table 'Antiphos' 6-max Seat #2 is the button
Seat 1: ghc_2 ($100 in chips) 
Seat 2: Mr_Dick666 ($124 in chips) 
Seat 3: phqshke ($61.86 in chips) 
Seat 4: Supermegopro ($115.43 in chips) 
Seat 5: nastja336 ($101.50 in chips) 
Seat 6: Manifestorr ($210.07 in chips) 
phqshke: posts small blind $0.50
Supermegopro: posts big blind $1
*** HOLE CARDS ***
nastja336: folds 
Manifestorr: folds 
ghc_2: raises $1.30 to $2.30
Mr_Dick666: folds 
phqshke: calls $1.80
Supermegopro: calls $1.30
*** FLOP *** [Ah Kc Ac]
phqshke: checks 
Supermegopro: checks 
ghc_2: checks 
*** TURN *** [Ah Kc Ac] [7h]
phqshke: checks 
Supermegopro: checks 
ghc_2: checks 
*** RIVER *** [Ah Kc Ac 7h] [Js]
phqshke: bets $2
Supermegopro: folds 
ghc_2: folds 
Uncalled bet ($2) returned to phqshke
phqshke collected $6.56 from pot
phqshke: doesn't show hand 
*** SUMMARY ***
Total pot $6.90 | Rake $0.34 
Board [Ah Kc Ac 7h Js]
Seat 1: ghc_2 folded on the River
Seat 2: Mr_Dick666 (button) folded before Flop (didn't bet)
Seat 3: phqshke (small blind) collected ($6.56)
Seat 4: Supermegopro (big blind) folded on the River
Seat 5: nastja336 folded before Flop (didn't bet)
Seat 6: Manifestorr folded before Flop (didn't bet)



PokerStars Hand #254600641580:  Hold'em No Limit ($0.50/$1.00 USD) - 2025/01/28 0:38:51 WET [2025/01/28 19:38:51 ET]
Table 'Antiphos' 6-max Seat #3 is the button
Seat 1: ghc_2 ($100 in chips) 
Seat 2: Mr_Dick666 ($124 in chips) 
Seat 3: phqshke ($66.12 in chips) 
Seat 4: Supermegopro ($113.13 in chips) 
Seat 5: nastja336 ($101.50 in chips) 
Seat 6: Manifestorr ($210.07 in chips) 
Supermegopro: posts small blind $0.50
nastja336: posts big blind $1
*** HOLE CARDS ***
Manifestorr: folds 
ghc_2: folds 
Mr_Dick666: raises $1.50 to $2.50
phqshke: calls $2.50
Supermegopro: folds 
nastja336: folds 
*** FLOP *** [2h 6c Jc]
Mr_Dick666: checks 
phqshke: bets $3.09
Mr_Dick666: calls $3.09
*** TURN *** [2h 6c Jc] [As]
Mr_Dick666: checks 
phqshke: checks 
*** RIVER *** [2h 6c Jc As] [Qc]
Mr_Dick666: checks 
phqshke: bets $3
Mr_Dick666: folds 
Uncalled bet ($3) returned to phqshke
phqshke collected $12.05 from pot
phqshke: doesn't show hand 
*** SUMMARY ***
Total pot $12.68 | Rake $0.63 
Board [2h 6c Jc As Qc]
Seat 1: ghc_2 folded before Flop (didn't bet)
Seat 2: Mr_Dick666 folded on the River
Seat 3: phqshke (button) collected ($12.05)
Seat 4: Supermegopro (small blind) folded before Flop
Seat 5: nastja336 (big blind) folded before Flop
Seat 6: Manifestorr folded before Flop (didn't bet)



PokerStars Hand #254600655376:  Hold'em No Limit ($0.50/$1.00 USD) - 2025/01/28 0:40:00 WET [2025/01/28 19:40:00 ET]
Table 'Antiphos' 6-max Seat #4 is the button
Seat 1: ghc_2 ($100 in chips) 
Seat 2: Mr_Dick666 ($118.41 in chips) 
Seat 3: phqshke ($72.58 in chips) 
Seat 4: Supermegopro ($112.63 in chips) 
Seat 5: nastja336 ($100.50 in chips) 
Seat 6: Manifestorr ($210.07 in chips) 
nastja336: posts small blind $0.50
Manifestorr: posts big blind $1
*** HOLE CARDS ***
ghc_2: folds 
Mr_Dick666: folds 
phqshke: raises $1 to $2
Supermegopro: raises $5.50 to $7.50
nastja336: folds 
Manifestorr: folds 
phqshke: calls $5.50
*** FLOP *** [Qs 7h 9h]
phqshke: checks 
Supermegopro: bets $6.27
phqshke: calls $6.27
*** TURN *** [Qs 7h 9h] [6h]
phqshke: checks 
Supermegopro: bets $13.79
phqshke: calls $13.79
*** RIVER *** [Qs 7h 9h 6h] [Ts]
phqshke: checks 
Supermegopro: bets $46
phqshke: calls $45.02 and is all-in
Uncalled bet ($0.98) returned to Supermegopro
*** SHOW DOWN ***
Supermegopro: shows [Th Qh] (a flush, Queen high)
phqshke: shows [Qd Jh] (a pair of Queens)
Supermegopro collected $144.16 from pot
*** SUMMARY ***
Total pot $146.66 | Rake $2.50 
Board [Qs 7h 9h 6h Ts]
Seat 1: ghc_2 folded before Flop (didn't bet)
Seat 2: Mr_Dick666 folded before Flop (didn't bet)
Seat 3: phqshke showed [Qd Jh] and lost with a pair of Queens
Seat 4: Supermegopro (button) showed [Th Qh] and won ($144.16) with a flush, Queen high
Seat 5: nastja336 (small blind) folded before Flop
Seat 6: Manifestorr (big blind) folded before Flop



PokerStars Hand #254600668682:  Hold'em No Limit ($0.50/$1.00 USD) - 2025/01/28 0:41:07 WET [2025/01/28 19:41:07 ET]
Table 'Antiphos' 6-max Seat #5 is the button
Seat 3: phqshke ($0 in chips) is sitting out
Seat 1: ghc_2 ($100 in chips) 
Seat 2: Mr_Dick666 ($118.41 in chips) 
Seat 4: Supermegopro ($184.21 in chips) 
Seat 5: nastja336 ($100 in chips) 
Seat 6: Manifestorr ($209.07 in chips) 
Manifestorr: posts small blind $0.50
ghc_2: posts big blind $1
*** HOLE CARDS ***
Mr_Dick666: folds 
Supermegopro: raises $1.50 to $2.50
nastja336: folds 
Manifestorr: folds 
ghc_2: folds 
Uncalled bet ($1.50) returned to Supermegopro
Supermegopro collected $2.50 from pot
Supermegopro: doesn't show hand 
phqshke leaves the table
*** SUMMARY ***
Total pot $2.50 | Rake $0 
Seat 3: phqshke
Seat 1: ghc_2 (big blind) folded before Flop
Seat 2: Mr_Dick666 folded before Flop (didn't bet)
Seat 4: Supermegopro collected ($2.50)
Seat 5: nastja336 (button) folded before Flop (didn't bet)
Seat 6: Manifestorr (small blind) folded before Flop



PokerStars Hand #254600671665:  Hold'em No Limit ($0.50/$1.00 USD) - 2025/01/28 0:41:22 WET [2025/01/28 19:41:22 ET]
Table 'Antiphos' 6-max Seat #6 is the button
Seat 2: Mr_Dick666 ($118.41 in chips) is sitting out
Seat 1: ghc_2 ($100 in chips) 
Seat 4: Supermegopro ($185.71 in chips) 
Seat 5: nastja336 ($100 in chips) 
Seat 6: Manifestorr ($208.57 in chips) 
ghc_2: posts small blind $0.50
Mr_Dick666: is sitting out 
Supermegopro: posts big blind $1
*** HOLE CARDS ***
Mr_Dick666 leaves the table
nastja336: folds 
nastja336 leaves the table
Manifestorr: raises $1.20 to $2.20
ghc_2: raises $9.30 to $11.50
Supermegopro: folds 
Manifestorr: folds 
Uncalled bet ($9.30) returned to ghc_2
ghc_2 collected $5.40 from pot
ghc_2: doesn't show hand 
*** SUMMARY ***
Total pot $5.40 | Rake $0 
Seat 2: Mr_Dick666
Seat 1: ghc_2 (small blind) collected ($5.40)
Seat 4: Supermegopro (big blind) folded before Flop
Seat 5: nastja336 folded before Flop (didn't bet)
Seat 6: Manifestorr (button) folded before Flop



PokerStars Hand #254600675938:  Hold'em No Limit ($0.50/$1.00 USD) - 2025/01/28 0:41:43 WET [2025/01/28 19:41:43 ET]
Table 'Antiphos' 6-max Seat #4 is the button
Seat 6: Manifestorr ($206.37 in chips) is sitting out
Seat 1: ghc_2 ($103.20 in chips) 
Seat 4: Supermegopro ($184.71 in chips) 
Supermegopro: posts small blind $0.50
Manifestorr: is sitting out 
ghc_2: posts big blind $1
*** HOLE CARDS ***
Supermegopro: raises $1.50 to $2.50
ghc_2: folds 
Uncalled bet ($1.50) returned to Supermegopro
Supermegopro collected $2 from pot
Supermegopro: doesn't show hand 
Manifestorr leaves the table
*** SUMMARY ***
Total pot $2 | Rake $0 
Seat 6: Manifestorr
Seat 1: ghc_2 (big blind) folded before Flop
Seat 4: Supermegopro (button) (small blind) collected ($2)



PokerStars Hand #254600677484:  Hold'em No Limit ($0.50/$1.00 USD) - 2025/01/28 0:41:51 WET [2025/01/28 19:41:51 ET]
Table 'Antiphos' 6-max Seat #1 is the button
Seat 1: ghc_2 ($102.20 in chips) 
Seat 4: Supermegopro ($185.71 in chips) 
ghc_2: posts small blind $0.50
Supermegopro: posts big blind $1
*** HOLE CARDS ***
ghc_2: raises $1.40 to $2.40
Supermegopro: folds 
Uncalled bet ($1.40) returned to ghc_2
ghc_2 collected $2 from pot
ghc_2: doesn't show hand 
*** SUMMARY ***
Total pot $2 | Rake $0 
Seat 1: ghc_2 (button) (small blind) collected ($2)
Seat 4: Supermegopro (big blind) folded before Flop



PokerStars Hand #254600499578:  Hold'em No Limit ($0.50/$1.00 USD) - 2025/01/28 0:27:15 WET [2025/01/28 19:27:15 ET]
Table 'Antiphos' 6-max Seat #4 is the button
Seat 1: ghc_2 ($100 in chips) 
Seat 2: Mr_Dick666 ($100.75 in chips) 
Seat 3: phqshke ($63.89 in chips) 
Seat 4: Supermegopro ($124.73 in chips) 
Seat 5: nastja336 ($100.30 in chips) 
Seat 6: Manifestorr ($114.42 in chips) 
nastja336: posts small blind $0.50
Manifestorr: posts big blind $1
*** HOLE CARDS ***
ghc_2: folds 
Mr_Dick666: folds 
phqshke: raises $1 to $2
Supermegopro: calls $2
nastja336: folds 
Manifestorr: calls $1
*** FLOP *** [Ac Jh 8c]
Manifestorr: checks 
phqshke: bets $3
Supermegopro: calls $3
Manifestorr: calls $3
*** TURN *** [Ac Jh 8c] [6d]
Manifestorr: checks 
phqshke: checks 
Supermegopro: checks 
*** RIVER *** [Ac Jh 8c 6d] [2d]
Manifestorr: bets $19.87
phqshke: folds 
Supermegopro: folds 
Uncalled bet ($19.87) returned to Manifestorr
Manifestorr collected $14.72 from pot
*** SUMMARY ***
Total pot $15.50 | Rake $0.78 
Board [Ac Jh 8c 6d 2d]
Seat 1: ghc_2 folded before Flop (didn't bet)
Seat 2: Mr_Dick666 folded before Flop (didn't bet)
Seat 3: phqshke folded on the River
Seat 4: Supermegopro (button) folded on the River
Seat 5: nastja336 (small blind) folded before Flop
Seat 6: Manifestorr (big blind) collected ($14.72)



PokerStars Hand #254600506897:  Hold'em No Limit ($0.50/$1.00 USD) - 2025/01/28 0:27:51 WET [2025/01/28 19:27:51 ET]
Table 'Antiphos' 6-max Seat #5 is the button
Seat 1: ghc_2 ($100 in chips) 
Seat 2: Mr_Dick666 ($100.75 in chips) 
Seat 3: phqshke ($58.89 in chips) 
Seat 4: Supermegopro ($119.73 in chips) 
Seat 5: nastja336 ($100 in chips) 
Seat 6: Manifestorr ($124.14 in chips) 
Manifestorr: posts small blind $0.50
ghc_2: posts big blind $1
*** HOLE CARDS ***
Mr_Dick666: raises $1 to $2
phqshke: folds 
Supermegopro: folds 
nastja336: folds 
Manifestorr: folds 
ghc_2: raises $10 to $12
Mr_Dick666: folds 
Uncalled bet ($10) returned to ghc_2
ghc_2 collected $4.50 from pot
ghc_2: doesn't show hand 
*** SUMMARY ***
Total pot $4.50 | Rake $0 
Seat 1: ghc_2 (big blind) collected ($4.50)
Seat 2: Mr_Dick666 folded before Flop
Seat 3: phqshke folded before Flop (didn't bet)
Seat 4: Supermegopro folded before Flop (didn't bet)
Seat 5: nastja336 (button) folded before Flop (didn't bet)
Seat 6: Manifestorr (small blind) folded before Flop



PokerStars Hand #254600512830:  Hold'em No Limit ($0.50/$1.00 USD) - 2025/01/28 0:28:19 WET [2025/01/28 19:28:19 ET]
Table 'Antiphos' 6-max Seat #6 is the button
Seat 1: ghc_2 ($102.50 in chips) 
Seat 2: Mr_Dick666 ($100 in chips) 
Seat 3: phqshke ($58.89 in chips) 
Seat 4: Supermegopro ($119.73 in chips) 
Seat 5: nastja336 ($100 in chips) 
Seat 6: Manifestorr ($123.64 in chips) 
ghc_2: posts small blind $0.50
Mr_Dick666: posts big blind $1
*** HOLE CARDS ***
phqshke: folds 
Supermegopro: folds 
nastja336: folds 
Manifestorr: folds 
ghc_2: raises $2 to $3
Mr_Dick666: calls $2
*** FLOP *** [Qc 3d 7s]
ghc_2: bets $1.43
Mr_Dick666: calls $1.43
*** TURN *** [Qc 3d 7s] [Jh]
ghc_2: bets $15.58
Mr_Dick666: folds 
Uncalled bet ($15.58) returned to ghc_2
ghc_2 collected $8.42 from pot
ghc_2: doesn't show hand 
*** SUMMARY ***
Total pot $8.86 | Rake $0.44 
Board [Qc 3d 7s Jh]
Seat 1: ghc_2 (small blind) collected ($8.42)
Seat 2: Mr_Dick666 (big blind) folded on the Turn
Seat 3: phqshke folded before Flop (didn't bet)
Seat 4: Supermegopro folded before Flop (didn't bet)
Seat 5: nastja336 folded before Flop (didn't bet)
Seat 6: Manifestorr (button) folded before Flop (didn't bet)



PokerStars Hand #254600523394:  Hold'em No Limit ($0.50/$1.00 USD) - 2025/01/28 0:29:10 WET [2025/01/28 19:29:10 ET]
Table 'Antiphos' 6-max Seat #1 is the button
Seat 1: ghc_2 ($106.49 in chips) 
Seat 2: Mr_Dick666 ($100 in chips) 
Seat 3: phqshke ($58.89 in chips) 
Seat 4: Supermegopro ($119.73 in chips) 
Seat 5: nastja336 ($100 in chips) 
Seat 6: Manifestorr ($123.64 in chips) 
Mr_Dick666: posts small blind $0.50
phqshke: posts big blind $1
*** HOLE CARDS ***
Supermegopro: folds 
nastja336: folds 
Manifestorr: folds 
ghc_2: folds 
Mr_Dick666: raises $2 to $3
phqshke: calls $2
*** FLOP *** [Ac 3d 5c]
Mr_Dick666: checks 
phqshke: checks 
*** TURN *** [Ac 3d 5c] [Jd]
Mr_Dick666: bets $3.82
phqshke: calls $3.82
*** RIVER *** [Ac 3d 5c Jd] [9d]
Mr_Dick666: bets $93.18 and is all-in
phqshke: folds 
Uncalled bet ($93.18) returned to Mr_Dick666
Mr_Dick666 collected $12.96 from pot
Mr_Dick666: doesn't show hand 
*** SUMMARY ***
Total pot $13.64 | Rake $0.68 
Board [Ac 3d 5c Jd 9d]
Seat 1: ghc_2 (button) folded before Flop (didn't bet)
Seat 2: Mr_Dick666 (small blind) collected ($12.96)
Seat 3: phqshke (big blind) folded on the River
Seat 4: Supermegopro folded before Flop (didn't bet)
Seat 5: nastja336 folded before Flop (didn't bet)
Seat 6: Manifestorr folded before Flop (didn't bet)



PokerStars Hand #254600529446:  Hold'em No Limit ($0.50/$1.00 USD) - 2025/01/28 0:29:39 WET [2025/01/28 19:29:39 ET]
Table 'Antiphos' 6-max Seat #2 is the button
Seat 1: ghc_2 ($106.49 in chips) 
Seat 2: Mr_Dick666 ($106.14 in chips) 
Seat 3: phqshke ($52.07 in chips) 
Seat 4: Supermegopro ($119.73 in chips) 
Seat 5: nastja336 ($100 in chips) 
Seat 6: Manifestorr ($123.64 in chips) 
phqshke: posts small blind $0.50
Supermegopro: posts big blind $1
*** HOLE CARDS ***
nastja336: folds 
Manifestorr: folds 
ghc_2: folds 
Mr_Dick666: folds 
phqshke: raises $2 to $3
Supermegopro: calls $2
*** FLOP *** [As 2d Jd]
phqshke: checks 
Supermegopro: bets $3.80
phqshke: folds 
Uncalled bet ($3.80) returned to Supermegopro
Supermegopro collected $5.70 from pot
Supermegopro: doesn't show hand 
*** SUMMARY ***
Total pot $6 | Rake $0.30 
Board [As 2d Jd]
Seat 1: ghc_2 folded before Flop (didn't bet)
Seat 2: Mr_Dick666 (button) folded before Flop (didn't bet)
Seat 3: phqshke (small blind) folded on the Flop
Seat 4: Supermegopro (big blind) collected ($5.70)
Seat 5: nastja336 folded before Flop (didn't bet)
Seat 6: Manifestorr folded before Flop (didn't bet)



PokerStars Hand #254600534583:  Hold'em No Limit ($0.50/$1.00 USD) - 2025/01/28 0:30:04 WET [2025/01/28 19:30:04 ET]
Table 'Antiphos' 6-max Seat #3 is the button
Seat 1: ghc_2 ($106.49 in chips) 
Seat 2: Mr_Dick666 ($106.14 in chips) 
Seat 3: phqshke ($49.07 in chips) 
Seat 4: Supermegopro ($122.43 in chips) 
Seat 5: nastja336 ($100 in chips) 
Seat 6: Manifestorr ($123.64 in chips) 
Supermegopro: posts small blind $0.50
nastja336: posts big blind $1
*** HOLE CARDS ***
Manifestorr: folds 
ghc_2: folds 
Mr_Dick666: raises $1.50 to $2.50
phqshke: calls $2.50
Supermegopro: folds 
nastja336: folds 
*** FLOP *** [2d Ts 7s]
Mr_Dick666: checks 
phqshke: checks 
*** TURN *** [2d Ts 7s] [Qs]
Mr_Dick666: checks 
phqshke: bets $3
Mr_Dick666: folds 
Uncalled bet ($3) returned to phqshke
phqshke collected $6.18 from pot
phqshke: doesn't show hand 
*** SUMMARY ***
Total pot $6.50 | Rake $0.32 
Board [2d Ts 7s Qs]
Seat 1: ghc_2 folded before Flop (didn't bet)
Seat 2: Mr_Dick666 folded on the Turn
Seat 3: phqshke (button) collected ($6.18)
Seat 4: Supermegopro (small blind) folded before Flop
Seat 5: nastja336 (big blind) folded before Flop
Seat 6: Manifestorr folded before Flop (didn't bet)



PokerStars Hand #254600543565:  Hold'em No Limit ($0.50/$1.00 USD) - 2025/01/28 0:30:48 WET [2025/01/28 19:30:48 ET]
Table 'Antiphos' 6-max Seat #4 is the button
Seat 1: ghc_2 ($106.49 in chips) 
Seat 2: Mr_Dick666 ($103.64 in chips) 
Seat 3: phqshke ($52.75 in chips) 
Seat 4: Supermegopro ($121.93 in chips) 
Seat 5: nastja336 ($100 in chips) 
Seat 6: Manifestorr ($123.64 in chips) 
nastja336: posts small blind $0.50
Manifestorr: posts big blind $1
*** HOLE CARDS ***
ghc_2: folds 
Mr_Dick666: raises $1 to $2
phqshke: folds 
Supermegopro: folds 
nastja336: folds 
Manifestorr: folds 
Uncalled bet ($1) returned to Mr_Dick666
Mr_Dick666 collected $2.50 from pot
Mr_Dick666: doesn't show hand 
*** SUMMARY ***
Total pot $2.50 | Rake $0 
Seat 1: ghc_2 folded before Flop (didn't bet)
Seat 2: Mr_Dick666 collected ($2.50)
Seat 3: phqshke folded before Flop (didn't bet)
Seat 4: Supermegopro (button) folded before Flop (didn't bet)
Seat 5: nastja336 (small blind) folded before Flop
Seat 6: Manifestorr (big blind) folded before Flop



PokerStars Hand #254600545865:  Hold'em No Limit ($0.50/$1.00 USD) - 2025/01/28 0:31:00 WET [2025/01/28 19:31:00 ET]
Table 'Antiphos' 6-max Seat #5 is the button
Seat 1: ghc_2 ($106.49 in chips) 
Seat 2: Mr_Dick666 ($105.14 in chips) 
Seat 3: phqshke ($52.75 in chips) 
Seat 4: Supermegopro ($121.93 in chips) 
Seat 5: nastja336 ($100 in chips) 
Seat 6: Manifestorr ($122.64 in chips) 
Manifestorr: posts small blind $0.50
ghc_2: posts big blind $1
*** HOLE CARDS ***
Mr_Dick666: folds 
phqshke: folds 
Supermegopro: folds 
nastja336: raises $1.50 to $2.50
Manifestorr: folds 
ghc_2: folds 
Uncalled bet ($1.50) returned to nastja336
nastja336 collected $2.50 from pot
nastja336: doesn't show hand 
*** SUMMARY ***
Total pot $2.50 | Rake $0 
Seat 1: ghc_2 (big blind) folded before Flop
Seat 2: Mr_Dick666 folded before Flop (didn't bet)
Seat 3: phqshke folded before Flop (didn't bet)
Seat 4: Supermegopro folded before Flop (didn't bet)
Seat 5: nastja336 (button) collected ($2.50)
Seat 6: Manifestorr (small blind) folded before Flop



PokerStars Hand #254600548998:  Hold'em No Limit ($0.50/$1.00 USD) - 2025/01/28 0:31:15 WET [2025/01/28 19:31:15 ET]
Table 'Antiphos' 6-max Seat #6 is the button
Seat 1: ghc_2 ($105.49 in chips) 
Seat 2: Mr_Dick666 ($105.14 in chips) 
Seat 3: phqshke ($52.75 in chips) 
Seat 4: Supermegopro ($121.93 in chips) 
Seat 5: nastja336 ($101.50 in chips) 
Seat 6: Manifestorr ($122.14 in chips) 
ghc_2: posts small blind $0.50
Mr_Dick666: posts big blind $1
*** HOLE CARDS ***
phqshke: folds 
Supermegopro: folds 
nastja336: folds 
Manifestorr: raises $1.20 to $2.20
ghc_2: folds 
Mr_Dick666: calls $1.20
*** FLOP *** [4d As 9c]
Mr_Dick666: checks 
Manifestorr: bets $1.54
Mr_Dick666: calls $1.54
*** TURN *** [4d As 9c] [Qh]
Mr_Dick666: checks 
Manifestorr: bets $5.69
Mr_Dick666: calls $5.69
*** RIVER *** [4d As 9c Qh] [8s]
Mr_Dick666: checks 
Manifestorr: bets $25.33
Mr_Dick666: folds 
Uncalled bet ($25.33) returned to Manifestorr
Manifestorr collected $18.39 from pot
*** SUMMARY ***
Total pot $19.36 | Rake $0.97 
Board [4d As 9c Qh 8s]
Seat 1: ghc_2 (small blind) folded before Flop
Seat 2: Mr_Dick666 (big blind) folded on the River
Seat 3: phqshke folded before Flop (didn't bet)
Seat 4: Supermegopro folded before Flop (didn't bet)
Seat 5: nastja336 folded before Flop (didn't bet)
Seat 6: Manifestorr (button) collected ($18.39)



