PokerStars Hand #254600504305:  Hold'em No Limit ($0.50/$1.00 USD) - 2025/01/28 0:27:38 WET [2025/01/28 19:27:38 ET]
Table 'Heidelberga' 6-max Seat #5 is the button
Seat 1: XneferX ($100 in chips) 
Seat 2: Nicedaymybro ($100 in chips) 
Seat 3: Supermegopro ($100 in chips) 
Seat 4: AlbertaPrime ($88.15 in chips) 
Seat 5: nastja336 ($100 in chips) 
Seat 6: Espada Fish ($100 in chips) 
Espada Fish: posts small blind $0.50
XneferX: posts big blind $1
*** HOLE CARDS ***
Nicedaymybro: folds 
Supermegopro: raises $1.50 to $2.50
AlbertaPrime: calls $2.50
nastja336: calls $2.50
Espada Fish: folds 
XneferX: folds 
*** FLOP *** [8d 5d 7h]
Supermegopro: checks 
AlbertaPrime: bets $4.28
nastja336: calls $4.28
Supermegopro: calls $4.28
*** TURN *** [8d 5d 7h] [3d]
Supermegopro: checks 
AlbertaPrime: checks 
nastja336: checks 
*** RIVER *** [8d 5d 7h 3d] [3s]
Supermegopro: bets $13.83
AlbertaPrime: raises $67.54 to $81.37 and is all-in
nastja336: folds 
Supermegopro: folds 
Uncalled bet ($67.54) returned to AlbertaPrime
AlbertaPrime collected $47.02 from pot
*** SUMMARY ***
Total pot $49.50 | Rake $2.48 
Board [8d 5d 7h 3d 3s]
Seat 1: XneferX (big blind) folded before Flop
Seat 2: Nicedaymybro folded before Flop (didn't bet)
Seat 3: Supermegopro folded on the River
Seat 4: AlbertaPrime collected ($47.02)
Seat 5: nastja336 (button) folded on the River
Seat 6: Espada Fish (small blind) folded before Flop



PokerStars Hand #254600516630:  Hold'em No Limit ($0.50/$1.00 USD) - 2025/01/28 0:28:37 WET [2025/01/28 19:28:37 ET]
Table 'Heidelberga' 6-max Seat #6 is the button
Seat 1: XneferX ($100 in chips) 
Seat 2: Nicedaymybro ($100 in chips) 
Seat 3: Supermegopro ($100 in chips) 
Seat 4: AlbertaPrime ($114.56 in chips) 
Seat 5: nastja336 ($100 in chips) 
Seat 6: Espada Fish ($100 in chips) 
XneferX: posts small blind $0.50
Nicedaymybro: posts big blind $1
*** HOLE CARDS ***
Supermegopro: raises $1.50 to $2.50
AlbertaPrime: raises $1.50 to $4
nastja336: folds 
Espada Fish: folds 
XneferX: folds 
Nicedaymybro: raises $12 to $16
Supermegopro: folds 
AlbertaPrime: folds 
Uncalled bet ($12) returned to Nicedaymybro
Nicedaymybro collected $11 from pot
Nicedaymybro: doesn't show hand 
*** SUMMARY ***
Total pot $11 | Rake $0 
Seat 1: XneferX (small blind) folded before Flop
Seat 2: Nicedaymybro (big blind) collected ($11)
Seat 3: Supermegopro folded before Flop
Seat 4: AlbertaPrime folded before Flop
Seat 5: nastja336 folded before Flop (didn't bet)
Seat 6: Espada Fish (button) folded before Flop (didn't bet)



PokerStars Hand #254600521682:  Hold'em No Limit ($0.50/$1.00 USD) - 2025/01/28 0:29:01 WET [2025/01/28 19:29:01 ET]
Table 'Heidelberga' 6-max Seat #1 is the button
Seat 1: XneferX ($100 in chips) 
Seat 2: Nicedaymybro ($107 in chips) 
Seat 3: Supermegopro ($100 in chips) 
Seat 4: AlbertaPrime ($110.56 in chips) 
Seat 5: nastja336 ($100 in chips) 
Seat 6: Espada Fish ($100 in chips) 
Nicedaymybro: posts small blind $0.50
Supermegopro: posts big blind $1
*** HOLE CARDS ***
AlbertaPrime: raises $2.50 to $3.50
nastja336: folds 
Espada Fish: folds 
XneferX: folds 
Nicedaymybro: folds 
Supermegopro: calls $2.50
*** FLOP *** [3h 6h Kd]
Supermegopro: checks 
AlbertaPrime: bets $7.12
Supermegopro: folds 
Uncalled bet ($7.12) returned to AlbertaPrime
AlbertaPrime collected $7.12 from pot
*** SUMMARY ***
Total pot $7.50 | Rake $0.38 
Board [3h 6h Kd]
Seat 1: XneferX (button) folded before Flop (didn't bet)
Seat 2: Nicedaymybro (small blind) folded before Flop
Seat 3: Supermegopro (big blind) folded on the Flop
Seat 4: AlbertaPrime collected ($7.12)
Seat 5: nastja336 folded before Flop (didn't bet)
Seat 6: Espada Fish folded before Flop (didn't bet)



PokerStars Hand #254600527217:  Hold'em No Limit ($0.50/$1.00 USD) - 2025/01/28 0:29:28 WET [2025/01/28 19:29:28 ET]
Table 'Heidelberga' 6-max Seat #2 is the button
Seat 1: XneferX ($100 in chips) 
Seat 2: Nicedaymybro ($106.50 in chips) 
Seat 3: Supermegopro ($100 in chips) 
Seat 4: AlbertaPrime ($114.18 in chips) 
Seat 5: nastja336 ($100 in chips) 
Seat 6: Espada Fish ($100 in chips) 
Supermegopro: posts small blind $0.50
AlbertaPrime: posts big blind $1
*** HOLE CARDS ***
nastja336: raises $1.50 to $2.50
Espada Fish: folds 
XneferX: folds 
Nicedaymybro: folds 
Supermegopro: folds 
AlbertaPrime: calls $1.50
*** FLOP *** [5h 2h Qc]
AlbertaPrime: bets $5.22
nastja336: calls $5.22
*** TURN *** [5h 2h Qc] [6s]
AlbertaPrime: checks 
nastja336: checks 
*** RIVER *** [5h 2h Qc 6s] [8c]
AlbertaPrime: bets $7.57
nastja336: calls $7.57
*** SHOW DOWN ***
AlbertaPrime: shows [5c Ad] (a pair of Fives)
nastja336: shows [Jc Jh] (a pair of Jacks)
nastja336 collected $29.53 from pot
*** SUMMARY ***
Total pot $31.08 | Rake $1.55 
Board [5h 2h Qc 6s 8c]
Seat 1: XneferX folded before Flop (didn't bet)
Seat 2: Nicedaymybro (button) folded before Flop (didn't bet)
Seat 3: Supermegopro (small blind) folded before Flop
Seat 4: AlbertaPrime (big blind) showed [5c Ad] and lost with a pair of Fives
Seat 5: nastja336 showed [Jc Jh] and won ($29.53) with a pair of Jacks
Seat 6: Espada Fish folded before Flop (didn't bet)



PokerStars Hand #254600534324:  Hold'em No Limit ($0.50/$1.00 USD) - 2025/01/28 0:30:03 WET [2025/01/28 19:30:03 ET]
Table 'Heidelberga' 6-max Seat #3 is the button
Seat 2: Nicedaymybro ($106.50 in chips) is sitting out
Seat 1: XneferX ($100 in chips) 
Seat 3: Supermegopro ($100 in chips) 
Seat 4: AlbertaPrime ($98.89 in chips) 
Seat 5: nastja336 ($114.24 in chips) 
Seat 6: Espada Fish ($100 in chips) 
AlbertaPrime: posts small blind $0.50
nastja336: posts big blind $1
*** HOLE CARDS ***
Espada Fish: folds 
XneferX: raises $1.30 to $2.30
Supermegopro: calls $2.30
AlbertaPrime: calls $1.80
nastja336: calls $1.30
*** FLOP *** [Kc Jh 9s]
AlbertaPrime: checks 
nastja336: checks 
XneferX: checks 
Supermegopro: checks 
*** TURN *** [Kc Jh 9s] [8d]
AlbertaPrime: checks 
nastja336: checks 
XneferX: checks 
Supermegopro: bets $4.83
AlbertaPrime: folds 
nastja336: folds 
XneferX: folds 
Uncalled bet ($4.83) returned to Supermegopro
Supermegopro collected $8.74 from pot
Supermegopro: doesn't show hand 
*** SUMMARY ***
Total pot $9.20 | Rake $0.46 
Board [Kc Jh 9s 8d]
Seat 2: Nicedaymybro
Seat 1: XneferX folded on the Turn
Seat 3: Supermegopro (button) collected ($8.74)
Seat 4: AlbertaPrime (small blind) folded on the Turn
Seat 5: nastja336 (big blind) folded on the Turn
Seat 6: Espada Fish folded before Flop (didn't bet)



PokerStars Hand #254600552773:  Hold'em No Limit ($0.50/$1.00 USD) - 2025/01/28 0:31:33 WET [2025/01/28 19:31:33 ET]
Table 'Heidelberga' 6-max Seat #4 is the button
Seat 2: Nicedaymybro ($106.50 in chips) is sitting out
Seat 1: XneferX ($100 in chips) 
Seat 3: Supermegopro ($106.44 in chips) 
Seat 4: AlbertaPrime ($96.59 in chips) 
Seat 5: nastja336 ($111.94 in chips) 
Seat 6: Espada Fish ($100 in chips) 
nastja336: posts small blind $0.50
Espada Fish: posts big blind $1
*** HOLE CARDS ***
XneferX: folds 
Supermegopro: folds 
AlbertaPrime: folds 
nastja336: raises $2 to $3
Espada Fish: raises $7 to $10
nastja336: folds 
Uncalled bet ($7) returned to Espada Fish
Espada Fish collected $6 from pot
Espada Fish: doesn't show hand 
*** SUMMARY ***
Total pot $6 | Rake $0 
Seat 2: Nicedaymybro
Seat 1: XneferX folded before Flop (didn't bet)
Seat 3: Supermegopro folded before Flop (didn't bet)
Seat 4: AlbertaPrime (button) folded before Flop (didn't bet)
Seat 5: nastja336 (small blind) folded before Flop
Seat 6: Espada Fish (big blind) collected ($6)



PokerStars Hand #254600558337:  Hold'em No Limit ($0.50/$1.00 USD) - 2025/01/28 0:32:01 WET [2025/01/28 19:32:01 ET]
Table 'Heidelberga' 6-max Seat #5 is the button
Seat 2: Nicedaymybro ($106.50 in chips) is sitting out
Seat 1: XneferX ($100 in chips) 
Seat 3: Supermegopro ($106.44 in chips) 
Seat 4: AlbertaPrime ($96.59 in chips) 
Seat 5: nastja336 ($108.94 in chips) 
Seat 6: Espada Fish ($103 in chips) 
Espada Fish: posts small blind $0.50
XneferX: posts big blind $1
*** HOLE CARDS ***
Supermegopro: folds 
AlbertaPrime: raises $2 to $3
nastja336: folds 
Espada Fish: folds 
XneferX: calls $2
*** FLOP *** [9c 2d 2s]
XneferX: checks 
AlbertaPrime: checks 
*** TURN *** [9c 2d 2s] [Qs]
XneferX: checks 
AlbertaPrime: bets $5
XneferX: calls $5
*** RIVER *** [9c 2d 2s Qs] [Ad]
XneferX: checks 
AlbertaPrime: bets $15.68
XneferX: folds 
Uncalled bet ($15.68) returned to AlbertaPrime
AlbertaPrime collected $15.68 from pot
*** SUMMARY ***
Total pot $16.50 | Rake $0.82 
Board [9c 2d 2s Qs Ad]
Seat 2: Nicedaymybro
Seat 1: XneferX (big blind) folded on the River
Seat 3: Supermegopro folded before Flop (didn't bet)
Seat 4: AlbertaPrime collected ($15.68)
Seat 5: nastja336 (button) folded before Flop (didn't bet)
Seat 6: Espada Fish (small blind) folded before Flop



PokerStars Hand #254600580391:  Hold'em No Limit ($0.50/$1.00 USD) - 2025/01/28 0:33:48 WET [2025/01/28 19:33:48 ET]
Table 'Heidelberga' 6-max Seat #6 is the button
Seat 2: Nicedaymybro ($106.50 in chips) is sitting out
Seat 1: XneferX ($100 in chips) 
Seat 3: Supermegopro ($106.44 in chips) 
Seat 4: AlbertaPrime ($104.27 in chips) 
Seat 5: nastja336 ($108.94 in chips) 
Seat 6: Espada Fish ($102.50 in chips) 
XneferX: posts small blind $0.50
Supermegopro: posts big blind $1
*** HOLE CARDS ***
AlbertaPrime: folds 
nastja336: folds 
Espada Fish: folds 
XneferX: folds 
Uncalled bet ($0.50) returned to Supermegopro
Supermegopro collected $1 from pot
Supermegopro: doesn't show hand 
*** SUMMARY ***
Total pot $1 | Rake $0 
Seat 2: Nicedaymybro
Seat 1: XneferX (small blind) folded before Flop
Seat 3: Supermegopro (big blind) collected ($1)
Seat 4: AlbertaPrime folded before Flop (didn't bet)
Seat 5: nastja336 folded before Flop (didn't bet)
Seat 6: Espada Fish (button) folded before Flop (didn't bet)



PokerStars Hand #254600583018:  Hold'em No Limit ($0.50/$1.00 USD) - 2025/01/28 0:34:01 WET [2025/01/28 19:34:01 ET]
Table 'Heidelberga' 6-max Seat #1 is the button
Seat 2: Nicedaymybro ($106.50 in chips) is sitting out
Seat 1: XneferX ($100 in chips) 
Seat 3: Supermegopro ($106.94 in chips) 
Seat 4: AlbertaPrime ($104.27 in chips) 
Seat 5: nastja336 ($108.94 in chips) 
Seat 6: Espada Fish ($102.50 in chips) 
Supermegopro: posts small blind $0.50
AlbertaPrime: posts big blind $1
*** HOLE CARDS ***
nastja336: folds 
Espada Fish: folds 
XneferX: raises $1.77 to $2.77
Supermegopro: folds 
AlbertaPrime: calls $1.77
*** FLOP *** [Kh 3h 8h]
AlbertaPrime: checks 
XneferX: bets $1.20
AlbertaPrime: raises $3.80 to $5
XneferX: folds 
Uncalled bet ($3.80) returned to AlbertaPrime
AlbertaPrime collected $8.02 from pot
*** SUMMARY ***
Total pot $8.44 | Rake $0.42 
Board [Kh 3h 8h]
Seat 2: Nicedaymybro
Seat 1: XneferX (button) folded on the Flop
Seat 3: Supermegopro (small blind) folded before Flop
Seat 4: AlbertaPrime (big blind) collected ($8.02)
Seat 5: nastja336 folded before Flop (didn't bet)
Seat 6: Espada Fish folded before Flop (didn't bet)



PokerStars Hand #254600591846:  Hold'em No Limit ($0.50/$1.00 USD) - 2025/01/28 0:34:44 WET [2025/01/28 19:34:44 ET]
Table 'Heidelberga' 6-max Seat #3 is the button
Seat 1: XneferX ($100 in chips) 
Seat 2: Nicedaymybro ($106.50 in chips) 
Seat 3: Supermegopro ($106.44 in chips) 
Seat 4: AlbertaPrime ($108.32 in chips) 
Seat 5: nastja336 ($108.94 in chips) 
Seat 6: Espada Fish ($102.50 in chips) 
AlbertaPrime: posts small blind $0.50
nastja336: posts big blind $1
Nicedaymybro: posts small & big blinds $1.50
*** HOLE CARDS ***
Espada Fish: folds 
XneferX: raises $1.10 to $2.10
Nicedaymybro: calls $1.10
Supermegopro: folds 
AlbertaPrime: calls $1.60
nastja336: folds 
*** FLOP *** [3c 9d Tc]
AlbertaPrime: bets $4
XneferX: folds 
Nicedaymybro: folds 
Uncalled bet ($4) returned to AlbertaPrime
AlbertaPrime collected $7.41 from pot
*** SUMMARY ***
Total pot $7.80 | Rake $0.39 
Board [3c 9d Tc]
Seat 1: XneferX folded on the Flop
Seat 2: Nicedaymybro folded on the Flop
Seat 3: Supermegopro (button) folded before Flop (didn't bet)
Seat 4: AlbertaPrime (small blind) collected ($7.41)
Seat 5: nastja336 (big blind) folded before Flop
Seat 6: Espada Fish folded before Flop (didn't bet)



PokerStars Hand #254600599864:  Hold'em No Limit ($0.50/$1.00 USD) - 2025/01/28 0:35:24 WET [2025/01/28 19:35:24 ET]
Table 'Heidelberga' 6-max Seat #4 is the button
Seat 1: XneferX ($100 in chips) 
Seat 2: Nicedaymybro ($103.90 in chips) 
Seat 3: Supermegopro ($106.44 in chips) 
Seat 4: AlbertaPrime ($113.63 in chips) 
Seat 5: nastja336 ($107.94 in chips) 
Seat 6: Espada Fish ($102.50 in chips) 
nastja336: posts small blind $0.50
Espada Fish: posts big blind $1
*** HOLE CARDS ***
XneferX: folds 
Nicedaymybro: folds 
Supermegopro: folds 
AlbertaPrime: raises $3 to $4
nastja336: folds 
Espada Fish: folds 
Uncalled bet ($3) returned to AlbertaPrime
AlbertaPrime collected $2.50 from pot
*** SUMMARY ***
Total pot $2.50 | Rake $0 
Seat 1: XneferX folded before Flop (didn't bet)
Seat 2: Nicedaymybro folded before Flop (didn't bet)
Seat 3: Supermegopro folded before Flop (didn't bet)
Seat 4: AlbertaPrime (button) collected ($2.50)
Seat 5: nastja336 (small blind) folded before Flop
Seat 6: Espada Fish (big blind) folded before Flop



PokerStars Hand #254600604489:  Hold'em No Limit ($0.50/$1.00 USD) - 2025/01/28 0:35:46 WET [2025/01/28 19:35:46 ET]
Table 'Heidelberga' 6-max Seat #5 is the button
Seat 1: XneferX ($100 in chips) 
Seat 2: Nicedaymybro ($103.90 in chips) 
Seat 3: Supermegopro ($106.44 in chips) 
Seat 4: AlbertaPrime ($115.13 in chips) 
Seat 5: nastja336 ($107.44 in chips) 
Seat 6: Espada Fish ($101.50 in chips) 
Espada Fish: posts small blind $0.50
XneferX: posts big blind $1
*** HOLE CARDS ***
Nicedaymybro: folds 
Supermegopro: folds 
AlbertaPrime: raises $2 to $3
nastja336: folds 
Espada Fish: folds 
XneferX: calls $2
*** FLOP *** [Th Ah 4h]
XneferX: checks 
AlbertaPrime: checks 
*** TURN *** [Th Ah 4h] [9d]
XneferX: checks 
AlbertaPrime: bets $4
XneferX: folds 
Uncalled bet ($4) returned to AlbertaPrime
AlbertaPrime collected $6.18 from pot
*** SUMMARY ***
Total pot $6.50 | Rake $0.32 
Board [Th Ah 4h 9d]
Seat 1: XneferX (big blind) folded on the Turn
Seat 2: Nicedaymybro folded before Flop (didn't bet)
Seat 3: Supermegopro folded before Flop (didn't bet)
Seat 4: AlbertaPrime collected ($6.18)
Seat 5: nastja336 (button) folded before Flop (didn't bet)
Seat 6: Espada Fish (small blind) folded before Flop



PokerStars Hand #254600615238:  Hold'em No Limit ($0.50/$1.00 USD) - 2025/01/28 0:36:39 WET [2025/01/28 19:36:39 ET]
Table 'Heidelberga' 6-max Seat #6 is the button
Seat 1: XneferX ($100 in chips) 
Seat 2: Nicedaymybro ($103.90 in chips) 
Seat 3: Supermegopro ($106.44 in chips) 
Seat 4: AlbertaPrime ($118.31 in chips) 
Seat 5: nastja336 ($107.44 in chips) 
Seat 6: Espada Fish ($101 in chips) 
XneferX: posts small blind $0.50
Nicedaymybro: posts big blind $1
*** HOLE CARDS ***
Supermegopro: folds 
AlbertaPrime: raises $2 to $3
nastja336: folds 
Espada Fish: folds 
XneferX: folds 
Nicedaymybro: folds 
Uncalled bet ($2) returned to AlbertaPrime
AlbertaPrime collected $2.50 from pot
*** SUMMARY ***
Total pot $2.50 | Rake $0 
Seat 1: XneferX (small blind) folded before Flop
Seat 2: Nicedaymybro (big blind) folded before Flop
Seat 3: Supermegopro folded before Flop (didn't bet)
Seat 4: AlbertaPrime collected ($2.50)
Seat 5: nastja336 folded before Flop (didn't bet)
Seat 6: Espada Fish (button) folded before Flop (didn't bet)



PokerStars Hand #254600619469:  Hold'em No Limit ($0.50/$1.00 USD) - 2025/01/28 0:37:00 WET [2025/01/28 19:37:00 ET]
Table 'Heidelberga' 6-max Seat #1 is the button
Seat 1: XneferX ($100 in chips) 
Seat 2: Nicedaymybro ($102.90 in chips) 
Seat 3: Supermegopro ($106.44 in chips) 
Seat 4: AlbertaPrime ($119.81 in chips) 
Seat 5: nastja336 ($107.44 in chips) 
Seat 6: Espada Fish ($101 in chips) 
Nicedaymybro: posts small blind $0.50
Supermegopro: posts big blind $1
*** HOLE CARDS ***
AlbertaPrime: folds 
nastja336: folds 
Espada Fish: folds 
XneferX: folds 
Nicedaymybro: raises $2 to $3
Supermegopro: folds 
Uncalled bet ($2) returned to Nicedaymybro
Nicedaymybro collected $2 from pot
Nicedaymybro: doesn't show hand 
*** SUMMARY ***
Total pot $2 | Rake $0 
Seat 1: XneferX (button) folded before Flop (didn't bet)
Seat 2: Nicedaymybro (small blind) collected ($2)
Seat 3: Supermegopro (big blind) folded before Flop
Seat 4: AlbertaPrime folded before Flop (didn't bet)
Seat 5: nastja336 folded before Flop (didn't bet)
Seat 6: Espada Fish folded before Flop (didn't bet)



PokerStars Hand #254600622872:  Hold'em No Limit ($0.50/$1.00 USD) - 2025/01/28 0:37:17 WET [2025/01/28 19:37:17 ET]
Table 'Heidelberga' 6-max Seat #2 is the button
Seat 1: XneferX ($100 in chips) 
Seat 2: Nicedaymybro ($103.90 in chips) 
Seat 3: Supermegopro ($105.44 in chips) 
Seat 4: AlbertaPrime ($119.81 in chips) 
Seat 5: nastja336 ($107.44 in chips) 
Seat 6: Espada Fish ($101 in chips) 
Supermegopro: posts small blind $0.50
AlbertaPrime: posts big blind $1
*** HOLE CARDS ***
nastja336: folds 
Espada Fish: folds 
XneferX: folds 
Nicedaymybro: folds 
Supermegopro: folds 
Uncalled bet ($0.50) returned to AlbertaPrime
AlbertaPrime collected $1 from pot
*** SUMMARY ***
Total pot $1 | Rake $0 
Seat 1: XneferX folded before Flop (didn't bet)
Seat 2: Nicedaymybro (button) folded before Flop (didn't bet)
Seat 3: Supermegopro (small blind) folded before Flop
Seat 4: AlbertaPrime (big blind) collected ($1)
Seat 5: nastja336 folded before Flop (didn't bet)
Seat 6: Espada Fish folded before Flop (didn't bet)



PokerStars Hand #254600624631:  Hold'em No Limit ($0.50/$1.00 USD) - 2025/01/28 0:37:26 WET [2025/01/28 19:37:26 ET]
Table 'Heidelberga' 6-max Seat #3 is the button
Seat 1: XneferX ($100 in chips) 
Seat 2: Nicedaymybro ($103.90 in chips) 
Seat 3: Supermegopro ($104.94 in chips) 
Seat 4: AlbertaPrime ($120.31 in chips) 
Seat 5: nastja336 ($107.44 in chips) 
Seat 6: Espada Fish ($101 in chips) 
AlbertaPrime: posts small blind $0.50
nastja336: posts big blind $1
*** HOLE CARDS ***
Espada Fish: folds 
XneferX: raises $1.10 to $2.10
Nicedaymybro: folds 
Supermegopro: folds 
AlbertaPrime: folds 
nastja336: folds 
Uncalled bet ($1.10) returned to XneferX
XneferX collected $2.50 from pot
XneferX: doesn't show hand 
*** SUMMARY ***
Total pot $2.50 | Rake $0 
Seat 1: XneferX collected ($2.50)
Seat 2: Nicedaymybro folded before Flop (didn't bet)
Seat 3: Supermegopro (button) folded before Flop (didn't bet)
Seat 4: AlbertaPrime (small blind) folded before Flop
Seat 5: nastja336 (big blind) folded before Flop
Seat 6: Espada Fish folded before Flop (didn't bet)



PokerStars Hand #254600627553:  Hold'em No Limit ($0.50/$1.00 USD) - 2025/01/28 0:37:40 WET [2025/01/28 19:37:40 ET]
Table 'Heidelberga' 6-max Seat #4 is the button
Seat 1: XneferX ($101.50 in chips) 
Seat 2: Nicedaymybro ($103.90 in chips) 
Seat 3: Supermegopro ($104.94 in chips) 
Seat 4: AlbertaPrime ($119.81 in chips) 
Seat 5: nastja336 ($106.44 in chips) 
Seat 6: Espada Fish ($101 in chips) 
nastja336: posts small blind $0.50
Espada Fish: posts big blind $1
*** HOLE CARDS ***
XneferX: raises $1.10 to $2.10
Nicedaymybro: folds 
Supermegopro: folds 
AlbertaPrime: folds 
nastja336: folds 
Espada Fish: folds 
Uncalled bet ($1.10) returned to XneferX
XneferX collected $2.50 from pot
XneferX: doesn't show hand 
*** SUMMARY ***
Total pot $2.50 | Rake $0 
Seat 1: XneferX collected ($2.50)
Seat 2: Nicedaymybro folded before Flop (didn't bet)
Seat 3: Supermegopro folded before Flop (didn't bet)
Seat 4: AlbertaPrime (button) folded before Flop (didn't bet)
Seat 5: nastja336 (small blind) folded before Flop
Seat 6: Espada Fish (big blind) folded before Flop



PokerStars Hand #254600631456:  Hold'em No Limit ($0.50/$1.00 USD) - 2025/01/28 0:38:00 WET [2025/01/28 19:38:00 ET]
Table 'Heidelberga' 6-max Seat #5 is the button
Seat 1: XneferX ($103 in chips) 
Seat 2: Nicedaymybro ($103.90 in chips) 
Seat 3: Supermegopro ($104.94 in chips) 
Seat 4: AlbertaPrime ($119.81 in chips) 
Seat 5: nastja336 ($105.94 in chips) 
Seat 6: Espada Fish ($100 in chips) 
Espada Fish: posts small blind $0.50
XneferX: posts big blind $1
*** HOLE CARDS ***
Nicedaymybro: raises $1.50 to $2.50
Supermegopro: folds 
AlbertaPrime: folds 
nastja336: folds 
Espada Fish: folds 
XneferX: folds 
Uncalled bet ($1.50) returned to Nicedaymybro
Nicedaymybro collected $2.50 from pot
Nicedaymybro: doesn't show hand 
*** SUMMARY ***
Total pot $2.50 | Rake $0 
Seat 1: XneferX (big blind) folded before Flop
Seat 2: Nicedaymybro collected ($2.50)
Seat 3: Supermegopro folded before Flop (didn't bet)
Seat 4: AlbertaPrime folded before Flop (didn't bet)
Seat 5: nastja336 (button) folded before Flop (didn't bet)
Seat 6: Espada Fish (small blind) folded before Flop



PokerStars Hand #254600635554:  Hold'em No Limit ($0.50/$1.00 USD) - 2025/01/28 0:38:21 WET [2025/01/28 19:38:21 ET]
Table 'Heidelberga' 6-max Seat #6 is the button
Seat 1: XneferX ($102 in chips) 
Seat 2: Nicedaymybro ($105.40 in chips) 
Seat 3: Supermegopro ($104.94 in chips) 
Seat 4: AlbertaPrime ($119.81 in chips) 
Seat 5: nastja336 ($105.94 in chips) 
Seat 6: Espada Fish ($100 in chips) 
XneferX: posts small blind $0.50
Nicedaymybro: posts big blind $1
*** HOLE CARDS ***
Supermegopro: folds 
AlbertaPrime: raises $2 to $3
nastja336: calls $3
Espada Fish: folds 
XneferX: folds 
Nicedaymybro: folds 
*** FLOP *** [3h Tc 6h]
AlbertaPrime: bets $4
nastja336: calls $4
*** TURN *** [3h Tc 6h] [8h]
AlbertaPrime: bets $4
nastja336: calls $4
*** RIVER *** [3h Tc 6h 8h] [Td]
AlbertaPrime: checks 
nastja336: bets $4.40
AlbertaPrime: raises $4.40 to $8.80
nastja336: raises $26.70 to $35.50
AlbertaPrime: calls $26.70
*** SHOW DOWN ***
nastja336: shows [3c 3d] (a full house, Threes full of Tens)
AlbertaPrime: mucks hand 
nastja336 collected $92 from pot
*** SUMMARY ***
Total pot $94.50 | Rake $2.50 
Board [3h Tc 6h 8h Td]
Seat 1: XneferX (small blind) folded before Flop
Seat 2: Nicedaymybro (big blind) folded before Flop
Seat 3: Supermegopro folded before Flop (didn't bet)
Seat 4: AlbertaPrime mucked
Seat 5: nastja336 showed [3c 3d] and won ($92) with a full house, Threes full of Tens
Seat 6: Espada Fish (button) folded before Flop (didn't bet)



PokerStars Hand #254600651367:  Hold'em No Limit ($0.50/$1.00 USD) - 2025/01/28 0:39:40 WET [2025/01/28 19:39:40 ET]
Table 'Heidelberga' 6-max Seat #1 is the button
Seat 1: XneferX ($101.50 in chips) 
Seat 2: Nicedaymybro ($104.40 in chips) 
Seat 3: Supermegopro ($104.94 in chips) 
Seat 4: AlbertaPrime ($73.31 in chips) 
Seat 5: nastja336 ($151.44 in chips) 
Seat 6: Espada Fish ($100 in chips) 
Nicedaymybro: posts small blind $0.50
Supermegopro: posts big blind $1
*** HOLE CARDS ***
AlbertaPrime: raises $2.50 to $3.50
nastja336: raises $7 to $10.50
Espada Fish: folds 
XneferX: folds 
Nicedaymybro: folds 
Supermegopro: folds 
AlbertaPrime: calls $7
*** FLOP *** [3h Kh 8s]
AlbertaPrime: checks 
nastja336: bets $10.69
AlbertaPrime: calls $10.69
*** TURN *** [3h Kh 8s] [2h]
AlbertaPrime: bets $41.69
nastja336: calls $41.69
*** RIVER *** [3h Kh 8s 2h] [Qd]
AlbertaPrime: bets $10.43 and is all-in
nastja336: calls $10.43
*** SHOW DOWN ***
AlbertaPrime: shows [Qh Th] (a flush, King high)
nastja336: shows [Ac Kd] (a pair of Kings)
AlbertaPrime collected $145.62 from pot
*** SUMMARY ***
Total pot $148.12 | Rake $2.50 
Board [3h Kh 8s 2h Qd]
Seat 1: XneferX (button) folded before Flop (didn't bet)
Seat 2: Nicedaymybro (small blind) folded before Flop
Seat 3: Supermegopro (big blind) folded before Flop
Seat 4: AlbertaPrime showed [Qh Th] and won ($145.62) with a flush, King high
Seat 5: nastja336 showed [Ac Kd] and lost with a pair of Kings
Seat 6: Espada Fish folded before Flop (didn't bet)



PokerStars Hand #254600662876:  Hold'em No Limit ($0.50/$1.00 USD) - 2025/01/28 0:40:38 WET [2025/01/28 19:40:38 ET]
Table 'Heidelberga' 6-max Seat #2 is the button
Seat 1: XneferX ($101.50 in chips) 
Seat 2: Nicedaymybro ($103.90 in chips) 
Seat 3: Supermegopro ($103.94 in chips) 
Seat 4: AlbertaPrime ($145.62 in chips) 
Seat 5: nastja336 ($100 in chips) 
Seat 6: Espada Fish ($100 in chips) 
Supermegopro: posts small blind $0.50
AlbertaPrime: posts big blind $1
*** HOLE CARDS ***
nastja336: folds 
Espada Fish: folds 
XneferX: folds 
Nicedaymybro: folds 
Supermegopro: raises $1.50 to $2.50
AlbertaPrime: calls $1.50
*** FLOP *** [2c Td Kh]
Supermegopro: checks 
AlbertaPrime: bets $4.75
Supermegopro: folds 
Uncalled bet ($4.75) returned to AlbertaPrime
AlbertaPrime collected $4.75 from pot
*** SUMMARY ***
Total pot $5 | Rake $0.25 
Board [2c Td Kh]
Seat 1: XneferX folded before Flop (didn't bet)
Seat 2: Nicedaymybro (button) folded before Flop (didn't bet)
Seat 3: Supermegopro (small blind) folded on the Flop
Seat 4: AlbertaPrime (big blind) collected ($4.75)
Seat 5: nastja336 folded before Flop (didn't bet)
Seat 6: Espada Fish folded before Flop (didn't bet)



PokerStars Hand #254600669328:  Hold'em No Limit ($0.50/$1.00 USD) - 2025/01/28 0:41:10 WET [2025/01/28 19:41:10 ET]
Table 'Heidelberga' 6-max Seat #3 is the button
Seat 1: XneferX ($101.50 in chips) 
Seat 2: Nicedaymybro ($103.90 in chips) 
Seat 3: Supermegopro ($101.44 in chips) 
Seat 4: AlbertaPrime ($147.87 in chips) 
Seat 5: nastja336 ($100 in chips) 
Seat 6: Espada Fish ($100 in chips) 
AlbertaPrime: posts small blind $0.50
nastja336: posts big blind $1
*** HOLE CARDS ***
Espada Fish: folds 
XneferX: folds 
Nicedaymybro: folds 
Supermegopro: folds 
AlbertaPrime: raises $2 to $3
nastja336: calls $2
*** FLOP *** [Qh 7h Jh]
AlbertaPrime: checks 
nastja336: checks 
*** TURN *** [Qh 7h Jh] [4s]
AlbertaPrime: bets $5.70
nastja336: folds 
Uncalled bet ($5.70) returned to AlbertaPrime
AlbertaPrime collected $5.70 from pot
*** SUMMARY ***
Total pot $6 | Rake $0.30 
Board [Qh 7h Jh 4s]
Seat 1: XneferX folded before Flop (didn't bet)
Seat 2: Nicedaymybro folded before Flop (didn't bet)
Seat 3: Supermegopro (button) folded before Flop (didn't bet)
Seat 4: AlbertaPrime (small blind) collected ($5.70)
Seat 5: nastja336 (big blind) folded on the Turn
Seat 6: Espada Fish folded before Flop (didn't bet)



PokerStars Hand #254600675169:  Hold'em No Limit ($0.50/$1.00 USD) - 2025/01/28 0:41:40 WET [2025/01/28 19:41:40 ET]
Table 'Heidelberga' 6-max Seat #4 is the button
Seat 1: XneferX ($101.50 in chips) 
Seat 2: Nicedaymybro ($103.90 in chips) 
Seat 3: Supermegopro ($101.44 in chips) 
Seat 4: AlbertaPrime ($150.57 in chips) 
Seat 5: nastja336 ($100 in chips) 
Seat 6: Espada Fish ($100 in chips) 
nastja336: posts small blind $0.50
Espada Fish: posts big blind $1
*** HOLE CARDS ***
XneferX: folds 
Nicedaymybro: folds 
Supermegopro: folds 
AlbertaPrime: raises $2 to $3
nastja336: folds 
Espada Fish: calls $2
*** FLOP *** [Ac 6s 9c]
Espada Fish: checks 
AlbertaPrime: bets $6.18
Espada Fish: calls $6.18
*** TURN *** [Ac 6s 9c] [2h]
Espada Fish: checks 
AlbertaPrime: checks 
*** RIVER *** [Ac 6s 9c 2h] [Qd]
Espada Fish: bets $23.83
AlbertaPrime: folds 
Uncalled bet ($23.83) returned to Espada Fish
Espada Fish collected $17.92 from pot
Espada Fish: doesn't show hand 
*** SUMMARY ***
Total pot $18.86 | Rake $0.94 
Board [Ac 6s 9c 2h Qd]
Seat 1: XneferX folded before Flop (didn't bet)
Seat 2: Nicedaymybro folded before Flop (didn't bet)
Seat 3: Supermegopro folded before Flop (didn't bet)
Seat 4: AlbertaPrime (button) folded on the River
Seat 5: nastja336 (small blind) folded before Flop
Seat 6: Espada Fish (big blind) collected ($17.92)



PokerStars Hand #254600687256:  Hold'em No Limit ($0.50/$1.00 USD) - 2025/01/28 0:42:41 WET [2025/01/28 19:42:41 ET]
Table 'Heidelberga' 6-max Seat #5 is the button
Seat 1: XneferX ($101.50 in chips) 
Seat 2: Nicedaymybro ($103.90 in chips) 
Seat 3: Supermegopro ($101.44 in chips) 
Seat 4: AlbertaPrime ($141.39 in chips) 
Seat 5: nastja336 ($100 in chips) 
Seat 6: Espada Fish ($108.74 in chips) 
Espada Fish: posts small blind $0.50
XneferX: posts big blind $1
*** HOLE CARDS ***
Nicedaymybro: folds 
Supermegopro: folds 
AlbertaPrime: calls $1
nastja336: folds 
Espada Fish: folds 
XneferX: checks 
*** FLOP *** [5h Ac 7s]
XneferX: checks 
AlbertaPrime: bets $2.38
XneferX: folds 
Uncalled bet ($2.38) returned to AlbertaPrime
AlbertaPrime collected $2.38 from pot
*** SUMMARY ***
Total pot $2.50 | Rake $0.12 
Board [5h Ac 7s]
Seat 1: XneferX (big blind) folded on the Flop
Seat 2: Nicedaymybro folded before Flop (didn't bet)
Seat 3: Supermegopro folded before Flop (didn't bet)
Seat 4: AlbertaPrime collected ($2.38)
Seat 5: nastja336 (button) folded before Flop (didn't bet)
Seat 6: Espada Fish (small blind) folded before Flop



PokerStars Hand #254600700799:  Hold'em No Limit ($0.50/$1.00 USD) - 2025/01/28 0:43:48 WET [2025/01/28 19:43:48 ET]
Table 'Heidelberga' 6-max Seat #6 is the button
Seat 1: XneferX ($100.50 in chips) 
Seat 2: Nicedaymybro ($103.90 in chips) 
Seat 3: Supermegopro ($101.44 in chips) 
Seat 4: AlbertaPrime ($142.77 in chips) 
Seat 5: nastja336 ($100 in chips) 
Seat 6: Espada Fish ($108.24 in chips) 
XneferX: posts small blind $0.50
Nicedaymybro: posts big blind $1
*** HOLE CARDS ***
Supermegopro: folds 
AlbertaPrime: folds 
nastja336: folds 
Espada Fish: raises $1.50 to $2.50
XneferX: folds 
Nicedaymybro: folds 
Uncalled bet ($1.50) returned to Espada Fish
Espada Fish collected $2.50 from pot
Espada Fish: doesn't show hand 
*** SUMMARY ***
Total pot $2.50 | Rake $0 
Seat 1: XneferX (small blind) folded before Flop
Seat 2: Nicedaymybro (big blind) folded before Flop
Seat 3: Supermegopro folded before Flop (didn't bet)
Seat 4: AlbertaPrime folded before Flop (didn't bet)
Seat 5: nastja336 folded before Flop (didn't bet)
Seat 6: Espada Fish (button) collected ($2.50)



PokerStars Hand #254600704039:  Hold'em No Limit ($0.50/$1.00 USD) - 2025/01/28 0:44:05 WET [2025/01/28 19:44:05 ET]
Table 'Heidelberga' 6-max Seat #1 is the button
Seat 1: XneferX ($100 in chips) 
Seat 2: Nicedaymybro ($102.90 in chips) 
Seat 3: Supermegopro ($101.44 in chips) 
Seat 4: AlbertaPrime ($142.77 in chips) 
Seat 5: nastja336 ($100 in chips) 
Seat 6: Espada Fish ($109.74 in chips) 
Nicedaymybro: posts small blind $0.50
Supermegopro: posts big blind $1
*** HOLE CARDS ***
AlbertaPrime: raises $2 to $3
nastja336: folds 
Espada Fish: folds 
XneferX: folds 
Nicedaymybro: folds 
Supermegopro: folds 
Uncalled bet ($2) returned to AlbertaPrime
AlbertaPrime collected $2.50 from pot
*** SUMMARY ***
Total pot $2.50 | Rake $0 
Seat 1: XneferX (button) folded before Flop (didn't bet)
Seat 2: Nicedaymybro (small blind) folded before Flop
Seat 3: Supermegopro (big blind) folded before Flop
Seat 4: AlbertaPrime collected ($2.50)
Seat 5: nastja336 folded before Flop (didn't bet)
Seat 6: Espada Fish folded before Flop (didn't bet)



PokerStars Hand #254600707611:  Hold'em No Limit ($0.50/$1.00 USD) - 2025/01/28 0:44:23 WET [2025/01/28 19:44:23 ET]
Table 'Heidelberga' 6-max Seat #2 is the button
Seat 1: XneferX ($100 in chips) 
Seat 2: Nicedaymybro ($102.40 in chips) 
Seat 3: Supermegopro ($100.44 in chips) 
Seat 4: AlbertaPrime ($144.27 in chips) 
Seat 5: nastja336 ($100 in chips) 
Seat 6: Espada Fish ($109.74 in chips) 
Supermegopro: posts small blind $0.50
AlbertaPrime: posts big blind $1
*** HOLE CARDS ***
nastja336: folds 
Espada Fish: raises $1.20 to $2.20
XneferX: folds 
Nicedaymybro: folds 
Supermegopro: calls $1.70
AlbertaPrime: calls $1.20
*** FLOP *** [4s 2h 3h]
Supermegopro: checks 
AlbertaPrime: checks 
Espada Fish: checks 
*** TURN *** [4s 2h 3h] [Qc]
Supermegopro: checks 
AlbertaPrime: bets $3.14
Espada Fish: raises $9.41 to $12.55
Supermegopro: folds 
AlbertaPrime: folds 
Uncalled bet ($9.41) returned to Espada Fish
Espada Fish collected $12.24 from pot
Espada Fish: doesn't show hand 
*** SUMMARY ***
Total pot $12.88 | Rake $0.64 
Board [4s 2h 3h Qc]
Seat 1: XneferX folded before Flop (didn't bet)
Seat 2: Nicedaymybro (button) folded before Flop (didn't bet)
Seat 3: Supermegopro (small blind) folded on the Turn
Seat 4: AlbertaPrime (big blind) folded on the Turn
Seat 5: nastja336 folded before Flop (didn't bet)
Seat 6: Espada Fish collected ($12.24)



PokerStars Hand #254600727501:  Hold'em No Limit ($0.50/$1.00 USD) - 2025/01/28 0:46:05 WET [2025/01/28 19:46:05 ET]
Table 'Heidelberga' 6-max Seat #3 is the button
Seat 1: XneferX ($100 in chips) 
Seat 2: Nicedaymybro ($102.40 in chips) 
Seat 3: Supermegopro ($100 in chips) 
Seat 4: AlbertaPrime ($138.93 in chips) 
Seat 5: nastja336 ($100 in chips) 
Seat 6: Espada Fish ($116.64 in chips) 
AlbertaPrime: posts small blind $0.50
nastja336: posts big blind $1
*** HOLE CARDS ***
Espada Fish: folds 
XneferX: folds 
Nicedaymybro: folds 
Supermegopro: raises $1.50 to $2.50
AlbertaPrime: folds 
nastja336: folds 
Uncalled bet ($1.50) returned to Supermegopro
Supermegopro collected $2.50 from pot
Supermegopro: doesn't show hand 
*** SUMMARY ***
Total pot $2.50 | Rake $0 
Seat 1: XneferX folded before Flop (didn't bet)
Seat 2: Nicedaymybro folded before Flop (didn't bet)
Seat 3: Supermegopro (button) collected ($2.50)
Seat 4: AlbertaPrime (small blind) folded before Flop
Seat 5: nastja336 (big blind) folded before Flop
Seat 6: Espada Fish folded before Flop (didn't bet)



PokerStars Hand #254600730507:  Hold'em No Limit ($0.50/$1.00 USD) - 2025/01/28 0:46:20 WET [2025/01/28 19:46:20 ET]
Table 'Heidelberga' 6-max Seat #4 is the button
Seat 1: XneferX ($100 in chips) 
Seat 2: Nicedaymybro ($102.40 in chips) 
Seat 3: Supermegopro ($101.50 in chips) 
Seat 4: AlbertaPrime ($138.43 in chips) 
Seat 5: nastja336 ($100 in chips) 
Seat 6: Espada Fish ($116.64 in chips) 
nastja336: posts small blind $0.50
Espada Fish: posts big blind $1
*** HOLE CARDS ***
XneferX: raises $1.10 to $2.10
Nicedaymybro: folds 
Supermegopro: calls $2.10
AlbertaPrime: folds 
nastja336: folds 
Espada Fish: folds 
*** FLOP *** [4h 2h 3d]
XneferX: checks 
Supermegopro: bets $2.71
XneferX: calls $2.71
*** TURN *** [4h 2h 3d] [5c]
XneferX: checks 
Supermegopro: checks 
*** RIVER *** [4h 2h 3d 5c] [Ah]
XneferX: checks 
Supermegopro: checks 
*** SHOW DOWN ***
XneferX: shows [Kh Qs] (a straight, Ace to Five)
Supermegopro: shows [Ts Td] (a straight, Ace to Five)
XneferX collected $5.28 from pot
Supermegopro collected $5.28 from pot
*** SUMMARY ***
Total pot $11.12 | Rake $0.56 
Board [4h 2h 3d 5c Ah]
Seat 1: XneferX showed [Kh Qs] and won ($5.28) with a straight, Ace to Five
Seat 2: Nicedaymybro folded before Flop (didn't bet)
Seat 3: Supermegopro showed [Ts Td] and won ($5.28) with a straight, Ace to Five
Seat 4: AlbertaPrime (button) folded before Flop (didn't bet)
Seat 5: nastja336 (small blind) folded before Flop
Seat 6: Espada Fish (big blind) folded before Flop



PokerStars Hand #254600741293:  Hold'em No Limit ($0.50/$1.00 USD) - 2025/01/28 0:47:15 WET [2025/01/28 19:47:15 ET]
Table 'Heidelberga' 6-max Seat #5 is the button
Seat 1: XneferX ($100.47 in chips) 
Seat 2: Nicedaymybro ($102.40 in chips) 
Seat 3: Supermegopro ($101.97 in chips) 
Seat 4: AlbertaPrime ($138.43 in chips) 
Seat 5: nastja336 ($100 in chips) 
Seat 6: Espada Fish ($115.64 in chips) 
Espada Fish: posts small blind $0.50
XneferX: posts big blind $1
*** HOLE CARDS ***
Nicedaymybro: raises $1.50 to $2.50
Supermegopro: folds 
AlbertaPrime: raises $4.50 to $7
nastja336: folds 
Espada Fish: folds 
XneferX: raises $12.50 to $19.50
Nicedaymybro: folds 
AlbertaPrime: raises $12.50 to $32
XneferX: raises $12.50 to $44.50
AlbertaPrime: calls $12.50
*** FLOP *** [Tc 6d 9h]
XneferX: checks 
AlbertaPrime: bets $89.50
XneferX: calls $55.97 and is all-in
Uncalled bet ($33.53) returned to AlbertaPrime
*** TURN *** [Tc 6d 9h] [2h]
*** RIVER *** [Tc 6d 9h 2h] [As]
*** SHOW DOWN ***
XneferX: shows [Ah Ac] (three of a kind, Aces)
AlbertaPrime: shows [Kh Kc] (a pair of Kings)
XneferX cashed out the hand for $176.08 | Cash Out Fee $3.59
AlbertaPrime cashed out the hand for $21.33 | Cash Out Fee $0.44
*** SUMMARY ***
Total pot $203.94 | Rake $2.50 
Board [Tc 6d 9h 2h As]
Seat 1: XneferX (big blind) showed [Ah Ac] and won ($201.44) with three of a kind, Aces (pot not awarded as player cashed out)
Seat 2: Nicedaymybro folded before Flop
Seat 3: Supermegopro folded before Flop (didn't bet)
Seat 4: AlbertaPrime showed [Kh Kc] and lost with a pair of Kings (cashed out).
Seat 5: nastja336 (button) folded before Flop (didn't bet)
Seat 6: Espada Fish (small blind) folded before Flop



PokerStars Hand #254600753832:  Hold'em No Limit ($0.50/$1.00 USD) - 2025/01/28 0:48:20 WET [2025/01/28 19:48:20 ET]
Table 'Heidelberga' 6-max Seat #6 is the button
Seat 1: XneferX ($176.08 in chips) 
Seat 2: Nicedaymybro ($100 in chips) 
Seat 3: Supermegopro ($101.97 in chips) 
Seat 4: AlbertaPrime ($59.29 in chips) 
Seat 5: nastja336 ($100 in chips) 
Seat 6: Espada Fish ($115.14 in chips) 
XneferX: posts small blind $0.50
Nicedaymybro: posts big blind $1
*** HOLE CARDS ***
Supermegopro: folds 
AlbertaPrime: folds 
nastja336: folds 
Espada Fish: raises $1.50 to $2.50
XneferX: folds 
Nicedaymybro: folds 
Uncalled bet ($1.50) returned to Espada Fish
Espada Fish collected $2.50 from pot
Espada Fish: doesn't show hand 
*** SUMMARY ***
Total pot $2.50 | Rake $0 
Seat 1: XneferX (small blind) folded before Flop
Seat 2: Nicedaymybro (big blind) folded before Flop
Seat 3: Supermegopro folded before Flop (didn't bet)
Seat 4: AlbertaPrime folded before Flop (didn't bet)
Seat 5: nastja336 folded before Flop (didn't bet)
Seat 6: Espada Fish (button) collected ($2.50)



PokerStars Hand #254600757234:  Hold'em No Limit ($0.50/$1.00 USD) - 2025/01/28 0:48:37 WET [2025/01/28 19:48:37 ET]
Table 'Heidelberga' 6-max Seat #1 is the button
Seat 1: XneferX ($175.58 in chips) 
Seat 2: Nicedaymybro ($100 in chips) 
Seat 3: Supermegopro ($101.97 in chips) 
Seat 4: AlbertaPrime ($59.29 in chips) 
Seat 5: nastja336 ($100 in chips) 
Seat 6: Espada Fish ($116.64 in chips) 
Nicedaymybro: posts small blind $0.50
Supermegopro: posts big blind $1
*** HOLE CARDS ***
AlbertaPrime: raises $2.50 to $3.50
nastja336: folds 
Espada Fish: folds 
XneferX: folds 
Nicedaymybro: folds 
Supermegopro: folds 
Uncalled bet ($2.50) returned to AlbertaPrime
AlbertaPrime collected $2.50 from pot
*** SUMMARY ***
Total pot $2.50 | Rake $0 
Seat 1: XneferX (button) folded before Flop (didn't bet)
Seat 2: Nicedaymybro (small blind) folded before Flop
Seat 3: Supermegopro (big blind) folded before Flop
Seat 4: AlbertaPrime collected ($2.50)
Seat 5: nastja336 folded before Flop (didn't bet)
Seat 6: Espada Fish folded before Flop (didn't bet)



PokerStars Hand #254600761056:  Hold'em No Limit ($0.50/$1.00 USD) - 2025/01/28 0:48:57 WET [2025/01/28 19:48:57 ET]
Table 'Heidelberga' 6-max Seat #2 is the button
Seat 1: XneferX ($175.58 in chips) 
Seat 2: Nicedaymybro ($100 in chips) 
Seat 3: Supermegopro ($100.97 in chips) 
Seat 4: AlbertaPrime ($60.79 in chips) 
Seat 5: nastja336 ($100 in chips) 
Seat 6: Espada Fish ($116.64 in chips) 
Supermegopro: posts small blind $0.50
AlbertaPrime: posts big blind $1
*** HOLE CARDS ***
nastja336: folds 
Espada Fish: folds 
XneferX: folds 
Nicedaymybro: raises $1.50 to $2.50
Supermegopro: calls $2
AlbertaPrime: calls $1.50
*** FLOP *** [Td Ad 6d]
Supermegopro: checks 
AlbertaPrime: bets $7.12
Nicedaymybro: folds 
Supermegopro: folds 
Uncalled bet ($7.12) returned to AlbertaPrime
AlbertaPrime collected $7.12 from pot
*** SUMMARY ***
Total pot $7.50 | Rake $0.38 
Board [Td Ad 6d]
Seat 1: XneferX folded before Flop (didn't bet)
Seat 2: Nicedaymybro (button) folded on the Flop
Seat 3: Supermegopro (small blind) folded on the Flop
Seat 4: AlbertaPrime (big blind) collected ($7.12)
Seat 5: nastja336 folded before Flop (didn't bet)
Seat 6: Espada Fish folded before Flop (didn't bet)



PokerStars Hand #254600766624:  Hold'em No Limit ($0.50/$1.00 USD) - 2025/01/28 0:49:25 WET [2025/01/28 19:49:25 ET]
Table 'Heidelberga' 6-max Seat #3 is the button
Seat 1: XneferX ($175.58 in chips) 
Seat 2: Nicedaymybro ($100 in chips) 
Seat 3: Supermegopro ($100 in chips) 
Seat 4: AlbertaPrime ($65.41 in chips) 
Seat 5: nastja336 ($100 in chips) 
Seat 6: Espada Fish ($116.64 in chips) 
AlbertaPrime: posts small blind $0.50
nastja336: posts big blind $1
*** HOLE CARDS ***
Espada Fish: folds 
XneferX: raises $1.10 to $2.10
Nicedaymybro: folds 
Supermegopro: folds 
AlbertaPrime: calls $1.60
nastja336: folds 
*** FLOP *** [Ts 6d 6s]
AlbertaPrime: checks 
XneferX: bets $1.68
AlbertaPrime: calls $1.68
*** TURN *** [Ts 6d 6s] [8d]
AlbertaPrime: bets $3
XneferX: calls $3
*** RIVER *** [Ts 6d 6s 8d] [8s]
AlbertaPrime: bets $13.83
XneferX: folds 
Uncalled bet ($13.83) returned to AlbertaPrime
AlbertaPrime collected $13.83 from pot
*** SUMMARY ***
Total pot $14.56 | Rake $0.73 
Board [Ts 6d 6s 8d 8s]
Seat 1: XneferX folded on the River
Seat 2: Nicedaymybro folded before Flop (didn't bet)
Seat 3: Supermegopro (button) folded before Flop (didn't bet)
Seat 4: AlbertaPrime (small blind) collected ($13.83)
Seat 5: nastja336 (big blind) folded before Flop
Seat 6: Espada Fish folded before Flop (didn't bet)



PokerStars Hand #254600781288:  Hold'em No Limit ($0.50/$1.00 USD) - 2025/01/28 0:50:41 WET [2025/01/28 19:50:41 ET]
Table 'Heidelberga' 6-max Seat #4 is the button
Seat 1: XneferX ($168.80 in chips) 
Seat 2: Nicedaymybro ($100 in chips) 
Seat 3: Supermegopro ($100 in chips) 
Seat 4: AlbertaPrime ($72.46 in chips) 
Seat 5: nastja336 ($100 in chips) 
Seat 6: Espada Fish ($116.64 in chips) 
nastja336: posts small blind $0.50
Espada Fish: posts big blind $1
*** HOLE CARDS ***
XneferX: folds 
Nicedaymybro: folds 
Supermegopro: folds 
AlbertaPrime: raises $2 to $3
nastja336: calls $2.50
Espada Fish: calls $2
*** FLOP *** [8d 4h 3h]
nastja336: checks 
Espada Fish: checks 
AlbertaPrime: bets $4.28
nastja336: calls $4.28
Espada Fish: calls $4.28
*** TURN *** [8d 4h 3h] [5d]
nastja336: checks 
Espada Fish: checks 
AlbertaPrime: bets $20.75
nastja336: calls $20.75
Espada Fish: raises $88.61 to $109.36 and is all-in
AlbertaPrime: folds 
nastja336: folds 
Uncalled bet ($88.61) returned to Espada Fish
Espada Fish collected $81.59 from pot
Espada Fish: doesn't show hand 
*** SUMMARY ***
Total pot $84.09 | Rake $2.50 
Board [8d 4h 3h 5d]
Seat 1: XneferX folded before Flop (didn't bet)
Seat 2: Nicedaymybro folded before Flop (didn't bet)
Seat 3: Supermegopro folded before Flop (didn't bet)
Seat 4: AlbertaPrime (button) folded on the Turn
Seat 5: nastja336 (small blind) folded on the Turn
Seat 6: Espada Fish (big blind) collected ($81.59)



PokerStars Hand #254600800749:  Hold'em No Limit ($0.50/$1.00 USD) - 2025/01/28 0:52:23 WET [2025/01/28 19:52:23 ET]
Table 'Heidelberga' 6-max Seat #5 is the button
Seat 1: XneferX ($168.80 in chips) 
Seat 2: Nicedaymybro ($100 in chips) 
Seat 3: Supermegopro ($100 in chips) 
Seat 4: AlbertaPrime ($44.43 in chips) 
Seat 5: nastja336 ($100 in chips) 
Seat 6: Espada Fish ($170.20 in chips) 
Espada Fish: posts small blind $0.50
XneferX: posts big blind $1
*** HOLE CARDS ***
Nicedaymybro: folds 
Supermegopro: folds 
AlbertaPrime: raises $43.43 to $44.43 and is all-in
nastja336: folds 
Espada Fish: folds 
XneferX: calls $43.43
*** FLOP *** [Jd 5d Ad]
*** TURN *** [Jd 5d Ad] [7c]
*** RIVER *** [Jd 5d Ad 7c] [Tc]
*** SHOW DOWN ***
XneferX: shows [Ah Jc] (two pair, Aces and Jacks)
AlbertaPrime: shows [Th 8d] (a pair of Tens)
XneferX cashed out the hand for $54.89 | Cash Out Fee $1.12
*** SUMMARY ***
Total pot $89.36 | Rake $2.50 
Board [Jd 5d Ad 7c Tc]
Seat 1: XneferX (big blind) showed [Ah Jc] and won ($86.86) with two pair, Aces and Jacks (pot not awarded as player cashed out)
Seat 2: Nicedaymybro folded before Flop (didn't bet)
Seat 3: Supermegopro folded before Flop (didn't bet)
Seat 4: AlbertaPrime showed [Th 8d] and lost with a pair of Tens
Seat 5: nastja336 (button) folded before Flop (didn't bet)
Seat 6: Espada Fish (small blind) folded before Flop



PokerStars Hand #254600807937:  Hold'em No Limit ($0.50/$1.00 USD) - 2025/01/28 0:53:01 WET [2025/01/28 19:53:01 ET]
Table 'Heidelberga' 6-max Seat #6 is the button
Seat 4: AlbertaPrime ($0 in chips) is sitting out
Seat 1: XneferX ($179.26 in chips) 
Seat 2: Nicedaymybro ($100 in chips) 
Seat 3: Supermegopro ($100 in chips) 
Seat 5: nastja336 ($100 in chips) 
Seat 6: Espada Fish ($169.70 in chips) 
XneferX: posts small blind $0.50
Nicedaymybro: posts big blind $1
*** HOLE CARDS ***
Supermegopro: folds 
nastja336: raises $1.50 to $2.50
Espada Fish: folds 
XneferX: folds 
Nicedaymybro: calls $1.50
*** FLOP *** [4c 4s Th]
Nicedaymybro: checks 
nastja336: bets $1.72
Nicedaymybro: calls $1.72
*** TURN *** [4c 4s Th] [Ad]
Nicedaymybro: checks 
nastja336: checks 
*** RIVER *** [4c 4s Th Ad] [5c]
Nicedaymybro: bets $6.37
nastja336: folds 
Uncalled bet ($6.37) returned to Nicedaymybro
Nicedaymybro collected $8.49 from pot
Nicedaymybro: doesn't show hand 
*** SUMMARY ***
Total pot $8.94 | Rake $0.45 
Board [4c 4s Th Ad 5c]
Seat 4: AlbertaPrime
Seat 1: XneferX (small blind) folded before Flop
Seat 2: Nicedaymybro (big blind) collected ($8.49)
Seat 3: Supermegopro folded before Flop (didn't bet)
Seat 5: nastja336 folded on the River
Seat 6: Espada Fish (button) folded before Flop (didn't bet)



PokerStars Hand #254600819065:  Hold'em No Limit ($0.50/$1.00 USD) - 2025/01/28 0:54:00 WET [2025/01/28 19:54:00 ET]
Table 'Heidelberga' 6-max Seat #1 is the button
Seat 1: XneferX ($178.76 in chips) 
Seat 2: Nicedaymybro ($104.27 in chips) 
Seat 3: Supermegopro ($100 in chips) 
Seat 4: AlbertaPrime ($100 in chips) 
Seat 5: nastja336 ($100 in chips) 
Seat 6: Espada Fish ($169.70 in chips) 
Nicedaymybro: posts small blind $0.50
Supermegopro: posts big blind $1
*** HOLE CARDS ***
AlbertaPrime: raises $2 to $3
nastja336: folds 
Espada Fish: folds 
XneferX: folds 
Nicedaymybro: raises $9 to $12
Supermegopro: folds 
AlbertaPrime: calls $9
*** FLOP *** [8d Ac Kd]
Nicedaymybro: bets $5.95
AlbertaPrime: calls $5.95
*** TURN *** [8d Ac Kd] [7d]
Nicedaymybro: checks 
AlbertaPrime: bets $17.53
Nicedaymybro: folds 
Uncalled bet ($17.53) returned to AlbertaPrime
AlbertaPrime collected $35.06 from pot
*** SUMMARY ***
Total pot $36.90 | Rake $1.84 
Board [8d Ac Kd 7d]
Seat 1: XneferX (button) folded before Flop (didn't bet)
Seat 2: Nicedaymybro (small blind) folded on the Turn
Seat 3: Supermegopro (big blind) folded before Flop
Seat 4: AlbertaPrime collected ($35.06)
Seat 5: nastja336 folded before Flop (didn't bet)
Seat 6: Espada Fish folded before Flop (didn't bet)



PokerStars Hand #254600825143:  Hold'em No Limit ($0.50/$1.00 USD) - 2025/01/28 0:54:33 WET [2025/01/28 19:54:33 ET]
Table 'Heidelberga' 6-max Seat #2 is the button
Seat 1: XneferX ($178.76 in chips) 
Seat 2: Nicedaymybro ($100 in chips) 
Seat 3: Supermegopro ($100 in chips) 
Seat 4: AlbertaPrime ($117.11 in chips) 
Seat 5: nastja336 ($100 in chips) 
Seat 6: Espada Fish ($169.70 in chips) 
Supermegopro: posts small blind $0.50
AlbertaPrime: posts big blind $1
*** HOLE CARDS ***
nastja336: folds 
Espada Fish: folds 
XneferX: raises $1.30 to $2.30
Nicedaymybro: folds 
Supermegopro: folds 
AlbertaPrime: calls $1.30
*** FLOP *** [9c 8h Qd]
AlbertaPrime: bets $4.84
XneferX: folds 
Uncalled bet ($4.84) returned to AlbertaPrime
AlbertaPrime collected $4.84 from pot
*** SUMMARY ***
Total pot $5.10 | Rake $0.26 
Board [9c 8h Qd]
Seat 1: XneferX folded on the Flop
Seat 2: Nicedaymybro (button) folded before Flop (didn't bet)
Seat 3: Supermegopro (small blind) folded before Flop
Seat 4: AlbertaPrime (big blind) collected ($4.84)
Seat 5: nastja336 folded before Flop (didn't bet)
Seat 6: Espada Fish folded before Flop (didn't bet)



PokerStars Hand #254600831566:  Hold'em No Limit ($0.50/$1.00 USD) - 2025/01/28 0:55:08 WET [2025/01/28 19:55:08 ET]
Table 'Heidelberga' 6-max Seat #3 is the button
Seat 1: XneferX ($176.46 in chips) 
Seat 2: Nicedaymybro ($100 in chips) 
Seat 3: Supermegopro ($100 in chips) 
Seat 4: AlbertaPrime ($119.65 in chips) 
Seat 5: nastja336 ($100 in chips) 
Seat 6: Espada Fish ($169.70 in chips) 
AlbertaPrime: posts small blind $0.50
nastja336: posts big blind $1
*** HOLE CARDS ***
Espada Fish: folds 
XneferX: folds 
Nicedaymybro: folds 
Supermegopro: folds 
AlbertaPrime: raises $2 to $3
nastja336: calls $2
*** FLOP *** [3h Jh 2h]
AlbertaPrime: checks 
nastja336: checks 
*** TURN *** [3h Jh 2h] [4d]
AlbertaPrime: bets $3
nastja336: folds 
Uncalled bet ($3) returned to AlbertaPrime
AlbertaPrime collected $5.70 from pot
*** SUMMARY ***
Total pot $6 | Rake $0.30 
Board [3h Jh 2h 4d]
Seat 1: XneferX folded before Flop (didn't bet)
Seat 2: Nicedaymybro folded before Flop (didn't bet)
Seat 3: Supermegopro (button) folded before Flop (didn't bet)
Seat 4: AlbertaPrime (small blind) collected ($5.70)
Seat 5: nastja336 (big blind) folded on the Turn
Seat 6: Espada Fish folded before Flop (didn't bet)



PokerStars Hand #254600836088:  Hold'em No Limit ($0.50/$1.00 USD) - 2025/01/28 0:55:38 WET [2025/01/28 19:55:38 ET]
Table 'Heidelberga' 6-max Seat #4 is the button
Seat 1: XneferX ($176.46 in chips) 
Seat 2: Nicedaymybro ($100 in chips) 
Seat 3: Supermegopro ($100 in chips) 
Seat 4: AlbertaPrime ($122.35 in chips) 
Seat 5: nastja336 ($100 in chips) 
Seat 6: Espada Fish ($169.70 in chips) 
nastja336: posts small blind $0.50
Espada Fish: posts big blind $1
*** HOLE CARDS ***
XneferX: folds 
Nicedaymybro: folds 
Supermegopro: folds 
AlbertaPrime: raises $5 to $6
nastja336: folds 
Espada Fish: folds 
Uncalled bet ($5) returned to AlbertaPrime
AlbertaPrime collected $2.50 from pot
*** SUMMARY ***
Total pot $2.50 | Rake $0 
Seat 1: XneferX folded before Flop (didn't bet)
Seat 2: Nicedaymybro folded before Flop (didn't bet)
Seat 3: Supermegopro folded before Flop (didn't bet)
Seat 4: AlbertaPrime (button) collected ($2.50)
Seat 5: nastja336 (small blind) folded before Flop
Seat 6: Espada Fish (big blind) folded before Flop



PokerStars Hand #254600838159:  Hold'em No Limit ($0.50/$1.00 USD) - 2025/01/28 0:55:52 WET [2025/01/28 19:55:52 ET]
Table 'Heidelberga' 6-max Seat #5 is the button
Seat 1: XneferX ($176.46 in chips) 
Seat 2: Nicedaymybro ($100 in chips) 
Seat 3: Supermegopro ($100 in chips) 
Seat 4: AlbertaPrime ($123.85 in chips) 
Seat 5: nastja336 ($100 in chips) 
Seat 6: Espada Fish ($168.70 in chips) 
Espada Fish: posts small blind $0.50
XneferX: posts big blind $1
*** HOLE CARDS ***
Nicedaymybro: folds 
Supermegopro: folds 
AlbertaPrime: calls $1
nastja336: folds 
Espada Fish: folds 
XneferX: checks 
*** FLOP *** [2c 4s 7s]
XneferX: checks 
AlbertaPrime: checks 
*** TURN *** [2c 4s 7s] [2s]
XneferX: checks 
AlbertaPrime: checks 
*** RIVER *** [2c 4s 7s 2s] [Qc]
XneferX: checks 
AlbertaPrime: bets $1.19
XneferX: folds 
Uncalled bet ($1.19) returned to AlbertaPrime
AlbertaPrime collected $2.38 from pot
*** SUMMARY ***
Total pot $2.50 | Rake $0.12 
Board [2c 4s 7s 2s Qc]
Seat 1: XneferX (big blind) folded on the River
Seat 2: Nicedaymybro folded before Flop (didn't bet)
Seat 3: Supermegopro folded before Flop (didn't bet)
Seat 4: AlbertaPrime collected ($2.38)
Seat 5: nastja336 (button) folded before Flop (didn't bet)
Seat 6: Espada Fish (small blind) folded before Flop



PokerStars Hand #254600843822:  Hold'em No Limit ($0.50/$1.00 USD) - 2025/01/28 0:56:30 WET [2025/01/28 19:56:30 ET]
Table 'Heidelberga' 6-max Seat #6 is the button
Seat 1: XneferX ($175.46 in chips) 
Seat 2: Nicedaymybro ($100 in chips) 
Seat 3: Supermegopro ($100 in chips) 
Seat 4: AlbertaPrime ($125.23 in chips) 
Seat 5: nastja336 ($100 in chips) 
Seat 6: Espada Fish ($168.20 in chips) 
XneferX: posts small blind $0.50
Nicedaymybro: posts big blind $1
*** HOLE CARDS ***
Supermegopro: folds 
AlbertaPrime: raises $1 to $2
nastja336: folds 
Espada Fish: folds 
XneferX: folds 
Nicedaymybro: calls $1
*** FLOP *** [2h 3h 2c]
Nicedaymybro: checks 
AlbertaPrime: bets $1
Nicedaymybro: folds 
Uncalled bet ($1) returned to AlbertaPrime
AlbertaPrime collected $4.28 from pot
*** SUMMARY ***
Total pot $4.50 | Rake $0.22 
Board [2h 3h 2c]
Seat 1: XneferX (small blind) folded before Flop
Seat 2: Nicedaymybro (big blind) folded on the Flop
Seat 3: Supermegopro folded before Flop (didn't bet)
Seat 4: AlbertaPrime collected ($4.28)
Seat 5: nastja336 folded before Flop (didn't bet)
Seat 6: Espada Fish (button) folded before Flop (didn't bet)



PokerStars Hand #254600848604:  Hold'em No Limit ($0.50/$1.00 USD) - 2025/01/28 0:57:01 WET [2025/01/28 19:57:01 ET]
Table 'Heidelberga' 6-max Seat #1 is the button
Seat 1: XneferX ($174.96 in chips) 
Seat 2: Nicedaymybro ($100 in chips) 
Seat 3: Supermegopro ($100 in chips) 
Seat 4: AlbertaPrime ($127.51 in chips) 
Seat 5: nastja336 ($100 in chips) 
Seat 6: Espada Fish ($168.20 in chips) 
Nicedaymybro: posts small blind $0.50
Supermegopro: posts big blind $1
*** HOLE CARDS ***
AlbertaPrime: folds 
nastja336: folds 
Espada Fish: folds 
XneferX: raises $1.77 to $2.77
Nicedaymybro: folds 
Supermegopro: calls $1.77
*** FLOP *** [3c 9d 7h]
Supermegopro: checks 
XneferX: bets $2.93
Supermegopro: folds 
Uncalled bet ($2.93) returned to XneferX
XneferX collected $5.74 from pot
XneferX: doesn't show hand 
*** SUMMARY ***
Total pot $6.04 | Rake $0.30 
Board [3c 9d 7h]
Seat 1: XneferX (button) collected ($5.74)
Seat 2: Nicedaymybro (small blind) folded before Flop
Seat 3: Supermegopro (big blind) folded on the Flop
Seat 4: AlbertaPrime folded before Flop (didn't bet)
Seat 5: nastja336 folded before Flop (didn't bet)
Seat 6: Espada Fish folded before Flop (didn't bet)



PokerStars Hand #254600855055:  Hold'em No Limit ($0.50/$1.00 USD) - 2025/01/28 0:57:44 WET [2025/01/28 19:57:44 ET]
Table 'Heidelberga' 6-max Seat #2 is the button
Seat 1: XneferX ($177.93 in chips) 
Seat 2: Nicedaymybro ($100 in chips) 
Seat 3: Supermegopro ($100 in chips) 
Seat 4: AlbertaPrime ($127.51 in chips) 
Seat 5: nastja336 ($100 in chips) 
Seat 6: Espada Fish ($168.20 in chips) 
Supermegopro: posts small blind $0.50
AlbertaPrime: posts big blind $1
*** HOLE CARDS ***
nastja336: folds 
Espada Fish: folds 
XneferX: folds 
Nicedaymybro: folds 
Supermegopro: raises $2 to $3
AlbertaPrime: calls $2
*** FLOP *** [4h Tc Kd]
Supermegopro: bets $2.85
AlbertaPrime: calls $2.85
*** TURN *** [4h Tc Kd] [6s]
Supermegopro: bets $3.67
AlbertaPrime: calls $3.67
*** RIVER *** [4h Tc Kd 6s] [7s]
Supermegopro: checks 
AlbertaPrime: checks 
*** SHOW DOWN ***
Supermegopro: shows [Ac Qd] (high card Ace)
AlbertaPrime: shows [7c Qc] (a pair of Sevens)
AlbertaPrime collected $18.09 from pot
*** SUMMARY ***
Total pot $19.04 | Rake $0.95 
Board [4h Tc Kd 6s 7s]
Seat 1: XneferX folded before Flop (didn't bet)
Seat 2: Nicedaymybro (button) folded before Flop (didn't bet)
Seat 3: Supermegopro (small blind) showed [Ac Qd] and lost with high card Ace
Seat 4: AlbertaPrime (big blind) showed [7c Qc] and won ($18.09) with a pair of Sevens
Seat 5: nastja336 folded before Flop (didn't bet)
Seat 6: Espada Fish folded before Flop (didn't bet)



PokerStars Hand #254600860837:  Hold'em No Limit ($0.50/$1.00 USD) - 2025/01/28 0:58:22 WET [2025/01/28 19:58:22 ET]
Table 'Heidelberga' 6-max Seat #3 is the button
Seat 1: XneferX ($177.93 in chips) 
Seat 2: Nicedaymybro ($100 in chips) 
Seat 3: Supermegopro ($100 in chips) 
Seat 4: AlbertaPrime ($136.08 in chips) 
Seat 5: nastja336 ($100 in chips) 
Seat 6: Espada Fish ($168.20 in chips) 
AlbertaPrime: posts small blind $0.50
nastja336: posts big blind $1
*** HOLE CARDS ***
Espada Fish: folds 
XneferX: folds 
Nicedaymybro: raises $1.50 to $2.50
Supermegopro: folds 
AlbertaPrime: calls $2
nastja336: folds 
*** FLOP *** [4c 8h 5d]
AlbertaPrime: bets $3
Nicedaymybro: calls $3
*** TURN *** [4c 8h 5d] [7s]
AlbertaPrime: bets $3
Nicedaymybro: folds 
Uncalled bet ($3) returned to AlbertaPrime
AlbertaPrime collected $11.40 from pot
*** SUMMARY ***
Total pot $12 | Rake $0.60 
Board [4c 8h 5d 7s]
Seat 1: XneferX folded before Flop (didn't bet)
Seat 2: Nicedaymybro folded on the Turn
Seat 3: Supermegopro (button) folded before Flop (didn't bet)
Seat 4: AlbertaPrime (small blind) collected ($11.40)
Seat 5: nastja336 (big blind) folded before Flop
Seat 6: Espada Fish folded before Flop (didn't bet)



PokerStars Hand #254600865940:  Hold'em No Limit ($0.50/$1.00 USD) - 2025/01/28 0:58:57 WET [2025/01/28 19:58:57 ET]
Table 'Heidelberga' 6-max Seat #4 is the button
Seat 1: XneferX ($177.93 in chips) 
Seat 2: Nicedaymybro ($100 in chips) 
Seat 3: Supermegopro ($100 in chips) 
Seat 4: AlbertaPrime ($141.98 in chips) 
Seat 5: nastja336 ($100 in chips) 
Seat 6: Espada Fish ($168.20 in chips) 
nastja336: posts small blind $0.50
Espada Fish: posts big blind $1
*** HOLE CARDS ***
XneferX: raises $1.10 to $2.10
Nicedaymybro: folds 
Supermegopro: raises $5.90 to $8
AlbertaPrime: folds 
nastja336: folds 
Espada Fish: folds 
XneferX: folds 
Uncalled bet ($5.90) returned to Supermegopro
Supermegopro collected $5.70 from pot
Supermegopro: doesn't show hand 
*** SUMMARY ***
Total pot $5.70 | Rake $0 
Seat 1: XneferX folded before Flop
Seat 2: Nicedaymybro folded before Flop (didn't bet)
Seat 3: Supermegopro collected ($5.70)
Seat 4: AlbertaPrime (button) folded before Flop (didn't bet)
Seat 5: nastja336 (small blind) folded before Flop
Seat 6: Espada Fish (big blind) folded before Flop



PokerStars Hand #254600870786:  Hold'em No Limit ($0.50/$1.00 USD) - 2025/01/28 0:59:30 WET [2025/01/28 19:59:30 ET]
Table 'Heidelberga' 6-max Seat #5 is the button
Seat 1: XneferX ($175.83 in chips) 
Seat 2: Nicedaymybro ($100 in chips) 
Seat 3: Supermegopro ($103.60 in chips) 
Seat 4: AlbertaPrime ($141.98 in chips) 
Seat 5: nastja336 ($100 in chips) 
Seat 6: Espada Fish ($167.20 in chips) 
Espada Fish: posts small blind $0.50
XneferX: posts big blind $1
*** HOLE CARDS ***
Nicedaymybro: folds 
Supermegopro: folds 
AlbertaPrime: folds 
nastja336: raises $1.50 to $2.50
Espada Fish: folds 
XneferX: folds 
Uncalled bet ($1.50) returned to nastja336
nastja336 collected $2.50 from pot
nastja336: doesn't show hand 
*** SUMMARY ***
Total pot $2.50 | Rake $0 
Seat 1: XneferX (big blind) folded before Flop
Seat 2: Nicedaymybro folded before Flop (didn't bet)
Seat 3: Supermegopro folded before Flop (didn't bet)
Seat 4: AlbertaPrime folded before Flop (didn't bet)
Seat 5: nastja336 (button) collected ($2.50)
Seat 6: Espada Fish (small blind) folded before Flop



PokerStars Hand #254600872604:  Hold'em No Limit ($0.50/$1.00 USD) - 2025/01/28 0:59:42 WET [2025/01/28 19:59:42 ET]
Table 'Heidelberga' 6-max Seat #6 is the button
Seat 1: XneferX ($174.83 in chips) 
Seat 2: Nicedaymybro ($100 in chips) 
Seat 3: Supermegopro ($103.60 in chips) 
Seat 4: AlbertaPrime ($141.98 in chips) 
Seat 5: nastja336 ($101.50 in chips) 
Seat 6: Espada Fish ($166.70 in chips) 
XneferX: posts small blind $0.50
Nicedaymybro: posts big blind $1
*** HOLE CARDS ***
Supermegopro: raises $1.50 to $2.50
AlbertaPrime: folds 
nastja336: folds 
Espada Fish: folds 
XneferX: folds 
Nicedaymybro: calls $1.50
*** FLOP *** [6s Ts Qd]
Nicedaymybro: checks 
Supermegopro: checks 
*** TURN *** [6s Ts Qd] [9c]
Nicedaymybro: checks 
Supermegopro: checks 
*** RIVER *** [6s Ts Qd 9c] [4c]
Nicedaymybro: checks 
Supermegopro: bets $1.72
Nicedaymybro: raises $20.78 to $22.50
Supermegopro: folds 
Uncalled bet ($20.78) returned to Nicedaymybro
Nicedaymybro collected $8.49 from pot
Nicedaymybro: doesn't show hand 
*** SUMMARY ***
Total pot $8.94 | Rake $0.45 
Board [6s Ts Qd 9c 4c]
Seat 1: XneferX (small blind) folded before Flop
Seat 2: Nicedaymybro (big blind) collected ($8.49)
Seat 3: Supermegopro folded on the River
Seat 4: AlbertaPrime folded before Flop (didn't bet)
Seat 5: nastja336 folded before Flop (didn't bet)
Seat 6: Espada Fish (button) folded before Flop (didn't bet)



PokerStars Hand #254600880611:  Hold'em No Limit ($0.50/$1.00 USD) - 2025/01/28 1:00:34 WET [2025/01/28 20:00:34 ET]
Table 'Heidelberga' 6-max Seat #1 is the button
Seat 1: XneferX ($174.33 in chips) 
Seat 2: Nicedaymybro ($104.27 in chips) 
Seat 3: Supermegopro ($100 in chips) 
Seat 4: AlbertaPrime ($141.98 in chips) 
Seat 5: nastja336 ($101.50 in chips) 
Seat 6: Espada Fish ($166.70 in chips) 
Nicedaymybro: posts small blind $0.50
Supermegopro: posts big blind $1
*** HOLE CARDS ***
AlbertaPrime: raises $4 to $5
nastja336: folds 
Espada Fish: folds 
XneferX: folds 
Nicedaymybro: folds 
Supermegopro: folds 
Uncalled bet ($4) returned to AlbertaPrime
AlbertaPrime collected $2.50 from pot
*** SUMMARY ***
Total pot $2.50 | Rake $0 
Seat 1: XneferX (button) folded before Flop (didn't bet)
Seat 2: Nicedaymybro (small blind) folded before Flop
Seat 3: Supermegopro (big blind) folded before Flop
Seat 4: AlbertaPrime collected ($2.50)
Seat 5: nastja336 folded before Flop (didn't bet)
Seat 6: Espada Fish folded before Flop (didn't bet)



PokerStars Hand #254600883191:  Hold'em No Limit ($0.50/$1.00 USD) - 2025/01/28 1:00:49 WET [2025/01/28 20:00:49 ET]
Table 'Heidelberga' 6-max Seat #2 is the button
Seat 1: XneferX ($174.33 in chips) 
Seat 2: Nicedaymybro ($103.77 in chips) 
Seat 3: Supermegopro ($100 in chips) 
Seat 4: AlbertaPrime ($143.48 in chips) 
Seat 5: nastja336 ($101.50 in chips) 
Seat 6: Espada Fish ($166.70 in chips) 
Supermegopro: posts small blind $0.50
AlbertaPrime: posts big blind $1
*** HOLE CARDS ***
nastja336: folds 
Espada Fish: folds 
XneferX: folds 
Nicedaymybro: folds 
Supermegopro: raises $1.50 to $2.50
AlbertaPrime: calls $1.50
*** FLOP *** [Jh Ac 9h]
Supermegopro: bets $1.57
AlbertaPrime: raises $1.57 to $3.14
Supermegopro: calls $1.57
*** TURN *** [Jh Ac 9h] [3s]
Supermegopro: checks 
AlbertaPrime: checks 
*** RIVER *** [Jh Ac 9h 3s] [4c]
Supermegopro: checks 
AlbertaPrime: bets $5.36
Supermegopro: calls $5.36
*** SHOW DOWN ***
AlbertaPrime: shows [9s 2s] (a pair of Nines)
Supermegopro: shows [8h Jd] (a pair of Jacks)
Supermegopro collected $20.90 from pot
*** SUMMARY ***
Total pot $22 | Rake $1.10 
Board [Jh Ac 9h 3s 4c]
Seat 1: XneferX folded before Flop (didn't bet)
Seat 2: Nicedaymybro (button) folded before Flop (didn't bet)
Seat 3: Supermegopro (small blind) showed [8h Jd] and won ($20.90) with a pair of Jacks
Seat 4: AlbertaPrime (big blind) showed [9s 2s] and lost with a pair of Nines
Seat 5: nastja336 folded before Flop (didn't bet)
Seat 6: Espada Fish folded before Flop (didn't bet)



PokerStars Hand #254600889127:  Hold'em No Limit ($0.50/$1.00 USD) - 2025/01/28 1:01:23 WET [2025/01/28 20:01:23 ET]
Table 'Heidelberga' 6-max Seat #3 is the button
Seat 1: XneferX ($174.33 in chips) 
Seat 2: Nicedaymybro ($103.77 in chips) 
Seat 3: Supermegopro ($109.90 in chips) 
Seat 4: AlbertaPrime ($132.48 in chips) 
Seat 5: nastja336 ($101.50 in chips) 
Seat 6: Espada Fish ($166.70 in chips) 
AlbertaPrime: posts small blind $0.50
nastja336: posts big blind $1
*** HOLE CARDS ***
Espada Fish: folds 
XneferX: folds 
Nicedaymybro: folds 
Supermegopro: raises $1.50 to $2.50
AlbertaPrime: folds 
nastja336: folds 
Uncalled bet ($1.50) returned to Supermegopro
Supermegopro collected $2.50 from pot
Supermegopro: doesn't show hand 
*** SUMMARY ***
Total pot $2.50 | Rake $0 
Seat 1: XneferX folded before Flop (didn't bet)
Seat 2: Nicedaymybro folded before Flop (didn't bet)
Seat 3: Supermegopro (button) collected ($2.50)
Seat 4: AlbertaPrime (small blind) folded before Flop
Seat 5: nastja336 (big blind) folded before Flop
Seat 6: Espada Fish folded before Flop (didn't bet)



PokerStars Hand #254600891695:  Hold'em No Limit ($0.50/$1.00 USD) - 2025/01/28 1:01:37 WET [2025/01/28 20:01:37 ET]
Table 'Heidelberga' 6-max Seat #4 is the button
Seat 1: XneferX ($174.33 in chips) 
Seat 2: Nicedaymybro ($103.77 in chips) 
Seat 3: Supermegopro ($111.40 in chips) 
Seat 4: AlbertaPrime ($131.98 in chips) 
Seat 5: nastja336 ($100.50 in chips) 
Seat 6: Espada Fish ($166.70 in chips) 
nastja336: posts small blind $0.50
Espada Fish: posts big blind $1
*** HOLE CARDS ***
XneferX: folds 
Nicedaymybro: folds 
Supermegopro: raises $1.50 to $2.50
AlbertaPrime: calls $2.50
nastja336: raises $11.50 to $14
Espada Fish: folds 
Supermegopro: calls $11.50
AlbertaPrime: folds 
*** FLOP *** [6h 3s 3c]
nastja336: bets $9.87
Supermegopro: calls $9.87
*** TURN *** [6h 3s 3c] [Ac]
nastja336: checks 
Supermegopro: checks 
*** RIVER *** [6h 3s 3c Ac] [8h]
nastja336: bets $16.08
Supermegopro: calls $16.08
*** SHOW DOWN ***
nastja336: shows [Jd As] (two pair, Aces and Threes)
Supermegopro: shows [Ah Qc] (two pair, Aces and Threes - Queen kicker)
Supermegopro collected $80.90 from pot
*** SUMMARY ***
Total pot $83.40 | Rake $2.50 
Board [6h 3s 3c Ac 8h]
Seat 1: XneferX folded before Flop (didn't bet)
Seat 2: Nicedaymybro folded before Flop (didn't bet)
Seat 3: Supermegopro showed [Ah Qc] and won ($80.90) with two pair, Aces and Threes
Seat 4: AlbertaPrime (button) folded before Flop
Seat 5: nastja336 (small blind) showed [Jd As] and lost with two pair, Aces and Threes
Seat 6: Espada Fish (big blind) folded before Flop



PokerStars Hand #254600902293:  Hold'em No Limit ($0.50/$1.00 USD) - 2025/01/28 1:02:36 WET [2025/01/28 20:02:36 ET]
Table 'Heidelberga' 6-max Seat #5 is the button
Seat 1: XneferX ($174.33 in chips) 
Seat 2: Nicedaymybro ($103.77 in chips) 
Seat 3: Supermegopro ($152.35 in chips) 
Seat 4: AlbertaPrime ($129.48 in chips) 
Seat 5: nastja336 ($100 in chips) 
Seat 6: Espada Fish ($165.70 in chips) 
Espada Fish: posts small blind $0.50
XneferX: posts big blind $1
*** HOLE CARDS ***
Nicedaymybro: folds 
Supermegopro: folds 
AlbertaPrime: raises $2.50 to $3.50
nastja336: folds 
Espada Fish: folds 
XneferX: folds 
Uncalled bet ($2.50) returned to AlbertaPrime
AlbertaPrime collected $2.50 from pot
*** SUMMARY ***
Total pot $2.50 | Rake $0 
Seat 1: XneferX (big blind) folded before Flop
Seat 2: Nicedaymybro folded before Flop (didn't bet)
Seat 3: Supermegopro folded before Flop (didn't bet)
Seat 4: AlbertaPrime collected ($2.50)
Seat 5: nastja336 (button) folded before Flop (didn't bet)
Seat 6: Espada Fish (small blind) folded before Flop



PokerStars Hand #254600905720:  Hold'em No Limit ($0.50/$1.00 USD) - 2025/01/28 1:02:55 WET [2025/01/28 20:02:55 ET]
Table 'Heidelberga' 6-max Seat #6 is the button
Seat 1: XneferX ($173.33 in chips) 
Seat 2: Nicedaymybro ($103.77 in chips) 
Seat 3: Supermegopro ($152.35 in chips) 
Seat 4: AlbertaPrime ($130.98 in chips) 
Seat 5: nastja336 ($100 in chips) 
Seat 6: Espada Fish ($165.20 in chips) 
XneferX: posts small blind $0.50
Nicedaymybro: posts big blind $1
*** HOLE CARDS ***
Supermegopro: folds 
AlbertaPrime: folds 
nastja336: raises $1.50 to $2.50
Espada Fish: folds 
XneferX: folds 
Nicedaymybro: folds 
Uncalled bet ($1.50) returned to nastja336
nastja336 collected $2.50 from pot
nastja336: doesn't show hand 
*** SUMMARY ***
Total pot $2.50 | Rake $0 
Seat 1: XneferX (small blind) folded before Flop
Seat 2: Nicedaymybro (big blind) folded before Flop
Seat 3: Supermegopro folded before Flop (didn't bet)
Seat 4: AlbertaPrime folded before Flop (didn't bet)
Seat 5: nastja336 collected ($2.50)
Seat 6: Espada Fish (button) folded before Flop (didn't bet)



PokerStars Hand #254600908447:  Hold'em No Limit ($0.50/$1.00 USD) - 2025/01/28 1:03:11 WET [2025/01/28 20:03:11 ET]
Table 'Heidelberga' 6-max Seat #1 is the button
Seat 1: XneferX ($172.83 in chips) 
Seat 2: Nicedaymybro ($102.77 in chips) 
Seat 3: Supermegopro ($152.35 in chips) 
Seat 4: AlbertaPrime ($130.98 in chips) 
Seat 5: nastja336 ($101.50 in chips) 
Seat 6: Espada Fish ($165.20 in chips) 
Nicedaymybro: posts small blind $0.50
Supermegopro: posts big blind $1
*** HOLE CARDS ***
AlbertaPrime: raises $2 to $3
nastja336: folds 
Espada Fish: folds 
XneferX: folds 
Nicedaymybro: folds 
Supermegopro: calls $2
*** FLOP *** [As 2h 3c]
Supermegopro: checks 
AlbertaPrime: bets $6.18
Supermegopro: calls $6.18
*** TURN *** [As 2h 3c] [Js]
Supermegopro: checks 
AlbertaPrime: checks 
*** RIVER *** [As 2h 3c Js] [Jd]
Supermegopro: checks 
AlbertaPrime: bets $17.92
Supermegopro: calls $17.92
*** SHOW DOWN ***
AlbertaPrime: shows [Qd 4c] (a pair of Jacks)
Supermegopro: shows [8d 8s] (two pair, Jacks and Eights)
Supermegopro collected $52.20 from pot
*** SUMMARY ***
Total pot $54.70 | Rake $2.50 
Board [As 2h 3c Js Jd]
Seat 1: XneferX (button) folded before Flop (didn't bet)
Seat 2: Nicedaymybro (small blind) folded before Flop
Seat 3: Supermegopro (big blind) showed [8d 8s] and won ($52.20) with two pair, Jacks and Eights
Seat 4: AlbertaPrime showed [Qd 4c] and lost with a pair of Jacks
Seat 5: nastja336 folded before Flop (didn't bet)
Seat 6: Espada Fish folded before Flop (didn't bet)



PokerStars Hand #254600917798:  Hold'em No Limit ($0.50/$1.00 USD) - 2025/01/28 1:04:02 WET [2025/01/28 20:04:02 ET]
Table 'Heidelberga' 6-max Seat #2 is the button
Seat 1: XneferX ($172.83 in chips) 
Seat 2: Nicedaymybro ($102.27 in chips) 
Seat 3: Supermegopro ($177.45 in chips) 
Seat 4: AlbertaPrime ($103.88 in chips) 
Seat 5: nastja336 ($101.50 in chips) 
Seat 6: Espada Fish ($165.20 in chips) 
Supermegopro: posts small blind $0.50
AlbertaPrime: posts big blind $1
*** HOLE CARDS ***
nastja336: folds 
Espada Fish: folds 
XneferX: folds 
Nicedaymybro: raises $1.50 to $2.50
Supermegopro: folds 
AlbertaPrime: raises $5.50 to $8
Nicedaymybro: calls $5.50
*** FLOP *** [8h Qc Kc]
AlbertaPrime: bets $15.68
Nicedaymybro: folds 
Uncalled bet ($15.68) returned to AlbertaPrime
AlbertaPrime collected $15.68 from pot
*** SUMMARY ***
Total pot $16.50 | Rake $0.82 
Board [8h Qc Kc]
Seat 1: XneferX folded before Flop (didn't bet)
Seat 2: Nicedaymybro (button) folded on the Flop
Seat 3: Supermegopro (small blind) folded before Flop
Seat 4: AlbertaPrime (big blind) collected ($15.68)
Seat 5: nastja336 folded before Flop (didn't bet)
Seat 6: Espada Fish folded before Flop (didn't bet)



PokerStars Hand #254600923219:  Hold'em No Limit ($0.50/$1.00 USD) - 2025/01/28 1:04:32 WET [2025/01/28 20:04:32 ET]
Table 'Heidelberga' 6-max Seat #3 is the button
Seat 1: XneferX ($172.83 in chips) 
Seat 2: Nicedaymybro ($100 in chips) 
Seat 3: Supermegopro ($176.95 in chips) 
Seat 4: AlbertaPrime ($111.56 in chips) 
Seat 5: nastja336 ($101.50 in chips) 
Seat 6: Espada Fish ($165.20 in chips) 
AlbertaPrime: posts small blind $0.50
nastja336: posts big blind $1
*** HOLE CARDS ***
Espada Fish: folds 
XneferX: folds 
Nicedaymybro: raises $1.50 to $2.50
Supermegopro: folds 
AlbertaPrime: calls $2
nastja336: calls $1.50
*** FLOP *** [4d 3d Qs]
AlbertaPrime: checks 
nastja336: checks 
Nicedaymybro: checks 
*** TURN *** [4d 3d Qs] [Ac]
AlbertaPrime: bets $4
nastja336: folds 
Nicedaymybro: raises $8 to $12
AlbertaPrime: calls $8
*** RIVER *** [4d 3d Qs Ac] [4s]
AlbertaPrime: checks 
Nicedaymybro: bets $35
AlbertaPrime: folds 
Uncalled bet ($35) returned to Nicedaymybro
Nicedaymybro collected $29.92 from pot
Nicedaymybro: doesn't show hand 
*** SUMMARY ***
Total pot $31.50 | Rake $1.58 
Board [4d 3d Qs Ac 4s]
Seat 1: XneferX folded before Flop (didn't bet)
Seat 2: Nicedaymybro collected ($29.92)
Seat 3: Supermegopro (button) folded before Flop (didn't bet)
Seat 4: AlbertaPrime (small blind) folded on the River
Seat 5: nastja336 (big blind) folded on the Turn
Seat 6: Espada Fish folded before Flop (didn't bet)



PokerStars Hand #254600935357:  Hold'em No Limit ($0.50/$1.00 USD) - 2025/01/28 1:05:39 WET [2025/01/28 20:05:39 ET]
Table 'Heidelberga' 6-max Seat #4 is the button
Seat 1: XneferX ($172.83 in chips) 
Seat 2: Nicedaymybro ($115.42 in chips) 
Seat 3: Supermegopro ($176.95 in chips) 
Seat 4: AlbertaPrime ($97.06 in chips) 
Seat 5: nastja336 ($100 in chips) 
Seat 6: Espada Fish ($165.20 in chips) 
nastja336: posts small blind $0.50
Espada Fish: posts big blind $1
*** HOLE CARDS ***
XneferX: folds 
Nicedaymybro: folds 
Supermegopro: folds 
AlbertaPrime: calls $1
nastja336: folds 
Espada Fish: checks 
*** FLOP *** [Qs 3s 6d]
Espada Fish: checks 
AlbertaPrime: bets $2.38
Espada Fish: folds 
Uncalled bet ($2.38) returned to AlbertaPrime
AlbertaPrime collected $2.38 from pot
*** SUMMARY ***
Total pot $2.50 | Rake $0.12 
Board [Qs 3s 6d]
Seat 1: XneferX folded before Flop (didn't bet)
Seat 2: Nicedaymybro folded before Flop (didn't bet)
Seat 3: Supermegopro folded before Flop (didn't bet)
Seat 4: AlbertaPrime (button) collected ($2.38)
Seat 5: nastja336 (small blind) folded before Flop
Seat 6: Espada Fish (big blind) folded on the Flop



PokerStars Hand #254600940422:  Hold'em No Limit ($0.50/$1.00 USD) - 2025/01/28 1:06:08 WET [2025/01/28 20:06:08 ET]
Table 'Heidelberga' 6-max Seat #5 is the button
Seat 1: XneferX ($172.83 in chips) 
Seat 2: Nicedaymybro ($115.42 in chips) 
Seat 3: Supermegopro ($176.95 in chips) 
Seat 4: AlbertaPrime ($98.44 in chips) 
Seat 5: nastja336 ($100 in chips) 
Seat 6: Espada Fish ($164.20 in chips) 
Espada Fish: posts small blind $0.50
XneferX: posts big blind $1
*** HOLE CARDS ***
Nicedaymybro: folds 
Supermegopro: folds 
AlbertaPrime: raises $2 to $3
nastja336: folds 
Espada Fish: raises $9 to $12
XneferX: folds 
AlbertaPrime: calls $9
*** FLOP *** [7c Jh 2s]
Espada Fish: checks 
AlbertaPrime: bets $11.88
Espada Fish: folds 
Uncalled bet ($11.88) returned to AlbertaPrime
AlbertaPrime collected $23.75 from pot
*** SUMMARY ***
Total pot $25 | Rake $1.25 
Board [7c Jh 2s]
Seat 1: XneferX (big blind) folded before Flop
Seat 2: Nicedaymybro folded before Flop (didn't bet)
Seat 3: Supermegopro folded before Flop (didn't bet)
Seat 4: AlbertaPrime collected ($23.75)
Seat 5: nastja336 (button) folded before Flop (didn't bet)
Seat 6: Espada Fish (small blind) folded on the Flop



PokerStars Hand #254600950041:  Hold'em No Limit ($0.50/$1.00 USD) - 2025/01/28 1:07:02 WET [2025/01/28 20:07:02 ET]
Table 'Heidelberga' 6-max Seat #6 is the button
Seat 1: XneferX ($171.83 in chips) 
Seat 2: Nicedaymybro ($115.42 in chips) 
Seat 3: Supermegopro ($176.95 in chips) 
Seat 4: AlbertaPrime ($110.19 in chips) 
Seat 5: nastja336 ($100 in chips) 
Seat 6: Espada Fish ($152.20 in chips) 
XneferX: posts small blind $0.50
Nicedaymybro: posts big blind $1
*** HOLE CARDS ***
Supermegopro: raises $1.50 to $2.50
AlbertaPrime: calls $2.50
nastja336: folds 
Espada Fish: folds 
XneferX: folds 
Nicedaymybro: calls $1.50
*** FLOP *** [Ah Qc 8h]
Nicedaymybro: checks 
Supermegopro: checks 
AlbertaPrime: checks 
*** TURN *** [Ah Qc 8h] [8s]
Nicedaymybro: checks 
Supermegopro: bets $5.07
AlbertaPrime: folds 
Nicedaymybro: folds 
Uncalled bet ($5.07) returned to Supermegopro
Supermegopro collected $7.60 from pot
Supermegopro: doesn't show hand 
*** SUMMARY ***
Total pot $8 | Rake $0.40 
Board [Ah Qc 8h 8s]
Seat 1: XneferX (small blind) folded before Flop
Seat 2: Nicedaymybro (big blind) folded on the Turn
Seat 3: Supermegopro collected ($7.60)
Seat 4: AlbertaPrime folded on the Turn
Seat 5: nastja336 folded before Flop (didn't bet)
Seat 6: Espada Fish (button) folded before Flop (didn't bet)



PokerStars Hand #254600957554:  Hold'em No Limit ($0.50/$1.00 USD) - 2025/01/28 1:07:45 WET [2025/01/28 20:07:45 ET]
Table 'Heidelberga' 6-max Seat #1 is the button
Seat 1: XneferX ($171.33 in chips) 
Seat 2: Nicedaymybro ($112.92 in chips) 
Seat 3: Supermegopro ($182.05 in chips) 
Seat 4: AlbertaPrime ($107.69 in chips) 
Seat 5: nastja336 ($100 in chips) 
Seat 6: Espada Fish ($152.20 in chips) 
Nicedaymybro: posts small blind $0.50
Supermegopro: posts big blind $1
*** HOLE CARDS ***
AlbertaPrime: folds 
nastja336: folds 
Espada Fish: folds 
XneferX: folds 
Nicedaymybro: raises $2 to $3
Supermegopro: folds 
Uncalled bet ($2) returned to Nicedaymybro
Nicedaymybro collected $2 from pot
Nicedaymybro: doesn't show hand 
*** SUMMARY ***
Total pot $2 | Rake $0 
Seat 1: XneferX (button) folded before Flop (didn't bet)
Seat 2: Nicedaymybro (small blind) collected ($2)
Seat 3: Supermegopro (big blind) folded before Flop
Seat 4: AlbertaPrime folded before Flop (didn't bet)
Seat 5: nastja336 folded before Flop (didn't bet)
Seat 6: Espada Fish folded before Flop (didn't bet)



PokerStars Hand #254600961296:  Hold'em No Limit ($0.50/$1.00 USD) - 2025/01/28 1:08:06 WET [2025/01/28 20:08:06 ET]
Table 'Heidelberga' 6-max Seat #2 is the button
Seat 1: XneferX ($171.33 in chips) 
Seat 2: Nicedaymybro ($113.92 in chips) 
Seat 3: Supermegopro ($181.05 in chips) 
Seat 4: AlbertaPrime ($107.69 in chips) 
Seat 5: nastja336 ($100 in chips) 
Seat 6: Espada Fish ($152.20 in chips) 
Supermegopro: posts small blind $0.50
AlbertaPrime: posts big blind $1
*** HOLE CARDS ***
nastja336: folds 
Espada Fish: folds 
XneferX: raises $1.30 to $2.30
Nicedaymybro: folds 
Supermegopro: folds 
AlbertaPrime: calls $1.30
*** FLOP *** [Jd 8s 3h]
AlbertaPrime: checks 
XneferX: checks 
*** TURN *** [Jd 8s 3h] [Qd]
AlbertaPrime: bets $4.84
XneferX: folds 
Uncalled bet ($4.84) returned to AlbertaPrime
AlbertaPrime collected $4.84 from pot
*** SUMMARY ***
Total pot $5.10 | Rake $0.26 
Board [Jd 8s 3h Qd]
Seat 1: XneferX folded on the Turn
Seat 2: Nicedaymybro (button) folded before Flop (didn't bet)
Seat 3: Supermegopro (small blind) folded before Flop
Seat 4: AlbertaPrime (big blind) collected ($4.84)
Seat 5: nastja336 folded before Flop (didn't bet)
Seat 6: Espada Fish folded before Flop (didn't bet)



PokerStars Hand #254600969978:  Hold'em No Limit ($0.50/$1.00 USD) - 2025/01/28 1:08:55 WET [2025/01/28 20:08:55 ET]
Table 'Heidelberga' 6-max Seat #3 is the button
Seat 1: XneferX ($169.03 in chips) 
Seat 2: Nicedaymybro ($113.92 in chips) 
Seat 3: Supermegopro ($180.55 in chips) 
Seat 4: AlbertaPrime ($110.23 in chips) 
Seat 5: nastja336 ($100 in chips) 
Seat 6: Espada Fish ($152.20 in chips) 
AlbertaPrime: posts small blind $0.50
nastja336: posts big blind $1
*** HOLE CARDS ***
Espada Fish: folds 
XneferX: raises $1.10 to $2.10
Nicedaymybro: folds 
Supermegopro: folds 
AlbertaPrime: calls $1.60
nastja336: folds 
*** FLOP *** [Jc 2h 8c]
AlbertaPrime: bets $3
XneferX: calls $3
*** TURN *** [Jc 2h 8c] [9d]
AlbertaPrime: bets $5.32
XneferX: calls $5.32
*** RIVER *** [Jc 2h 8c 9d] [2s]
AlbertaPrime: checks 
XneferX: checks 
*** SHOW DOWN ***
AlbertaPrime: shows [8d Kh] (two pair, Eights and Deuces)
XneferX: mucks hand 
AlbertaPrime collected $20.75 from pot
*** SUMMARY ***
Total pot $21.84 | Rake $1.09 
Board [Jc 2h 8c 9d 2s]
Seat 1: XneferX mucked
Seat 2: Nicedaymybro folded before Flop (didn't bet)
Seat 3: Supermegopro (button) folded before Flop (didn't bet)
Seat 4: AlbertaPrime (small blind) showed [8d Kh] and won ($20.75) with two pair, Eights and Deuces
Seat 5: nastja336 (big blind) folded before Flop
Seat 6: Espada Fish folded before Flop (didn't bet)



PokerStars Hand #254600979687:  Hold'em No Limit ($0.50/$1.00 USD) - 2025/01/28 1:09:50 WET [2025/01/28 20:09:50 ET]
Table 'Heidelberga' 6-max Seat #4 is the button
Seat 1: XneferX ($158.61 in chips) 
Seat 2: Nicedaymybro ($113.92 in chips) 
Seat 3: Supermegopro ($180.55 in chips) 
Seat 4: AlbertaPrime ($120.56 in chips) 
Seat 5: nastja336 ($100 in chips) 
Seat 6: Espada Fish ($152.20 in chips) 
nastja336: posts small blind $0.50
Espada Fish: posts big blind $1
*** HOLE CARDS ***
XneferX: folds 
Nicedaymybro: folds 
Supermegopro: folds 
AlbertaPrime: raises $2 to $3
nastja336: folds 
Espada Fish: calls $2
*** FLOP *** [Ac 5h Ks]
Espada Fish: checks 
AlbertaPrime: bets $3.09
Espada Fish: calls $3.09
*** TURN *** [Ac 5h Ks] [7s]
Espada Fish: checks 
AlbertaPrime: bets $1
Espada Fish: calls $1
*** RIVER *** [Ac 5h Ks 7s] [5s]
Espada Fish: checks 
AlbertaPrime: bets $6.98
Espada Fish: calls $6.98
*** SHOW DOWN ***
AlbertaPrime: shows [4h Qh] (a pair of Fives)
Espada Fish: shows [9c Kd] (two pair, Kings and Fives)
Espada Fish collected $27.21 from pot
*** SUMMARY ***
Total pot $28.64 | Rake $1.43 
Board [Ac 5h Ks 7s 5s]
Seat 1: XneferX folded before Flop (didn't bet)
Seat 2: Nicedaymybro folded before Flop (didn't bet)
Seat 3: Supermegopro folded before Flop (didn't bet)
Seat 4: AlbertaPrime (button) showed [4h Qh] and lost with a pair of Fives
Seat 5: nastja336 (small blind) folded before Flop
Seat 6: Espada Fish (big blind) showed [9c Kd] and won ($27.21) with two pair, Kings and Fives



PokerStars Hand #254600997960:  Hold'em No Limit ($0.50/$1.00 USD) - 2025/01/28 1:11:33 WET [2025/01/28 20:11:33 ET]
Table 'Heidelberga' 6-max Seat #5 is the button
Seat 1: XneferX ($158.61 in chips) 
Seat 2: Nicedaymybro ($113.92 in chips) 
Seat 3: Supermegopro ($180.55 in chips) 
Seat 4: AlbertaPrime ($106.49 in chips) 
Seat 5: nastja336 ($100 in chips) 
Seat 6: Espada Fish ($165.34 in chips) 
Espada Fish: posts small blind $0.50
XneferX: posts big blind $1
*** HOLE CARDS ***
Nicedaymybro: folds 
Supermegopro: raises $1.50 to $2.50
AlbertaPrime: raises $6.50 to $9
nastja336: folds 
Espada Fish: folds 
XneferX: folds 
Supermegopro: calls $6.50
*** FLOP *** [7s Ks 5h]
Supermegopro: checks 
AlbertaPrime: bets $18.52
Supermegopro: folds 
Uncalled bet ($18.52) returned to AlbertaPrime
AlbertaPrime collected $18.52 from pot
*** SUMMARY ***
Total pot $19.50 | Rake $0.98 
Board [7s Ks 5h]
Seat 1: XneferX (big blind) folded before Flop
Seat 2: Nicedaymybro folded before Flop (didn't bet)
Seat 3: Supermegopro folded on the Flop
Seat 4: AlbertaPrime collected ($18.52)
Seat 5: nastja336 (button) folded before Flop (didn't bet)
Seat 6: Espada Fish (small blind) folded before Flop



PokerStars Hand #254601002747:  Hold'em No Limit ($0.50/$1.00 USD) - 2025/01/28 1:12:00 WET [2025/01/28 20:12:00 ET]
Table 'Heidelberga' 6-max Seat #6 is the button
Seat 2: Nicedaymybro ($113.92 in chips) is sitting out
Seat 1: XneferX ($157.61 in chips) 
Seat 3: Supermegopro ($171.55 in chips) 
Seat 4: AlbertaPrime ($116.01 in chips) 
Seat 5: nastja336 ($100 in chips) 
Seat 6: Espada Fish ($164.84 in chips) 
XneferX: posts small blind $0.50
Supermegopro: posts big blind $1
*** HOLE CARDS ***
AlbertaPrime: raises $2 to $3
nastja336: folds 
Espada Fish: folds 
XneferX: folds 
Supermegopro: folds 
Uncalled bet ($2) returned to AlbertaPrime
AlbertaPrime collected $2.50 from pot
*** SUMMARY ***
Total pot $2.50 | Rake $0 
Seat 2: Nicedaymybro
Seat 1: XneferX (small blind) folded before Flop
Seat 3: Supermegopro (big blind) folded before Flop
Seat 4: AlbertaPrime collected ($2.50)
Seat 5: nastja336 folded before Flop (didn't bet)
Seat 6: Espada Fish (button) folded before Flop (didn't bet)



PokerStars Hand #254601006791:  Hold'em No Limit ($0.50/$1.00 USD) - 2025/01/28 1:12:23 WET [2025/01/28 20:12:23 ET]
Table 'Heidelberga' 6-max Seat #1 is the button
Seat 2: Nicedaymybro ($113.92 in chips) is sitting out
Seat 1: XneferX ($157.11 in chips) 
Seat 3: Supermegopro ($170.55 in chips) 
Seat 4: AlbertaPrime ($117.51 in chips) 
Seat 5: nastja336 ($100 in chips) 
Seat 6: Espada Fish ($164.84 in chips) 
Supermegopro: posts small blind $0.50
AlbertaPrime: posts big blind $1
*** HOLE CARDS ***
nastja336: raises $1.50 to $2.50
Espada Fish: folds 
XneferX: folds 
Supermegopro: folds 
AlbertaPrime: calls $1.50
*** FLOP *** [8h 2s 5c]
AlbertaPrime: bets $3
nastja336: folds 
Uncalled bet ($3) returned to AlbertaPrime
AlbertaPrime collected $5.22 from pot
*** SUMMARY ***
Total pot $5.50 | Rake $0.28 
Board [8h 2s 5c]
Seat 2: Nicedaymybro
Seat 1: XneferX (button) folded before Flop (didn't bet)
Seat 3: Supermegopro (small blind) folded before Flop
Seat 4: AlbertaPrime (big blind) collected ($5.22)
Seat 5: nastja336 folded on the Flop
Seat 6: Espada Fish folded before Flop (didn't bet)



PokerStars Hand #254601012444:  Hold'em No Limit ($0.50/$1.00 USD) - 2025/01/28 1:12:55 WET [2025/01/28 20:12:55 ET]
Table 'Heidelberga' 6-max Seat #3 is the button
Seat 2: Nicedaymybro ($113.92 in chips) is sitting out
Seat 1: XneferX ($157.11 in chips) 
Seat 3: Supermegopro ($170.05 in chips) 
Seat 4: AlbertaPrime ($120.23 in chips) 
Seat 5: nastja336 ($100 in chips) 
Seat 6: Espada Fish ($164.84 in chips) 
AlbertaPrime: posts small blind $0.50
nastja336: posts big blind $1
*** HOLE CARDS ***
Espada Fish: raises $1.20 to $2.20
XneferX: folds 
Supermegopro: calls $2.20
AlbertaPrime: raises $4.80 to $7
nastja336: folds 
Espada Fish: calls $4.80
Supermegopro: calls $4.80
*** FLOP *** [7s 9h 6c]
AlbertaPrime: bets $20.90
Espada Fish: calls $20.90
Supermegopro: folds 
*** TURN *** [7s 9h 6c] [2s]
AlbertaPrime: checks 
Espada Fish: bets $20.23
AlbertaPrime: calls $20.23
*** RIVER *** [7s 9h 6c 2s] [8s]
AlbertaPrime: bets $72.10 and is all-in
Espada Fish: calls $72.10
*** SHOW DOWN ***
AlbertaPrime: shows [Ah 8c] (a pair of Eights)
Espada Fish: shows [As 9s] (a flush, Ace high)
Espada Fish collected $245.96 from pot
*** SUMMARY ***
Total pot $248.46 | Rake $2.50 
Board [7s 9h 6c 2s 8s]
Seat 2: Nicedaymybro
Seat 1: XneferX folded before Flop (didn't bet)
Seat 3: Supermegopro (button) folded on the Flop
Seat 4: AlbertaPrime (small blind) showed [Ah 8c] and lost with a pair of Eights
Seat 5: nastja336 (big blind) folded before Flop
Seat 6: Espada Fish showed [As 9s] and won ($245.96) with a flush, Ace high



PokerStars Hand #254601026036:  Hold'em No Limit ($0.50/$1.00 USD) - 2025/01/28 1:14:13 WET [2025/01/28 20:14:13 ET]
Table 'Heidelberga' 6-max Seat #5 is the button
Seat 2: Nicedaymybro ($113.92 in chips) is sitting out
Seat 4: AlbertaPrime ($0 in chips) is sitting out
Seat 1: XneferX ($157.11 in chips) 
Seat 3: Supermegopro ($163.05 in chips) 
Seat 5: nastja336 ($100 in chips) 
Seat 6: Espada Fish ($290.57 in chips) 
Espada Fish: posts small blind $0.50
XneferX: posts big blind $1
Nicedaymybro: sits out 
*** HOLE CARDS ***
Supermegopro: raises $1.50 to $2.50
nastja336: folds 
AlbertaPrime leaves the table
Espada Fish: folds 
XneferX: folds 
Uncalled bet ($1.50) returned to Supermegopro
Nicedaymybro leaves the table
Supermegopro collected $2.50 from pot
Supermegopro: doesn't show hand 
*** SUMMARY ***
Total pot $2.50 | Rake $0 
Seat 2: Nicedaymybro
Seat 4: AlbertaPrime
Seat 1: XneferX (big blind) folded before Flop
Seat 3: Supermegopro collected ($2.50)
Seat 5: nastja336 (button) folded before Flop (didn't bet)
Seat 6: Espada Fish (small blind) folded before Flop



