PokerStars Hand #254595133019:  Hold'em No Limit ($0.50/$1.00 USD) - 2025/01/28 19:45:28 WET [2025/01/28 14:45:28 ET]
Table 'Hynek' 6-max Seat #4 is the button
Seat 1: EdgarYY ($100 in chips) 
Seat 4: reiyser ($100 in chips) 
reiyser: posts small blind $0.50
EdgarYY: posts big blind $1
*** HOLE CARDS ***
reiyser: raises $1.50 to $2.50
EdgarYY: folds 
Uncalled bet ($1.50) returned to reiyser
reiyser collected $2 from pot
reiyser: doesn't show hand 
*** SUMMARY ***
Total pot $2 | Rake $0 
Seat 1: EdgarYY (big blind) folded before Flop
Seat 4: reiyser (button) (small blind) collected ($2)



PokerStars Hand #254595135735:  Hold'em No Limit ($0.50/$1.00 USD) - 2025/01/28 19:45:37 WET [2025/01/28 14:45:37 ET]
Table 'Hynek' 6-max Seat #1 is the button
Seat 1: EdgarYY ($99 in chips) 
Seat 4: reiyser ($101 in chips) 
EdgarYY: posts small blind $0.50
reiyser: posts big blind $1
*** HOLE CARDS ***
EdgarYY: raises $1.50 to $2.50
reiyser: folds 
Uncalled bet ($1.50) returned to EdgarYY
EdgarYY collected $2 from pot
EdgarYY: doesn't show hand 
*** SUMMARY ***
Total pot $2 | Rake $0 
Seat 1: EdgarYY (button) (small blind) collected ($2)
Seat 4: reiyser (big blind) folded before Flop



PokerStars Hand #254595139355:  Hold'em No Limit ($0.50/$1.00 USD) - 2025/01/28 19:45:48 WET [2025/01/28 14:45:48 ET]
Table 'Hynek' 6-max Seat #4 is the button
Seat 1: EdgarYY ($100 in chips) 
Seat 4: reiyser ($100 in chips) 
reiyser: posts small blind $0.50
EdgarYY: posts big blind $1
*** HOLE CARDS ***
reiyser: folds 
Uncalled bet ($0.50) returned to EdgarYY
EdgarYY collected $1 from pot
EdgarYY: doesn't show hand 
*** SUMMARY ***
Total pot $1 | Rake $0 
Seat 1: EdgarYY (big blind) collected ($1)
Seat 4: reiyser (button) (small blind) folded before Flop



PokerStars Hand #254595297625:  Hold'em No Limit ($0.50/$1.00 USD) - 2025/01/28 19:53:57 WET [2025/01/28 14:53:57 ET]
Table 'Hynek' 6-max Seat #5 is the button
Seat 5: Mozcore ($100 in chips) 
Seat 6: SorinS28 ($100 in chips) 
Mozcore: posts small blind $0.50
SorinS28: posts big blind $1
*** HOLE CARDS ***
Mozcore: raises $2 to $3
SorinS28: folds 
Uncalled bet ($2) returned to Mozcore
z00mba joins the table at seat #1 
Mozcore collected $2 from pot
CichiChanMarian joins the table at seat #2 
*** SUMMARY ***
Total pot $2 | Rake $0 
Seat 5: Mozcore (button) (small blind) collected ($2)
Seat 6: SorinS28 (big blind) folded before Flop



PokerStars Hand #254595300888:  Hold'em No Limit ($0.50/$1.00 USD) - 2025/01/28 19:54:07 WET [2025/01/28 14:54:07 ET]
Table 'Hynek' 6-max Seat #5 is the button
Seat 2: CichiChanMarian ($100 in chips) is sitting out
Seat 1: z00mba ($100 in chips) 
Seat 5: Mozcore ($101 in chips) 
Seat 6: SorinS28 ($100 in chips) 
SorinS28: posts small blind $0.50
z00mba: posts big blind $1
CichiChanMarian: sits out 
*** HOLE CARDS ***
Mozcore: folds 
sta$igk joins the table at seat #3 
SorinS28: folds 
Uncalled bet ($0.50) returned to z00mba
z00mba collected $1 from pot
z00mba: doesn't show hand 
*** SUMMARY ***
Total pot $1 | Rake $0 
Seat 2: CichiChanMarian
Seat 1: z00mba (big blind) collected ($1)
Seat 5: Mozcore (button) folded before Flop (didn't bet)
Seat 6: SorinS28 (small blind) folded before Flop



PokerStars Hand #254595303172:  Hold'em No Limit ($0.50/$1.00 USD) - 2025/01/28 19:54:14 WET [2025/01/28 14:54:14 ET]
Table 'Hynek' 6-max Seat #6 is the button
Seat 3: sta$igk ($100 in chips) is sitting out
Seat 1: z00mba ($100.50 in chips) 
Seat 2: CichiChanMarian ($100 in chips) 
Seat 5: Mozcore ($101 in chips) 
Seat 6: SorinS28 ($100 in chips) 
z00mba: posts small blind $0.50
CichiChanMarian: posts big blind $1
sta$igk: sits out 
*** HOLE CARDS ***
Mozcore: raises $2 to $3
SorinS28: folds 
z00mba: folds 
CichiChanMarian: folds 
Uncalled bet ($2) returned to Mozcore
Mozcore collected $2.50 from pot
*** SUMMARY ***
Total pot $2.50 | Rake $0 
Seat 3: sta$igk
Seat 1: z00mba (small blind) folded before Flop
Seat 2: CichiChanMarian (big blind) folded before Flop
Seat 5: Mozcore collected ($2.50)
Seat 6: SorinS28 (button) folded before Flop (didn't bet)



PokerStars Hand #254595307330:  Hold'em No Limit ($0.50/$1.00 USD) - 2025/01/28 19:54:27 WET [2025/01/28 14:54:27 ET]
Table 'Hynek' 6-max Seat #1 is the button
Seat 1: z00mba ($100 in chips) 
Seat 2: CichiChanMarian ($100 in chips) 
Seat 3: sta$igk ($100 in chips) 
Seat 5: Mozcore ($102.50 in chips) 
Seat 6: SorinS28 ($100 in chips) 
CichiChanMarian: posts small blind $0.50
sta$igk: posts big blind $1
*** HOLE CARDS ***
Mozcore: raises $2 to $3
SorinS28: folds 
z00mba: folds 
CichiChanMarian: folds 
sta$igk: calls $2
*** FLOP *** [4h 2c Qs]
sta$igk: checks 
Gjeneral66 joins the table at seat #4 
Gjeneral66 is disconnected 
Mozcore: bets $3.09
sta$igk: calls $3.09
*** TURN *** [4h 2c Qs] [7c]
sta$igk: checks 
Mozcore is disconnected 
Mozcore is connected 
Mozcore: bets $6.03
sta$igk: raises $11.97 to $18
Mozcore: calls $11.97
*** RIVER *** [4h 2c Qs 7c] [Ah]
sta$igk: bets $18.50
Mozcore: calls $18.50
*** SHOW DOWN ***
sta$igk: shows [Ac 8c] (a pair of Aces)
Mozcore: mucks hand 
sta$igk collected $83.18 from pot
*** SUMMARY ***
Total pot $85.68 | Rake $2.50 
Board [4h 2c Qs 7c Ah]
Seat 1: z00mba (button) folded before Flop (didn't bet)
Seat 2: CichiChanMarian (small blind) folded before Flop
Seat 3: sta$igk (big blind) showed [Ac 8c] and won ($83.18) with a pair of Aces
Seat 5: Mozcore mucked
Seat 6: SorinS28 folded before Flop (didn't bet)



PokerStars Hand #254595334736:  Hold'em No Limit ($0.50/$1.00 USD) - 2025/01/28 19:56:12 WET [2025/01/28 14:56:12 ET]
Table 'Hynek' 6-max Seat #2 is the button
Seat 1: z00mba ($100 in chips) 
Seat 2: CichiChanMarian ($100 in chips) 
Seat 3: sta$igk ($140.59 in chips) 
Seat 4: Gjeneral66 ($44.24 in chips) 
Seat 5: Mozcore ($59.91 in chips) 
Seat 6: SorinS28 ($100 in chips) 
sta$igk: posts small blind $0.50
Gjeneral66: posts big blind $1
*** HOLE CARDS ***
Mozcore: folds 
SorinS28: folds 
z00mba: folds 
CichiChanMarian: folds 
sta$igk: raises $2 to $3
Gjeneral66: raises $6 to $9
sta$igk: raises $131.59 to $140.59 and is all-in
Gjeneral66: calls $35.24 and is all-in
Uncalled bet ($96.35) returned to sta$igk
*** FLOP *** [3h Qd Kd]
*** TURN *** [3h Qd Kd] [Qc]
*** RIVER *** [3h Qd Kd Qc] [3s]
*** SHOW DOWN ***
sta$igk: shows [Js Jd] (two pair, Queens and Jacks)
Gjeneral66: shows [Ac Kh] (two pair, Kings and Queens)
Gjeneral66 collected $85.98 from pot
*** SUMMARY ***
Total pot $88.48 | Rake $2.50 
Board [3h Qd Kd Qc 3s]
Seat 1: z00mba folded before Flop (didn't bet)
Seat 2: CichiChanMarian (button) folded before Flop (didn't bet)
Seat 3: sta$igk (small blind) showed [Js Jd] and lost with two pair, Queens and Jacks
Seat 4: Gjeneral66 (big blind) showed [Ac Kh] and won ($85.98) with two pair, Kings and Queens
Seat 5: Mozcore folded before Flop (didn't bet)
Seat 6: SorinS28 folded before Flop (didn't bet)



PokerStars Hand #254595343708:  Hold'em No Limit ($0.50/$1.00 USD) - 2025/01/28 19:56:51 WET [2025/01/28 14:56:51 ET]
Table 'Hynek' 6-max Seat #3 is the button
Seat 1: z00mba ($100 in chips) 
Seat 2: CichiChanMarian ($100 in chips) 
Seat 3: sta$igk ($100 in chips) 
Seat 4: Gjeneral66 ($85.98 in chips) 
Seat 5: Mozcore ($59.91 in chips) 
Seat 6: SorinS28 ($100 in chips) 
Gjeneral66: posts small blind $0.50
Mozcore: posts big blind $1
*** HOLE CARDS ***
SorinS28: folds 
z00mba: folds 
SorinS28 is disconnected 
CichiChanMarian: folds 
sta$igk: raises $1.50 to $2.50
Gjeneral66: folds 
Mozcore: calls $1.50
*** FLOP *** [9h 7s 6d]
Mozcore: checks 
sta$igk: bets $1.72
Mozcore: calls $1.72
*** TURN *** [9h 7s 6d] [8d]
Mozcore: checks 
sta$igk: checks 
*** RIVER *** [9h 7s 6d 8d] [Qd]
Mozcore: bets $8.49
sta$igk: calls $8.49
*** SHOW DOWN ***
Mozcore: shows [Js Td] (a straight, Eight to Queen)
sta$igk: mucks hand 
Mozcore collected $24.62 from pot
*** SUMMARY ***
Total pot $25.92 | Rake $1.30 
Board [9h 7s 6d 8d Qd]
Seat 1: z00mba folded before Flop (didn't bet)
Seat 2: CichiChanMarian folded before Flop (didn't bet)
Seat 3: sta$igk (button) mucked
Seat 4: Gjeneral66 (small blind) folded before Flop
Seat 5: Mozcore (big blind) showed [Js Td] and won ($24.62) with a straight, Eight to Queen
Seat 6: SorinS28 folded before Flop (didn't bet)



PokerStars Hand #254595358644:  Hold'em No Limit ($0.50/$1.00 USD) - 2025/01/28 19:57:55 WET [2025/01/28 14:57:55 ET]
Table 'Hynek' 6-max Seat #4 is the button
Seat 1: z00mba ($100 in chips) 
Seat 2: CichiChanMarian ($100 in chips) 
Seat 3: sta$igk ($100 in chips) 
Seat 4: Gjeneral66 ($85.48 in chips) 
Seat 5: Mozcore ($71.82 in chips) 
Seat 6: SorinS28 ($100 in chips) 
Mozcore: posts small blind $0.50
SorinS28: posts big blind $1
*** HOLE CARDS ***
z00mba: folds 
CichiChanMarian: raises $1.50 to $2.50
sta$igk: folds 
Gjeneral66: folds 
Mozcore: calls $2
SorinS28: calls $1.50
*** FLOP *** [3h Kd 7h]
Mozcore: bets $3.56
SorinS28: folds 
CichiChanMarian: folds 
Uncalled bet ($3.56) returned to Mozcore
Mozcore collected $7.12 from pot
Mozcore: shows [Jd Kc]
*** SUMMARY ***
Total pot $7.50 | Rake $0.38 
Board [3h Kd 7h]
Seat 1: z00mba folded before Flop (didn't bet)
Seat 2: CichiChanMarian folded on the Flop
Seat 3: sta$igk folded before Flop (didn't bet)
Seat 4: Gjeneral66 (button) folded before Flop (didn't bet)
Seat 5: Mozcore (small blind) collected ($7.12)
Seat 6: SorinS28 (big blind) folded on the Flop



PokerStars Hand #254595367114:  Hold'em No Limit ($0.50/$1.00 USD) - 2025/01/28 19:58:30 WET [2025/01/28 14:58:30 ET]
Table 'Hynek' 6-max Seat #5 is the button
Seat 1: z00mba ($100 in chips) 
Seat 2: CichiChanMarian ($100 in chips) 
Seat 3: sta$igk ($100 in chips) 
Seat 4: Gjeneral66 ($85.48 in chips) 
Seat 5: Mozcore ($76.44 in chips) 
Seat 6: SorinS28 ($100 in chips) 
SorinS28: posts small blind $0.50
z00mba: posts big blind $1
*** HOLE CARDS ***
CichiChanMarian: raises $1.50 to $2.50
sta$igk: folds 
Gjeneral66: folds 
Mozcore: folds 
SorinS28: calls $2
z00mba: calls $1.50
*** FLOP *** [4s 2d As]
SorinS28: checks 
SorinS28 is disconnected 
z00mba: checks 
CichiChanMarian: checks 
*** TURN *** [4s 2d As] [6c]
SorinS28 is connected 
SorinS28 has timed out
SorinS28: checks 
z00mba: checks 
CichiChanMarian: checks 
*** RIVER *** [4s 2d As 6c] [Ks]
SorinS28: checks 
z00mba: checks 
CichiChanMarian: bets $4.70
SorinS28: folds 
z00mba: folds 
Uncalled bet ($4.70) returned to CichiChanMarian
CichiChanMarian collected $7.12 from pot
CichiChanMarian: doesn't show hand 
*** SUMMARY ***
Total pot $7.50 | Rake $0.38 
Board [4s 2d As 6c Ks]
Seat 1: z00mba (big blind) folded on the River
Seat 2: CichiChanMarian collected ($7.12)
Seat 3: sta$igk folded before Flop (didn't bet)
Seat 4: Gjeneral66 folded before Flop (didn't bet)
Seat 5: Mozcore (button) folded before Flop (didn't bet)
Seat 6: SorinS28 (small blind) folded on the River



PokerStars Hand #254595552429:  Hold'em No Limit ($0.50/$1.00 USD) - 2025/01/28 20:08:55 WET [2025/01/28 15:08:55 ET]
Table 'Hynek' 6-max Seat #1 is the button
Seat 1: z00mba ($109.48 in chips) 
Seat 2: CichiChanMarian ($100.50 in chips) 
Seat 3: sta$igk ($100 in chips) 
Seat 4: henri789 ($111.75 in chips) 
Seat 5: Mozcore ($45.48 in chips) 
Seat 6: SorinS28 ($113.58 in chips) 
CichiChanMarian: posts small blind $0.50
sta$igk: posts big blind $1
*** HOLE CARDS ***
henri789: folds 
Mozcore: raises $3.50 to $4.50
SorinS28: folds 
z00mba: folds 
CichiChanMarian: folds 
sta$igk: folds 
Uncalled bet ($3.50) returned to Mozcore
Mozcore collected $2.50 from pot
*** SUMMARY ***
Total pot $2.50 | Rake $0 
Seat 1: z00mba (button) folded before Flop (didn't bet)
Seat 2: CichiChanMarian (small blind) folded before Flop
Seat 3: sta$igk (big blind) folded before Flop
Seat 4: henri789 folded before Flop (didn't bet)
Seat 5: Mozcore collected ($2.50)
Seat 6: SorinS28 folded before Flop (didn't bet)



PokerStars Hand #254595559238:  Hold'em No Limit ($0.50/$1.00 USD) - 2025/01/28 20:09:13 WET [2025/01/28 15:09:13 ET]
Table 'Hynek' 6-max Seat #2 is the button
Seat 1: z00mba ($109.48 in chips) 
Seat 2: CichiChanMarian ($100 in chips) 
Seat 3: sta$igk ($100 in chips) 
Seat 4: henri789 ($111.75 in chips) 
Seat 5: Mozcore ($46.98 in chips) 
Seat 6: SorinS28 ($113.58 in chips) 
sta$igk: posts small blind $0.50
henri789: posts big blind $1
*** HOLE CARDS ***
Mozcore: folds 
SorinS28: folds 
z00mba: folds 
CichiChanMarian: folds 
sta$igk: folds 
Uncalled bet ($0.50) returned to henri789
henri789 collected $1 from pot
henri789: doesn't show hand 
*** SUMMARY ***
Total pot $1 | Rake $0 
Seat 1: z00mba folded before Flop (didn't bet)
Seat 2: CichiChanMarian (button) folded before Flop (didn't bet)
Seat 3: sta$igk (small blind) folded before Flop
Seat 4: henri789 (big blind) collected ($1)
Seat 5: Mozcore folded before Flop (didn't bet)
Seat 6: SorinS28 folded before Flop (didn't bet)



PokerStars Hand #254595564565:  Hold'em No Limit ($0.50/$1.00 USD) - 2025/01/28 20:09:26 WET [2025/01/28 15:09:26 ET]
Table 'Hynek' 6-max Seat #3 is the button
Seat 1: z00mba ($109.48 in chips) 
Seat 2: CichiChanMarian ($100 in chips) 
Seat 3: sta$igk ($100 in chips) 
Seat 4: henri789 ($112.25 in chips) 
Seat 5: Mozcore ($46.98 in chips) 
Seat 6: SorinS28 ($113.58 in chips) 
henri789: posts small blind $0.50
Mozcore: posts big blind $1
*** HOLE CARDS ***
SorinS28: folds 
z00mba: folds 
CichiChanMarian: folds 
sta$igk: raises $1.50 to $2.50
henri789: folds 
Mozcore: raises $44.48 to $46.98 and is all-in
sta$igk: folds 
Uncalled bet ($44.48) returned to Mozcore
Mozcore collected $5.50 from pot
*** SUMMARY ***
Total pot $5.50 | Rake $0 
Seat 1: z00mba folded before Flop (didn't bet)
Seat 2: CichiChanMarian folded before Flop (didn't bet)
Seat 3: sta$igk (button) folded before Flop
Seat 4: henri789 (small blind) folded before Flop
Seat 5: Mozcore (big blind) collected ($5.50)
Seat 6: SorinS28 folded before Flop (didn't bet)



PokerStars Hand #254595577027:  Hold'em No Limit ($0.50/$1.00 USD) - 2025/01/28 20:09:55 WET [2025/01/28 15:09:55 ET]
Table 'Hynek' 6-max Seat #4 is the button
Seat 1: z00mba ($109.48 in chips) 
Seat 2: CichiChanMarian ($100 in chips) 
Seat 3: sta$igk ($100 in chips) 
Seat 4: henri789 ($111.75 in chips) 
Seat 5: Mozcore ($49.98 in chips) 
Seat 6: SorinS28 ($113.58 in chips) 
Mozcore: posts small blind $0.50
SorinS28: posts big blind $1
*** HOLE CARDS ***
z00mba: folds 
CichiChanMarian: folds 
sta$igk: raises $1.50 to $2.50
henri789: folds 
Mozcore: folds 
SorinS28: folds 
Uncalled bet ($1.50) returned to sta$igk
sta$igk collected $2.50 from pot
sta$igk: doesn't show hand 
*** SUMMARY ***
Total pot $2.50 | Rake $0 
Seat 1: z00mba folded before Flop (didn't bet)
Seat 2: CichiChanMarian folded before Flop (didn't bet)
Seat 3: sta$igk collected ($2.50)
Seat 4: henri789 (button) folded before Flop (didn't bet)
Seat 5: Mozcore (small blind) folded before Flop
Seat 6: SorinS28 (big blind) folded before Flop



PokerStars Hand #254595584453:  Hold'em No Limit ($0.50/$1.00 USD) - 2025/01/28 20:10:12 WET [2025/01/28 15:10:12 ET]
Table 'Hynek' 6-max Seat #5 is the button
Seat 1: z00mba ($109.48 in chips) 
Seat 2: CichiChanMarian ($100 in chips) 
Seat 3: sta$igk ($101.50 in chips) 
Seat 4: henri789 ($111.75 in chips) 
Seat 5: Mozcore ($49.48 in chips) 
Seat 6: SorinS28 ($112.58 in chips) 
SorinS28: posts small blind $0.50
z00mba: posts big blind $1
*** HOLE CARDS ***
CichiChanMarian: raises $1.50 to $2.50
sta$igk: raises $5.50 to $8
henri789: folds 
Mozcore: folds 
SorinS28: folds 
z00mba: folds 
CichiChanMarian: folds 
Uncalled bet ($5.50) returned to sta$igk
sta$igk collected $6.50 from pot
sta$igk: doesn't show hand 
*** SUMMARY ***
Total pot $6.50 | Rake $0 
Seat 1: z00mba (big blind) folded before Flop
Seat 2: CichiChanMarian folded before Flop
Seat 3: sta$igk collected ($6.50)
Seat 4: henri789 folded before Flop (didn't bet)
Seat 5: Mozcore (button) folded before Flop (didn't bet)
Seat 6: SorinS28 (small blind) folded before Flop



PokerStars Hand #254595599653:  Hold'em No Limit ($0.50/$1.00 USD) - 2025/01/28 20:10:51 WET [2025/01/28 15:10:51 ET]
Table 'Hynek' 6-max Seat #6 is the button
Seat 1: z00mba ($108.48 in chips) 
Seat 2: CichiChanMarian ($100 in chips) 
Seat 3: sta$igk ($105.50 in chips) 
Seat 4: henri789 ($111.75 in chips) 
Seat 5: Mozcore ($49.48 in chips) 
Seat 6: SorinS28 ($112.08 in chips) 
z00mba: posts small blind $0.50
CichiChanMarian: posts big blind $1
*** HOLE CARDS ***
sta$igk: folds 
henri789: folds 
Mozcore: raises $2 to $3
SorinS28: folds 
z00mba: folds 
CichiChanMarian: folds 
Uncalled bet ($2) returned to Mozcore
Mozcore collected $2.50 from pot
*** SUMMARY ***
Total pot $2.50 | Rake $0 
Seat 1: z00mba (small blind) folded before Flop
Seat 2: CichiChanMarian (big blind) folded before Flop
Seat 3: sta$igk folded before Flop (didn't bet)
Seat 4: henri789 folded before Flop (didn't bet)
Seat 5: Mozcore collected ($2.50)
Seat 6: SorinS28 (button) folded before Flop (didn't bet)



PokerStars Hand #254595607418:  Hold'em No Limit ($0.50/$1.00 USD) - 2025/01/28 20:11:13 WET [2025/01/28 15:11:13 ET]
Table 'Hynek' 6-max Seat #1 is the button
Seat 1: z00mba ($107.98 in chips) 
Seat 2: CichiChanMarian ($100 in chips) 
Seat 3: sta$igk ($105.50 in chips) 
Seat 4: henri789 ($111.75 in chips) 
Seat 5: Mozcore ($50.98 in chips) 
Seat 6: SorinS28 ($112.08 in chips) 
CichiChanMarian: posts small blind $0.50
sta$igk: posts big blind $1
*** HOLE CARDS ***
henri789: folds 
Mozcore: folds 
SorinS28: folds 
z00mba: raises $1.50 to $2.50
CichiChanMarian: folds 
sta$igk: folds 
Uncalled bet ($1.50) returned to z00mba
z00mba collected $2.50 from pot
z00mba: doesn't show hand 
*** SUMMARY ***
Total pot $2.50 | Rake $0 
Seat 1: z00mba (button) collected ($2.50)
Seat 2: CichiChanMarian (small blind) folded before Flop
Seat 3: sta$igk (big blind) folded before Flop
Seat 4: henri789 folded before Flop (didn't bet)
Seat 5: Mozcore folded before Flop (didn't bet)
Seat 6: SorinS28 folded before Flop (didn't bet)



PokerStars Hand #254595612538:  Hold'em No Limit ($0.50/$1.00 USD) - 2025/01/28 20:11:27 WET [2025/01/28 15:11:27 ET]
Table 'Hynek' 6-max Seat #2 is the button
Seat 1: z00mba ($109.48 in chips) 
Seat 2: CichiChanMarian ($100 in chips) 
Seat 3: sta$igk ($104.50 in chips) 
Seat 4: henri789 ($111.75 in chips) 
Seat 5: Mozcore ($50.98 in chips) 
Seat 6: SorinS28 ($112.08 in chips) 
sta$igk: posts small blind $0.50
henri789: posts big blind $1
*** HOLE CARDS ***
Mozcore: folds 
SorinS28: folds 
z00mba: folds 
CichiChanMarian: raises $1.50 to $2.50
sta$igk: folds 
henri789: folds 
Uncalled bet ($1.50) returned to CichiChanMarian
CichiChanMarian collected $2.50 from pot
CichiChanMarian: doesn't show hand 
*** SUMMARY ***
Total pot $2.50 | Rake $0 
Seat 1: z00mba folded before Flop (didn't bet)
Seat 2: CichiChanMarian (button) collected ($2.50)
Seat 3: sta$igk (small blind) folded before Flop
Seat 4: henri789 (big blind) folded before Flop
Seat 5: Mozcore folded before Flop (didn't bet)
Seat 6: SorinS28 folded before Flop (didn't bet)



PokerStars Hand #254595619996:  Hold'em No Limit ($0.50/$1.00 USD) - 2025/01/28 20:11:49 WET [2025/01/28 15:11:49 ET]
Table 'Hynek' 6-max Seat #3 is the button
Seat 1: z00mba ($109.48 in chips) 
Seat 2: CichiChanMarian ($101.50 in chips) 
Seat 3: sta$igk ($104 in chips) 
Seat 4: henri789 ($110.75 in chips) 
Seat 5: Mozcore ($50.98 in chips) 
Seat 6: SorinS28 ($112.08 in chips) 
henri789: posts small blind $0.50
Mozcore: posts big blind $1
*** HOLE CARDS ***
SorinS28: folds 
z00mba: folds 
CichiChanMarian: raises $1.50 to $2.50
sta$igk: folds 
henri789: folds 
Mozcore: calls $1.50
*** FLOP *** [8c Tc 2c]
Mozcore: checks 
CichiChanMarian: bets $1.72
Mozcore: folds 
Uncalled bet ($1.72) returned to CichiChanMarian
Mozcore is disconnected 
CichiChanMarian collected $5.22 from pot
CichiChanMarian: doesn't show hand 
*** SUMMARY ***
Total pot $5.50 | Rake $0.28 
Board [8c Tc 2c]
Seat 1: z00mba folded before Flop (didn't bet)
Seat 2: CichiChanMarian collected ($5.22)
Seat 3: sta$igk (button) folded before Flop (didn't bet)
Seat 4: henri789 (small blind) folded before Flop
Seat 5: Mozcore (big blind) folded on the Flop
Seat 6: SorinS28 folded before Flop (didn't bet)



PokerStars Hand #254595628429:  Hold'em No Limit ($0.50/$1.00 USD) - 2025/01/28 20:12:15 WET [2025/01/28 15:12:15 ET]
Table 'Hynek' 6-max Seat #4 is the button
Seat 5: Mozcore ($48.48 in chips) is sitting out
Seat 6: SorinS28 ($112.08 in chips) is sitting out
Seat 1: z00mba ($109.48 in chips) 
Seat 2: CichiChanMarian ($104.22 in chips) 
Seat 3: sta$igk ($104 in chips) 
Seat 4: henri789 ($110.25 in chips) 
SorinS28 is disconnected 
Mozcore has timed out while disconnected
Mozcore: is sitting out 
SorinS28 has timed out while disconnected
SorinS28: is sitting out 
z00mba: posts small blind $0.50
CichiChanMarian: posts big blind $1
*** HOLE CARDS ***
sta$igk: raises $1.50 to $2.50
henri789: folds 
z00mba: folds 
CichiChanMarian: calls $1.50
*** FLOP *** [3d 2h Jh]
CichiChanMarian: checks 
sta$igk: checks 
*** TURN *** [3d 2h Jh] [5d]
CichiChanMarian: bets $5.22
sta$igk: folds 
Uncalled bet ($5.22) returned to CichiChanMarian
CichiChanMarian collected $5.22 from pot
CichiChanMarian: doesn't show hand 
*** SUMMARY ***
Total pot $5.50 | Rake $0.28 
Board [3d 2h Jh 5d]
Seat 5: Mozcore
Seat 6: SorinS28
Seat 1: z00mba (small blind) folded before Flop
Seat 2: CichiChanMarian (big blind) collected ($5.22)
Seat 3: sta$igk folded on the Turn
Seat 4: henri789 (button) folded before Flop (didn't bet)



PokerStars Hand #254595648083:  Hold'em No Limit ($0.50/$1.00 USD) - 2025/01/28 20:13:17 WET [2025/01/28 15:13:17 ET]
Table 'Hynek' 6-max Seat #1 is the button
Seat 6: SorinS28 ($112.08 in chips) is sitting out
Seat 1: z00mba ($108.98 in chips) 
Seat 2: CichiChanMarian ($106.94 in chips) 
Seat 3: sta$igk ($101.50 in chips) 
Seat 4: henri789 ($110.25 in chips) 
Seat 5: Mozcore ($48.48 in chips) 
CichiChanMarian: posts small blind $0.50
sta$igk: posts big blind $1
Mozcore: posts small blind $0.50
SorinS28: sits out 
*** HOLE CARDS ***
henri789: folds 
Mozcore: folds 
z00mba: raises $1.50 to $2.50
CichiChanMarian: folds 
sta$igk: calls $1.50
*** FLOP *** [6c Jh 3s]
sta$igk: checks 
z00mba: checks 
*** TURN *** [6c Jh 3s] [Jc]
sta$igk: bets $2.85
z00mba: folds 
Uncalled bet ($2.85) returned to sta$igk
sta$igk collected $5.70 from pot
sta$igk: doesn't show hand 
*** SUMMARY ***
Total pot $6 | Rake $0.30 
Board [6c Jh 3s Jc]
Seat 6: SorinS28
Seat 1: z00mba (button) folded on the Turn
Seat 2: CichiChanMarian (small blind) folded before Flop
Seat 3: sta$igk (big blind) collected ($5.70)
Seat 4: henri789 folded before Flop (didn't bet)
Seat 5: Mozcore folded before Flop (didn't bet)



PokerStars Hand #254595666367:  Hold'em No Limit ($0.50/$1.00 USD) - 2025/01/28 20:14:00 WET [2025/01/28 15:14:00 ET]
Table 'Hynek' 6-max Seat #2 is the button
Seat 6: SorinS28 ($112.08 in chips) is sitting out
Seat 1: z00mba ($106.48 in chips) 
Seat 2: CichiChanMarian ($106.44 in chips) 
Seat 3: sta$igk ($104.70 in chips) 
Seat 4: henri789 ($110.25 in chips) 
Seat 5: Mozcore ($47.98 in chips) 
sta$igk: posts small blind $0.50
henri789: posts big blind $1
SorinS28: sits out 
*** HOLE CARDS ***
Mozcore: raises $2 to $3
z00mba: folds 
CichiChanMarian: calls $3
sta$igk: folds 
henri789: folds 
*** FLOP *** [8h 2d As]
Mozcore: bets $3.56
CichiChanMarian: raises $7.12 to $10.68
Mozcore: folds 
Uncalled bet ($7.12) returned to CichiChanMarian
CichiChanMarian collected $13.89 from pot
CichiChanMarian: doesn't show hand 
*** SUMMARY ***
Total pot $14.62 | Rake $0.73 
Board [8h 2d As]
Seat 6: SorinS28
Seat 1: z00mba folded before Flop (didn't bet)
Seat 2: CichiChanMarian (button) collected ($13.89)
Seat 3: sta$igk (small blind) folded before Flop
Seat 4: henri789 (big blind) folded before Flop
Seat 5: Mozcore folded on the Flop



PokerStars Hand #254595681688:  Hold'em No Limit ($0.50/$1.00 USD) - 2025/01/28 20:14:36 WET [2025/01/28 15:14:36 ET]
Table 'Hynek' 6-max Seat #3 is the button
Seat 6: SorinS28 ($112.08 in chips) is sitting out
Seat 1: z00mba ($106.48 in chips) 
Seat 2: CichiChanMarian ($113.77 in chips) 
Seat 3: sta$igk ($104.20 in chips) 
Seat 4: henri789 ($109.25 in chips) 
Seat 5: Mozcore ($41.42 in chips) 
henri789: posts small blind $0.50
Mozcore: posts big blind $1
SorinS28: sits out 
*** HOLE CARDS ***
z00mba: folds 
CichiChanMarian: raises $1.50 to $2.50
sta$igk: folds 
henri789: folds 
Mozcore: folds 
Uncalled bet ($1.50) returned to CichiChanMarian
CichiChanMarian collected $2.50 from pot
CichiChanMarian: doesn't show hand 
*** SUMMARY ***
Total pot $2.50 | Rake $0 
Seat 6: SorinS28
Seat 1: z00mba folded before Flop (didn't bet)
Seat 2: CichiChanMarian collected ($2.50)
Seat 3: sta$igk (button) folded before Flop (didn't bet)
Seat 4: henri789 (small blind) folded before Flop
Seat 5: Mozcore (big blind) folded before Flop



PokerStars Hand #254595686133:  Hold'em No Limit ($0.50/$1.00 USD) - 2025/01/28 20:14:47 WET [2025/01/28 15:14:47 ET]
Table 'Hynek' 6-max Seat #4 is the button
Seat 1: z00mba ($106.48 in chips) 
Seat 2: CichiChanMarian ($115.27 in chips) 
Seat 3: sta$igk ($104.20 in chips) 
Seat 4: henri789 ($108.75 in chips) 
Seat 5: Mozcore ($40.42 in chips) 
Seat 6: SorinS28 ($112.08 in chips) 
Mozcore: posts small blind $0.50
SorinS28: posts big blind $1
*** HOLE CARDS ***
z00mba: folds 
CichiChanMarian: folds 
sta$igk: folds 
henri789: raises $1.20 to $2.20
Mozcore: folds 
SorinS28: folds 
Uncalled bet ($1.20) returned to henri789
henri789 collected $2.50 from pot
henri789: doesn't show hand 
*** SUMMARY ***
Total pot $2.50 | Rake $0 
Seat 1: z00mba folded before Flop (didn't bet)
Seat 2: CichiChanMarian folded before Flop (didn't bet)
Seat 3: sta$igk folded before Flop (didn't bet)
Seat 4: henri789 (button) collected ($2.50)
Seat 5: Mozcore (small blind) folded before Flop
Seat 6: SorinS28 (big blind) folded before Flop



PokerStars Hand #254595692851:  Hold'em No Limit ($0.50/$1.00 USD) - 2025/01/28 20:15:04 WET [2025/01/28 15:15:04 ET]
Table 'Hynek' 6-max Seat #5 is the button
Seat 1: z00mba ($106.48 in chips) 
Seat 2: CichiChanMarian ($115.27 in chips) 
Seat 3: sta$igk ($104.20 in chips) 
Seat 4: henri789 ($110.25 in chips) 
Seat 5: Mozcore ($39.92 in chips) 
Seat 6: SorinS28 ($111.08 in chips) 
SorinS28: posts small blind $0.50
z00mba: posts big blind $1
*** HOLE CARDS ***
CichiChanMarian: folds 
sta$igk: folds 
henri789: raises $1.20 to $2.20
Mozcore: raises $37.72 to $39.92 and is all-in
SorinS28: folds 
z00mba: folds 
henri789: folds 
Uncalled bet ($37.72) returned to Mozcore
Mozcore collected $5.90 from pot
*** SUMMARY ***
Total pot $5.90 | Rake $0 
Seat 1: z00mba (big blind) folded before Flop
Seat 2: CichiChanMarian folded before Flop (didn't bet)
Seat 3: sta$igk folded before Flop (didn't bet)
Seat 4: henri789 folded before Flop
Seat 5: Mozcore (button) collected ($5.90)
Seat 6: SorinS28 (small blind) folded before Flop



PokerStars Hand #254595705737:  Hold'em No Limit ($0.50/$1.00 USD) - 2025/01/28 20:15:38 WET [2025/01/28 15:15:38 ET]
Table 'Hynek' 6-max Seat #6 is the button
Seat 1: z00mba ($105.48 in chips) 
Seat 2: CichiChanMarian ($115.27 in chips) 
Seat 3: sta$igk ($104.20 in chips) 
Seat 4: henri789 ($108.05 in chips) 
Seat 5: Mozcore ($43.62 in chips) 
Seat 6: SorinS28 ($110.58 in chips) 
z00mba: posts small blind $0.50
CichiChanMarian: posts big blind $1
*** HOLE CARDS ***
sta$igk: raises $1.50 to $2.50
henri789: folds 
Mozcore: folds 
SorinS28: folds 
z00mba: folds 
CichiChanMarian: folds 
Uncalled bet ($1.50) returned to sta$igk
sta$igk collected $2.50 from pot
sta$igk: doesn't show hand 
*** SUMMARY ***
Total pot $2.50 | Rake $0 
Seat 1: z00mba (small blind) folded before Flop
Seat 2: CichiChanMarian (big blind) folded before Flop
Seat 3: sta$igk collected ($2.50)
Seat 4: henri789 folded before Flop (didn't bet)
Seat 5: Mozcore folded before Flop (didn't bet)
Seat 6: SorinS28 (button) folded before Flop (didn't bet)



PokerStars Hand #254595713027:  Hold'em No Limit ($0.50/$1.00 USD) - 2025/01/28 20:15:58 WET [2025/01/28 15:15:58 ET]
Table 'Hynek' 6-max Seat #1 is the button
Seat 1: z00mba ($104.98 in chips) 
Seat 2: CichiChanMarian ($114.27 in chips) 
Seat 3: sta$igk ($105.70 in chips) 
Seat 4: henri789 ($108.05 in chips) 
Seat 5: Mozcore ($43.62 in chips) 
Seat 6: SorinS28 ($110.58 in chips) 
CichiChanMarian: posts small blind $0.50
sta$igk: posts big blind $1
*** HOLE CARDS ***
henri789: folds 
Mozcore: folds 
SorinS28: folds 
z00mba: folds 
CichiChanMarian: raises $2 to $3
sta$igk: calls $2
*** FLOP *** [Js Jd 5s]
CichiChanMarian: checks 
sta$igk: checks 
*** TURN *** [Js Jd 5s] [4s]
CichiChanMarian: checks 
sta$igk: bets $1.88
CichiChanMarian: calls $1.88
*** RIVER *** [Js Jd 5s 4s] [8d]
SorinS28 leaves the table
CichiChanMarian: checks 
sta$igk: bets $6.21
CichiChanMarian: folds 
Uncalled bet ($6.21) returned to sta$igk
sta$igk collected $9.27 from pot
sta$igk: doesn't show hand 
*** SUMMARY ***
Total pot $9.76 | Rake $0.49 
Board [Js Jd 5s 4s 8d]
Seat 1: z00mba (button) folded before Flop (didn't bet)
Seat 2: CichiChanMarian (small blind) folded on the River
Seat 3: sta$igk (big blind) collected ($9.27)
Seat 4: henri789 folded before Flop (didn't bet)
Seat 5: Mozcore folded before Flop (didn't bet)
Seat 6: SorinS28 folded before Flop (didn't bet)



PokerStars Hand #254595751784:  Hold'em No Limit ($0.50/$1.00 USD) - 2025/01/28 20:17:46 WET [2025/01/28 15:17:46 ET]
Table 'Hynek' 6-max Seat #2 is the button
Seat 1: z00mba ($104.98 in chips) 
Seat 2: CichiChanMarian ($109.39 in chips) 
Seat 3: sta$igk ($110.09 in chips) 
Seat 4: henri789 ($108.05 in chips) 
Seat 5: Mozcore ($43.62 in chips) 
sta$igk: posts small blind $0.50
henri789: posts big blind $1
*** HOLE CARDS ***
Mozcore: folds 
z00mba: raises $1.50 to $2.50
CichiChanMarian: folds 
sta$igk: folds 
henri789: calls $1.50
*** FLOP *** [Jd 7c 9c]
henri789: checks 
z00mba: bets $1.67
henri789: folds 
Uncalled bet ($1.67) returned to z00mba
z00mba collected $5.22 from pot
z00mba: doesn't show hand 
*** SUMMARY ***
Total pot $5.50 | Rake $0.28 
Board [Jd 7c 9c]
Seat 1: z00mba collected ($5.22)
Seat 2: CichiChanMarian (button) folded before Flop (didn't bet)
Seat 3: sta$igk (small blind) folded before Flop
Seat 4: henri789 (big blind) folded on the Flop
Seat 5: Mozcore folded before Flop (didn't bet)



PokerStars Hand #254595768516:  Hold'em No Limit ($0.50/$1.00 USD) - 2025/01/28 20:18:25 WET [2025/01/28 15:18:25 ET]
Table 'Hynek' 6-max Seat #3 is the button
Seat 1: z00mba ($107.70 in chips) 
Seat 2: CichiChanMarian ($109.39 in chips) 
Seat 3: sta$igk ($109.59 in chips) 
Seat 4: henri789 ($105.55 in chips) 
Seat 5: Mozcore ($43.62 in chips) 
henri789: posts small blind $0.50
Mozcore: posts big blind $1
*** HOLE CARDS ***
z00mba: folds 
CichiChanMarian: raises $1.50 to $2.50
sta$igk: raises $5.50 to $8
temipoker joins the table at seat #6 
temipoker is disconnected 
henri789: folds 
Mozcore: folds 
CichiChanMarian: folds 
Uncalled bet ($5.50) returned to sta$igk
sta$igk collected $6.50 from pot
sta$igk: doesn't show hand 
*** SUMMARY ***
Total pot $6.50 | Rake $0 
Seat 1: z00mba folded before Flop (didn't bet)
Seat 2: CichiChanMarian folded before Flop
Seat 3: sta$igk (button) collected ($6.50)
Seat 4: henri789 (small blind) folded before Flop
Seat 5: Mozcore (big blind) folded before Flop



PokerStars Hand #254595780953:  Hold'em No Limit ($0.50/$1.00 USD) - 2025/01/28 20:18:56 WET [2025/01/28 15:18:56 ET]
Table 'Hynek' 6-max Seat #4 is the button
Seat 1: z00mba ($107.70 in chips) 
Seat 2: CichiChanMarian ($106.89 in chips) 
Seat 3: sta$igk ($113.59 in chips) 
Seat 4: henri789 ($105.05 in chips) 
Seat 5: Mozcore ($42.62 in chips) 
Seat 6: temipoker ($69.85 in chips) 
Mozcore: posts small blind $0.50
temipoker is connected 
temipoker: posts big blind $1
*** HOLE CARDS ***
z00mba: folds 
CichiChanMarian: raises $1.50 to $2.50
sta$igk: folds 
henri789: folds 
Mozcore: calls $2
temipoker: raises $1.50 to $4
CichiChanMarian: calls $1.50
Mozcore: calls $1.50
*** FLOP *** [4c Jh Jd]
Mozcore: checks 
temipoker: bets $1
CichiChanMarian: calls $1
Mozcore: folds 
*** TURN *** [4c Jh Jd] [9h]
temipoker: bets $1
CichiChanMarian: calls $1
*** RIVER *** [4c Jh Jd 9h] [Kd]
temipoker: bets $15
CichiChanMarian: folds 
Uncalled bet ($15) returned to temipoker
temipoker collected $15.20 from pot
*** SUMMARY ***
Total pot $16 | Rake $0.80 
Board [4c Jh Jd 9h Kd]
Seat 1: z00mba folded before Flop (didn't bet)
Seat 2: CichiChanMarian folded on the River
Seat 3: sta$igk folded before Flop (didn't bet)
Seat 4: henri789 (button) folded before Flop (didn't bet)
Seat 5: Mozcore (small blind) folded on the Flop
Seat 6: temipoker (big blind) collected ($15.20)



PokerStars Hand #254595802449:  Hold'em No Limit ($0.50/$1.00 USD) - 2025/01/28 20:19:54 WET [2025/01/28 15:19:54 ET]
Table 'Hynek' 6-max Seat #5 is the button
Seat 1: z00mba ($107.70 in chips) 
Seat 2: CichiChanMarian ($100.89 in chips) 
Seat 3: sta$igk ($113.59 in chips) 
Seat 4: henri789 ($105.05 in chips) 
Seat 5: Mozcore ($38.62 in chips) 
Seat 6: temipoker ($79.05 in chips) 
temipoker: posts small blind $0.50
z00mba: posts big blind $1
*** HOLE CARDS ***
CichiChanMarian: folds 
sta$igk: raises $1.50 to $2.50
henri789: folds 
Mozcore: folds 
temipoker: raises $1.50 to $4
z00mba: folds 
sta$igk: calls $1.50
*** FLOP *** [8c 7d 6c]
temipoker: checks 
henri789 is disconnected 
sta$igk: bets $4.28
temipoker: calls $4.28
*** TURN *** [8c 7d 6c] [Ah]
temipoker: checks 
sta$igk: checks 
*** RIVER *** [8c 7d 6c Ah] [Kh]
temipoker: bets $1
sta$igk: calls $1
*** SHOW DOWN ***
temipoker: shows [5c Kd] (a pair of Kings)
sta$igk: shows [Ks Jd] (a pair of Kings - Ace+Jack kicker)
sta$igk collected $18.58 from pot
*** SUMMARY ***
Total pot $19.56 | Rake $0.98 
Board [8c 7d 6c Ah Kh]
Seat 1: z00mba (big blind) folded before Flop
Seat 2: CichiChanMarian folded before Flop (didn't bet)
Seat 3: sta$igk showed [Ks Jd] and won ($18.58) with a pair of Kings
Seat 4: henri789 folded before Flop (didn't bet)
Seat 5: Mozcore (button) folded before Flop (didn't bet)
Seat 6: temipoker (small blind) showed [5c Kd] and lost with a pair of Kings



PokerStars Hand #254595825580:  Hold'em No Limit ($0.50/$1.00 USD) - 2025/01/28 20:21:07 WET [2025/01/28 15:21:07 ET]
Table 'Hynek' 6-max Seat #6 is the button
Seat 1: z00mba ($106.70 in chips) 
Seat 2: CichiChanMarian ($100.89 in chips) 
Seat 3: sta$igk ($122.89 in chips) 
Seat 4: henri789 ($105.05 in chips) 
Seat 5: Mozcore ($38.62 in chips) 
Seat 6: temipoker ($69.77 in chips) 
z00mba: posts small blind $0.50
CichiChanMarian: posts big blind $1
*** HOLE CARDS ***
sta$igk: folds 
henri789 has timed out while disconnected
henri789: folds 
Mozcore: raises $2 to $3
temipoker: calls $3
z00mba: folds 
CichiChanMarian: calls $2
*** FLOP *** [2c 9c 4s]
CichiChanMarian: checks 
Mozcore: bets $4.51
temipoker: folds 
CichiChanMarian: calls $4.51
*** TURN *** [2c 9c 4s] [Jc]
CichiChanMarian: checks 
Mozcore: bets $9.80
CichiChanMarian: calls $9.80
*** RIVER *** [2c 9c 4s Jc] [2h]
CichiChanMarian: checks 
Mozcore: bets $21.31 and is all-in
CichiChanMarian: folds 
Uncalled bet ($21.31) returned to Mozcore
Mozcore collected $36.21 from pot
*** SUMMARY ***
Total pot $38.12 | Rake $1.91 
Board [2c 9c 4s Jc 2h]
Seat 1: z00mba (small blind) folded before Flop
Seat 2: CichiChanMarian (big blind) folded on the River
Seat 3: sta$igk folded before Flop (didn't bet)
Seat 4: henri789 folded before Flop (didn't bet)
Seat 5: Mozcore collected ($36.21)
Seat 6: temipoker (button) folded on the Flop



PokerStars Hand #254595851328:  Hold'em No Limit ($0.50/$1.00 USD) - 2025/01/28 20:22:10 WET [2025/01/28 15:22:10 ET]
Table 'Hynek' 6-max Seat #1 is the button
Seat 4: henri789 ($105.05 in chips) is sitting out
Seat 1: z00mba ($106.20 in chips) 
Seat 2: CichiChanMarian ($100 in chips) 
Seat 3: sta$igk ($122.89 in chips) 
Seat 5: Mozcore ($57.52 in chips) 
Seat 6: temipoker ($66.77 in chips) 
CichiChanMarian: posts small blind $0.50
sta$igk: posts big blind $1
*** HOLE CARDS ***
Mozcore: folds 
temipoker: calls $1
z00mba: folds 
CichiChanMarian: folds 
sta$igk: checks 
*** FLOP *** [3s 2s 4s]
sta$igk: checks 
temipoker: checks 
*** TURN *** [3s 2s 4s] [8h]
sta$igk: bets $1.19
temipoker: calls $1.19
*** RIVER *** [3s 2s 4s 8h] [Js]
sta$igk: bets $6.96
temipoker: calls $6.96
*** SHOW DOWN ***
sta$igk: shows [5h Qd] (high card Queen)
temipoker: shows [4h Ts] (a flush, Jack high)
temipoker collected $17.86 from pot
*** SUMMARY ***
Total pot $18.80 | Rake $0.94 
Board [3s 2s 4s 8h Js]
Seat 4: henri789
Seat 1: z00mba (button) folded before Flop (didn't bet)
Seat 2: CichiChanMarian (small blind) folded before Flop
Seat 3: sta$igk (big blind) showed [5h Qd] and lost with high card Queen
Seat 5: Mozcore folded before Flop (didn't bet)
Seat 6: temipoker showed [4h Ts] and won ($17.86) with a flush, Jack high



PokerStars Hand #254595868796:  Hold'em No Limit ($0.50/$1.00 USD) - 2025/01/28 20:22:52 WET [2025/01/28 15:22:52 ET]
Table 'Hynek' 6-max Seat #2 is the button
Seat 4: henri789 ($105.05 in chips) is sitting out
Seat 1: z00mba ($106.20 in chips) 
Seat 2: CichiChanMarian ($100 in chips) 
Seat 3: sta$igk ($113.74 in chips) 
Seat 5: Mozcore ($57.52 in chips) 
Seat 6: temipoker ($75.48 in chips) 
sta$igk: posts small blind $0.50
Mozcore: posts big blind $1
*** HOLE CARDS ***
temipoker: calls $1
z00mba: folds 
CichiChanMarian: folds 
sta$igk: folds 
Mozcore: checks 
*** FLOP *** [Kd 6s Kh]
Mozcore: checks 
temipoker: checks 
*** TURN *** [Kd 6s Kh] [Ks]
Mozcore: checks 
temipoker: checks 
*** RIVER *** [Kd 6s Kh Ks] [5h]
Mozcore: bets $2.38
temipoker: folds 
Uncalled bet ($2.38) returned to Mozcore
Mozcore collected $2.38 from pot
*** SUMMARY ***
Total pot $2.50 | Rake $0.12 
Board [Kd 6s Kh Ks 5h]
Seat 4: henri789
Seat 1: z00mba folded before Flop (didn't bet)
Seat 2: CichiChanMarian (button) folded before Flop (didn't bet)
Seat 3: sta$igk (small blind) folded before Flop
Seat 5: Mozcore (big blind) collected ($2.38)
Seat 6: temipoker folded on the River



PokerStars Hand #254595881720:  Hold'em No Limit ($0.50/$1.00 USD) - 2025/01/28 20:23:25 WET [2025/01/28 15:23:25 ET]
Table 'Hynek' 6-max Seat #3 is the button
Seat 4: henri789 ($105.05 in chips) is sitting out
Seat 1: z00mba ($106.20 in chips) 
Seat 2: CichiChanMarian ($100 in chips) 
Seat 3: sta$igk ($113.24 in chips) 
Seat 5: Mozcore ($58.90 in chips) 
Seat 6: temipoker ($74.48 in chips) 
Mozcore: posts small blind $0.50
temipoker: posts big blind $1
*** HOLE CARDS ***
z00mba: folds 
CichiChanMarian: folds 
sta$igk: raises $1.50 to $2.50
Mozcore: folds 
temipoker: folds 
Uncalled bet ($1.50) returned to sta$igk
sta$igk collected $2.50 from pot
sta$igk: doesn't show hand 
*** SUMMARY ***
Total pot $2.50 | Rake $0 
Seat 4: henri789
Seat 1: z00mba folded before Flop (didn't bet)
Seat 2: CichiChanMarian folded before Flop (didn't bet)
Seat 3: sta$igk (button) collected ($2.50)
Seat 5: Mozcore (small blind) folded before Flop
Seat 6: temipoker (big blind) folded before Flop



PokerStars Hand #254595886444:  Hold'em No Limit ($0.50/$1.00 USD) - 2025/01/28 20:23:37 WET [2025/01/28 15:23:37 ET]
Table 'Hynek' 6-max Seat #5 is the button
Seat 4: henri789 ($105.05 in chips) is sitting out
Seat 1: z00mba ($106.20 in chips) 
Seat 2: CichiChanMarian ($100 in chips) 
Seat 3: sta$igk ($114.74 in chips) 
Seat 5: Mozcore ($58.40 in chips) 
Seat 6: temipoker ($73.48 in chips) 
temipoker: posts small blind $0.50
z00mba: posts big blind $1
henri789: sits out 
*** HOLE CARDS ***
CichiChanMarian: folds 
sta$igk: folds 
Mozcore: raises $2 to $3
temipoker: raises $2 to $5
z00mba: calls $4
Mozcore: raises $53.40 to $58.40 and is all-in
temipoker: calls $53.40
z00mba: folds 
*** FLOP *** [9h 2s Ah]
*** TURN *** [9h 2s Ah] [Ac]
*** RIVER *** [9h 2s Ah Ac] [8h]
*** SHOW DOWN ***
temipoker: shows [Js Qs] (a pair of Aces)
Mozcore: shows [Kd Ts] (a pair of Aces - King kicker)
Mozcore collected $119.30 from pot
*** SUMMARY ***
Total pot $121.80 | Rake $2.50 
Board [9h 2s Ah Ac 8h]
Seat 4: henri789
Seat 1: z00mba (big blind) folded before Flop
Seat 2: CichiChanMarian folded before Flop (didn't bet)
Seat 3: sta$igk folded before Flop (didn't bet)
Seat 5: Mozcore (button) showed [Kd Ts] and won ($119.30) with a pair of Aces
Seat 6: temipoker (small blind) showed [Js Qs] and lost with a pair of Aces



PokerStars Hand #254595943809:  Hold'em No Limit ($0.50/$1.00 USD) - 2025/01/28 20:26:36 WET [2025/01/28 15:26:36 ET]
Table 'Hynek' 6-max Seat #3 is the button
Seat 1: z00mba ($100 in chips) is sitting out
Seat 6: temipoker ($0 in chips) is sitting out
Seat 2: CichiChanMarian ($110.55 in chips) 
Seat 3: sta$igk ($118.74 in chips) 
Seat 4: henri789 ($104.05 in chips) 
Seat 5: Mozcore ($122.05 in chips) 
henri789: posts small blind $0.50
Mozcore: posts big blind $1
*** HOLE CARDS ***
CichiChanMarian: raises $1.50 to $2.50
sta$igk: folds 
henri789: folds 
Mozcore: folds 
Uncalled bet ($1.50) returned to CichiChanMarian
CichiChanMarian collected $2.50 from pot
CichiChanMarian: doesn't show hand 
*** SUMMARY ***
Total pot $2.50 | Rake $0 
Seat 1: z00mba
Seat 6: temipoker
Seat 2: CichiChanMarian collected ($2.50)
Seat 3: sta$igk (button) folded before Flop (didn't bet)
Seat 4: henri789 (small blind) folded before Flop
Seat 5: Mozcore (big blind) folded before Flop



PokerStars Hand #254595946334:  Hold'em No Limit ($0.50/$1.00 USD) - 2025/01/28 20:26:45 WET [2025/01/28 15:26:45 ET]
Table 'Hynek' 6-max Seat #4 is the button
Seat 1: z00mba ($100 in chips) is sitting out
Seat 6: temipoker ($0 in chips) is sitting out
Seat 2: CichiChanMarian ($112.05 in chips) 
Seat 3: sta$igk ($118.74 in chips) 
Seat 4: henri789 ($103.55 in chips) 
Seat 5: Mozcore ($121.05 in chips) 
Mozcore: posts small blind $0.50
CichiChanMarian: posts big blind $1
*** HOLE CARDS ***
sta$igk: raises $1.50 to $2.50
henri789: folds 
Mozcore: calls $2
CichiChanMarian: folds 
*** FLOP *** [Js 9c 2d]
Mozcore: bets $2.85
sta$igk: folds 
Uncalled bet ($2.85) returned to Mozcore
Mozcore collected $5.70 from pot
*** SUMMARY ***
Total pot $6 | Rake $0.30 
Board [Js 9c 2d]
Seat 1: z00mba
Seat 6: temipoker
Seat 2: CichiChanMarian (big blind) folded before Flop
Seat 3: sta$igk folded on the Flop
Seat 4: henri789 (button) folded before Flop (didn't bet)
Seat 5: Mozcore (small blind) collected ($5.70)



PokerStars Hand #254595953046:  Hold'em No Limit ($0.50/$1.00 USD) - 2025/01/28 20:27:09 WET [2025/01/28 15:27:09 ET]
Table 'Hynek' 6-max Seat #5 is the button
Seat 1: z00mba ($100 in chips) is sitting out
Seat 6: temipoker ($0 in chips) is sitting out
Seat 2: CichiChanMarian ($111.05 in chips) 
Seat 3: sta$igk ($116.24 in chips) 
Seat 4: henri789 ($103.55 in chips) 
Seat 5: Mozcore ($124.25 in chips) 
CichiChanMarian: posts small blind $0.50
sta$igk: posts big blind $1
*** HOLE CARDS ***
henri789: raises $1.20 to $2.20
Mozcore: folds 
CichiChanMarian: folds 
sta$igk: calls $1.20
*** FLOP *** [7c 3c Qc]
sta$igk: checks 
henri789: bets $1
sta$igk: folds 
Uncalled bet ($1) returned to henri789
henri789 collected $4.66 from pot
henri789: doesn't show hand 
*** SUMMARY ***
Total pot $4.90 | Rake $0.24 
Board [7c 3c Qc]
Seat 1: z00mba
Seat 6: temipoker
Seat 2: CichiChanMarian (small blind) folded before Flop
Seat 3: sta$igk (big blind) folded on the Flop
Seat 4: henri789 collected ($4.66)
Seat 5: Mozcore (button) folded before Flop (didn't bet)



PokerStars Hand #254595960468:  Hold'em No Limit ($0.50/$1.00 USD) - 2025/01/28 20:27:36 WET [2025/01/28 15:27:36 ET]
Table 'Hynek' 6-max Seat #2 is the button
Seat 1: z00mba ($100 in chips) is sitting out
Seat 6: temipoker ($0 in chips) is sitting out
Seat 2: CichiChanMarian ($110.55 in chips) 
Seat 3: sta$igk ($114.04 in chips) 
Seat 4: henri789 ($106.01 in chips) 
Seat 5: Mozcore ($124.25 in chips) 
sta$igk: posts small blind $0.50
henri789: posts big blind $1
z00mba: sits out 
*** HOLE CARDS ***
Mozcore: folds 
CichiChanMarian: folds 
sta$igk: folds 
Uncalled bet ($0.50) returned to henri789
henri789 collected $1 from pot
henri789: doesn't show hand 
*** SUMMARY ***
Total pot $1 | Rake $0 
Seat 1: z00mba
Seat 6: temipoker
Seat 2: CichiChanMarian (button) folded before Flop (didn't bet)
Seat 3: sta$igk (small blind) folded before Flop
Seat 4: henri789 (big blind) collected ($1)
Seat 5: Mozcore folded before Flop (didn't bet)



PokerStars Hand #254595963861:  Hold'em No Limit ($0.50/$1.00 USD) - 2025/01/28 20:27:48 WET [2025/01/28 15:27:48 ET]
Table 'Hynek' 6-max Seat #3 is the button
Seat 1: z00mba ($100 in chips) is sitting out
Seat 6: temipoker ($0 in chips) is sitting out
Seat 2: CichiChanMarian ($110.55 in chips) 
Seat 3: sta$igk ($113.54 in chips) 
Seat 4: henri789 ($106.51 in chips) 
Seat 5: Mozcore ($124.25 in chips) 
henri789: posts small blind $0.50
Mozcore: posts big blind $1
z00mba: sits out 
*** HOLE CARDS ***
CichiChanMarian: folds 
sta$igk: folds 
henri789: folds 
Uncalled bet ($0.50) returned to Mozcore
Mozcore collected $1 from pot
*** SUMMARY ***
Total pot $1 | Rake $0 
Seat 1: z00mba
Seat 6: temipoker
Seat 2: CichiChanMarian folded before Flop (didn't bet)
Seat 3: sta$igk (button) folded before Flop (didn't bet)
Seat 4: henri789 (small blind) folded before Flop
Seat 5: Mozcore (big blind) collected ($1)



PokerStars Hand #254595970272:  Hold'em No Limit ($0.50/$1.00 USD) - 2025/01/28 20:28:11 WET [2025/01/28 15:28:11 ET]
Table 'Hynek' 6-max Seat #4 is the button
Seat 6: temipoker ($0 in chips) is sitting out
Seat 1: z00mba ($100 in chips) 
Seat 2: CichiChanMarian ($110.55 in chips) 
Seat 3: sta$igk ($113.54 in chips) 
Seat 4: henri789 ($106.01 in chips) 
Seat 5: Mozcore ($124.75 in chips) 
Mozcore: posts small blind $0.50
z00mba: posts big blind $1
*** HOLE CARDS ***
CichiChanMarian: raises $1.50 to $2.50
sta$igk: folds 
henri789: folds 
Mozcore: folds 
z00mba: folds 
Uncalled bet ($1.50) returned to CichiChanMarian
CichiChanMarian collected $2.50 from pot
CichiChanMarian: doesn't show hand 
*** SUMMARY ***
Total pot $2.50 | Rake $0 
Seat 6: temipoker
Seat 1: z00mba (big blind) folded before Flop
Seat 2: CichiChanMarian collected ($2.50)
Seat 3: sta$igk folded before Flop (didn't bet)
Seat 4: henri789 (button) folded before Flop (didn't bet)
Seat 5: Mozcore (small blind) folded before Flop



PokerStars Hand #254595977447:  Hold'em No Limit ($0.50/$1.00 USD) - 2025/01/28 20:28:37 WET [2025/01/28 15:28:37 ET]
Table 'Hynek' 6-max Seat #5 is the button
Seat 6: temipoker ($0 in chips) is sitting out
Seat 1: z00mba ($100 in chips) 
Seat 2: CichiChanMarian ($112.05 in chips) 
Seat 3: sta$igk ($113.54 in chips) 
Seat 4: henri789 ($106.01 in chips) 
Seat 5: Mozcore ($124.25 in chips) 
z00mba: posts small blind $0.50
CichiChanMarian: posts big blind $1
*** HOLE CARDS ***
sta$igk: raises $1.50 to $2.50
henri789: folds 
Mozcore: folds 
z00mba: raises $9 to $11.50
CichiChanMarian: folds 
sta$igk: folds 
Uncalled bet ($9) returned to z00mba
z00mba collected $6 from pot
z00mba: doesn't show hand 
*** SUMMARY ***
Total pot $6 | Rake $0 
Seat 6: temipoker
Seat 1: z00mba (small blind) collected ($6)
Seat 2: CichiChanMarian (big blind) folded before Flop
Seat 3: sta$igk folded before Flop
Seat 4: henri789 folded before Flop (didn't bet)
Seat 5: Mozcore (button) folded before Flop (didn't bet)



PokerStars Hand #254595982453:  Hold'em No Limit ($0.50/$1.00 USD) - 2025/01/28 20:28:55 WET [2025/01/28 15:28:55 ET]
Table 'Hynek' 6-max Seat #1 is the button
Seat 6: temipoker ($0 in chips) is sitting out
Seat 1: z00mba ($103.50 in chips) 
Seat 2: CichiChanMarian ($111.05 in chips) 
Seat 3: sta$igk ($111.04 in chips) 
Seat 4: henri789 ($106.01 in chips) 
Seat 5: Mozcore ($124.25 in chips) 
CichiChanMarian: posts small blind $0.50
sta$igk: posts big blind $1
*** HOLE CARDS ***
henri789: folds 
Mozcore: folds 
z00mba: raises $1.50 to $2.50
CichiChanMarian: folds 
sta$igk: folds 
Uncalled bet ($1.50) returned to z00mba
z00mba collected $2.50 from pot
z00mba: doesn't show hand 
*** SUMMARY ***
Total pot $2.50 | Rake $0 
Seat 6: temipoker
Seat 1: z00mba (button) collected ($2.50)
Seat 2: CichiChanMarian (small blind) folded before Flop
Seat 3: sta$igk (big blind) folded before Flop
Seat 4: henri789 folded before Flop (didn't bet)
Seat 5: Mozcore folded before Flop (didn't bet)



PokerStars Hand #254595986385:  Hold'em No Limit ($0.50/$1.00 USD) - 2025/01/28 20:29:10 WET [2025/01/28 15:29:10 ET]
Table 'Hynek' 6-max Seat #2 is the button
Seat 6: temipoker ($0 in chips) is sitting out
Seat 1: z00mba ($105 in chips) 
Seat 2: CichiChanMarian ($110.55 in chips) 
Seat 3: sta$igk ($110.04 in chips) 
Seat 4: henri789 ($106.01 in chips) 
Seat 5: Mozcore ($124.25 in chips) 
sta$igk: posts small blind $0.50
henri789: posts big blind $1
*** HOLE CARDS ***
Mozcore: folds 
z00mba: folds 
CichiChanMarian: folds 
sta$igk: folds 
Uncalled bet ($0.50) returned to henri789
henri789 collected $1 from pot
henri789: doesn't show hand 
*** SUMMARY ***
Total pot $1 | Rake $0 
Seat 6: temipoker
Seat 1: z00mba folded before Flop (didn't bet)
Seat 2: CichiChanMarian (button) folded before Flop (didn't bet)
Seat 3: sta$igk (small blind) folded before Flop
Seat 4: henri789 (big blind) collected ($1)
Seat 5: Mozcore folded before Flop (didn't bet)



PokerStars Hand #254595990576:  Hold'em No Limit ($0.50/$1.00 USD) - 2025/01/28 20:29:25 WET [2025/01/28 15:29:25 ET]
Table 'Hynek' 6-max Seat #3 is the button
Seat 6: temipoker ($0 in chips) is sitting out
Seat 1: z00mba ($105 in chips) 
Seat 2: CichiChanMarian ($110.55 in chips) 
Seat 3: sta$igk ($109.54 in chips) 
Seat 4: henri789 ($106.51 in chips) 
Seat 5: Mozcore ($124.25 in chips) 
henri789: posts small blind $0.50
Mozcore: posts big blind $1
*** HOLE CARDS ***
z00mba: folds 
CichiChanMarian: folds 
sta$igk: folds 
henri789: folds 
Uncalled bet ($0.50) returned to Mozcore
Mozcore collected $1 from pot
*** SUMMARY ***
Total pot $1 | Rake $0 
Seat 6: temipoker
Seat 1: z00mba folded before Flop (didn't bet)
Seat 2: CichiChanMarian folded before Flop (didn't bet)
Seat 3: sta$igk (button) folded before Flop (didn't bet)
Seat 4: henri789 (small blind) folded before Flop
Seat 5: Mozcore (big blind) collected ($1)



PokerStars Hand #254595998316:  Hold'em No Limit ($0.50/$1.00 USD) - 2025/01/28 20:29:51 WET [2025/01/28 15:29:51 ET]
Table 'Hynek' 6-max Seat #4 is the button
Seat 6: temipoker ($0 in chips) is sitting out
Seat 1: z00mba ($105 in chips) 
Seat 2: CichiChanMarian ($110.55 in chips) 
Seat 3: sta$igk ($109.54 in chips) 
Seat 4: henri789 ($106.01 in chips) 
Seat 5: Mozcore ($124.75 in chips) 
Mozcore: posts small blind $0.50
z00mba: posts big blind $1
*** HOLE CARDS ***
CichiChanMarian: folds 
sta$igk: folds 
henri789: folds 
Mozcore: raises $2 to $3
z00mba: folds 
Uncalled bet ($2) returned to Mozcore
Mozcore collected $2 from pot
temipoker leaves the table
*** SUMMARY ***
Total pot $2 | Rake $0 
Seat 6: temipoker
Seat 1: z00mba (big blind) folded before Flop
Seat 2: CichiChanMarian folded before Flop (didn't bet)
Seat 3: sta$igk folded before Flop (didn't bet)
Seat 4: henri789 (button) folded before Flop (didn't bet)
Seat 5: Mozcore (small blind) collected ($2)



PokerStars Hand #254596004725:  Hold'em No Limit ($0.50/$1.00 USD) - 2025/01/28 20:30:14 WET [2025/01/28 15:30:14 ET]
Table 'Hynek' 6-max Seat #5 is the button
Seat 1: z00mba ($104 in chips) 
Seat 2: CichiChanMarian ($110.55 in chips) 
Seat 3: sta$igk ($109.54 in chips) 
Seat 4: henri789 ($106.01 in chips) 
Seat 5: Mozcore ($125.75 in chips) 
z00mba: posts small blind $0.50
CichiChanMarian: posts big blind $1
*** HOLE CARDS ***
sta$igk: folds 
henri789: raises $1.20 to $2.20
Mozcore: folds 
z00mba: raises $9.30 to $11.50
CichiChanMarian: folds 
henri789: raises $12.50 to $24
K.Antagonist joins the table at seat #6 
z00mba: raises $80 to $104 and is all-in
henri789: folds 
Uncalled bet ($80) returned to z00mba
z00mba collected $49 from pot
z00mba: doesn't show hand 
*** SUMMARY ***
Total pot $49 | Rake $0 
Seat 1: z00mba (small blind) collected ($49)
Seat 2: CichiChanMarian (big blind) folded before Flop
Seat 3: sta$igk folded before Flop (didn't bet)
Seat 4: henri789 folded before Flop
Seat 5: Mozcore (button) folded before Flop (didn't bet)



PokerStars Hand #254596023912:  Hold'em No Limit ($0.50/$1.00 USD) - 2025/01/28 20:31:19 WET [2025/01/28 15:31:19 ET]
Table 'Hynek' 6-max Seat #1 is the button
Seat 6: K.Antagonist ($100 in chips) is sitting out
Seat 1: z00mba ($129 in chips) 
Seat 2: CichiChanMarian ($109.55 in chips) 
Seat 3: sta$igk ($109.54 in chips) 
Seat 4: henri789 ($100 in chips) 
Seat 5: Mozcore ($125.75 in chips) 
CichiChanMarian: posts small blind $0.50
sta$igk: posts big blind $1
K.Antagonist: sits out 
*** HOLE CARDS ***
henri789: folds 
Mozcore: folds 
z00mba: folds 
CichiChanMarian: raises $2 to $3
sta$igk: calls $2
*** FLOP *** [8d As 9d]
CichiChanMarian: checks 
sta$igk: checks 
*** TURN *** [8d As 9d] [3s]
CichiChanMarian: checks 
sta$igk: bets $5.70
CichiChanMarian: calls $5.70
*** RIVER *** [8d As 9d 3s] [Jh]
CichiChanMarian: checks 
sta$igk: checks 
*** SHOW DOWN ***
CichiChanMarian: shows [6s 8s] (a pair of Eights)
sta$igk: shows [7c 9c] (a pair of Nines)
sta$igk collected $16.53 from pot
*** SUMMARY ***
Total pot $17.40 | Rake $0.87 
Board [8d As 9d 3s Jh]
Seat 6: K.Antagonist
Seat 1: z00mba (button) folded before Flop (didn't bet)
Seat 2: CichiChanMarian (small blind) showed [6s 8s] and lost with a pair of Eights
Seat 3: sta$igk (big blind) showed [7c 9c] and won ($16.53) with a pair of Nines
Seat 4: henri789 folded before Flop (didn't bet)
Seat 5: Mozcore folded before Flop (didn't bet)



PokerStars Hand #254596045846:  Hold'em No Limit ($0.50/$1.00 USD) - 2025/01/28 20:32:32 WET [2025/01/28 15:32:32 ET]
Table 'Hynek' 6-max Seat #2 is the button
Seat 6: K.Antagonist ($100 in chips) is sitting out
Seat 1: z00mba ($129 in chips) 
Seat 2: CichiChanMarian ($100.85 in chips) 
Seat 3: sta$igk ($117.37 in chips) 
Seat 4: henri789 ($100 in chips) 
Seat 5: Mozcore ($125.75 in chips) 
sta$igk: posts small blind $0.50
henri789: posts big blind $1
K.Antagonist: sits out 
*** HOLE CARDS ***
Mozcore: raises $2 to $3
z00mba: folds 
CichiChanMarian: raises $6.60 to $9.60
sta$igk: folds 
henri789: folds 
Mozcore: calls $6.60
*** FLOP *** [4c Js Qs]
Mozcore: checks 
CichiChanMarian: bets $6.49
Mozcore: folds 
Uncalled bet ($6.49) returned to CichiChanMarian
CichiChanMarian collected $19.66 from pot
CichiChanMarian: doesn't show hand 
*** SUMMARY ***
Total pot $20.70 | Rake $1.04 
Board [4c Js Qs]
Seat 6: K.Antagonist
Seat 1: z00mba folded before Flop (didn't bet)
Seat 2: CichiChanMarian (button) collected ($19.66)
Seat 3: sta$igk (small blind) folded before Flop
Seat 4: henri789 (big blind) folded before Flop
Seat 5: Mozcore folded on the Flop



PokerStars Hand #254596055689:  Hold'em No Limit ($0.50/$1.00 USD) - 2025/01/28 20:33:05 WET [2025/01/28 15:33:05 ET]
Table 'Hynek' 6-max Seat #3 is the button
Seat 6: K.Antagonist ($100 in chips) is sitting out
Seat 1: z00mba ($129 in chips) 
Seat 2: CichiChanMarian ($110.91 in chips) 
Seat 3: sta$igk ($116.87 in chips) 
Seat 4: henri789 ($100 in chips) 
Seat 5: Mozcore ($116.15 in chips) 
henri789: posts small blind $0.50
Mozcore: posts big blind $1
K.Antagonist: sits out 
*** HOLE CARDS ***
z00mba: folds 
CichiChanMarian: folds 
sta$igk: raises $1.50 to $2.50
henri789: folds 
Mozcore: calls $1.50
*** FLOP *** [Kd 4s 4d]
Mozcore: checks 
sta$igk: checks 
*** TURN *** [Kd 4s 4d] [Jh]
Mozcore: checks 
sta$igk: bets $1.72
Mozcore: folds 
Uncalled bet ($1.72) returned to sta$igk
sta$igk collected $5.22 from pot
sta$igk: doesn't show hand 
*** SUMMARY ***
Total pot $5.50 | Rake $0.28 
Board [Kd 4s 4d Jh]
Seat 6: K.Antagonist
Seat 1: z00mba folded before Flop (didn't bet)
Seat 2: CichiChanMarian folded before Flop (didn't bet)
Seat 3: sta$igk (button) collected ($5.22)
Seat 4: henri789 (small blind) folded before Flop
Seat 5: Mozcore (big blind) folded on the Turn



PokerStars Hand #254596066925:  Hold'em No Limit ($0.50/$1.00 USD) - 2025/01/28 20:33:42 WET [2025/01/28 15:33:42 ET]
Table 'Hynek' 6-max Seat #4 is the button
Seat 1: z00mba ($129 in chips) 
Seat 2: CichiChanMarian ($110.91 in chips) 
Seat 3: sta$igk ($119.59 in chips) 
Seat 4: henri789 ($100 in chips) 
Seat 5: Mozcore ($113.65 in chips) 
Seat 6: K.Antagonist ($100 in chips) 
Mozcore: posts small blind $0.50
K.Antagonist: posts big blind $1
*** HOLE CARDS ***
z00mba: folds 
CichiChanMarian: folds 
sta$igk: folds 
henri789: raises $1.20 to $2.20
Mozcore: calls $1.70
K.Antagonist: folds 
*** FLOP *** [Qc 7d Th]
Mozcore: bets $2.57
henri789: folds 
Uncalled bet ($2.57) returned to Mozcore
Mozcore collected $5.13 from pot
*** SUMMARY ***
Total pot $5.40 | Rake $0.27 
Board [Qc 7d Th]
Seat 1: z00mba folded before Flop (didn't bet)
Seat 2: CichiChanMarian folded before Flop (didn't bet)
Seat 3: sta$igk folded before Flop (didn't bet)
Seat 4: henri789 (button) folded on the Flop
Seat 5: Mozcore (small blind) collected ($5.13)
Seat 6: K.Antagonist (big blind) folded before Flop



PokerStars Hand #254596074766:  Hold'em No Limit ($0.50/$1.00 USD) - 2025/01/28 20:34:08 WET [2025/01/28 15:34:08 ET]
Table 'Hynek' 6-max Seat #5 is the button
Seat 1: z00mba ($129 in chips) 
Seat 2: CichiChanMarian ($110.91 in chips) 
Seat 3: sta$igk ($119.59 in chips) 
Seat 4: henri789 ($100 in chips) 
Seat 5: Mozcore ($116.58 in chips) 
Seat 6: K.Antagonist ($100 in chips) 
K.Antagonist: posts small blind $0.50
z00mba: posts big blind $1
*** HOLE CARDS ***
CichiChanMarian: folds 
sta$igk: folds 
henri789: raises $1.20 to $2.20
Mozcore: calls $2.20
K.Antagonist: folds 
z00mba: folds 
*** FLOP *** [Js 3d 8d]
henri789: checks 
Mozcore: bets $3.80
henri789: folds 
Uncalled bet ($3.80) returned to Mozcore
Mozcore collected $5.60 from pot
*** SUMMARY ***
Total pot $5.90 | Rake $0.30 
Board [Js 3d 8d]
Seat 1: z00mba (big blind) folded before Flop
Seat 2: CichiChanMarian folded before Flop (didn't bet)
Seat 3: sta$igk folded before Flop (didn't bet)
Seat 4: henri789 folded on the Flop
Seat 5: Mozcore (button) collected ($5.60)
Seat 6: K.Antagonist (small blind) folded before Flop



PokerStars Hand #254596086968:  Hold'em No Limit ($0.50/$1.00 USD) - 2025/01/28 20:34:48 WET [2025/01/28 15:34:48 ET]
Table 'Hynek' 6-max Seat #6 is the button
Seat 1: z00mba ($128 in chips) 
Seat 2: CichiChanMarian ($110.91 in chips) 
Seat 3: sta$igk ($119.59 in chips) 
Seat 4: henri789 ($100 in chips) 
Seat 5: Mozcore ($119.98 in chips) 
Seat 6: K.Antagonist ($100 in chips) 
z00mba: posts small blind $0.50
CichiChanMarian: posts big blind $1
*** HOLE CARDS ***
sta$igk: raises $1.50 to $2.50
henri789: folds 
Mozcore: folds 
K.Antagonist: folds 
z00mba: folds 
CichiChanMarian: folds 
Uncalled bet ($1.50) returned to sta$igk
sta$igk collected $2.50 from pot
sta$igk: doesn't show hand 
*** SUMMARY ***
Total pot $2.50 | Rake $0 
Seat 1: z00mba (small blind) folded before Flop
Seat 2: CichiChanMarian (big blind) folded before Flop
Seat 3: sta$igk collected ($2.50)
Seat 4: henri789 folded before Flop (didn't bet)
Seat 5: Mozcore folded before Flop (didn't bet)
Seat 6: K.Antagonist (button) folded before Flop (didn't bet)



PokerStars Hand #254596096697:  Hold'em No Limit ($0.50/$1.00 USD) - 2025/01/28 20:35:20 WET [2025/01/28 15:35:20 ET]
Table 'Hynek' 6-max Seat #1 is the button
Seat 1: z00mba ($127.50 in chips) 
Seat 2: CichiChanMarian ($109.91 in chips) 
Seat 3: sta$igk ($121.09 in chips) 
Seat 4: henri789 ($100 in chips) 
Seat 5: Mozcore ($119.98 in chips) 
Seat 6: K.Antagonist ($100 in chips) 
CichiChanMarian: posts small blind $0.50
sta$igk: posts big blind $1
*** HOLE CARDS ***
henri789: folds 
Mozcore: folds 
K.Antagonist: folds 
z00mba: folds 
CichiChanMarian: raises $2 to $3
sta$igk: calls $2
*** FLOP *** [2d Jc 7h]
CichiChanMarian: checks 
sta$igk: bets $1.88
CichiChanMarian: calls $1.88
*** TURN *** [2d Jc 7h] [Kc]
CichiChanMarian: checks 
sta$igk: checks 
*** RIVER *** [2d Jc 7h Kc] [Qc]
CichiChanMarian: bets $6.95
sta$igk: folds 
Uncalled bet ($6.95) returned to CichiChanMarian
CichiChanMarian collected $9.27 from pot
CichiChanMarian: doesn't show hand 
*** SUMMARY ***
Total pot $9.76 | Rake $0.49 
Board [2d Jc 7h Kc Qc]
Seat 1: z00mba (button) folded before Flop (didn't bet)
Seat 2: CichiChanMarian (small blind) collected ($9.27)
Seat 3: sta$igk (big blind) folded on the River
Seat 4: henri789 folded before Flop (didn't bet)
Seat 5: Mozcore folded before Flop (didn't bet)
Seat 6: K.Antagonist folded before Flop (didn't bet)



PokerStars Hand #254596122728:  Hold'em No Limit ($0.50/$1.00 USD) - 2025/01/28 20:36:44 WET [2025/01/28 15:36:44 ET]
Table 'Hynek' 6-max Seat #2 is the button
Seat 1: z00mba ($127.50 in chips) 
Seat 2: CichiChanMarian ($114.30 in chips) 
Seat 3: sta$igk ($116.21 in chips) 
Seat 4: henri789 ($100 in chips) 
Seat 5: Mozcore ($119.98 in chips) 
Seat 6: K.Antagonist ($100 in chips) 
sta$igk: posts small blind $0.50
henri789: posts big blind $1
*** HOLE CARDS ***
Mozcore: folds 
K.Antagonist: folds 
z00mba: folds 
CichiChanMarian: folds 
sta$igk: folds 
Uncalled bet ($0.50) returned to henri789
henri789 collected $1 from pot
henri789: doesn't show hand 
*** SUMMARY ***
Total pot $1 | Rake $0 
Seat 1: z00mba folded before Flop (didn't bet)
Seat 2: CichiChanMarian (button) folded before Flop (didn't bet)
Seat 3: sta$igk (small blind) folded before Flop
Seat 4: henri789 (big blind) collected ($1)
Seat 5: Mozcore folded before Flop (didn't bet)
Seat 6: K.Antagonist folded before Flop (didn't bet)



PokerStars Hand #254596128143:  Hold'em No Limit ($0.50/$1.00 USD) - 2025/01/28 20:37:02 WET [2025/01/28 15:37:02 ET]
Table 'Hynek' 6-max Seat #3 is the button
Seat 1: z00mba ($127.50 in chips) 
Seat 2: CichiChanMarian ($114.30 in chips) 
Seat 3: sta$igk ($115.71 in chips) 
Seat 4: henri789 ($100.50 in chips) 
Seat 5: Mozcore ($119.98 in chips) 
Seat 6: K.Antagonist ($100 in chips) 
henri789: posts small blind $0.50
Mozcore: posts big blind $1
*** HOLE CARDS ***
K.Antagonist: folds 
z00mba: folds 
CichiChanMarian: raises $1.50 to $2.50
sta$igk: folds 
henri789: folds 
Mozcore: folds 
Uncalled bet ($1.50) returned to CichiChanMarian
CichiChanMarian collected $2.50 from pot
CichiChanMarian: doesn't show hand 
*** SUMMARY ***
Total pot $2.50 | Rake $0 
Seat 1: z00mba folded before Flop (didn't bet)
Seat 2: CichiChanMarian collected ($2.50)
Seat 3: sta$igk (button) folded before Flop (didn't bet)
Seat 4: henri789 (small blind) folded before Flop
Seat 5: Mozcore (big blind) folded before Flop
Seat 6: K.Antagonist folded before Flop (didn't bet)



PokerStars Hand #254596132195:  Hold'em No Limit ($0.50/$1.00 USD) - 2025/01/28 20:37:14 WET [2025/01/28 15:37:14 ET]
Table 'Hynek' 6-max Seat #4 is the button
Seat 1: z00mba ($127.50 in chips) 
Seat 2: CichiChanMarian ($115.80 in chips) 
Seat 3: sta$igk ($115.71 in chips) 
Seat 4: henri789 ($100 in chips) 
Seat 5: Mozcore ($118.98 in chips) 
Seat 6: K.Antagonist ($100 in chips) 
Mozcore: posts small blind $0.50
K.Antagonist: posts big blind $1
*** HOLE CARDS ***
z00mba: folds 
CichiChanMarian: folds 
sta$igk: folds 
henri789: folds 
Mozcore: folds 
Uncalled bet ($0.50) returned to K.Antagonist
K.Antagonist collected $1 from pot
K.Antagonist: doesn't show hand 
*** SUMMARY ***
Total pot $1 | Rake $0 
Seat 1: z00mba folded before Flop (didn't bet)
Seat 2: CichiChanMarian folded before Flop (didn't bet)
Seat 3: sta$igk folded before Flop (didn't bet)
Seat 4: henri789 (button) folded before Flop (didn't bet)
Seat 5: Mozcore (small blind) folded before Flop
Seat 6: K.Antagonist (big blind) collected ($1)



PokerStars Hand #254596136233:  Hold'em No Limit ($0.50/$1.00 USD) - 2025/01/28 20:37:27 WET [2025/01/28 15:37:27 ET]
Table 'Hynek' 6-max Seat #5 is the button
Seat 1: z00mba ($127.50 in chips) 
Seat 2: CichiChanMarian ($115.80 in chips) 
Seat 3: sta$igk ($115.71 in chips) 
Seat 4: henri789 ($100 in chips) 
Seat 5: Mozcore ($118.48 in chips) 
Seat 6: K.Antagonist ($100.50 in chips) 
K.Antagonist: posts small blind $0.50
z00mba: posts big blind $1
*** HOLE CARDS ***
CichiChanMarian: raises $1.50 to $2.50
sta$igk: folds 
henri789: folds 
Mozcore: folds 
K.Antagonist: folds 
z00mba: folds 
Uncalled bet ($1.50) returned to CichiChanMarian
CichiChanMarian collected $2.50 from pot
CichiChanMarian: doesn't show hand 
*** SUMMARY ***
Total pot $2.50 | Rake $0 
Seat 1: z00mba (big blind) folded before Flop
Seat 2: CichiChanMarian collected ($2.50)
Seat 3: sta$igk folded before Flop (didn't bet)
Seat 4: henri789 folded before Flop (didn't bet)
Seat 5: Mozcore (button) folded before Flop (didn't bet)
Seat 6: K.Antagonist (small blind) folded before Flop



PokerStars Hand #254596145662:  Hold'em No Limit ($0.50/$1.00 USD) - 2025/01/28 20:37:58 WET [2025/01/28 15:37:58 ET]
Table 'Hynek' 6-max Seat #6 is the button
Seat 1: z00mba ($126.50 in chips) 
Seat 2: CichiChanMarian ($117.30 in chips) 
Seat 3: sta$igk ($115.71 in chips) 
Seat 4: henri789 ($100 in chips) 
Seat 5: Mozcore ($118.48 in chips) 
Seat 6: K.Antagonist ($100 in chips) 
z00mba: posts small blind $0.50
CichiChanMarian: posts big blind $1
*** HOLE CARDS ***
sta$igk: raises $1.50 to $2.50
henri789: folds 
Mozcore: folds 
K.Antagonist: folds 
z00mba: folds 
CichiChanMarian: calls $1.50
*** FLOP *** [Kd Kh 3d]
CichiChanMarian: checks 
sta$igk: bets $1.72
CichiChanMarian: folds 
Uncalled bet ($1.72) returned to sta$igk
sta$igk collected $5.22 from pot
sta$igk: doesn't show hand 
*** SUMMARY ***
Total pot $5.50 | Rake $0.28 
Board [Kd Kh 3d]
Seat 1: z00mba (small blind) folded before Flop
Seat 2: CichiChanMarian (big blind) folded on the Flop
Seat 3: sta$igk collected ($5.22)
Seat 4: henri789 folded before Flop (didn't bet)
Seat 5: Mozcore folded before Flop (didn't bet)
Seat 6: K.Antagonist (button) folded before Flop (didn't bet)



PokerStars Hand #254596162426:  Hold'em No Limit ($0.50/$1.00 USD) - 2025/01/28 20:38:52 WET [2025/01/28 15:38:52 ET]
Table 'Hynek' 6-max Seat #1 is the button
Seat 1: z00mba ($126 in chips) 
Seat 2: CichiChanMarian ($114.80 in chips) 
Seat 3: sta$igk ($118.43 in chips) 
Seat 4: henri789 ($100 in chips) 
Seat 5: Mozcore ($118.48 in chips) 
Seat 6: K.Antagonist ($100 in chips) 
CichiChanMarian: posts small blind $0.50
sta$igk: posts big blind $1
*** HOLE CARDS ***
henri789: folds 
Mozcore: raises $2 to $3
K.Antagonist: folds 
z00mba: folds 
CichiChanMarian: folds 
sta$igk: calls $2
*** FLOP *** [4c 8d Kh]
sta$igk: checks 
Mozcore: bets $3.09
sta$igk: calls $3.09
*** TURN *** [4c 8d Kh] [4s]
sta$igk: checks 
Mozcore: bets $6.03
sta$igk: raises $11.97 to $18
Mozcore: folds 
Uncalled bet ($11.97) returned to sta$igk
sta$igk collected $23.50 from pot
sta$igk: doesn't show hand 
*** SUMMARY ***
Total pot $24.74 | Rake $1.24 
Board [4c 8d Kh 4s]
Seat 1: z00mba (button) folded before Flop (didn't bet)
Seat 2: CichiChanMarian (small blind) folded before Flop
Seat 3: sta$igk (big blind) collected ($23.50)
Seat 4: henri789 folded before Flop (didn't bet)
Seat 5: Mozcore folded on the Turn
Seat 6: K.Antagonist folded before Flop (didn't bet)



PokerStars Hand #254596177851:  Hold'em No Limit ($0.50/$1.00 USD) - 2025/01/28 20:39:42 WET [2025/01/28 15:39:42 ET]
Table 'Hynek' 6-max Seat #2 is the button
Seat 1: z00mba ($126 in chips) 
Seat 2: CichiChanMarian ($114.30 in chips) 
Seat 3: sta$igk ($129.81 in chips) 
Seat 4: henri789 ($100 in chips) 
Seat 5: Mozcore ($106.36 in chips) 
Seat 6: K.Antagonist ($100 in chips) 
sta$igk: posts small blind $0.50
henri789: posts big blind $1
*** HOLE CARDS ***
Mozcore: folds 
K.Antagonist: folds 
z00mba: folds 
CichiChanMarian: folds 
sta$igk: raises $2 to $3
henri789: folds 
Uncalled bet ($2) returned to sta$igk
sta$igk collected $2 from pot
sta$igk: doesn't show hand 
*** SUMMARY ***
Total pot $2 | Rake $0 
Seat 1: z00mba folded before Flop (didn't bet)
Seat 2: CichiChanMarian (button) folded before Flop (didn't bet)
Seat 3: sta$igk (small blind) collected ($2)
Seat 4: henri789 (big blind) folded before Flop
Seat 5: Mozcore folded before Flop (didn't bet)
Seat 6: K.Antagonist folded before Flop (didn't bet)



PokerStars Hand #254596184779:  Hold'em No Limit ($0.50/$1.00 USD) - 2025/01/28 20:40:04 WET [2025/01/28 15:40:04 ET]
Table 'Hynek' 6-max Seat #3 is the button
Seat 1: z00mba ($126 in chips) 
Seat 2: CichiChanMarian ($114.30 in chips) 
Seat 3: sta$igk ($130.81 in chips) 
Seat 4: henri789 ($100 in chips) 
Seat 5: Mozcore ($106.36 in chips) 
Seat 6: K.Antagonist ($100 in chips) 
henri789: posts small blind $0.50
Mozcore: posts big blind $1
*** HOLE CARDS ***
K.Antagonist: raises $1.50 to $2.50
z00mba: folds 
CichiChanMarian: folds 
sta$igk: folds 
henri789: folds 
Mozcore: calls $1.50
*** FLOP *** [Kh 2s 7s]
Mozcore: checks 
K.Antagonist: bets $2.09
Mozcore: folds 
Uncalled bet ($2.09) returned to K.Antagonist
K.Antagonist collected $5.22 from pot
K.Antagonist: doesn't show hand 
*** SUMMARY ***
Total pot $5.50 | Rake $0.28 
Board [Kh 2s 7s]
Seat 1: z00mba folded before Flop (didn't bet)
Seat 2: CichiChanMarian folded before Flop (didn't bet)
Seat 3: sta$igk (button) folded before Flop (didn't bet)
Seat 4: henri789 (small blind) folded before Flop
Seat 5: Mozcore (big blind) folded on the Flop
Seat 6: K.Antagonist collected ($5.22)



PokerStars Hand #254596197673:  Hold'em No Limit ($0.50/$1.00 USD) - 2025/01/28 20:40:45 WET [2025/01/28 15:40:45 ET]
Table 'Hynek' 6-max Seat #4 is the button
Seat 1: z00mba ($126 in chips) 
Seat 2: CichiChanMarian ($114.30 in chips) 
Seat 3: sta$igk ($130.81 in chips) 
Seat 4: henri789 ($100 in chips) 
Seat 5: Mozcore ($103.86 in chips) 
Seat 6: K.Antagonist ($102.72 in chips) 
Mozcore: posts small blind $0.50
K.Antagonist: posts big blind $1
*** HOLE CARDS ***
z00mba: folds 
CichiChanMarian: folds 
sta$igk: folds 
henri789: folds 
Mozcore: raises $2 to $3
K.Antagonist: calls $2
*** FLOP *** [2c 4d 6s]
Mozcore: bets $2.85
K.Antagonist: calls $2.85
*** TURN *** [2c 4d 6s] [Td]
Mozcore: bets $5.56
K.Antagonist: folds 
Uncalled bet ($5.56) returned to Mozcore
Mozcore collected $11.12 from pot
*** SUMMARY ***
Total pot $11.70 | Rake $0.58 
Board [2c 4d 6s Td]
Seat 1: z00mba folded before Flop (didn't bet)
Seat 2: CichiChanMarian folded before Flop (didn't bet)
Seat 3: sta$igk folded before Flop (didn't bet)
Seat 4: henri789 (button) folded before Flop (didn't bet)
Seat 5: Mozcore (small blind) collected ($11.12)
Seat 6: K.Antagonist (big blind) folded on the Turn



PokerStars Hand #254596211533:  Hold'em No Limit ($0.50/$1.00 USD) - 2025/01/28 20:41:29 WET [2025/01/28 15:41:29 ET]
Table 'Hynek' 6-max Seat #5 is the button
Seat 1: z00mba ($126 in chips) 
Seat 2: CichiChanMarian ($114.30 in chips) 
Seat 3: sta$igk ($130.81 in chips) 
Seat 4: henri789 ($100 in chips) 
Seat 5: Mozcore ($109.13 in chips) 
Seat 6: K.Antagonist ($100 in chips) 
K.Antagonist: posts small blind $0.50
z00mba: posts big blind $1
*** HOLE CARDS ***
CichiChanMarian: folds 
sta$igk: folds 
henri789: folds 
Mozcore: raises $2 to $3
K.Antagonist: folds 
z00mba: folds 
Uncalled bet ($2) returned to Mozcore
Mozcore collected $2.50 from pot
*** SUMMARY ***
Total pot $2.50 | Rake $0 
Seat 1: z00mba (big blind) folded before Flop
Seat 2: CichiChanMarian folded before Flop (didn't bet)
Seat 3: sta$igk folded before Flop (didn't bet)
Seat 4: henri789 folded before Flop (didn't bet)
Seat 5: Mozcore (button) collected ($2.50)
Seat 6: K.Antagonist (small blind) folded before Flop



PokerStars Hand #254596219590:  Hold'em No Limit ($0.50/$1.00 USD) - 2025/01/28 20:41:55 WET [2025/01/28 15:41:55 ET]
Table 'Hynek' 6-max Seat #6 is the button
Seat 1: z00mba ($125 in chips) 
Seat 2: CichiChanMarian ($114.30 in chips) 
Seat 3: sta$igk ($130.81 in chips) 
Seat 4: henri789 ($100 in chips) 
Seat 5: Mozcore ($110.63 in chips) 
Seat 6: K.Antagonist ($100 in chips) 
z00mba: posts small blind $0.50
CichiChanMarian: posts big blind $1
*** HOLE CARDS ***
sta$igk: folds 
henri789: raises $1.20 to $2.20
Mozcore: calls $2.20
K.Antagonist: folds 
z00mba: folds 
CichiChanMarian: calls $1.20
*** FLOP *** [6h 2h 4c]
CichiChanMarian: checks 
henri789: checks 
Mozcore: bets $4.37
CichiChanMarian: folds 
henri789: folds 
Uncalled bet ($4.37) returned to Mozcore
Mozcore collected $6.74 from pot
*** SUMMARY ***
Total pot $7.10 | Rake $0.36 
Board [6h 2h 4c]
Seat 1: z00mba (small blind) folded before Flop
Seat 2: CichiChanMarian (big blind) folded on the Flop
Seat 3: sta$igk folded before Flop (didn't bet)
Seat 4: henri789 folded on the Flop
Seat 5: Mozcore collected ($6.74)
Seat 6: K.Antagonist (button) folded before Flop (didn't bet)



PokerStars Hand #254596243154:  Hold'em No Limit ($0.50/$1.00 USD) - 2025/01/28 20:43:10 WET [2025/01/28 15:43:10 ET]
Table 'Hynek' 6-max Seat #1 is the button
Seat 1: z00mba ($124.50 in chips) 
Seat 2: CichiChanMarian ($112.10 in chips) 
Seat 3: sta$igk ($130.81 in chips) 
Seat 4: henri789 ($100 in chips) 
Seat 5: Mozcore ($115.17 in chips) 
Seat 6: K.Antagonist ($100 in chips) 
CichiChanMarian: posts small blind $0.50
sta$igk: posts big blind $1
*** HOLE CARDS ***
henri789: folds 
Mozcore: raises $2 to $3
K.Antagonist: folds 
z00mba: folds 
CichiChanMarian: calls $2.50
sta$igk: folds 
*** FLOP *** [Qc 3d Qd]
CichiChanMarian: checks 
Mozcore: checks 
*** TURN *** [Qc 3d Qd] [4d]
CichiChanMarian: bets $3.33
Mozcore: folds 
Uncalled bet ($3.33) returned to CichiChanMarian
CichiChanMarian collected $6.65 from pot
CichiChanMarian: doesn't show hand 
*** SUMMARY ***
Total pot $7 | Rake $0.35 
Board [Qc 3d Qd 4d]
Seat 1: z00mba (button) folded before Flop (didn't bet)
Seat 2: CichiChanMarian (small blind) collected ($6.65)
Seat 3: sta$igk (big blind) folded before Flop
Seat 4: henri789 folded before Flop (didn't bet)
Seat 5: Mozcore folded on the Turn
Seat 6: K.Antagonist folded before Flop (didn't bet)



PokerStars Hand #254596260389:  Hold'em No Limit ($0.50/$1.00 USD) - 2025/01/28 20:44:05 WET [2025/01/28 15:44:05 ET]
Table 'Hynek' 6-max Seat #2 is the button
Seat 1: z00mba ($124.50 in chips) 
Seat 2: CichiChanMarian ($115.75 in chips) 
Seat 3: sta$igk ($129.81 in chips) 
Seat 4: henri789 ($100 in chips) 
Seat 5: Mozcore ($112.17 in chips) 
Seat 6: K.Antagonist ($100 in chips) 
sta$igk: posts small blind $0.50
henri789: posts big blind $1
*** HOLE CARDS ***
Mozcore: folds 
K.Antagonist: raises $1.50 to $2.50
z00mba: folds 
CichiChanMarian: folds 
sta$igk: folds 
henri789: calls $1.50
*** FLOP *** [As 3d Qd]
henri789: checks 
K.Antagonist: bets $2.61
henri789: folds 
Uncalled bet ($2.61) returned to K.Antagonist
K.Antagonist collected $5.22 from pot
K.Antagonist: doesn't show hand 
*** SUMMARY ***
Total pot $5.50 | Rake $0.28 
Board [As 3d Qd]
Seat 1: z00mba folded before Flop (didn't bet)
Seat 2: CichiChanMarian (button) folded before Flop (didn't bet)
Seat 3: sta$igk (small blind) folded before Flop
Seat 4: henri789 (big blind) folded on the Flop
Seat 5: Mozcore folded before Flop (didn't bet)
Seat 6: K.Antagonist collected ($5.22)



PokerStars Hand #254595900959:  Hold'em No Limit ($0.50/$1.00 USD) - 2025/01/28 20:24:18 WET [2025/01/28 15:24:18 ET]
Table 'Hynek' 6-max Seat #6 is the button
Seat 4: henri789 ($105.05 in chips) is sitting out
Seat 1: z00mba ($101.20 in chips) 
Seat 2: CichiChanMarian ($100 in chips) 
Seat 3: sta$igk ($114.74 in chips) 
Seat 5: Mozcore ($119.30 in chips) 
Seat 6: temipoker ($15.08 in chips) 
z00mba: posts small blind $0.50
CichiChanMarian: posts big blind $1
henri789: sits out 
*** HOLE CARDS ***
sta$igk: folds 
Mozcore: folds 
temipoker: raises $14.08 to $15.08 and is all-in
z00mba: folds 
CichiChanMarian: calls $14.08
*** FLOP *** [Ks Qh 4h]
*** TURN *** [Ks Qh 4h] [6c]
*** RIVER *** [Ks Qh 4h 6c] [6s]
*** SHOW DOWN ***
CichiChanMarian: shows [Td Th] (two pair, Tens and Sixes)
temipoker: shows [7c 7h] (two pair, Sevens and Sixes)
CichiChanMarian collected $29.13 from pot
*** SUMMARY ***
Total pot $30.66 | Rake $1.53 
Board [Ks Qh 4h 6c 6s]
Seat 4: henri789
Seat 1: z00mba (small blind) folded before Flop
Seat 2: CichiChanMarian (big blind) showed [Td Th] and won ($29.13) with two pair, Tens and Sixes
Seat 3: sta$igk folded before Flop (didn't bet)
Seat 5: Mozcore folded before Flop (didn't bet)
Seat 6: temipoker (button) showed [7c 7h] and lost with two pair, Sevens and Sixes



PokerStars Hand #254595908524:  Hold'em No Limit ($0.50/$1.00 USD) - 2025/01/28 20:24:40 WET [2025/01/28 15:24:40 ET]
Table 'Hynek' 6-max Seat #1 is the button
Seat 4: henri789 ($105.05 in chips) is sitting out
Seat 6: temipoker ($0 in chips) is sitting out
Seat 1: z00mba ($100.70 in chips) 
Seat 2: CichiChanMarian ($114.05 in chips) 
Seat 3: sta$igk ($114.74 in chips) 
Seat 5: Mozcore ($119.30 in chips) 
CichiChanMarian: posts small blind $0.50
sta$igk: posts big blind $1
henri789: sits out 
*** HOLE CARDS ***
Mozcore: folds 
temipoker is disconnected 
z00mba: raises $1.50 to $2.50
CichiChanMarian: folds 
sta$igk: raises $9.50 to $12
z00mba: folds 
Uncalled bet ($9.50) returned to sta$igk
sta$igk collected $5.50 from pot
sta$igk: doesn't show hand 
*** SUMMARY ***
Total pot $5.50 | Rake $0 
Seat 4: henri789
Seat 6: temipoker
Seat 1: z00mba (button) folded before Flop
Seat 2: CichiChanMarian (small blind) folded before Flop
Seat 3: sta$igk (big blind) collected ($5.50)
Seat 5: Mozcore folded before Flop (didn't bet)



PokerStars Hand #254595920295:  Hold'em No Limit ($0.50/$1.00 USD) - 2025/01/28 20:25:16 WET [2025/01/28 15:25:16 ET]
Table 'Hynek' 6-max Seat #2 is the button
Seat 6: temipoker ($0 in chips) is sitting out
Seat 1: z00mba ($100 in chips) 
Seat 2: CichiChanMarian ($113.55 in chips) 
Seat 3: sta$igk ($117.74 in chips) 
Seat 4: henri789 ($105.05 in chips) 
Seat 5: Mozcore ($119.30 in chips) 
sta$igk: posts small blind $0.50
henri789: posts big blind $1
*** HOLE CARDS ***
Mozcore: raises $2 to $3
z00mba: folds 
CichiChanMarian: folds 
sta$igk: folds 
henri789: folds 
Uncalled bet ($2) returned to Mozcore
Mozcore collected $2.50 from pot
*** SUMMARY ***
Total pot $2.50 | Rake $0 
Seat 6: temipoker
Seat 1: z00mba folded before Flop (didn't bet)
Seat 2: CichiChanMarian (button) folded before Flop (didn't bet)
Seat 3: sta$igk (small blind) folded before Flop
Seat 4: henri789 (big blind) folded before Flop
Seat 5: Mozcore collected ($2.50)



PokerStars Hand #254595925536:  Hold'em No Limit ($0.50/$1.00 USD) - 2025/01/28 20:25:33 WET [2025/01/28 15:25:33 ET]
Table 'Hynek' 6-max Seat #3 is the button
Seat 6: temipoker ($0 in chips) is sitting out
Seat 1: z00mba ($100 in chips) 
Seat 2: CichiChanMarian ($113.55 in chips) 
Seat 3: sta$igk ($117.24 in chips) 
Seat 4: henri789 ($104.05 in chips) 
Seat 5: Mozcore ($120.80 in chips) 
henri789: posts small blind $0.50
Mozcore: posts big blind $1
*** HOLE CARDS ***
z00mba: folds 
CichiChanMarian: folds 
sta$igk: raises $1.50 to $2.50
henri789: folds 
Mozcore: folds 
Uncalled bet ($1.50) returned to sta$igk
sta$igk collected $2.50 from pot
sta$igk: doesn't show hand 
*** SUMMARY ***
Total pot $2.50 | Rake $0 
Seat 6: temipoker
Seat 1: z00mba folded before Flop (didn't bet)
Seat 2: CichiChanMarian folded before Flop (didn't bet)
Seat 3: sta$igk (button) collected ($2.50)
Seat 4: henri789 (small blind) folded before Flop
Seat 5: Mozcore (big blind) folded before Flop



PokerStars Hand #254595931237:  Hold'em No Limit ($0.50/$1.00 USD) - 2025/01/28 20:25:52 WET [2025/01/28 15:25:52 ET]
Table 'Hynek' 6-max Seat #4 is the button
Seat 1: z00mba ($100 in chips) is sitting out
Seat 6: temipoker ($0 in chips) is sitting out
Seat 2: CichiChanMarian ($113.55 in chips) 
Seat 3: sta$igk ($118.74 in chips) 
Seat 4: henri789 ($103.55 in chips) 
Seat 5: Mozcore ($119.80 in chips) 
Mozcore: posts small blind $0.50
z00mba: is sitting out 
CichiChanMarian: posts big blind $1
*** HOLE CARDS ***
sta$igk: raises $1.50 to $2.50
henri789: folds 
Mozcore: folds 
CichiChanMarian: folds 
Uncalled bet ($1.50) returned to sta$igk
sta$igk collected $2.50 from pot
sta$igk: doesn't show hand 
*** SUMMARY ***
Total pot $2.50 | Rake $0 
Seat 1: z00mba
Seat 6: temipoker
Seat 2: CichiChanMarian (big blind) folded before Flop
Seat 3: sta$igk collected ($2.50)
Seat 4: henri789 (button) folded before Flop (didn't bet)
Seat 5: Mozcore (small blind) folded before Flop



PokerStars Hand #254595935752:  Hold'em No Limit ($0.50/$1.00 USD) - 2025/01/28 20:26:08 WET [2025/01/28 15:26:08 ET]
Table 'Hynek' 6-max Seat #5 is the button
Seat 1: z00mba ($100 in chips) is sitting out
Seat 6: temipoker ($0 in chips) is sitting out
Seat 2: CichiChanMarian ($112.55 in chips) 
Seat 3: sta$igk ($120.24 in chips) 
Seat 4: henri789 ($103.55 in chips) 
Seat 5: Mozcore ($119.30 in chips) 
CichiChanMarian: posts small blind $0.50
sta$igk: posts big blind $1
*** HOLE CARDS ***
henri789: folds 
Mozcore: raises $1 to $2
CichiChanMarian: calls $1.50
sta$igk: folds 
*** FLOP *** [Ad 4s Qd]
CichiChanMarian: checks 
Mozcore: bets $2.38
CichiChanMarian: folds 
Uncalled bet ($2.38) returned to Mozcore
Mozcore collected $4.75 from pot
*** SUMMARY ***
Total pot $5 | Rake $0.25 
Board [Ad 4s Qd]
Seat 1: z00mba
Seat 6: temipoker
Seat 2: CichiChanMarian (small blind) folded on the Flop
Seat 3: sta$igk (big blind) folded before Flop
Seat 4: henri789 folded before Flop (didn't bet)
Seat 5: Mozcore (button) collected ($4.75)



PokerStars Hand #254595941482:  Hold'em No Limit ($0.50/$1.00 USD) - 2025/01/28 20:26:27 WET [2025/01/28 15:26:27 ET]
Table 'Hynek' 6-max Seat #2 is the button
Seat 1: z00mba ($100 in chips) is sitting out
Seat 6: temipoker ($0 in chips) is sitting out
Seat 2: CichiChanMarian ($110.55 in chips) 
Seat 3: sta$igk ($119.24 in chips) 
Seat 4: henri789 ($103.55 in chips) 
Seat 5: Mozcore ($122.05 in chips) 
sta$igk: posts small blind $0.50
henri789: posts big blind $1
*** HOLE CARDS ***
Mozcore: folds 
CichiChanMarian: folds 
sta$igk: folds 
Uncalled bet ($0.50) returned to henri789
henri789 collected $1 from pot
henri789: doesn't show hand 
*** SUMMARY ***
Total pot $1 | Rake $0 
Seat 1: z00mba
Seat 6: temipoker
Seat 2: CichiChanMarian (button) folded before Flop (didn't bet)
Seat 3: sta$igk (small blind) folded before Flop
Seat 4: henri789 (big blind) collected ($1)
Seat 5: Mozcore folded before Flop (didn't bet)



PokerStars Hand #254596428334:  Hold'em No Limit ($0.50/$1.00 USD) - 2025/01/28 20:52:47 WET [2025/01/28 15:52:47 ET]
Table 'Hynek' 6-max Seat #3 is the button
Seat 1: z00mba ($138.79 in chips) 
Seat 2: CichiChanMarian ($124.50 in chips) 
Seat 3: sta$igk ($118.89 in chips) 
Seat 4: henri789 ($100 in chips) 
Seat 5: Mozcore ($122.54 in chips) 
Seat 6: K.Antagonist ($100 in chips) 
henri789: posts small blind $0.50
Mozcore: posts big blind $1
*** HOLE CARDS ***
K.Antagonist: folds 
z00mba: folds 
CichiChanMarian: folds 
sta$igk: raises $1.50 to $2.50
henri789: folds 
Mozcore: folds 
Uncalled bet ($1.50) returned to sta$igk
sta$igk collected $2.50 from pot
sta$igk: doesn't show hand 
*** SUMMARY ***
Total pot $2.50 | Rake $0 
Seat 1: z00mba folded before Flop (didn't bet)
Seat 2: CichiChanMarian folded before Flop (didn't bet)
Seat 3: sta$igk (button) collected ($2.50)
Seat 4: henri789 (small blind) folded before Flop
Seat 5: Mozcore (big blind) folded before Flop
Seat 6: K.Antagonist folded before Flop (didn't bet)



PokerStars Hand #254596436448:  Hold'em No Limit ($0.50/$1.00 USD) - 2025/01/28 20:53:12 WET [2025/01/28 15:53:12 ET]
Table 'Hynek' 6-max Seat #4 is the button
Seat 1: z00mba ($138.79 in chips) 
Seat 2: CichiChanMarian ($124.50 in chips) 
Seat 3: sta$igk ($120.39 in chips) 
Seat 4: henri789 ($100 in chips) 
Seat 5: Mozcore ($121.54 in chips) 
Seat 6: K.Antagonist ($100 in chips) 
Mozcore: posts small blind $0.50
K.Antagonist: posts big blind $1
*** HOLE CARDS ***
z00mba: folds 
CichiChanMarian: folds 
sta$igk: raises $1.50 to $2.50
henri789: folds 
Mozcore: folds 
K.Antagonist: folds 
Uncalled bet ($1.50) returned to sta$igk
sta$igk collected $2.50 from pot
sta$igk: doesn't show hand 
*** SUMMARY ***
Total pot $2.50 | Rake $0 
Seat 1: z00mba folded before Flop (didn't bet)
Seat 2: CichiChanMarian folded before Flop (didn't bet)
Seat 3: sta$igk collected ($2.50)
Seat 4: henri789 (button) folded before Flop (didn't bet)
Seat 5: Mozcore (small blind) folded before Flop
Seat 6: K.Antagonist (big blind) folded before Flop



PokerStars Hand #254596444500:  Hold'em No Limit ($0.50/$1.00 USD) - 2025/01/28 20:53:36 WET [2025/01/28 15:53:36 ET]
Table 'Hynek' 6-max Seat #5 is the button
Seat 1: z00mba ($138.79 in chips) 
Seat 2: CichiChanMarian ($124.50 in chips) 
Seat 3: sta$igk ($121.89 in chips) 
Seat 4: henri789 ($100 in chips) 
Seat 5: Mozcore ($121.04 in chips) 
Seat 6: K.Antagonist ($100 in chips) 
K.Antagonist: posts small blind $0.50
z00mba: posts big blind $1
*** HOLE CARDS ***
CichiChanMarian: raises $1.50 to $2.50
sta$igk: folds 
henri789: folds 
Mozcore: folds 
K.Antagonist: folds 
z00mba: folds 
Uncalled bet ($1.50) returned to CichiChanMarian
CichiChanMarian collected $2.50 from pot
CichiChanMarian: doesn't show hand 
*** SUMMARY ***
Total pot $2.50 | Rake $0 
Seat 1: z00mba (big blind) folded before Flop
Seat 2: CichiChanMarian collected ($2.50)
Seat 3: sta$igk folded before Flop (didn't bet)
Seat 4: henri789 folded before Flop (didn't bet)
Seat 5: Mozcore (button) folded before Flop (didn't bet)
Seat 6: K.Antagonist (small blind) folded before Flop



PokerStars Hand #254596454989:  Hold'em No Limit ($0.50/$1.00 USD) - 2025/01/28 20:54:09 WET [2025/01/28 15:54:09 ET]
Table 'Hynek' 6-max Seat #6 is the button
Seat 1: z00mba ($137.79 in chips) 
Seat 2: CichiChanMarian ($126 in chips) 
Seat 3: sta$igk ($121.89 in chips) 
Seat 4: henri789 ($100 in chips) 
Seat 5: Mozcore ($121.04 in chips) 
Seat 6: K.Antagonist ($100 in chips) 
z00mba: posts small blind $0.50
CichiChanMarian: posts big blind $1
*** HOLE CARDS ***
sta$igk: folds 
henri789: raises $1.20 to $2.20
Mozcore: folds 
K.Antagonist: folds 
z00mba: folds 
CichiChanMarian: folds 
Uncalled bet ($1.20) returned to henri789
henri789 collected $2.50 from pot
henri789: doesn't show hand 
*** SUMMARY ***
Total pot $2.50 | Rake $0 
Seat 1: z00mba (small blind) folded before Flop
Seat 2: CichiChanMarian (big blind) folded before Flop
Seat 3: sta$igk folded before Flop (didn't bet)
Seat 4: henri789 collected ($2.50)
Seat 5: Mozcore folded before Flop (didn't bet)
Seat 6: K.Antagonist (button) folded before Flop (didn't bet)



PokerStars Hand #254596462046:  Hold'em No Limit ($0.50/$1.00 USD) - 2025/01/28 20:54:30 WET [2025/01/28 15:54:30 ET]
Table 'Hynek' 6-max Seat #1 is the button
Seat 1: z00mba ($137.29 in chips) 
Seat 2: CichiChanMarian ($125 in chips) 
Seat 3: sta$igk ($121.89 in chips) 
Seat 4: henri789 ($101.50 in chips) 
Seat 5: Mozcore ($121.04 in chips) 
Seat 6: K.Antagonist ($100 in chips) 
CichiChanMarian: posts small blind $0.50
sta$igk: posts big blind $1
*** HOLE CARDS ***
henri789: folds 
Mozcore: folds 
K.Antagonist: folds 
z00mba: folds 
CichiChanMarian: raises $2 to $3
sta$igk: raises $6 to $9
CichiChanMarian: folds 
Uncalled bet ($6) returned to sta$igk
sta$igk collected $6 from pot
sta$igk: doesn't show hand 
*** SUMMARY ***
Total pot $6 | Rake $0 
Seat 1: z00mba (button) folded before Flop (didn't bet)
Seat 2: CichiChanMarian (small blind) folded before Flop
Seat 3: sta$igk (big blind) collected ($6)
Seat 4: henri789 folded before Flop (didn't bet)
Seat 5: Mozcore folded before Flop (didn't bet)
Seat 6: K.Antagonist folded before Flop (didn't bet)



PokerStars Hand #254596470023:  Hold'em No Limit ($0.50/$1.00 USD) - 2025/01/28 20:54:55 WET [2025/01/28 15:54:55 ET]
Table 'Hynek' 6-max Seat #2 is the button
Seat 1: z00mba ($137.29 in chips) 
Seat 2: CichiChanMarian ($122 in chips) 
Seat 3: sta$igk ($124.89 in chips) 
Seat 4: henri789 ($101.50 in chips) 
Seat 5: Mozcore ($121.04 in chips) 
Seat 6: K.Antagonist ($100 in chips) 
sta$igk: posts small blind $0.50
henri789: posts big blind $1
*** HOLE CARDS ***
Mozcore: folds 
K.Antagonist: folds 
z00mba: folds 
CichiChanMarian: raises $1.50 to $2.50
sta$igk: folds 
henri789: folds 
Uncalled bet ($1.50) returned to CichiChanMarian
CichiChanMarian collected $2.50 from pot
CichiChanMarian: doesn't show hand 
*** SUMMARY ***
Total pot $2.50 | Rake $0 
Seat 1: z00mba folded before Flop (didn't bet)
Seat 2: CichiChanMarian (button) collected ($2.50)
Seat 3: sta$igk (small blind) folded before Flop
Seat 4: henri789 (big blind) folded before Flop
Seat 5: Mozcore folded before Flop (didn't bet)
Seat 6: K.Antagonist folded before Flop (didn't bet)



PokerStars Hand #254596476434:  Hold'em No Limit ($0.50/$1.00 USD) - 2025/01/28 20:55:20 WET [2025/01/28 15:55:20 ET]
Table 'Hynek' 6-max Seat #3 is the button
Seat 1: z00mba ($137.29 in chips) 
Seat 2: CichiChanMarian ($123.50 in chips) 
Seat 3: sta$igk ($124.39 in chips) 
Seat 4: henri789 ($100.50 in chips) 
Seat 5: Mozcore ($121.04 in chips) 
Seat 6: K.Antagonist ($100 in chips) 
henri789: posts small blind $0.50
Mozcore: posts big blind $1
*** HOLE CARDS ***
K.Antagonist: folds 
z00mba: folds 
CichiChanMarian: folds 
sta$igk: folds 
henri789: folds 
Uncalled bet ($0.50) returned to Mozcore
Mozcore collected $1 from pot
Mozcore: shows [6d 6c]
*** SUMMARY ***
Total pot $1 | Rake $0 
Seat 1: z00mba folded before Flop (didn't bet)
Seat 2: CichiChanMarian folded before Flop (didn't bet)
Seat 3: sta$igk (button) folded before Flop (didn't bet)
Seat 4: henri789 (small blind) folded before Flop
Seat 5: Mozcore (big blind) collected ($1)
Seat 6: K.Antagonist folded before Flop (didn't bet)



PokerStars Hand #254596479046:  Hold'em No Limit ($0.50/$1.00 USD) - 2025/01/28 20:55:31 WET [2025/01/28 15:55:31 ET]
Table 'Hynek' 6-max Seat #4 is the button
Seat 1: z00mba ($137.29 in chips) 
Seat 2: CichiChanMarian ($123.50 in chips) 
Seat 3: sta$igk ($124.39 in chips) 
Seat 4: henri789 ($100 in chips) 
Seat 5: Mozcore ($121.54 in chips) 
Seat 6: K.Antagonist ($100 in chips) 
Mozcore: posts small blind $0.50
K.Antagonist: posts big blind $1
*** HOLE CARDS ***
z00mba: folds 
CichiChanMarian: folds 
sta$igk: folds 
henri789: raises $1.20 to $2.20
Mozcore: calls $1.70
K.Antagonist: raises $11.80 to $14
henri789: folds 
Mozcore: folds 
Uncalled bet ($11.80) returned to K.Antagonist
K.Antagonist collected $6.60 from pot
K.Antagonist: doesn't show hand 
*** SUMMARY ***
Total pot $6.60 | Rake $0 
Seat 1: z00mba folded before Flop (didn't bet)
Seat 2: CichiChanMarian folded before Flop (didn't bet)
Seat 3: sta$igk folded before Flop (didn't bet)
Seat 4: henri789 (button) folded before Flop
Seat 5: Mozcore (small blind) folded before Flop
Seat 6: K.Antagonist (big blind) collected ($6.60)



PokerStars Hand #254596484950:  Hold'em No Limit ($0.50/$1.00 USD) - 2025/01/28 20:55:57 WET [2025/01/28 15:55:57 ET]
Table 'Hynek' 6-max Seat #5 is the button
Seat 1: z00mba ($137.29 in chips) 
Seat 2: CichiChanMarian ($123.50 in chips) 
Seat 3: sta$igk ($124.39 in chips) 
Seat 4: henri789 ($100 in chips) 
Seat 5: Mozcore ($119.34 in chips) 
Seat 6: K.Antagonist ($104.40 in chips) 
K.Antagonist: posts small blind $0.50
z00mba: posts big blind $1
*** HOLE CARDS ***
CichiChanMarian: raises $1.50 to $2.50
sta$igk: folds 
henri789: folds 
Mozcore: folds 
K.Antagonist: folds 
z00mba: raises $9 to $11.50
CichiChanMarian is disconnected 
CichiChanMarian is connected 
CichiChanMarian: folds 
Uncalled bet ($9) returned to z00mba
z00mba collected $5.50 from pot
z00mba: doesn't show hand 
*** SUMMARY ***
Total pot $5.50 | Rake $0 
Seat 1: z00mba (big blind) collected ($5.50)
Seat 2: CichiChanMarian folded before Flop
Seat 3: sta$igk folded before Flop (didn't bet)
Seat 4: henri789 folded before Flop (didn't bet)
Seat 5: Mozcore (button) folded before Flop (didn't bet)
Seat 6: K.Antagonist (small blind) folded before Flop



PokerStars Hand #254596493820:  Hold'em No Limit ($0.50/$1.00 USD) - 2025/01/28 20:56:36 WET [2025/01/28 15:56:36 ET]
Table 'Hynek' 6-max Seat #6 is the button
Seat 1: z00mba ($140.29 in chips) 
Seat 2: CichiChanMarian ($121 in chips) 
Seat 3: sta$igk ($124.39 in chips) 
Seat 4: henri789 ($100 in chips) 
Seat 5: Mozcore ($119.34 in chips) 
Seat 6: K.Antagonist ($103.90 in chips) 
z00mba: posts small blind $0.50
CichiChanMarian: posts big blind $1
*** HOLE CARDS ***
sta$igk: folds 
henri789: folds 
Mozcore: folds 
K.Antagonist: folds 
z00mba: folds 
Uncalled bet ($0.50) returned to CichiChanMarian
CichiChanMarian collected $1 from pot
CichiChanMarian: doesn't show hand 
*** SUMMARY ***
Total pot $1 | Rake $0 
Seat 1: z00mba (small blind) folded before Flop
Seat 2: CichiChanMarian (big blind) collected ($1)
Seat 3: sta$igk folded before Flop (didn't bet)
Seat 4: henri789 folded before Flop (didn't bet)
Seat 5: Mozcore folded before Flop (didn't bet)
Seat 6: K.Antagonist (button) folded before Flop (didn't bet)



PokerStars Hand #254596496586:  Hold'em No Limit ($0.50/$1.00 USD) - 2025/01/28 20:56:47 WET [2025/01/28 15:56:47 ET]
Table 'Hynek' 6-max Seat #1 is the button
Seat 1: z00mba ($139.79 in chips) 
Seat 2: CichiChanMarian ($121.50 in chips) 
Seat 3: sta$igk ($124.39 in chips) 
Seat 4: henri789 ($100 in chips) 
Seat 5: Mozcore ($119.34 in chips) 
Seat 6: K.Antagonist ($103.90 in chips) 
CichiChanMarian: posts small blind $0.50
sta$igk: posts big blind $1
*** HOLE CARDS ***
henri789: folds 
Mozcore: folds 
K.Antagonist: folds 
z00mba: raises $1.50 to $2.50
CichiChanMarian: folds 
sta$igk: calls $1.50
*** FLOP *** [Ad 8h Jh]
sta$igk: checks 
z00mba: bets $1.67
sta$igk: calls $1.67
*** TURN *** [Ad 8h Jh] [Kh]
sta$igk: checks 
z00mba: checks 
*** RIVER *** [Ad 8h Jh Kh] [8d]
sta$igk: checks 
z00mba: bets $6.38
sta$igk: folds 
Uncalled bet ($6.38) returned to z00mba
z00mba collected $8.40 from pot
z00mba: doesn't show hand 
*** SUMMARY ***
Total pot $8.84 | Rake $0.44 
Board [Ad 8h Jh Kh 8d]
Seat 1: z00mba (button) collected ($8.40)
Seat 2: CichiChanMarian (small blind) folded before Flop
Seat 3: sta$igk (big blind) folded on the River
Seat 4: henri789 folded before Flop (didn't bet)
Seat 5: Mozcore folded before Flop (didn't bet)
Seat 6: K.Antagonist folded before Flop (didn't bet)



PokerStars Hand #254596512832:  Hold'em No Limit ($0.50/$1.00 USD) - 2025/01/28 20:57:57 WET [2025/01/28 15:57:57 ET]
Table 'Hynek' 6-max Seat #2 is the button
Seat 1: z00mba ($144.02 in chips) 
Seat 2: CichiChanMarian ($121 in chips) 
Seat 3: sta$igk ($120.22 in chips) 
Seat 4: henri789 ($100 in chips) 
Seat 5: Mozcore ($119.34 in chips) 
Seat 6: K.Antagonist ($103.90 in chips) 
sta$igk: posts small blind $0.50
henri789: posts big blind $1
*** HOLE CARDS ***
Mozcore: raises $2 to $3
K.Antagonist: folds 
z00mba: folds 
CichiChanMarian: folds 
sta$igk: raises $9 to $12
henri789: folds 
Mozcore: calls $9
*** FLOP *** [2h 6h Ad]
sta$igk: checks 
Mozcore: bets $11.88
sta$igk: calls $11.88
*** TURN *** [2h 6h Ad] [2s]
sta$igk: checks 
Mozcore: bets $23.16
sta$igk: calls $23.16
*** RIVER *** [2h 6h Ad 2s] [Jc]
sta$igk: checks 
Mozcore: checks 
*** SHOW DOWN ***
sta$igk: shows [As Jd] (two pair, Aces and Jacks)
Mozcore: mucks hand 
sta$igk collected $92.58 from pot
*** SUMMARY ***
Total pot $95.08 | Rake $2.50 
Board [2h 6h Ad 2s Jc]
Seat 1: z00mba folded before Flop (didn't bet)
Seat 2: CichiChanMarian (button) folded before Flop (didn't bet)
Seat 3: sta$igk (small blind) showed [As Jd] and won ($92.58) with two pair, Aces and Jacks
Seat 4: henri789 (big blind) folded before Flop
Seat 5: Mozcore mucked
Seat 6: K.Antagonist folded before Flop (didn't bet)



PokerStars Hand #254596527371:  Hold'em No Limit ($0.50/$1.00 USD) - 2025/01/28 20:58:59 WET [2025/01/28 15:58:59 ET]
Table 'Hynek' 6-max Seat #3 is the button
Seat 1: z00mba ($144.02 in chips) 
Seat 2: CichiChanMarian ($121 in chips) 
Seat 3: sta$igk ($165.76 in chips) 
Seat 4: henri789 ($100 in chips) 
Seat 5: Mozcore ($72.30 in chips) 
Seat 6: K.Antagonist ($103.90 in chips) 
henri789: posts small blind $0.50
Mozcore: posts big blind $1
*** HOLE CARDS ***
K.Antagonist: folds 
z00mba: folds 
CichiChanMarian: raises $1.50 to $2.50
sta$igk: folds 
henri789: folds 
Mozcore: folds 
Uncalled bet ($1.50) returned to CichiChanMarian
CichiChanMarian collected $2.50 from pot
CichiChanMarian: doesn't show hand 
*** SUMMARY ***
Total pot $2.50 | Rake $0 
Seat 1: z00mba folded before Flop (didn't bet)
Seat 2: CichiChanMarian collected ($2.50)
Seat 3: sta$igk (button) folded before Flop (didn't bet)
Seat 4: henri789 (small blind) folded before Flop
Seat 5: Mozcore (big blind) folded before Flop
Seat 6: K.Antagonist folded before Flop (didn't bet)



PokerStars Hand #254596532609:  Hold'em No Limit ($0.50/$1.00 USD) - 2025/01/28 20:59:22 WET [2025/01/28 15:59:22 ET]
Table 'Hynek' 6-max Seat #4 is the button
Seat 1: z00mba ($144.02 in chips) 
Seat 2: CichiChanMarian ($122.50 in chips) 
Seat 3: sta$igk ($165.76 in chips) 
Seat 4: henri789 ($100 in chips) 
Seat 5: Mozcore ($71.30 in chips) 
Seat 6: K.Antagonist ($103.90 in chips) 
Mozcore: posts small blind $0.50
K.Antagonist: posts big blind $1
*** HOLE CARDS ***
z00mba: folds 
CichiChanMarian: folds 
sta$igk: raises $1.50 to $2.50
henri789: folds 
Mozcore: folds 
K.Antagonist: folds 
Uncalled bet ($1.50) returned to sta$igk
sta$igk collected $2.50 from pot
sta$igk: doesn't show hand 
*** SUMMARY ***
Total pot $2.50 | Rake $0 
Seat 1: z00mba folded before Flop (didn't bet)
Seat 2: CichiChanMarian folded before Flop (didn't bet)
Seat 3: sta$igk collected ($2.50)
Seat 4: henri789 (button) folded before Flop (didn't bet)
Seat 5: Mozcore (small blind) folded before Flop
Seat 6: K.Antagonist (big blind) folded before Flop



PokerStars Hand #254596536872:  Hold'em No Limit ($0.50/$1.00 USD) - 2025/01/28 20:59:39 WET [2025/01/28 15:59:39 ET]
Table 'Hynek' 6-max Seat #5 is the button
Seat 1: z00mba ($144.02 in chips) 
Seat 2: CichiChanMarian ($122.50 in chips) 
Seat 3: sta$igk ($167.26 in chips) 
Seat 4: henri789 ($100 in chips) 
Seat 5: Mozcore ($70.80 in chips) 
Seat 6: K.Antagonist ($102.90 in chips) 
K.Antagonist: posts small blind $0.50
z00mba: posts big blind $1
*** HOLE CARDS ***
CichiChanMarian: folds 
sta$igk: folds 
henri789: folds 
Mozcore: raises $2 to $3
K.Antagonist: folds 
z00mba: folds 
Uncalled bet ($2) returned to Mozcore
Mozcore collected $2.50 from pot
*** SUMMARY ***
Total pot $2.50 | Rake $0 
Seat 1: z00mba (big blind) folded before Flop
Seat 2: CichiChanMarian folded before Flop (didn't bet)
Seat 3: sta$igk folded before Flop (didn't bet)
Seat 4: henri789 folded before Flop (didn't bet)
Seat 5: Mozcore (button) collected ($2.50)
Seat 6: K.Antagonist (small blind) folded before Flop



PokerStars Hand #254596541189:  Hold'em No Limit ($0.50/$1.00 USD) - 2025/01/28 20:59:58 WET [2025/01/28 15:59:58 ET]
Table 'Hynek' 6-max Seat #6 is the button
Seat 1: z00mba ($143.02 in chips) 
Seat 2: CichiChanMarian ($122.50 in chips) 
Seat 3: sta$igk ($167.26 in chips) 
Seat 4: henri789 ($100 in chips) 
Seat 5: Mozcore ($72.30 in chips) 
Seat 6: K.Antagonist ($102.40 in chips) 
z00mba: posts small blind $0.50
CichiChanMarian: posts big blind $1
*** HOLE CARDS ***
sta$igk: folds 
henri789: raises $1.20 to $2.20
Mozcore: raises $9.90 to $12.10
K.Antagonist: folds 
z00mba: folds 
CichiChanMarian: folds 
henri789: folds 
Uncalled bet ($9.90) returned to Mozcore
Mozcore collected $5.90 from pot
*** SUMMARY ***
Total pot $5.90 | Rake $0 
Seat 1: z00mba (small blind) folded before Flop
Seat 2: CichiChanMarian (big blind) folded before Flop
Seat 3: sta$igk folded before Flop (didn't bet)
Seat 4: henri789 folded before Flop
Seat 5: Mozcore collected ($5.90)
Seat 6: K.Antagonist (button) folded before Flop (didn't bet)



PokerStars Hand #254596550203:  Hold'em No Limit ($0.50/$1.00 USD) - 2025/01/28 21:00:35 WET [2025/01/28 16:00:35 ET]
Table 'Hynek' 6-max Seat #1 is the button
Seat 1: z00mba ($142.52 in chips) 
Seat 2: CichiChanMarian ($121.50 in chips) 
Seat 3: sta$igk ($167.26 in chips) 
Seat 4: henri789 ($100 in chips) 
Seat 5: Mozcore ($76 in chips) 
Seat 6: K.Antagonist ($102.40 in chips) 
CichiChanMarian: posts small blind $0.50
sta$igk: posts big blind $1
*** HOLE CARDS ***
henri789: folds 
Mozcore: folds 
K.Antagonist: folds 
z00mba: raises $1.50 to $2.50
CichiChanMarian: folds 
sta$igk: folds 
Uncalled bet ($1.50) returned to z00mba
z00mba collected $2.50 from pot
z00mba: doesn't show hand 
*** SUMMARY ***
Total pot $2.50 | Rake $0 
Seat 1: z00mba (button) collected ($2.50)
Seat 2: CichiChanMarian (small blind) folded before Flop
Seat 3: sta$igk (big blind) folded before Flop
Seat 4: henri789 folded before Flop (didn't bet)
Seat 5: Mozcore folded before Flop (didn't bet)
Seat 6: K.Antagonist folded before Flop (didn't bet)



PokerStars Hand #254596556805:  Hold'em No Limit ($0.50/$1.00 USD) - 2025/01/28 21:00:59 WET [2025/01/28 16:00:59 ET]
Table 'Hynek' 6-max Seat #2 is the button
Seat 1: z00mba ($144.02 in chips) 
Seat 2: CichiChanMarian ($121 in chips) 
Seat 3: sta$igk ($166.26 in chips) 
Seat 4: henri789 ($100 in chips) 
Seat 5: Mozcore ($76 in chips) 
Seat 6: K.Antagonist ($102.40 in chips) 
sta$igk: posts small blind $0.50
henri789: posts big blind $1
*** HOLE CARDS ***
Mozcore: folds 
K.Antagonist: raises $1.50 to $2.50
z00mba: folds 
CichiChanMarian: folds 
sta$igk: folds 
henri789: folds 
Uncalled bet ($1.50) returned to K.Antagonist
K.Antagonist collected $2.50 from pot
K.Antagonist: doesn't show hand 
*** SUMMARY ***
Total pot $2.50 | Rake $0 
Seat 1: z00mba folded before Flop (didn't bet)
Seat 2: CichiChanMarian (button) folded before Flop (didn't bet)
Seat 3: sta$igk (small blind) folded before Flop
Seat 4: henri789 (big blind) folded before Flop
Seat 5: Mozcore folded before Flop (didn't bet)
Seat 6: K.Antagonist collected ($2.50)



PokerStars Hand #254596564269:  Hold'em No Limit ($0.50/$1.00 USD) - 2025/01/28 21:01:25 WET [2025/01/28 16:01:25 ET]
Table 'Hynek' 6-max Seat #3 is the button
Seat 1: z00mba ($144.02 in chips) 
Seat 2: CichiChanMarian ($121 in chips) 
Seat 3: sta$igk ($165.76 in chips) 
Seat 4: henri789 ($100 in chips) 
Seat 5: Mozcore ($76 in chips) 
Seat 6: K.Antagonist ($103.90 in chips) 
henri789: posts small blind $0.50
Mozcore: posts big blind $1
*** HOLE CARDS ***
K.Antagonist: folds 
z00mba: folds 
CichiChanMarian: folds 
sta$igk: raises $1.50 to $2.50
henri789: raises $9.50 to $12
Mozcore: folds 
sta$igk: calls $9.50
*** FLOP *** [Jh 3d 8s]
henri789: bets $11.88
sta$igk: folds 
Uncalled bet ($11.88) returned to henri789
henri789 collected $23.75 from pot
henri789: doesn't show hand 
*** SUMMARY ***
Total pot $25 | Rake $1.25 
Board [Jh 3d 8s]
Seat 1: z00mba folded before Flop (didn't bet)
Seat 2: CichiChanMarian folded before Flop (didn't bet)
Seat 3: sta$igk (button) folded on the Flop
Seat 4: henri789 (small blind) collected ($23.75)
Seat 5: Mozcore (big blind) folded before Flop
Seat 6: K.Antagonist folded before Flop (didn't bet)



PokerStars Hand #254596578756:  Hold'em No Limit ($0.50/$1.00 USD) - 2025/01/28 21:02:13 WET [2025/01/28 16:02:13 ET]
Table 'Hynek' 6-max Seat #4 is the button
Seat 1: z00mba ($144.02 in chips) 
Seat 2: CichiChanMarian ($121 in chips) 
Seat 3: sta$igk ($153.76 in chips) 
Seat 4: henri789 ($111.75 in chips) 
Seat 5: Mozcore ($75 in chips) 
Seat 6: K.Antagonist ($103.90 in chips) 
Mozcore: posts small blind $0.50
K.Antagonist: posts big blind $1
*** HOLE CARDS ***
z00mba: folds 
CichiChanMarian: folds 
sta$igk: folds 
henri789: raises $1.20 to $2.20
Mozcore: folds 
K.Antagonist: raises $9.80 to $12
henri789: folds 
Uncalled bet ($9.80) returned to K.Antagonist
K.Antagonist collected $4.90 from pot
K.Antagonist: doesn't show hand 
*** SUMMARY ***
Total pot $4.90 | Rake $0 
Seat 1: z00mba folded before Flop (didn't bet)
Seat 2: CichiChanMarian folded before Flop (didn't bet)
Seat 3: sta$igk folded before Flop (didn't bet)
Seat 4: henri789 (button) folded before Flop
Seat 5: Mozcore (small blind) folded before Flop
Seat 6: K.Antagonist (big blind) collected ($4.90)



PokerStars Hand #254596590360:  Hold'em No Limit ($0.50/$1.00 USD) - 2025/01/28 21:02:50 WET [2025/01/28 16:02:50 ET]
Table 'Hynek' 6-max Seat #5 is the button
Seat 1: z00mba ($144.02 in chips) 
Seat 2: CichiChanMarian ($121 in chips) 
Seat 3: sta$igk ($153.76 in chips) 
Seat 4: henri789 ($109.55 in chips) 
Seat 5: Mozcore ($74.50 in chips) 
Seat 6: K.Antagonist ($106.60 in chips) 
K.Antagonist: posts small blind $0.50
z00mba: posts big blind $1
*** HOLE CARDS ***
CichiChanMarian: folds 
sta$igk: folds 
henri789: folds 
Mozcore: raises $2 to $3
K.Antagonist: folds 
z00mba: folds 
Uncalled bet ($2) returned to Mozcore
Mozcore collected $2.50 from pot
*** SUMMARY ***
Total pot $2.50 | Rake $0 
Seat 1: z00mba (big blind) folded before Flop
Seat 2: CichiChanMarian folded before Flop (didn't bet)
Seat 3: sta$igk folded before Flop (didn't bet)
Seat 4: henri789 folded before Flop (didn't bet)
Seat 5: Mozcore (button) collected ($2.50)
Seat 6: K.Antagonist (small blind) folded before Flop



PokerStars Hand #254596600151:  Hold'em No Limit ($0.50/$1.00 USD) - 2025/01/28 21:03:20 WET [2025/01/28 16:03:20 ET]
Table 'Hynek' 6-max Seat #6 is the button
Seat 1: z00mba ($143.02 in chips) 
Seat 2: CichiChanMarian ($121 in chips) 
Seat 3: sta$igk ($153.76 in chips) 
Seat 4: henri789 ($109.55 in chips) 
Seat 5: Mozcore ($76 in chips) 
Seat 6: K.Antagonist ($106.10 in chips) 
z00mba: posts small blind $0.50
CichiChanMarian: posts big blind $1
*** HOLE CARDS ***
sta$igk: folds 
henri789: folds 
Mozcore: calls $1
K.Antagonist: folds 
z00mba: calls $0.50
CichiChanMarian: checks 
*** FLOP *** [8h Qd 2h]
z00mba: checks 
CichiChanMarian: checks 
Mozcore: bets $1.43
z00mba: calls $1.43
CichiChanMarian: folds 
*** TURN *** [8h Qd 2h] [Qc]
z00mba: checks 
Mozcore: bets $2.79
z00mba: calls $2.79
*** RIVER *** [8h Qd 2h Qc] [7c]
z00mba: checks 
Mozcore: checks 
*** SHOW DOWN ***
z00mba: shows [8c 7h] (two pair, Queens and Eights)
Mozcore: mucks hand 
z00mba collected $10.87 from pot
*** SUMMARY ***
Total pot $11.44 | Rake $0.57 
Board [8h Qd 2h Qc 7c]
Seat 1: z00mba (small blind) showed [8c 7h] and won ($10.87) with two pair, Queens and Eights
Seat 2: CichiChanMarian (big blind) folded on the Flop
Seat 3: sta$igk folded before Flop (didn't bet)
Seat 4: henri789 folded before Flop (didn't bet)
Seat 5: Mozcore mucked
Seat 6: K.Antagonist (button) folded before Flop (didn't bet)



PokerStars Hand #254596621721:  Hold'em No Limit ($0.50/$1.00 USD) - 2025/01/28 21:04:26 WET [2025/01/28 16:04:26 ET]
Table 'Hynek' 6-max Seat #1 is the button
Seat 1: z00mba ($148.67 in chips) 
Seat 2: CichiChanMarian ($120 in chips) 
Seat 3: sta$igk ($153.76 in chips) 
Seat 4: henri789 ($109.55 in chips) 
Seat 5: Mozcore ($70.78 in chips) 
Seat 6: K.Antagonist ($106.10 in chips) 
CichiChanMarian: posts small blind $0.50
sta$igk: posts big blind $1
*** HOLE CARDS ***
henri789: folds 
Mozcore: raises $2 to $3
K.Antagonist: folds 
z00mba: folds 
CichiChanMarian: folds 
sta$igk: folds 
Uncalled bet ($2) returned to Mozcore
Mozcore collected $2.50 from pot
*** SUMMARY ***
Total pot $2.50 | Rake $0 
Seat 1: z00mba (button) folded before Flop (didn't bet)
Seat 2: CichiChanMarian (small blind) folded before Flop
Seat 3: sta$igk (big blind) folded before Flop
Seat 4: henri789 folded before Flop (didn't bet)
Seat 5: Mozcore collected ($2.50)
Seat 6: K.Antagonist folded before Flop (didn't bet)



PokerStars Hand #254596627056:  Hold'em No Limit ($0.50/$1.00 USD) - 2025/01/28 21:04:42 WET [2025/01/28 16:04:42 ET]
Table 'Hynek' 6-max Seat #2 is the button
Seat 1: z00mba ($148.67 in chips) 
Seat 2: CichiChanMarian ($119.50 in chips) 
Seat 3: sta$igk ($152.76 in chips) 
Seat 4: henri789 ($109.55 in chips) 
Seat 5: Mozcore ($72.28 in chips) 
Seat 6: K.Antagonist ($106.10 in chips) 
sta$igk: posts small blind $0.50
henri789: posts big blind $1
*** HOLE CARDS ***
Mozcore: folds 
K.Antagonist: raises $1.50 to $2.50
z00mba: folds 
CichiChanMarian: folds 
sta$igk: folds 
henri789: folds 
Uncalled bet ($1.50) returned to K.Antagonist
K.Antagonist collected $2.50 from pot
K.Antagonist: doesn't show hand 
*** SUMMARY ***
Total pot $2.50 | Rake $0 
Seat 1: z00mba folded before Flop (didn't bet)
Seat 2: CichiChanMarian (button) folded before Flop (didn't bet)
Seat 3: sta$igk (small blind) folded before Flop
Seat 4: henri789 (big blind) folded before Flop
Seat 5: Mozcore folded before Flop (didn't bet)
Seat 6: K.Antagonist collected ($2.50)



PokerStars Hand #254596632241:  Hold'em No Limit ($0.50/$1.00 USD) - 2025/01/28 21:04:58 WET [2025/01/28 16:04:58 ET]
Table 'Hynek' 6-max Seat #3 is the button
Seat 1: z00mba ($148.67 in chips) 
Seat 2: CichiChanMarian ($119.50 in chips) 
Seat 3: sta$igk ($152.26 in chips) 
Seat 4: henri789 ($108.55 in chips) 
Seat 5: Mozcore ($72.28 in chips) 
Seat 6: K.Antagonist ($107.60 in chips) 
henri789: posts small blind $0.50
Mozcore: posts big blind $1
*** HOLE CARDS ***
K.Antagonist: folds 
z00mba: folds 
CichiChanMarian: raises $1.50 to $2.50
sta$igk: folds 
henri789: folds 
Mozcore: calls $1.50
*** FLOP *** [7d Td 8d]
Mozcore: bets $5.22
CichiChanMarian: calls $5.22
*** TURN *** [7d Td 8d] [Jh]
Mozcore: checks 
CichiChanMarian: checks 
*** RIVER *** [7d Td 8d Jh] [Tc]
Mozcore: bets $15.14
CichiChanMarian: folds 
Uncalled bet ($15.14) returned to Mozcore
Mozcore collected $15.14 from pot
*** SUMMARY ***
Total pot $15.94 | Rake $0.80 
Board [7d Td 8d Jh Tc]
Seat 1: z00mba folded before Flop (didn't bet)
Seat 2: CichiChanMarian folded on the River
Seat 3: sta$igk (button) folded before Flop (didn't bet)
Seat 4: henri789 (small blind) folded before Flop
Seat 5: Mozcore (big blind) collected ($15.14)
Seat 6: K.Antagonist folded before Flop (didn't bet)



PokerStars Hand #254596644123:  Hold'em No Limit ($0.50/$1.00 USD) - 2025/01/28 21:05:34 WET [2025/01/28 16:05:34 ET]
Table 'Hynek' 6-max Seat #4 is the button
Seat 1: z00mba ($148.67 in chips) 
Seat 2: CichiChanMarian ($111.78 in chips) 
Seat 3: sta$igk ($152.26 in chips) 
Seat 4: henri789 ($108.05 in chips) 
Seat 5: Mozcore ($79.70 in chips) 
Seat 6: K.Antagonist ($107.60 in chips) 
Mozcore: posts small blind $0.50
K.Antagonist: posts big blind $1
*** HOLE CARDS ***
z00mba: folds 
CichiChanMarian: raises $1.50 to $2.50
sta$igk: raises $5.50 to $8
henri789: folds 
Mozcore: folds 
K.Antagonist: folds 
CichiChanMarian: folds 
Uncalled bet ($5.50) returned to sta$igk
sta$igk collected $6.50 from pot
sta$igk: doesn't show hand 
*** SUMMARY ***
Total pot $6.50 | Rake $0 
Seat 1: z00mba folded before Flop (didn't bet)
Seat 2: CichiChanMarian folded before Flop
Seat 3: sta$igk collected ($6.50)
Seat 4: henri789 (button) folded before Flop (didn't bet)
Seat 5: Mozcore (small blind) folded before Flop
Seat 6: K.Antagonist (big blind) folded before Flop



PokerStars Hand #254596652636:  Hold'em No Limit ($0.50/$1.00 USD) - 2025/01/28 21:06:00 WET [2025/01/28 16:06:00 ET]
Table 'Hynek' 6-max Seat #5 is the button
Seat 1: z00mba ($148.67 in chips) 
Seat 2: CichiChanMarian ($109.28 in chips) 
Seat 3: sta$igk ($156.26 in chips) 
Seat 4: henri789 ($108.05 in chips) 
Seat 5: Mozcore ($79.20 in chips) 
Seat 6: K.Antagonist ($106.60 in chips) 
K.Antagonist: posts small blind $0.50
z00mba: posts big blind $1
*** HOLE CARDS ***
CichiChanMarian: folds 
sta$igk: folds 
henri789: folds 
Mozcore: folds 
K.Antagonist: folds 
Uncalled bet ($0.50) returned to z00mba
z00mba collected $1 from pot
z00mba: doesn't show hand 
*** SUMMARY ***
Total pot $1 | Rake $0 
Seat 1: z00mba (big blind) collected ($1)
Seat 2: CichiChanMarian folded before Flop (didn't bet)
Seat 3: sta$igk folded before Flop (didn't bet)
Seat 4: henri789 folded before Flop (didn't bet)
Seat 5: Mozcore (button) folded before Flop (didn't bet)
Seat 6: K.Antagonist (small blind) folded before Flop



PokerStars Hand #254596659887:  Hold'em No Limit ($0.50/$1.00 USD) - 2025/01/28 21:06:22 WET [2025/01/28 16:06:22 ET]
Table 'Hynek' 6-max Seat #6 is the button
Seat 1: z00mba ($149.17 in chips) 
Seat 2: CichiChanMarian ($109.28 in chips) 
Seat 3: sta$igk ($156.26 in chips) 
Seat 4: henri789 ($108.05 in chips) 
Seat 5: Mozcore ($79.20 in chips) 
Seat 6: K.Antagonist ($106.10 in chips) 
z00mba: posts small blind $0.50
CichiChanMarian: posts big blind $1
*** HOLE CARDS ***
sta$igk: folds 
henri789: folds 
Mozcore: folds 
K.Antagonist: folds 
z00mba: folds 
Uncalled bet ($0.50) returned to CichiChanMarian
CichiChanMarian collected $1 from pot
CichiChanMarian: doesn't show hand 
*** SUMMARY ***
Total pot $1 | Rake $0 
Seat 1: z00mba (small blind) folded before Flop
Seat 2: CichiChanMarian (big blind) collected ($1)
Seat 3: sta$igk folded before Flop (didn't bet)
Seat 4: henri789 folded before Flop (didn't bet)
Seat 5: Mozcore folded before Flop (didn't bet)
Seat 6: K.Antagonist (button) folded before Flop (didn't bet)



PokerStars Hand #254596668809:  Hold'em No Limit ($0.50/$1.00 USD) - 2025/01/28 21:06:50 WET [2025/01/28 16:06:50 ET]
Table 'Hynek' 6-max Seat #1 is the button
Seat 1: z00mba ($148.67 in chips) 
Seat 2: CichiChanMarian ($109.78 in chips) 
Seat 3: sta$igk ($156.26 in chips) 
Seat 4: henri789 ($108.05 in chips) 
Seat 5: Mozcore ($79.20 in chips) 
Seat 6: K.Antagonist ($106.10 in chips) 
CichiChanMarian: posts small blind $0.50
sta$igk: posts big blind $1
*** HOLE CARDS ***
henri789: folds 
Mozcore: raises $2 to $3
K.Antagonist: folds 
z00mba: folds 
CichiChanMarian: folds 
sta$igk: folds 
Uncalled bet ($2) returned to Mozcore
Mozcore collected $2.50 from pot
*** SUMMARY ***
Total pot $2.50 | Rake $0 
Seat 1: z00mba (button) folded before Flop (didn't bet)
Seat 2: CichiChanMarian (small blind) folded before Flop
Seat 3: sta$igk (big blind) folded before Flop
Seat 4: henri789 folded before Flop (didn't bet)
Seat 5: Mozcore collected ($2.50)
Seat 6: K.Antagonist folded before Flop (didn't bet)



PokerStars Hand #254596680407:  Hold'em No Limit ($0.50/$1.00 USD) - 2025/01/28 21:07:24 WET [2025/01/28 16:07:24 ET]
Table 'Hynek' 6-max Seat #2 is the button
Seat 1: z00mba ($148.67 in chips) 
Seat 2: CichiChanMarian ($109.28 in chips) 
Seat 3: sta$igk ($155.26 in chips) 
Seat 4: henri789 ($108.05 in chips) 
Seat 5: Mozcore ($80.70 in chips) 
Seat 6: K.Antagonist ($106.10 in chips) 
sta$igk: posts small blind $0.50
henri789: posts big blind $1
*** HOLE CARDS ***
Mozcore: folds 
K.Antagonist: folds 
z00mba: folds 
CichiChanMarian: folds 
sta$igk: folds 
Uncalled bet ($0.50) returned to henri789
henri789 collected $1 from pot
henri789: doesn't show hand 
*** SUMMARY ***
Total pot $1 | Rake $0 
Seat 1: z00mba folded before Flop (didn't bet)
Seat 2: CichiChanMarian (button) folded before Flop (didn't bet)
Seat 3: sta$igk (small blind) folded before Flop
Seat 4: henri789 (big blind) collected ($1)
Seat 5: Mozcore folded before Flop (didn't bet)
Seat 6: K.Antagonist folded before Flop (didn't bet)



PokerStars Hand #254596687410:  Hold'em No Limit ($0.50/$1.00 USD) - 2025/01/28 21:07:45 WET [2025/01/28 16:07:45 ET]
Table 'Hynek' 6-max Seat #3 is the button
Seat 1: z00mba ($148.67 in chips) 
Seat 2: CichiChanMarian ($109.28 in chips) 
Seat 3: sta$igk ($154.76 in chips) 
Seat 4: henri789 ($108.55 in chips) 
Seat 5: Mozcore ($80.70 in chips) 
Seat 6: K.Antagonist ($106.10 in chips) 
henri789: posts small blind $0.50
Mozcore: posts big blind $1
*** HOLE CARDS ***
K.Antagonist: raises $1.50 to $2.50
z00mba: folds 
CichiChanMarian: folds 
sta$igk: folds 
henri789: folds 
Mozcore: folds 
Uncalled bet ($1.50) returned to K.Antagonist
K.Antagonist collected $2.50 from pot
K.Antagonist: doesn't show hand 
*** SUMMARY ***
Total pot $2.50 | Rake $0 
Seat 1: z00mba folded before Flop (didn't bet)
Seat 2: CichiChanMarian folded before Flop (didn't bet)
Seat 3: sta$igk (button) folded before Flop (didn't bet)
Seat 4: henri789 (small blind) folded before Flop
Seat 5: Mozcore (big blind) folded before Flop
Seat 6: K.Antagonist collected ($2.50)



PokerStars Hand #254596696708:  Hold'em No Limit ($0.50/$1.00 USD) - 2025/01/28 21:08:13 WET [2025/01/28 16:08:13 ET]
Table 'Hynek' 6-max Seat #4 is the button
Seat 1: z00mba ($148.67 in chips) 
Seat 2: CichiChanMarian ($109.28 in chips) 
Seat 3: sta$igk ($154.76 in chips) 
Seat 4: henri789 ($108.05 in chips) 
Seat 5: Mozcore ($79.70 in chips) 
Seat 6: K.Antagonist ($107.60 in chips) 
Mozcore: posts small blind $0.50
K.Antagonist: posts big blind $1
*** HOLE CARDS ***
z00mba: folds 
CichiChanMarian: folds 
sta$igk: raises $1.50 to $2.50
henri789: folds 
Mozcore: raises $1.50 to $4
K.Antagonist: folds 
sta$igk: calls $1.50
*** FLOP *** [5s 5h Qd]
Mozcore: bets $4.28
sta$igk: folds 
Uncalled bet ($4.28) returned to Mozcore
Mozcore collected $8.55 from pot
*** SUMMARY ***
Total pot $9 | Rake $0.45 
Board [5s 5h Qd]
Seat 1: z00mba folded before Flop (didn't bet)
Seat 2: CichiChanMarian folded before Flop (didn't bet)
Seat 3: sta$igk folded on the Flop
Seat 4: henri789 (button) folded before Flop (didn't bet)
Seat 5: Mozcore (small blind) collected ($8.55)
Seat 6: K.Antagonist (big blind) folded before Flop



PokerStars Hand #254596705830:  Hold'em No Limit ($0.50/$1.00 USD) - 2025/01/28 21:08:41 WET [2025/01/28 16:08:41 ET]
Table 'Hynek' 6-max Seat #5 is the button
Seat 1: z00mba ($148.67 in chips) 
Seat 2: CichiChanMarian ($109.28 in chips) 
Seat 3: sta$igk ($150.76 in chips) 
Seat 4: henri789 ($108.05 in chips) 
Seat 5: Mozcore ($84.25 in chips) 
Seat 6: K.Antagonist ($106.60 in chips) 
K.Antagonist: posts small blind $0.50
z00mba: posts big blind $1
*** HOLE CARDS ***
CichiChanMarian: folds 
sta$igk: folds 
henri789: folds 
Mozcore: folds 
K.Antagonist: folds 
Uncalled bet ($0.50) returned to z00mba
z00mba collected $1 from pot
z00mba: doesn't show hand 
*** SUMMARY ***
Total pot $1 | Rake $0 
Seat 1: z00mba (big blind) collected ($1)
Seat 2: CichiChanMarian folded before Flop (didn't bet)
Seat 3: sta$igk folded before Flop (didn't bet)
Seat 4: henri789 folded before Flop (didn't bet)
Seat 5: Mozcore (button) folded before Flop (didn't bet)
Seat 6: K.Antagonist (small blind) folded before Flop



PokerStars Hand #254596710710:  Hold'em No Limit ($0.50/$1.00 USD) - 2025/01/28 21:08:56 WET [2025/01/28 16:08:56 ET]
Table 'Hynek' 6-max Seat #6 is the button
Seat 1: z00mba ($149.17 in chips) 
Seat 2: CichiChanMarian ($109.28 in chips) 
Seat 3: sta$igk ($150.76 in chips) 
Seat 4: henri789 ($108.05 in chips) 
Seat 5: Mozcore ($84.25 in chips) 
Seat 6: K.Antagonist ($106.10 in chips) 
z00mba: posts small blind $0.50
CichiChanMarian: posts big blind $1
*** HOLE CARDS ***
sta$igk: folds 
henri789: raises $1.20 to $2.20
Mozcore: calls $2.20
K.Antagonist: folds 
z00mba: folds 
CichiChanMarian: calls $1.20
*** FLOP *** [2h Tc 9c]
CichiChanMarian: checks 
henri789: checks 
Mozcore: bets $4
CichiChanMarian: calls $4
henri789: folds 
*** TURN *** [2h Tc 9c] [Ah]
CichiChanMarian: checks 
Mozcore: bets $7.17
CichiChanMarian: folds 
Uncalled bet ($7.17) returned to Mozcore
Mozcore collected $14.34 from pot
*** SUMMARY ***
Total pot $15.10 | Rake $0.76 
Board [2h Tc 9c Ah]
Seat 1: z00mba (small blind) folded before Flop
Seat 2: CichiChanMarian (big blind) folded on the Turn
Seat 3: sta$igk folded before Flop (didn't bet)
Seat 4: henri789 folded on the Flop
Seat 5: Mozcore collected ($14.34)
Seat 6: K.Antagonist (button) folded before Flop (didn't bet)



PokerStars Hand #254596731258:  Hold'em No Limit ($0.50/$1.00 USD) - 2025/01/28 21:09:59 WET [2025/01/28 16:09:59 ET]
Table 'Hynek' 6-max Seat #1 is the button
Seat 1: z00mba ($148.67 in chips) 
Seat 2: CichiChanMarian ($103.08 in chips) 
Seat 3: sta$igk ($150.76 in chips) 
Seat 4: henri789 ($105.85 in chips) 
Seat 5: Mozcore ($92.39 in chips) 
Seat 6: K.Antagonist ($106.10 in chips) 
CichiChanMarian: posts small blind $0.50
sta$igk: posts big blind $1
*** HOLE CARDS ***
henri789: folds 
Mozcore: folds 
K.Antagonist: folds 
z00mba: raises $1.50 to $2.50
CichiChanMarian: folds 
sta$igk: folds 
Uncalled bet ($1.50) returned to z00mba
z00mba collected $2.50 from pot
z00mba: doesn't show hand 
*** SUMMARY ***
Total pot $2.50 | Rake $0 
Seat 1: z00mba (button) collected ($2.50)
Seat 2: CichiChanMarian (small blind) folded before Flop
Seat 3: sta$igk (big blind) folded before Flop
Seat 4: henri789 folded before Flop (didn't bet)
Seat 5: Mozcore folded before Flop (didn't bet)
Seat 6: K.Antagonist folded before Flop (didn't bet)



PokerStars Hand #254596737397:  Hold'em No Limit ($0.50/$1.00 USD) - 2025/01/28 21:10:17 WET [2025/01/28 16:10:17 ET]
Table 'Hynek' 6-max Seat #2 is the button
Seat 1: z00mba ($150.17 in chips) 
Seat 2: CichiChanMarian ($102.58 in chips) 
Seat 3: sta$igk ($149.76 in chips) 
Seat 4: henri789 ($105.85 in chips) 
Seat 5: Mozcore ($92.39 in chips) 
Seat 6: K.Antagonist ($106.10 in chips) 
sta$igk: posts small blind $0.50
henri789: posts big blind $1
*** HOLE CARDS ***
Mozcore: folds 
K.Antagonist: folds 
z00mba: folds 
CichiChanMarian: raises $1.50 to $2.50
sta$igk: folds 
henri789: folds 
Uncalled bet ($1.50) returned to CichiChanMarian
CichiChanMarian collected $2.50 from pot
CichiChanMarian: doesn't show hand 
*** SUMMARY ***
Total pot $2.50 | Rake $0 
Seat 1: z00mba folded before Flop (didn't bet)
Seat 2: CichiChanMarian (button) collected ($2.50)
Seat 3: sta$igk (small blind) folded before Flop
Seat 4: henri789 (big blind) folded before Flop
Seat 5: Mozcore folded before Flop (didn't bet)
Seat 6: K.Antagonist folded before Flop (didn't bet)



PokerStars Hand #254596741994:  Hold'em No Limit ($0.50/$1.00 USD) - 2025/01/28 21:10:31 WET [2025/01/28 16:10:31 ET]
Table 'Hynek' 6-max Seat #3 is the button
Seat 1: z00mba ($150.17 in chips) 
Seat 2: CichiChanMarian ($104.08 in chips) 
Seat 3: sta$igk ($149.26 in chips) 
Seat 4: henri789 ($104.85 in chips) 
Seat 5: Mozcore ($92.39 in chips) 
Seat 6: K.Antagonist ($106.10 in chips) 
henri789: posts small blind $0.50
Mozcore: posts big blind $1
*** HOLE CARDS ***
K.Antagonist: folds 
z00mba: folds 
CichiChanMarian: folds 
sta$igk: raises $1.50 to $2.50
henri789: raises $9.50 to $12
Mozcore: folds 
sta$igk: folds 
Uncalled bet ($9.50) returned to henri789
henri789 collected $6 from pot
henri789: doesn't show hand 
*** SUMMARY ***
Total pot $6 | Rake $0 
Seat 1: z00mba folded before Flop (didn't bet)
Seat 2: CichiChanMarian folded before Flop (didn't bet)
Seat 3: sta$igk (button) folded before Flop
Seat 4: henri789 (small blind) collected ($6)
Seat 5: Mozcore (big blind) folded before Flop
Seat 6: K.Antagonist folded before Flop (didn't bet)



PokerStars Hand #254596749411:  Hold'em No Limit ($0.50/$1.00 USD) - 2025/01/28 21:10:53 WET [2025/01/28 16:10:53 ET]
Table 'Hynek' 6-max Seat #4 is the button
Seat 1: z00mba ($150.17 in chips) 
Seat 2: CichiChanMarian ($104.08 in chips) 
Seat 3: sta$igk ($146.76 in chips) 
Seat 4: henri789 ($108.35 in chips) 
Seat 5: Mozcore ($91.39 in chips) 
Seat 6: K.Antagonist ($106.10 in chips) 
Mozcore: posts small blind $0.50
K.Antagonist: posts big blind $1
*** HOLE CARDS ***
z00mba: raises $1.50 to $2.50
CichiChanMarian: folds 
sta$igk: folds 
henri789: folds 
Mozcore: folds 
K.Antagonist: folds 
Uncalled bet ($1.50) returned to z00mba
z00mba collected $2.50 from pot
z00mba: doesn't show hand 
*** SUMMARY ***
Total pot $2.50 | Rake $0 
Seat 1: z00mba collected ($2.50)
Seat 2: CichiChanMarian folded before Flop (didn't bet)
Seat 3: sta$igk folded before Flop (didn't bet)
Seat 4: henri789 (button) folded before Flop (didn't bet)
Seat 5: Mozcore (small blind) folded before Flop
Seat 6: K.Antagonist (big blind) folded before Flop



PokerStars Hand #254596755579:  Hold'em No Limit ($0.50/$1.00 USD) - 2025/01/28 21:11:11 WET [2025/01/28 16:11:11 ET]
Table 'Hynek' 6-max Seat #5 is the button
Seat 1: z00mba ($151.67 in chips) 
Seat 2: CichiChanMarian ($104.08 in chips) 
Seat 3: sta$igk ($146.76 in chips) 
Seat 4: henri789 ($108.35 in chips) 
Seat 5: Mozcore ($90.89 in chips) 
Seat 6: K.Antagonist ($105.10 in chips) 
K.Antagonist: posts small blind $0.50
z00mba: posts big blind $1
*** HOLE CARDS ***
CichiChanMarian: folds 
sta$igk: folds 
henri789: folds 
Mozcore: folds 
K.Antagonist: raises $2 to $3
z00mba: calls $2
*** FLOP *** [Kd Th 6c]
K.Antagonist: bets $2
z00mba: folds 
Uncalled bet ($2) returned to K.Antagonist
K.Antagonist collected $5.70 from pot
K.Antagonist: doesn't show hand 
*** SUMMARY ***
Total pot $6 | Rake $0.30 
Board [Kd Th 6c]
Seat 1: z00mba (big blind) folded on the Flop
Seat 2: CichiChanMarian folded before Flop (didn't bet)
Seat 3: sta$igk folded before Flop (didn't bet)
Seat 4: henri789 folded before Flop (didn't bet)
Seat 5: Mozcore (button) folded before Flop (didn't bet)
Seat 6: K.Antagonist (small blind) collected ($5.70)



PokerStars Hand #254596767388:  Hold'em No Limit ($0.50/$1.00 USD) - 2025/01/28 21:11:46 WET [2025/01/28 16:11:46 ET]
Table 'Hynek' 6-max Seat #6 is the button
Seat 1: z00mba ($148.67 in chips) 
Seat 2: CichiChanMarian ($104.08 in chips) 
Seat 3: sta$igk ($146.76 in chips) 
Seat 4: henri789 ($108.35 in chips) 
Seat 5: Mozcore ($90.89 in chips) 
Seat 6: K.Antagonist ($107.80 in chips) 
z00mba: posts small blind $0.50
CichiChanMarian: posts big blind $1
*** HOLE CARDS ***
sta$igk: raises $1.50 to $2.50
henri789: folds 
Mozcore: folds 
K.Antagonist: folds 
z00mba: folds 
CichiChanMarian: calls $1.50
*** FLOP *** [4s 7c 3h]
CichiChanMarian: checks 
sta$igk: checks 
*** TURN *** [4s 7c 3h] [Jc]
CichiChanMarian: checks 
sta$igk: bets $7.83
CichiChanMarian: calls $7.83
*** RIVER *** [4s 7c 3h Jc] [Ad]
CichiChanMarian: checks 
sta$igk: bets $17.09
CichiChanMarian: folds 
Uncalled bet ($17.09) returned to sta$igk
sta$igk collected $20.10 from pot
sta$igk: doesn't show hand 
*** SUMMARY ***
Total pot $21.16 | Rake $1.06 
Board [4s 7c 3h Jc Ad]
Seat 1: z00mba (small blind) folded before Flop
Seat 2: CichiChanMarian (big blind) folded on the River
Seat 3: sta$igk collected ($20.10)
Seat 4: henri789 folded before Flop (didn't bet)
Seat 5: Mozcore folded before Flop (didn't bet)
Seat 6: K.Antagonist (button) folded before Flop (didn't bet)



PokerStars Hand #254596798790:  Hold'em No Limit ($0.50/$1.00 USD) - 2025/01/28 21:13:19 WET [2025/01/28 16:13:19 ET]
Table 'Hynek' 6-max Seat #1 is the button
Seat 1: z00mba ($148.17 in chips) 
Seat 2: CichiChanMarian ($100 in chips) 
Seat 3: sta$igk ($156.53 in chips) 
Seat 4: henri789 ($108.35 in chips) 
Seat 5: Mozcore ($90.89 in chips) 
Seat 6: K.Antagonist ($107.80 in chips) 
CichiChanMarian: posts small blind $0.50
sta$igk: posts big blind $1
*** HOLE CARDS ***
henri789: folds 
Mozcore: raises $2 to $3
K.Antagonist: folds 
z00mba: folds 
CichiChanMarian: raises $9 to $12
sta$igk: folds 
Mozcore: raises $78.89 to $90.89 and is all-in
CichiChanMarian: folds 
Uncalled bet ($78.89) returned to Mozcore
Mozcore collected $25 from pot
*** SUMMARY ***
Total pot $25 | Rake $0 
Seat 1: z00mba (button) folded before Flop (didn't bet)
Seat 2: CichiChanMarian (small blind) folded before Flop
Seat 3: sta$igk (big blind) folded before Flop
Seat 4: henri789 folded before Flop (didn't bet)
Seat 5: Mozcore collected ($25)
Seat 6: K.Antagonist folded before Flop (didn't bet)



PokerStars Hand #254596809422:  Hold'em No Limit ($0.50/$1.00 USD) - 2025/01/28 21:13:50 WET [2025/01/28 16:13:50 ET]
Table 'Hynek' 6-max Seat #2 is the button
Seat 1: z00mba ($148.17 in chips) 
Seat 2: CichiChanMarian ($100 in chips) 
Seat 3: sta$igk ($155.53 in chips) 
Seat 4: henri789 ($108.35 in chips) 
Seat 5: Mozcore ($103.89 in chips) 
Seat 6: K.Antagonist ($107.80 in chips) 
sta$igk: posts small blind $0.50
henri789: posts big blind $1
*** HOLE CARDS ***
Mozcore: raises $2 to $3
K.Antagonist: folds 
z00mba: folds 
CichiChanMarian: folds 
sta$igk: folds 
henri789: calls $2
*** FLOP *** [6c Kh 7h]
henri789: checks 
Mozcore: checks 
*** TURN *** [6c Kh 7h] [7s]
henri789: checks 
Mozcore: checks 
*** RIVER *** [6c Kh 7h 7s] [3c]
henri789: bets $5.56
Mozcore: calls $5.56
*** SHOW DOWN ***
henri789: shows [8s Ks] (two pair, Kings and Sevens)
Mozcore: mucks hand 
henri789 collected $16.74 from pot
*** SUMMARY ***
Total pot $17.62 | Rake $0.88 
Board [6c Kh 7h 7s 3c]
Seat 1: z00mba folded before Flop (didn't bet)
Seat 2: CichiChanMarian (button) folded before Flop (didn't bet)
Seat 3: sta$igk (small blind) folded before Flop
Seat 4: henri789 (big blind) showed [8s Ks] and won ($16.74) with two pair, Kings and Sevens
Seat 5: Mozcore mucked
Seat 6: K.Antagonist folded before Flop (didn't bet)



PokerStars Hand #254596827346:  Hold'em No Limit ($0.50/$1.00 USD) - 2025/01/28 21:14:44 WET [2025/01/28 16:14:44 ET]
Table 'Hynek' 6-max Seat #3 is the button
Seat 1: z00mba ($148.17 in chips) 
Seat 2: CichiChanMarian ($100 in chips) 
Seat 3: sta$igk ($155.03 in chips) 
Seat 4: henri789 ($116.53 in chips) 
Seat 5: Mozcore ($95.33 in chips) 
Seat 6: K.Antagonist ($107.80 in chips) 
henri789: posts small blind $0.50
Mozcore: posts big blind $1
*** HOLE CARDS ***
K.Antagonist: folds 
z00mba: folds 
CichiChanMarian: raises $1.50 to $2.50
sta$igk: folds 
henri789: folds 
Mozcore: folds 
Uncalled bet ($1.50) returned to CichiChanMarian
CichiChanMarian collected $2.50 from pot
CichiChanMarian: doesn't show hand 
*** SUMMARY ***
Total pot $2.50 | Rake $0 
Seat 1: z00mba folded before Flop (didn't bet)
Seat 2: CichiChanMarian collected ($2.50)
Seat 3: sta$igk (button) folded before Flop (didn't bet)
Seat 4: henri789 (small blind) folded before Flop
Seat 5: Mozcore (big blind) folded before Flop
Seat 6: K.Antagonist folded before Flop (didn't bet)



PokerStars Hand #254596832230:  Hold'em No Limit ($0.50/$1.00 USD) - 2025/01/28 21:14:59 WET [2025/01/28 16:14:59 ET]
Table 'Hynek' 6-max Seat #4 is the button
Seat 1: z00mba ($148.17 in chips) 
Seat 2: CichiChanMarian ($101.50 in chips) 
Seat 3: sta$igk ($155.03 in chips) 
Seat 4: henri789 ($116.03 in chips) 
Seat 5: Mozcore ($94.33 in chips) 
Seat 6: K.Antagonist ($107.80 in chips) 
Mozcore: posts small blind $0.50
K.Antagonist: posts big blind $1
*** HOLE CARDS ***
z00mba: folds 
CichiChanMarian: folds 
sta$igk: raises $1.50 to $2.50
henri789: folds 
Mozcore: calls $2
K.Antagonist: folds 
*** FLOP *** [7c 5s 8h]
Mozcore: checks 
sta$igk: bets $1.88
Mozcore: calls $1.88
*** TURN *** [7c 5s 8h] [4s]
Mozcore: checks 
sta$igk: checks 
*** RIVER *** [7c 5s 8h 4s] [5d]
Mozcore: checks 
sta$igk: checks 
*** SHOW DOWN ***
Mozcore: shows [Ac 3c] (a pair of Fives)
sta$igk: shows [2c 2s] (two pair, Fives and Deuces)
sta$igk collected $9.27 from pot
*** SUMMARY ***
Total pot $9.76 | Rake $0.49 
Board [7c 5s 8h 4s 5d]
Seat 1: z00mba folded before Flop (didn't bet)
Seat 2: CichiChanMarian folded before Flop (didn't bet)
Seat 3: sta$igk showed [2c 2s] and won ($9.27) with two pair, Fives and Deuces
Seat 4: henri789 (button) folded before Flop (didn't bet)
Seat 5: Mozcore (small blind) showed [Ac 3c] and lost with a pair of Fives
Seat 6: K.Antagonist (big blind) folded before Flop



PokerStars Hand #254596854027:  Hold'em No Limit ($0.50/$1.00 USD) - 2025/01/28 21:16:03 WET [2025/01/28 16:16:03 ET]
Table 'Hynek' 6-max Seat #5 is the button
Seat 1: z00mba ($148.17 in chips) 
Seat 2: CichiChanMarian ($101.50 in chips) 
Seat 3: sta$igk ($159.92 in chips) 
Seat 4: henri789 ($116.03 in chips) 
Seat 5: Mozcore ($89.95 in chips) 
Seat 6: K.Antagonist ($106.80 in chips) 
K.Antagonist: posts small blind $0.50
z00mba: posts big blind $1
*** HOLE CARDS ***
CichiChanMarian: folds 
sta$igk: raises $1.50 to $2.50
henri789: folds 
Mozcore: folds 
K.Antagonist: folds 
z00mba: folds 
Uncalled bet ($1.50) returned to sta$igk
sta$igk collected $2.50 from pot
sta$igk: doesn't show hand 
*** SUMMARY ***
Total pot $2.50 | Rake $0 
Seat 1: z00mba (big blind) folded before Flop
Seat 2: CichiChanMarian folded before Flop (didn't bet)
Seat 3: sta$igk collected ($2.50)
Seat 4: henri789 folded before Flop (didn't bet)
Seat 5: Mozcore (button) folded before Flop (didn't bet)
Seat 6: K.Antagonist (small blind) folded before Flop



PokerStars Hand #254596860147:  Hold'em No Limit ($0.50/$1.00 USD) - 2025/01/28 21:16:21 WET [2025/01/28 16:16:21 ET]
Table 'Hynek' 6-max Seat #6 is the button
Seat 1: z00mba ($147.17 in chips) 
Seat 2: CichiChanMarian ($101.50 in chips) 
Seat 3: sta$igk ($161.42 in chips) 
Seat 4: henri789 ($116.03 in chips) 
Seat 5: Mozcore ($89.95 in chips) 
Seat 6: K.Antagonist ($106.30 in chips) 
z00mba: posts small blind $0.50
CichiChanMarian: posts big blind $1
*** HOLE CARDS ***
sta$igk: folds 
henri789: folds 
Mozcore: raises $2 to $3
K.Antagonist: folds 
z00mba: folds 
CichiChanMarian: calls $2
*** FLOP *** [6c 7h Ac]
CichiChanMarian: checks 
Mozcore: bets $3.09
CichiChanMarian: raises $9.27 to $12.36
Mozcore: calls $9.27
*** TURN *** [6c 7h Ac] [8c]
CichiChanMarian: bets $14.83
Mozcore: calls $14.83
*** RIVER *** [6c 7h Ac 8c] [4c]
CichiChanMarian: checks 
Mozcore: bets $59.76 and is all-in
CichiChanMarian: folds 
Uncalled bet ($59.76) returned to Mozcore
Mozcore collected $58.38 from pot
*** SUMMARY ***
Total pot $60.88 | Rake $2.50 
Board [6c 7h Ac 8c 4c]
Seat 1: z00mba (small blind) folded before Flop
Seat 2: CichiChanMarian (big blind) folded on the River
Seat 3: sta$igk folded before Flop (didn't bet)
Seat 4: henri789 folded before Flop (didn't bet)
Seat 5: Mozcore collected ($58.38)
Seat 6: K.Antagonist (button) folded before Flop (didn't bet)



PokerStars Hand #254596877973:  Hold'em No Limit ($0.50/$1.00 USD) - 2025/01/28 21:17:14 WET [2025/01/28 16:17:14 ET]
Table 'Hynek' 6-max Seat #1 is the button
Seat 1: z00mba ($146.67 in chips) 
Seat 2: CichiChanMarian ($100 in chips) 
Seat 3: sta$igk ($161.42 in chips) 
Seat 4: henri789 ($116.03 in chips) 
Seat 5: Mozcore ($118.14 in chips) 
Seat 6: K.Antagonist ($106.30 in chips) 
CichiChanMarian: posts small blind $0.50
sta$igk: posts big blind $1
*** HOLE CARDS ***
henri789: raises $1.20 to $2.20
Mozcore: calls $2.20
K.Antagonist: folds 
z00mba: folds 
CichiChanMarian: folds 
sta$igk: calls $1.20
*** FLOP *** [2d 7h Kd]
sta$igk: checks 
henri789: checks 
Mozcore: checks 
*** TURN *** [2d 7h Kd] [9h]
sta$igk: bets $13.48
henri789: folds 
Mozcore: folds 
Uncalled bet ($13.48) returned to sta$igk
sta$igk collected $6.74 from pot
sta$igk: doesn't show hand 
*** SUMMARY ***
Total pot $7.10 | Rake $0.36 
Board [2d 7h Kd 9h]
Seat 1: z00mba (button) folded before Flop (didn't bet)
Seat 2: CichiChanMarian (small blind) folded before Flop
Seat 3: sta$igk (big blind) collected ($6.74)
Seat 4: henri789 folded on the Turn
Seat 5: Mozcore folded on the Turn
Seat 6: K.Antagonist folded before Flop (didn't bet)



PokerStars Hand #254596895080:  Hold'em No Limit ($0.50/$1.00 USD) - 2025/01/28 21:18:04 WET [2025/01/28 16:18:04 ET]
Table 'Hynek' 6-max Seat #2 is the button
Seat 1: z00mba ($146.67 in chips) 
Seat 2: CichiChanMarian ($100 in chips) 
Seat 3: sta$igk ($165.96 in chips) 
Seat 4: henri789 ($113.83 in chips) 
Seat 5: Mozcore ($115.94 in chips) 
Seat 6: K.Antagonist ($106.30 in chips) 
sta$igk: posts small blind $0.50
henri789: posts big blind $1
*** HOLE CARDS ***
Mozcore: folds 
K.Antagonist: folds 
z00mba: raises $1.50 to $2.50
CichiChanMarian: folds 
sta$igk: folds 
henri789: folds 
Uncalled bet ($1.50) returned to z00mba
z00mba collected $2.50 from pot
z00mba: doesn't show hand 
*** SUMMARY ***
Total pot $2.50 | Rake $0 
Seat 1: z00mba collected ($2.50)
Seat 2: CichiChanMarian (button) folded before Flop (didn't bet)
Seat 3: sta$igk (small blind) folded before Flop
Seat 4: henri789 (big blind) folded before Flop
Seat 5: Mozcore folded before Flop (didn't bet)
Seat 6: K.Antagonist folded before Flop (didn't bet)



PokerStars Hand #254596901939:  Hold'em No Limit ($0.50/$1.00 USD) - 2025/01/28 21:18:25 WET [2025/01/28 16:18:25 ET]
Table 'Hynek' 6-max Seat #3 is the button
Seat 1: z00mba ($148.17 in chips) 
Seat 2: CichiChanMarian ($100 in chips) 
Seat 3: sta$igk ($165.46 in chips) 
Seat 4: henri789 ($112.83 in chips) 
Seat 5: Mozcore ($115.94 in chips) 
Seat 6: K.Antagonist ($106.30 in chips) 
henri789: posts small blind $0.50
Mozcore: posts big blind $1
*** HOLE CARDS ***
K.Antagonist: folds 
z00mba: folds 
CichiChanMarian: raises $1.50 to $2.50
sta$igk: folds 
henri789: raises $9.50 to $12
Mozcore: folds 
CichiChanMarian: folds 
Uncalled bet ($9.50) returned to henri789
henri789 collected $6 from pot
henri789: doesn't show hand 
*** SUMMARY ***
Total pot $6 | Rake $0 
Seat 1: z00mba folded before Flop (didn't bet)
Seat 2: CichiChanMarian folded before Flop
Seat 3: sta$igk (button) folded before Flop (didn't bet)
Seat 4: henri789 (small blind) collected ($6)
Seat 5: Mozcore (big blind) folded before Flop
Seat 6: K.Antagonist folded before Flop (didn't bet)



PokerStars Hand #254596913471:  Hold'em No Limit ($0.50/$1.00 USD) - 2025/01/28 21:18:59 WET [2025/01/28 16:18:59 ET]
Table 'Hynek' 6-max Seat #4 is the button
Seat 1: z00mba ($148.17 in chips) 
Seat 2: CichiChanMarian ($100 in chips) 
Seat 3: sta$igk ($165.46 in chips) 
Seat 4: henri789 ($116.33 in chips) 
Seat 5: Mozcore ($114.94 in chips) 
Seat 6: K.Antagonist ($106.30 in chips) 
Mozcore: posts small blind $0.50
K.Antagonist: posts big blind $1
*** HOLE CARDS ***
z00mba: folds 
CichiChanMarian: folds 
sta$igk: folds 
henri789: raises $1.20 to $2.20
Mozcore: calls $1.70
K.Antagonist: calls $1.20
*** FLOP *** [Jh Qh 8c]
Mozcore: checks 
K.Antagonist: checks 
henri789: checks 
*** TURN *** [Jh Qh 8c] [3c]
Mozcore: checks 
K.Antagonist: bets $4.70
henri789: calls $4.70
Mozcore: folds 
*** RIVER *** [Jh Qh 8c 3c] [Qd]
K.Antagonist: bets $22.80
henri789: folds 
Uncalled bet ($22.80) returned to K.Antagonist
K.Antagonist collected $15.20 from pot
K.Antagonist: doesn't show hand 
*** SUMMARY ***
Total pot $16 | Rake $0.80 
Board [Jh Qh 8c 3c Qd]
Seat 1: z00mba folded before Flop (didn't bet)
Seat 2: CichiChanMarian folded before Flop (didn't bet)
Seat 3: sta$igk folded before Flop (didn't bet)
Seat 4: henri789 (button) folded on the River
Seat 5: Mozcore (small blind) folded on the Turn
Seat 6: K.Antagonist (big blind) collected ($15.20)



PokerStars Hand #254596946553:  Hold'em No Limit ($0.50/$1.00 USD) - 2025/01/28 21:20:37 WET [2025/01/28 16:20:37 ET]
Table 'Hynek' 6-max Seat #5 is the button
Seat 1: z00mba ($148.17 in chips) 
Seat 2: CichiChanMarian ($100 in chips) 
Seat 3: sta$igk ($165.46 in chips) 
Seat 4: henri789 ($109.43 in chips) 
Seat 5: Mozcore ($112.74 in chips) 
Seat 6: K.Antagonist ($114.60 in chips) 
K.Antagonist: posts small blind $0.50
z00mba: posts big blind $1
*** HOLE CARDS ***
CichiChanMarian: folds 
sta$igk: folds 
henri789: folds 
Mozcore: folds 
K.Antagonist: raises $2 to $3
z00mba: folds 
Uncalled bet ($2) returned to K.Antagonist
K.Antagonist collected $2 from pot
K.Antagonist: doesn't show hand 
*** SUMMARY ***
Total pot $2 | Rake $0 
Seat 1: z00mba (big blind) folded before Flop
Seat 2: CichiChanMarian folded before Flop (didn't bet)
Seat 3: sta$igk folded before Flop (didn't bet)
Seat 4: henri789 folded before Flop (didn't bet)
Seat 5: Mozcore (button) folded before Flop (didn't bet)
Seat 6: K.Antagonist (small blind) collected ($2)



PokerStars Hand #254596954200:  Hold'em No Limit ($0.50/$1.00 USD) - 2025/01/28 21:21:00 WET [2025/01/28 16:21:00 ET]
Table 'Hynek' 6-max Seat #6 is the button
Seat 1: z00mba ($147.17 in chips) 
Seat 2: CichiChanMarian ($100 in chips) 
Seat 3: sta$igk ($165.46 in chips) 
Seat 4: henri789 ($109.43 in chips) 
Seat 5: Mozcore ($112.74 in chips) 
Seat 6: K.Antagonist ($115.60 in chips) 
z00mba: posts small blind $0.50
CichiChanMarian: posts big blind $1
*** HOLE CARDS ***
sta$igk: folds 
henri789: folds 
Mozcore: folds 
K.Antagonist: raises $1.50 to $2.50
z00mba: folds 
CichiChanMarian: folds 
Uncalled bet ($1.50) returned to K.Antagonist
K.Antagonist collected $2.50 from pot
K.Antagonist: doesn't show hand 
*** SUMMARY ***
Total pot $2.50 | Rake $0 
Seat 1: z00mba (small blind) folded before Flop
Seat 2: CichiChanMarian (big blind) folded before Flop
Seat 3: sta$igk folded before Flop (didn't bet)
Seat 4: henri789 folded before Flop (didn't bet)
Seat 5: Mozcore folded before Flop (didn't bet)
Seat 6: K.Antagonist (button) collected ($2.50)



PokerStars Hand #254596960832:  Hold'em No Limit ($0.50/$1.00 USD) - 2025/01/28 21:21:19 WET [2025/01/28 16:21:19 ET]
Table 'Hynek' 6-max Seat #1 is the button
Seat 1: z00mba ($146.67 in chips) 
Seat 2: CichiChanMarian ($100 in chips) 
Seat 3: sta$igk ($165.46 in chips) 
Seat 4: henri789 ($109.43 in chips) 
Seat 5: Mozcore ($112.74 in chips) 
Seat 6: K.Antagonist ($117.10 in chips) 
CichiChanMarian: posts small blind $0.50
sta$igk: posts big blind $1
*** HOLE CARDS ***
henri789: folds 
Mozcore: folds 
K.Antagonist: folds 
z00mba: folds 
CichiChanMarian: folds 
Uncalled bet ($0.50) returned to sta$igk
sta$igk collected $1 from pot
sta$igk: doesn't show hand 
*** SUMMARY ***
Total pot $1 | Rake $0 
Seat 1: z00mba (button) folded before Flop (didn't bet)
Seat 2: CichiChanMarian (small blind) folded before Flop
Seat 3: sta$igk (big blind) collected ($1)
Seat 4: henri789 folded before Flop (didn't bet)
Seat 5: Mozcore folded before Flop (didn't bet)
Seat 6: K.Antagonist folded before Flop (didn't bet)



PokerStars Hand #254596966430:  Hold'em No Limit ($0.50/$1.00 USD) - 2025/01/28 21:21:36 WET [2025/01/28 16:21:36 ET]
Table 'Hynek' 6-max Seat #2 is the button
Seat 1: z00mba ($146.67 in chips) 
Seat 2: CichiChanMarian ($100 in chips) 
Seat 3: sta$igk ($165.96 in chips) 
Seat 4: henri789 ($109.43 in chips) 
Seat 5: Mozcore ($112.74 in chips) 
Seat 6: K.Antagonist ($117.10 in chips) 
sta$igk: posts small blind $0.50
henri789: posts big blind $1
*** HOLE CARDS ***
Mozcore: raises $2 to $3
K.Antagonist: folds 
z00mba: folds 
CichiChanMarian: calls $3
sta$igk: folds 
henri789: folds 
*** FLOP *** [6c 8h 8s]
Mozcore: checks 
CichiChanMarian: bets $2.35
Mozcore: folds 
Uncalled bet ($2.35) returned to CichiChanMarian
CichiChanMarian collected $7.12 from pot
CichiChanMarian: doesn't show hand 
*** SUMMARY ***
Total pot $7.50 | Rake $0.38 
Board [6c 8h 8s]
Seat 1: z00mba folded before Flop (didn't bet)
Seat 2: CichiChanMarian (button) collected ($7.12)
Seat 3: sta$igk (small blind) folded before Flop
Seat 4: henri789 (big blind) folded before Flop
Seat 5: Mozcore folded on the Flop
Seat 6: K.Antagonist folded before Flop (didn't bet)



PokerStars Hand #254596980524:  Hold'em No Limit ($0.50/$1.00 USD) - 2025/01/28 21:22:18 WET [2025/01/28 16:22:18 ET]
Table 'Hynek' 6-max Seat #3 is the button
Seat 1: z00mba ($146.67 in chips) 
Seat 2: CichiChanMarian ($104.12 in chips) 
Seat 3: sta$igk ($165.46 in chips) 
Seat 4: henri789 ($108.43 in chips) 
Seat 5: Mozcore ($109.74 in chips) 
Seat 6: K.Antagonist ($117.10 in chips) 
henri789: posts small blind $0.50
Mozcore: posts big blind $1
*** HOLE CARDS ***
K.Antagonist: folds 
z00mba: folds 
CichiChanMarian: raises $1.50 to $2.50
sta$igk: folds 
henri789: folds 
Mozcore: calls $1.50
*** FLOP *** [2d 6d 9h]
Mozcore: checks 
CichiChanMarian: checks 
*** TURN *** [2d 6d 9h] [9d]
Mozcore: checks 
CichiChanMarian: checks 
*** RIVER *** [2d 6d 9h 9d] [6c]
Mozcore: checks 
CichiChanMarian: checks 
*** SHOW DOWN ***
Mozcore: shows [8h Qh] (two pair, Nines and Sixes)
CichiChanMarian: shows [Kh As] (two pair, Nines and Sixes - Ace kicker)
CichiChanMarian collected $5.22 from pot
*** SUMMARY ***
Total pot $5.50 | Rake $0.28 
Board [2d 6d 9h 9d 6c]
Seat 1: z00mba folded before Flop (didn't bet)
Seat 2: CichiChanMarian showed [Kh As] and won ($5.22) with two pair, Nines and Sixes
Seat 3: sta$igk (button) folded before Flop (didn't bet)
Seat 4: henri789 (small blind) folded before Flop
Seat 5: Mozcore (big blind) showed [8h Qh] and lost with two pair, Nines and Sixes
Seat 6: K.Antagonist folded before Flop (didn't bet)



PokerStars Hand #254596998231:  Hold'em No Limit ($0.50/$1.00 USD) - 2025/01/28 21:23:11 WET [2025/01/28 16:23:11 ET]
Table 'Hynek' 6-max Seat #4 is the button
Seat 1: z00mba ($146.67 in chips) 
Seat 2: CichiChanMarian ($106.84 in chips) 
Seat 3: sta$igk ($165.46 in chips) 
Seat 4: henri789 ($107.93 in chips) 
Seat 5: Mozcore ($107.24 in chips) 
Seat 6: K.Antagonist ($117.10 in chips) 
Mozcore: posts small blind $0.50
K.Antagonist: posts big blind $1
*** HOLE CARDS ***
z00mba: folds 
CichiChanMarian: folds 
sta$igk: folds 
henri789: raises $1.20 to $2.20
Mozcore: folds 
K.Antagonist: folds 
Uncalled bet ($1.20) returned to henri789
henri789 collected $2.50 from pot
henri789: doesn't show hand 
*** SUMMARY ***
Total pot $2.50 | Rake $0 
Seat 1: z00mba folded before Flop (didn't bet)
Seat 2: CichiChanMarian folded before Flop (didn't bet)
Seat 3: sta$igk folded before Flop (didn't bet)
Seat 4: henri789 (button) collected ($2.50)
Seat 5: Mozcore (small blind) folded before Flop
Seat 6: K.Antagonist (big blind) folded before Flop



PokerStars Hand #254597003693:  Hold'em No Limit ($0.50/$1.00 USD) - 2025/01/28 21:23:27 WET [2025/01/28 16:23:27 ET]
Table 'Hynek' 6-max Seat #5 is the button
Seat 1: z00mba ($146.67 in chips) 
Seat 2: CichiChanMarian ($106.84 in chips) 
Seat 3: sta$igk ($165.46 in chips) 
Seat 4: henri789 ($109.43 in chips) 
Seat 5: Mozcore ($106.74 in chips) 
Seat 6: K.Antagonist ($116.10 in chips) 
K.Antagonist: posts small blind $0.50
z00mba: posts big blind $1
*** HOLE CARDS ***
CichiChanMarian: folds 
sta$igk: raises $1.50 to $2.50
henri789: folds 
Mozcore: folds 
K.Antagonist: folds 
z00mba: calls $1.50
*** FLOP *** [4c 4h 5s]
z00mba: checks 
sta$igk: bets $1.72
z00mba: folds 
Uncalled bet ($1.72) returned to sta$igk
sta$igk collected $5.22 from pot
sta$igk: doesn't show hand 
*** SUMMARY ***
Total pot $5.50 | Rake $0.28 
Board [4c 4h 5s]
Seat 1: z00mba (big blind) folded on the Flop
Seat 2: CichiChanMarian folded before Flop (didn't bet)
Seat 3: sta$igk collected ($5.22)
Seat 4: henri789 folded before Flop (didn't bet)
Seat 5: Mozcore (button) folded before Flop (didn't bet)
Seat 6: K.Antagonist (small blind) folded before Flop



PokerStars Hand #254597015158:  Hold'em No Limit ($0.50/$1.00 USD) - 2025/01/28 21:24:01 WET [2025/01/28 16:24:01 ET]
Table 'Hynek' 6-max Seat #6 is the button
Seat 1: z00mba ($144.17 in chips) 
Seat 2: CichiChanMarian ($106.84 in chips) 
Seat 3: sta$igk ($168.18 in chips) 
Seat 4: henri789 ($109.43 in chips) 
Seat 5: Mozcore ($106.74 in chips) 
Seat 6: K.Antagonist ($115.60 in chips) 
z00mba: posts small blind $0.50
CichiChanMarian: posts big blind $1
*** HOLE CARDS ***
sta$igk: folds 
henri789: folds 
Mozcore: raises $2 to $3
K.Antagonist: folds 
z00mba: folds 
CichiChanMarian: folds 
Uncalled bet ($2) returned to Mozcore
Mozcore collected $2.50 from pot
*** SUMMARY ***
Total pot $2.50 | Rake $0 
Seat 1: z00mba (small blind) folded before Flop
Seat 2: CichiChanMarian (big blind) folded before Flop
Seat 3: sta$igk folded before Flop (didn't bet)
Seat 4: henri789 folded before Flop (didn't bet)
Seat 5: Mozcore collected ($2.50)
Seat 6: K.Antagonist (button) folded before Flop (didn't bet)



PokerStars Hand #254597025353:  Hold'em No Limit ($0.50/$1.00 USD) - 2025/01/28 21:24:32 WET [2025/01/28 16:24:32 ET]
Table 'Hynek' 6-max Seat #1 is the button
Seat 1: z00mba ($143.67 in chips) 
Seat 2: CichiChanMarian ($105.84 in chips) 
Seat 3: sta$igk ($168.18 in chips) 
Seat 4: henri789 ($109.43 in chips) 
Seat 5: Mozcore ($108.24 in chips) 
Seat 6: K.Antagonist ($115.60 in chips) 
CichiChanMarian: posts small blind $0.50
sta$igk: posts big blind $1
*** HOLE CARDS ***
henri789: folds 
Mozcore: raises $2 to $3
K.Antagonist: folds 
z00mba: folds 
CichiChanMarian: folds 
sta$igk: folds 
Uncalled bet ($2) returned to Mozcore
Mozcore collected $2.50 from pot
*** SUMMARY ***
Total pot $2.50 | Rake $0 
Seat 1: z00mba (button) folded before Flop (didn't bet)
Seat 2: CichiChanMarian (small blind) folded before Flop
Seat 3: sta$igk (big blind) folded before Flop
Seat 4: henri789 folded before Flop (didn't bet)
Seat 5: Mozcore collected ($2.50)
Seat 6: K.Antagonist folded before Flop (didn't bet)



PokerStars Hand #254597034963:  Hold'em No Limit ($0.50/$1.00 USD) - 2025/01/28 21:25:00 WET [2025/01/28 16:25:00 ET]
Table 'Hynek' 6-max Seat #2 is the button
Seat 1: z00mba ($143.67 in chips) 
Seat 2: CichiChanMarian ($105.34 in chips) 
Seat 3: sta$igk ($167.18 in chips) 
Seat 4: henri789 ($109.43 in chips) 
Seat 5: Mozcore ($109.74 in chips) 
Seat 6: K.Antagonist ($115.60 in chips) 
sta$igk: posts small blind $0.50
henri789: posts big blind $1
*** HOLE CARDS ***
Mozcore: folds 
K.Antagonist: folds 
z00mba: raises $1.50 to $2.50
CichiChanMarian: folds 
sta$igk: folds 
henri789: folds 
Uncalled bet ($1.50) returned to z00mba
z00mba collected $2.50 from pot
z00mba: doesn't show hand 
*** SUMMARY ***
Total pot $2.50 | Rake $0 
Seat 1: z00mba collected ($2.50)
Seat 2: CichiChanMarian (button) folded before Flop (didn't bet)
Seat 3: sta$igk (small blind) folded before Flop
Seat 4: henri789 (big blind) folded before Flop
Seat 5: Mozcore folded before Flop (didn't bet)
Seat 6: K.Antagonist folded before Flop (didn't bet)



PokerStars Hand #254597041813:  Hold'em No Limit ($0.50/$1.00 USD) - 2025/01/28 21:25:20 WET [2025/01/28 16:25:20 ET]
Table 'Hynek' 6-max Seat #3 is the button
Seat 1: z00mba ($145.17 in chips) 
Seat 2: CichiChanMarian ($105.34 in chips) 
Seat 3: sta$igk ($166.68 in chips) 
Seat 4: henri789 ($108.43 in chips) 
Seat 5: Mozcore ($109.74 in chips) 
Seat 6: K.Antagonist ($115.60 in chips) 
henri789: posts small blind $0.50
Mozcore: posts big blind $1
*** HOLE CARDS ***
K.Antagonist: folds 
z00mba: folds 
CichiChanMarian: raises $1.50 to $2.50
sta$igk: folds 
henri789: folds 
Mozcore: calls $1.50
*** FLOP *** [8h Qh Qd]
henri789 leaves the table
Mozcore: checks 
CichiChanMarian: bets $1.72
Mozcore: calls $1.72
*** TURN *** [8h Qh Qd] [3d]
Mozcore: checks 
Supermegopro joins the table at seat #4 
CichiChanMarian: bets $5.60
Mozcore: folds 
Uncalled bet ($5.60) returned to CichiChanMarian
CichiChanMarian collected $8.49 from pot
CichiChanMarian: doesn't show hand 
*** SUMMARY ***
Total pot $8.94 | Rake $0.45 
Board [8h Qh Qd 3d]
Seat 1: z00mba folded before Flop (didn't bet)
Seat 2: CichiChanMarian collected ($8.49)
Seat 3: sta$igk (button) folded before Flop (didn't bet)
Seat 4: henri789 (small blind) folded before Flop
Seat 5: Mozcore (big blind) folded on the Turn
Seat 6: K.Antagonist folded before Flop (didn't bet)



PokerStars Hand #254597058350:  Hold'em No Limit ($0.50/$1.00 USD) - 2025/01/28 21:26:10 WET [2025/01/28 16:26:10 ET]
Table 'Hynek' 6-max Seat #5 is the button
Seat 4: Supermegopro ($100 in chips) is sitting out
Seat 1: z00mba ($145.17 in chips) 
Seat 2: CichiChanMarian ($109.61 in chips) 
Seat 3: sta$igk ($166.68 in chips) 
Seat 5: Mozcore ($105.52 in chips) 
Seat 6: K.Antagonist ($115.60 in chips) 
K.Antagonist: posts small blind $0.50
z00mba: posts big blind $1
Supermegopro: sits out 
*** HOLE CARDS ***
CichiChanMarian: folds 
sta$igk: folds 
Mozcore: folds 
K.Antagonist: folds 
Uncalled bet ($0.50) returned to z00mba
z00mba collected $1 from pot
z00mba: doesn't show hand 
*** SUMMARY ***
Total pot $1 | Rake $0 
Seat 4: Supermegopro
Seat 1: z00mba (big blind) collected ($1)
Seat 2: CichiChanMarian folded before Flop (didn't bet)
Seat 3: sta$igk folded before Flop (didn't bet)
Seat 5: Mozcore (button) folded before Flop (didn't bet)
Seat 6: K.Antagonist (small blind) folded before Flop



PokerStars Hand #254597063521:  Hold'em No Limit ($0.50/$1.00 USD) - 2025/01/28 21:26:25 WET [2025/01/28 16:26:25 ET]
Table 'Hynek' 6-max Seat #6 is the button
Seat 4: Supermegopro ($100 in chips) is sitting out
Seat 1: z00mba ($145.67 in chips) 
Seat 2: CichiChanMarian ($109.61 in chips) 
Seat 3: sta$igk ($166.68 in chips) 
Seat 5: Mozcore ($105.52 in chips) 
Seat 6: K.Antagonist ($115.10 in chips) 
z00mba: posts small blind $0.50
CichiChanMarian: posts big blind $1
Supermegopro: sits out 
*** HOLE CARDS ***
sta$igk: folds 
Mozcore: folds 
K.Antagonist: folds 
z00mba: folds 
Uncalled bet ($0.50) returned to CichiChanMarian
CichiChanMarian collected $1 from pot
CichiChanMarian: doesn't show hand 
*** SUMMARY ***
Total pot $1 | Rake $0 
Seat 4: Supermegopro
Seat 1: z00mba (small blind) folded before Flop
Seat 2: CichiChanMarian (big blind) collected ($1)
Seat 3: sta$igk folded before Flop (didn't bet)
Seat 5: Mozcore folded before Flop (didn't bet)
Seat 6: K.Antagonist (button) folded before Flop (didn't bet)



PokerStars Hand #254597068994:  Hold'em No Limit ($0.50/$1.00 USD) - 2025/01/28 21:26:42 WET [2025/01/28 16:26:42 ET]
Table 'Hynek' 6-max Seat #1 is the button
Seat 4: Supermegopro ($100 in chips) is sitting out
Seat 1: z00mba ($145.17 in chips) 
Seat 2: CichiChanMarian ($110.11 in chips) 
Seat 3: sta$igk ($166.68 in chips) 
Seat 5: Mozcore ($105.52 in chips) 
Seat 6: K.Antagonist ($115.10 in chips) 
CichiChanMarian: posts small blind $0.50
sta$igk: posts big blind $1
Supermegopro: sits out 
*** HOLE CARDS ***
Mozcore: folds 
K.Antagonist: folds 
z00mba: raises $1.50 to $2.50
CichiChanMarian: folds 
sta$igk: folds 
Uncalled bet ($1.50) returned to z00mba
z00mba collected $2.50 from pot
z00mba: doesn't show hand 
*** SUMMARY ***
Total pot $2.50 | Rake $0 
Seat 4: Supermegopro
Seat 1: z00mba (button) collected ($2.50)
Seat 2: CichiChanMarian (small blind) folded before Flop
Seat 3: sta$igk (big blind) folded before Flop
Seat 5: Mozcore folded before Flop (didn't bet)
Seat 6: K.Antagonist folded before Flop (didn't bet)



PokerStars Hand #254597078393:  Hold'em No Limit ($0.50/$1.00 USD) - 2025/01/28 21:27:09 WET [2025/01/28 16:27:09 ET]
Table 'Hynek' 6-max Seat #2 is the button
Seat 1: z00mba ($146.67 in chips) 
Seat 2: CichiChanMarian ($109.61 in chips) 
Seat 3: sta$igk ($165.68 in chips) 
Seat 4: Supermegopro ($100 in chips) 
Seat 5: Mozcore ($105.52 in chips) 
Seat 6: K.Antagonist ($115.10 in chips) 
sta$igk: posts small blind $0.50
Supermegopro: posts big blind $1
*** HOLE CARDS ***
Mozcore: folds 
K.Antagonist: folds 
z00mba: folds 
CichiChanMarian: folds 
sta$igk: folds 
Uncalled bet ($0.50) returned to Supermegopro
Supermegopro collected $1 from pot
Supermegopro: doesn't show hand 
*** SUMMARY ***
Total pot $1 | Rake $0 
Seat 1: z00mba folded before Flop (didn't bet)
Seat 2: CichiChanMarian (button) folded before Flop (didn't bet)
Seat 3: sta$igk (small blind) folded before Flop
Seat 4: Supermegopro (big blind) collected ($1)
Seat 5: Mozcore folded before Flop (didn't bet)
Seat 6: K.Antagonist folded before Flop (didn't bet)



PokerStars Hand #254597084610:  Hold'em No Limit ($0.50/$1.00 USD) - 2025/01/28 21:27:28 WET [2025/01/28 16:27:28 ET]
Table 'Hynek' 6-max Seat #3 is the button
Seat 1: z00mba ($146.67 in chips) 
Seat 2: CichiChanMarian ($109.61 in chips) 
Seat 3: sta$igk ($165.18 in chips) 
Seat 4: Supermegopro ($100.50 in chips) 
Seat 5: Mozcore ($105.52 in chips) 
Seat 6: K.Antagonist ($115.10 in chips) 
Supermegopro: posts small blind $0.50
Mozcore: posts big blind $1
*** HOLE CARDS ***
K.Antagonist: folds 
z00mba: folds 
CichiChanMarian: raises $1.50 to $2.50
sta$igk: raises $5.50 to $8
Supermegopro: folds 
Mozcore: folds 
CichiChanMarian: calls $5.50
*** FLOP *** [Qh 2c Jd]
CichiChanMarian: checks 
sta$igk: bets $5.48
CichiChanMarian: calls $5.48
*** TURN *** [Qh 2c Jd] [8h]
CichiChanMarian: checks 
sta$igk: checks 
*** RIVER *** [Qh 2c Jd 8h] [Qs]
CichiChanMarian: checks 
sta$igk: checks 
*** SHOW DOWN ***
CichiChanMarian: shows [Ts Tc] (two pair, Queens and Tens)
sta$igk: mucks hand 
CichiChanMarian collected $27.04 from pot
*** SUMMARY ***
Total pot $28.46 | Rake $1.42 
Board [Qh 2c Jd 8h Qs]
Seat 1: z00mba folded before Flop (didn't bet)
Seat 2: CichiChanMarian showed [Ts Tc] and won ($27.04) with two pair, Queens and Tens
Seat 3: sta$igk (button) mucked
Seat 4: Supermegopro (small blind) folded before Flop
Seat 5: Mozcore (big blind) folded before Flop
Seat 6: K.Antagonist folded before Flop (didn't bet)



PokerStars Hand #254597108034:  Hold'em No Limit ($0.50/$1.00 USD) - 2025/01/28 21:28:39 WET [2025/01/28 16:28:39 ET]
Table 'Hynek' 6-max Seat #4 is the button
Seat 1: z00mba ($146.67 in chips) 
Seat 2: CichiChanMarian ($123.17 in chips) 
Seat 3: sta$igk ($151.70 in chips) 
Seat 4: Supermegopro ($100 in chips) 
Seat 5: Mozcore ($104.52 in chips) 
Seat 6: K.Antagonist ($115.10 in chips) 
Mozcore: posts small blind $0.50
K.Antagonist: posts big blind $1
*** HOLE CARDS ***
z00mba: folds 
CichiChanMarian: folds 
sta$igk: folds 
Supermegopro: folds 
Mozcore: folds 
Uncalled bet ($0.50) returned to K.Antagonist
K.Antagonist collected $1 from pot
K.Antagonist: doesn't show hand 
*** SUMMARY ***
Total pot $1 | Rake $0 
Seat 1: z00mba folded before Flop (didn't bet)
Seat 2: CichiChanMarian folded before Flop (didn't bet)
Seat 3: sta$igk folded before Flop (didn't bet)
Seat 4: Supermegopro (button) folded before Flop (didn't bet)
Seat 5: Mozcore (small blind) folded before Flop
Seat 6: K.Antagonist (big blind) collected ($1)



PokerStars Hand #254597114054:  Hold'em No Limit ($0.50/$1.00 USD) - 2025/01/28 21:28:57 WET [2025/01/28 16:28:57 ET]
Table 'Hynek' 6-max Seat #5 is the button
Seat 1: z00mba ($146.67 in chips) 
Seat 2: CichiChanMarian ($123.17 in chips) 
Seat 3: sta$igk ($151.70 in chips) 
Seat 4: Supermegopro ($100 in chips) 
Seat 5: Mozcore ($104.02 in chips) 
Seat 6: K.Antagonist ($115.60 in chips) 
K.Antagonist: posts small blind $0.50
z00mba: posts big blind $1
*** HOLE CARDS ***
CichiChanMarian: folds 
sta$igk: folds 
Supermegopro: raises $1.50 to $2.50
Mozcore: folds 
K.Antagonist: folds 
z00mba: folds 
Uncalled bet ($1.50) returned to Supermegopro
Supermegopro collected $2.50 from pot
Supermegopro: doesn't show hand 
*** SUMMARY ***
Total pot $2.50 | Rake $0 
Seat 1: z00mba (big blind) folded before Flop
Seat 2: CichiChanMarian folded before Flop (didn't bet)
Seat 3: sta$igk folded before Flop (didn't bet)
Seat 4: Supermegopro collected ($2.50)
Seat 5: Mozcore (button) folded before Flop (didn't bet)
Seat 6: K.Antagonist (small blind) folded before Flop



PokerStars Hand #254597120179:  Hold'em No Limit ($0.50/$1.00 USD) - 2025/01/28 21:29:15 WET [2025/01/28 16:29:15 ET]
Table 'Hynek' 6-max Seat #6 is the button
Seat 1: z00mba ($145.67 in chips) 
Seat 2: CichiChanMarian ($123.17 in chips) 
Seat 3: sta$igk ($151.70 in chips) 
Seat 4: Supermegopro ($101.50 in chips) 
Seat 5: Mozcore ($104.02 in chips) 
Seat 6: K.Antagonist ($115.10 in chips) 
z00mba: posts small blind $0.50
CichiChanMarian: posts big blind $1
*** HOLE CARDS ***
sta$igk: folds 
Supermegopro: folds 
Mozcore: folds 
K.Antagonist: raises $1.50 to $2.50
z00mba: folds 
CichiChanMarian: calls $1.50
*** FLOP *** [9c 2d Ts]
CichiChanMarian: checks 
K.Antagonist: bets $2.61
CichiChanMarian: raises $5.22 to $7.83
K.Antagonist: folds 
Uncalled bet ($5.22) returned to CichiChanMarian
CichiChanMarian collected $10.18 from pot
CichiChanMarian: doesn't show hand 
*** SUMMARY ***
Total pot $10.72 | Rake $0.54 
Board [9c 2d Ts]
Seat 1: z00mba (small blind) folded before Flop
Seat 2: CichiChanMarian (big blind) collected ($10.18)
Seat 3: sta$igk folded before Flop (didn't bet)
Seat 4: Supermegopro folded before Flop (didn't bet)
Seat 5: Mozcore folded before Flop (didn't bet)
Seat 6: K.Antagonist (button) folded on the Flop



PokerStars Hand #254598454835:  Hold'em No Limit ($0.50/$1.00 USD) - 2025/01/28 22:41:10 WET [2025/01/28 17:41:10 ET]
Table 'Hynek' 6-max Seat #3 is the button
Seat 2: nastja336 ($100 in chips) is sitting out
Seat 4: krisgolden1979 ($0 in chips) is sitting out
Seat 6: BumHuntKing ($111.14 in chips) is sitting out
Seat 1: beshece11harf ($130.73 in chips) 
Seat 3: J0SHB0SH ($131.24 in chips) 
J0SHB0SH: posts small blind $0.50
BumHuntKing: is sitting out 
beshece11harf: posts big blind $1
*** HOLE CARDS ***
J0SHB0SH: raises $1.50 to $2.50
BumHuntKing leaves the table
beshece11harf: calls $1.50
*** FLOP *** [Qs 7s 5c]
beshece11harf: checks 
J0SHB0SH: checks 
*** TURN *** [Qs 7s 5c] [4d]
beshece11harf: bets $3.56
krisgolden1979 leaves the table
J0SHB0SH: calls $3.56
*** RIVER *** [Qs 7s 5c 4d] [3s]
beshece11harf: checks 
J0SHB0SH: bets $8.63
beshece11harf: folds 
Uncalled bet ($8.63) returned to J0SHB0SH
J0SHB0SH collected $11.51 from pot
J0SHB0SH: doesn't show hand 
*** SUMMARY ***
Total pot $12.12 | Rake $0.61 
Board [Qs 7s 5c 4d 3s]
Seat 2: nastja336
Seat 4: krisgolden1979
Seat 6: BumHuntKing
Seat 1: beshece11harf (big blind) folded on the River
Seat 3: J0SHB0SH (button) (small blind) collected ($11.51)



PokerStars Hand #254598477263:  Hold'em No Limit ($0.50/$1.00 USD) - 2025/01/28 22:42:26 WET [2025/01/28 17:42:26 ET]
Table 'Hynek' 6-max Seat #3 is the button
Seat 1: beshece11harf ($124.67 in chips) 
Seat 2: nastja336 ($100 in chips) 
Seat 3: J0SHB0SH ($136.69 in chips) 
beshece11harf: posts small blind $0.50
nastja336: posts big blind $1
*** HOLE CARDS ***
J0SHB0SH: folds 
beshece11harf: folds 
Uncalled bet ($0.50) returned to nastja336
nastja336 collected $1 from pot
nastja336: doesn't show hand 
*** SUMMARY ***
Total pot $1 | Rake $0 
Seat 1: beshece11harf (small blind) folded before Flop
Seat 2: nastja336 (big blind) collected ($1)
Seat 3: J0SHB0SH (button) folded before Flop (didn't bet)



PokerStars Hand #254598479710:  Hold'em No Limit ($0.50/$1.00 USD) - 2025/01/28 22:42:35 WET [2025/01/28 17:42:35 ET]
Table 'Hynek' 6-max Seat #2 is the button
Seat 3: J0SHB0SH ($136.69 in chips) is sitting out
Seat 1: beshece11harf ($124.17 in chips) 
Seat 2: nastja336 ($100.50 in chips) 
nastja336: posts small blind $0.50
J0SHB0SH: is sitting out 
beshece11harf: posts big blind $1
*** HOLE CARDS ***
nastja336: raises $2 to $3
J0SHB0SH leaves the table
beshece11harf: raises $10 to $13
nastja336: folds 
Uncalled bet ($10) returned to beshece11harf
beshece11harf collected $6 from pot
beshece11harf: doesn't show hand 
*** SUMMARY ***
Total pot $6 | Rake $0 
Seat 3: J0SHB0SH
Seat 1: beshece11harf (big blind) collected ($6)
Seat 2: nastja336 (button) (small blind) folded before Flop



