PokerStars Hand #254593358631:  Hold'em No Limit ($0.50/$1.00 USD) - 2025/01/28 18:44:43 WET [2025/01/28 13:44:43 ET]
Table 'Oljato' 6-max Seat #1 is the button
Seat 1: joaquin612 ($100.50 in chips) 
Seat 3: elcutez ($100 in chips) 
joaquin612: posts small blind $0.50
elcutez: posts big blind $1
*** HOLE CARDS ***
joaquin612: raises $1.50 to $2.50
blistein joins the table at seat #6 
elcutez: calls $1.50
*** FLOP *** [4s 8h Js]
elcutez: checks 
MrVern9177 joins the table at seat #5 
MrVern9177 is disconnected 
joaquin612: bets $1.57
Seevers1986 joins the table at seat #4 
Seevers1986 is disconnected 
mariofcd joins the table at seat #2 
elcutez: calls $1.57
*** TURN *** [4s 8h Js] [5d]
elcutez: checks 
joaquin612: bets $11.60
elcutez: folds 
Uncalled bet ($11.60) returned to joaquin612
joaquin612 collected $7.73 from pot
joaquin612: doesn't show hand 
*** SUMMARY ***
Total pot $8.14 | Rake $0.41 
Board [4s 8h Js 5d]
Seat 1: joaquin612 (button) (small blind) collected ($7.73)
Seat 3: elcutez (big blind) folded on the Turn



PokerStars Hand #254593372095:  Hold'em No Limit ($0.50/$1.00 USD) - 2025/01/28 18:45:26 WET [2025/01/28 13:45:26 ET]
Table 'Oljato' 6-max Seat #3 is the button
Seat 4: Seevers1986 ($48.67 in chips) is sitting out
Seat 5: MrVern9177 ($100 in chips) is sitting out
Seat 6: blistein ($100 in chips) is sitting out
Seat 1: joaquin612 ($104.16 in chips) 
Seat 2: mariofcd ($100 in chips) 
Seat 3: elcutez ($95.93 in chips) 
joaquin612: posts small blind $0.50
mariofcd: posts big blind $1
*** HOLE CARDS ***
elcutez: raises $2 to $3
joaquin612: raises $9 to $12
mariofcd: folds 
elcutez: folds 
Uncalled bet ($9) returned to joaquin612
joaquin612 collected $7 from pot
joaquin612: doesn't show hand 
*** SUMMARY ***
Total pot $7 | Rake $0 
Seat 4: Seevers1986
Seat 5: MrVern9177
Seat 6: blistein
Seat 1: joaquin612 (small blind) collected ($7)
Seat 2: mariofcd (big blind) folded before Flop
Seat 3: elcutez (button) folded before Flop



PokerStars Hand #254593381954:  Hold'em No Limit ($0.50/$1.00 USD) - 2025/01/28 18:45:57 WET [2025/01/28 13:45:57 ET]
Table 'Oljato' 6-max Seat #1 is the button
Seat 6: blistein ($100 in chips) is sitting out
Seat 1: joaquin612 ($108.16 in chips) 
Seat 2: mariofcd ($100 in chips) 
Seat 3: elcutez ($97 in chips) 
Seat 4: Seevers1986 ($48.67 in chips) 
Seat 5: MrVern9177 ($100 in chips) 
mariofcd: posts small blind $0.50
elcutez: posts big blind $1
Seevers1986: posts big blind $1
MrVern9177: posts big blind $1
blistein: sits out 
*** HOLE CARDS ***
Seevers1986: raises $1 to $2
MrVern9177: calls $1
joaquin612: raises $7 to $9
mariofcd: folds 
elcutez: folds 
Seevers1986: calls $7
MrVern9177: folds 
*** FLOP *** [Jh 3c 3s]
Seevers1986: checks 
joaquin612: bets $9
Seevers1986: calls $9
*** TURN *** [Jh 3c 3s] [Qh]
Seevers1986: checks 
joaquin612: checks 
*** RIVER *** [Jh 3c 3s Qh] [7c]
Seevers1986: checks 
joaquin612: bets $29.50
Seevers1986: calls $29.50
*** SHOW DOWN ***
joaquin612: shows [Qd Js] (two pair, Queens and Jacks)
Seevers1986: shows [Ad Ac] (two pair, Aces and Threes)
Seevers1986 collected $96 from pot
*** SUMMARY ***
Total pot $98.50 | Rake $2.50 
Board [Jh 3c 3s Qh 7c]
Seat 6: blistein
Seat 1: joaquin612 (button) showed [Qd Js] and lost with two pair, Queens and Jacks
Seat 2: mariofcd (small blind) folded before Flop
Seat 3: elcutez (big blind) folded before Flop
Seat 4: Seevers1986 showed [Ad Ac] and won ($96) with two pair, Aces and Threes
Seat 5: MrVern9177 folded before Flop



PokerStars Hand #254593398168:  Hold'em No Limit ($0.50/$1.00 USD) - 2025/01/28 18:46:50 WET [2025/01/28 13:46:50 ET]
Table 'Oljato' 6-max Seat #2 is the button
Seat 6: blistein ($100 in chips) is sitting out
Seat 1: joaquin612 ($100 in chips) 
Seat 2: mariofcd ($100 in chips) 
Seat 3: elcutez ($96 in chips) 
Seat 4: Seevers1986 ($97.17 in chips) 
Seat 5: MrVern9177 ($98 in chips) 
elcutez: posts small blind $0.50
Seevers1986: posts big blind $1
blistein: sits out 
*** HOLE CARDS ***
MrVern9177: folds 
joaquin612: folds 
mariofcd: folds 
elcutez: folds 
Uncalled bet ($0.50) returned to Seevers1986
Seevers1986 collected $1 from pot
*** SUMMARY ***
Total pot $1 | Rake $0 
Seat 6: blistein
Seat 1: joaquin612 folded before Flop (didn't bet)
Seat 2: mariofcd (button) folded before Flop (didn't bet)
Seat 3: elcutez (small blind) folded before Flop
Seat 4: Seevers1986 (big blind) collected ($1)
Seat 5: MrVern9177 folded before Flop (didn't bet)



PokerStars Hand #254593405513:  Hold'em No Limit ($0.50/$1.00 USD) - 2025/01/28 18:47:13 WET [2025/01/28 13:47:13 ET]
Table 'Oljato' 6-max Seat #3 is the button
Seat 6: blistein ($100 in chips) is sitting out
Seat 1: joaquin612 ($100 in chips) 
Seat 2: mariofcd ($100 in chips) 
Seat 3: elcutez ($95.50 in chips) 
Seat 4: Seevers1986 ($97.67 in chips) 
Seat 5: MrVern9177 ($98 in chips) 
Seevers1986: posts small blind $0.50
MrVern9177: posts big blind $1
blistein: sits out 
*** HOLE CARDS ***
joaquin612: folds 
mariofcd: raises $1.25 to $2.25
elcutez: calls $2.25
Seevers1986: folds 
MrVern9177: folds 
*** FLOP *** [3s 4d 2d]
mariofcd: checks 
elcutez: bets $4
mariofcd: folds 
Uncalled bet ($4) returned to elcutez
elcutez collected $5.70 from pot
*** SUMMARY ***
Total pot $6 | Rake $0.30 
Board [3s 4d 2d]
Seat 6: blistein
Seat 1: joaquin612 folded before Flop (didn't bet)
Seat 2: mariofcd folded on the Flop
Seat 3: elcutez (button) collected ($5.70)
Seat 4: Seevers1986 (small blind) folded before Flop
Seat 5: MrVern9177 (big blind) folded before Flop



PokerStars Hand #254593420468:  Hold'em No Limit ($0.50/$1.00 USD) - 2025/01/28 18:48:01 WET [2025/01/28 13:48:01 ET]
Table 'Oljato' 6-max Seat #4 is the button
Seat 1: joaquin612 ($100 in chips) 
Seat 2: mariofcd ($100 in chips) 
Seat 3: elcutez ($98.95 in chips) 
Seat 4: Seevers1986 ($97.17 in chips) 
Seat 5: MrVern9177 ($97 in chips) 
Seat 6: blistein ($100 in chips) 
MrVern9177: posts small blind $0.50
blistein: posts big blind $1
*** HOLE CARDS ***
joaquin612: folds 
mariofcd: folds 
elcutez: folds 
Seevers1986: calls $1
MrVern9177: calls $0.50
blistein: raises $4 to $5
Seevers1986: calls $4
MrVern9177: folds 
*** FLOP *** [7s 7h Ad]
blistein: bets $3.50
Seevers1986: calls $3.50
*** TURN *** [7s 7h Ad] [2d]
blistein: bets $12.50
Seevers1986: calls $12.50
*** RIVER *** [7s 7h Ad 2d] [5c]
blistein: bets $28.87
Seevers1986: folds 
Uncalled bet ($28.87) returned to blistein
blistein collected $40.85 from pot
blistein: doesn't show hand 
*** SUMMARY ***
Total pot $43 | Rake $2.15 
Board [7s 7h Ad 2d 5c]
Seat 1: joaquin612 folded before Flop (didn't bet)
Seat 2: mariofcd folded before Flop (didn't bet)
Seat 3: elcutez folded before Flop (didn't bet)
Seat 4: Seevers1986 (button) folded on the River
Seat 5: MrVern9177 (small blind) folded before Flop
Seat 6: blistein (big blind) collected ($40.85)



PokerStars Hand #254593450979:  Hold'em No Limit ($0.50/$1.00 USD) - 2025/01/28 18:49:40 WET [2025/01/28 13:49:40 ET]
Table 'Oljato' 6-max Seat #5 is the button
Seat 1: joaquin612 ($100 in chips) 
Seat 2: mariofcd ($100 in chips) 
Seat 3: elcutez ($98.95 in chips) 
Seat 4: Seevers1986 ($76.17 in chips) 
Seat 5: MrVern9177 ($96 in chips) 
Seat 6: blistein ($119.85 in chips) 
blistein: posts small blind $0.50
joaquin612: posts big blind $1
*** HOLE CARDS ***
mariofcd: raises $1.20 to $2.20
elcutez: folds 
Seevers1986: calls $2.20
MrVern9177: calls $2.20
blistein: folds 
joaquin612: folds 
*** FLOP *** [9c 3c Qc]
mariofcd: checks 
Seevers1986: bets $2
MrVern9177: calls $2
mariofcd: folds 
*** TURN *** [9c 3c Qc] [Ac]
Seevers1986: checks 
MrVern9177: bets $3
Seevers1986: calls $3
*** RIVER *** [9c 3c Qc Ac] [2h]
Seevers1986: checks 
MrVern9177: checks 
*** SHOW DOWN ***
Seevers1986: shows [4c 2c] (a flush, Ace high)
MrVern9177: mucks hand 
Seevers1986 collected $17.20 from pot
*** SUMMARY ***
Total pot $18.10 | Rake $0.90 
Board [9c 3c Qc Ac 2h]
Seat 1: joaquin612 (big blind) folded before Flop
Seat 2: mariofcd folded on the Flop
Seat 3: elcutez folded before Flop (didn't bet)
Seat 4: Seevers1986 showed [4c 2c] and won ($17.20) with a flush, Ace high
Seat 5: MrVern9177 (button) mucked
Seat 6: blistein (small blind) folded before Flop



PokerStars Hand #254593467902:  Hold'em No Limit ($0.50/$1.00 USD) - 2025/01/28 18:50:34 WET [2025/01/28 13:50:34 ET]
Table 'Oljato' 6-max Seat #6 is the button
Seat 1: joaquin612 ($100 in chips) 
Seat 2: mariofcd ($100 in chips) 
Seat 3: elcutez ($100 in chips) 
Seat 4: Seevers1986 ($86.17 in chips) 
Seat 5: MrVern9177 ($88.80 in chips) 
Seat 6: blistein ($119.35 in chips) 
joaquin612: posts small blind $0.50
mariofcd: posts big blind $1
*** HOLE CARDS ***
elcutez: folds 
Seevers1986: calls $1
MrVern9177: folds 
blistein: raises $2.50 to $3.50
joaquin612: folds 
mariofcd: folds 
Seevers1986: calls $2.50
*** FLOP *** [9h 9s Ah]
Seevers1986: checks 
blistein: bets $2.02
Seevers1986: folds 
Uncalled bet ($2.02) returned to blistein
blistein collected $8.08 from pot
blistein: doesn't show hand 
*** SUMMARY ***
Total pot $8.50 | Rake $0.42 
Board [9h 9s Ah]
Seat 1: joaquin612 (small blind) folded before Flop
Seat 2: mariofcd (big blind) folded before Flop
Seat 3: elcutez folded before Flop (didn't bet)
Seat 4: Seevers1986 folded on the Flop
Seat 5: MrVern9177 folded before Flop (didn't bet)
Seat 6: blistein (button) collected ($8.08)



PokerStars Hand #254593480868:  Hold'em No Limit ($0.50/$1.00 USD) - 2025/01/28 18:51:16 WET [2025/01/28 13:51:16 ET]
Table 'Oljato' 6-max Seat #1 is the button
Seat 1: joaquin612 ($100 in chips) 
Seat 2: mariofcd ($100 in chips) 
Seat 3: elcutez ($100 in chips) 
Seat 4: Seevers1986 ($82.67 in chips) 
Seat 5: MrVern9177 ($88.80 in chips) 
Seat 6: blistein ($123.93 in chips) 
mariofcd: posts small blind $0.50
elcutez: posts big blind $1
*** HOLE CARDS ***
Seevers1986: folds 
MrVern9177: calls $1
blistein: raises $2.50 to $3.50
joaquin612: folds 
mariofcd: folds 
elcutez: folds 
MrVern9177: calls $2.50
*** FLOP *** [3d 2h Th]
MrVern9177: checks 
blistein: bets $2.75
MrVern9177: folds 
Uncalled bet ($2.75) returned to blistein
blistein collected $8.08 from pot
blistein: doesn't show hand 
*** SUMMARY ***
Total pot $8.50 | Rake $0.42 
Board [3d 2h Th]
Seat 1: joaquin612 (button) folded before Flop (didn't bet)
Seat 2: mariofcd (small blind) folded before Flop
Seat 3: elcutez (big blind) folded before Flop
Seat 4: Seevers1986 folded before Flop (didn't bet)
Seat 5: MrVern9177 folded on the Flop
Seat 6: blistein collected ($8.08)



PokerStars Hand #254593494376:  Hold'em No Limit ($0.50/$1.00 USD) - 2025/01/28 18:52:00 WET [2025/01/28 13:52:00 ET]
Table 'Oljato' 6-max Seat #2 is the button
Seat 1: joaquin612 ($100 in chips) 
Seat 2: mariofcd ($100 in chips) 
Seat 3: elcutez ($99 in chips) 
Seat 4: Seevers1986 ($82.67 in chips) 
Seat 5: MrVern9177 ($85.30 in chips) 
Seat 6: blistein ($128.51 in chips) 
elcutez: posts small blind $0.50
Seevers1986: posts big blind $1
*** HOLE CARDS ***
MrVern9177: calls $1
blistein: folds 
joaquin612: folds 
mariofcd: raises $6 to $7
elcutez: folds 
Seevers1986: folds 
MrVern9177: folds 
Uncalled bet ($6) returned to mariofcd
mariofcd collected $3.50 from pot
mariofcd: doesn't show hand 
*** SUMMARY ***
Total pot $3.50 | Rake $0 
Seat 1: joaquin612 folded before Flop (didn't bet)
Seat 2: mariofcd (button) collected ($3.50)
Seat 3: elcutez (small blind) folded before Flop
Seat 4: Seevers1986 (big blind) folded before Flop
Seat 5: MrVern9177 folded before Flop
Seat 6: blistein folded before Flop (didn't bet)



PokerStars Hand #254593504989:  Hold'em No Limit ($0.50/$1.00 USD) - 2025/01/28 18:52:34 WET [2025/01/28 13:52:34 ET]
Table 'Oljato' 6-max Seat #3 is the button
Seat 1: joaquin612 ($100 in chips) 
Seat 2: mariofcd ($102.50 in chips) 
Seat 3: elcutez ($98.50 in chips) 
Seat 4: Seevers1986 ($81.67 in chips) 
Seat 5: MrVern9177 ($84.30 in chips) 
Seat 6: blistein ($128.51 in chips) 
Seevers1986: posts small blind $0.50
MrVern9177: posts big blind $1
*** HOLE CARDS ***
blistein: raises $1.20 to $2.20
joaquin612: folds 
mariofcd: folds 
elcutez: folds 
Seevers1986: folds 
MrVern9177: folds 
Uncalled bet ($1.20) returned to blistein
blistein collected $2.50 from pot
blistein: doesn't show hand 
*** SUMMARY ***
Total pot $2.50 | Rake $0 
Seat 1: joaquin612 folded before Flop (didn't bet)
Seat 2: mariofcd folded before Flop (didn't bet)
Seat 3: elcutez (button) folded before Flop (didn't bet)
Seat 4: Seevers1986 (small blind) folded before Flop
Seat 5: MrVern9177 (big blind) folded before Flop
Seat 6: blistein collected ($2.50)



PokerStars Hand #254593509774:  Hold'em No Limit ($0.50/$1.00 USD) - 2025/01/28 18:52:50 WET [2025/01/28 13:52:50 ET]
Table 'Oljato' 6-max Seat #4 is the button
Seat 6: blistein ($130.01 in chips) is sitting out
Seat 1: joaquin612 ($100 in chips) 
Seat 2: mariofcd ($102.50 in chips) 
Seat 3: elcutez ($98.50 in chips) 
Seat 4: Seevers1986 ($81.17 in chips) 
Seat 5: MrVern9177 ($83.30 in chips) 
MrVern9177: posts small blind $0.50
blistein: is sitting out 
joaquin612: posts big blind $1
*** HOLE CARDS ***
blistein leaves the table
mariofcd: folds 
elcutez: folds 
Seevers1986: folds 
MrVern9177: calls $0.50
sta$igk joins the table at seat #6 
joaquin612: raises $3 to $4
MrVern9177: calls $3
*** FLOP *** [Qc Kh Ac]
MrVern9177: bets $3
joaquin612: calls $3
*** TURN *** [Qc Kh Ac] [Jd]
MrVern9177: checks 
joaquin612: checks 
*** RIVER *** [Qc Kh Ac Jd] [9d]
MrVern9177: bets $2
joaquin612: calls $2
*** SHOW DOWN ***
MrVern9177: shows [5c Ah] (a pair of Aces)
joaquin612: shows [Qs Js] (two pair, Queens and Jacks)
joaquin612 collected $17.10 from pot
*** SUMMARY ***
Total pot $18 | Rake $0.90 
Board [Qc Kh Ac Jd 9d]
Seat 6: blistein
Seat 1: joaquin612 (big blind) showed [Qs Js] and won ($17.10) with two pair, Queens and Jacks
Seat 2: mariofcd folded before Flop (didn't bet)
Seat 3: elcutez folded before Flop (didn't bet)
Seat 4: Seevers1986 (button) folded before Flop (didn't bet)
Seat 5: MrVern9177 (small blind) showed [5c Ah] and lost with a pair of Aces



PokerStars Hand #254593523538:  Hold'em No Limit ($0.50/$1.00 USD) - 2025/01/28 18:53:34 WET [2025/01/28 13:53:34 ET]
Table 'Oljato' 6-max Seat #5 is the button
Seat 6: sta$igk ($100 in chips) is sitting out
Seat 1: joaquin612 ($108.10 in chips) 
Seat 2: mariofcd ($102.50 in chips) 
Seat 3: elcutez ($98.50 in chips) 
Seat 4: Seevers1986 ($81.17 in chips) 
Seat 5: MrVern9177 ($74.30 in chips) 
joaquin612: posts small blind $0.50
mariofcd: posts big blind $1
*** HOLE CARDS ***
elcutez: folds 
Seevers1986: calls $1
MrVern9177: folds 
joaquin612: calls $0.50
mariofcd: checks 
*** FLOP *** [Qh 3s Jd]
joaquin612: checks 
mariofcd: checks 
Seevers1986: checks 
*** TURN *** [Qh 3s Jd] [4d]
joaquin612: checks 
mariofcd: checks 
Seevers1986: checks 
*** RIVER *** [Qh 3s Jd 4d] [4h]
joaquin612: bets $3
mariofcd: folds 
mariofcd leaves the table
Seevers1986: calls $3
*** SHOW DOWN ***
joaquin612: shows [Ks 7d] (a pair of Fours)
Seevers1986: shows [As 2s] (a pair of Fours - Ace kicker)
Seevers1986 collected $8.55 from pot
*** SUMMARY ***
Total pot $9 | Rake $0.45 
Board [Qh 3s Jd 4d 4h]
Seat 6: sta$igk
Seat 1: joaquin612 (small blind) showed [Ks 7d] and lost with a pair of Fours
Seat 2: mariofcd (big blind) folded on the River
Seat 3: elcutez folded before Flop (didn't bet)
Seat 4: Seevers1986 showed [As 2s] and won ($8.55) with a pair of Fours
Seat 5: MrVern9177 (button) folded before Flop (didn't bet)



PokerStars Hand #254593538325:  Hold'em No Limit ($0.50/$1.00 USD) - 2025/01/28 18:54:22 WET [2025/01/28 13:54:22 ET]
Table 'Oljato' 6-max Seat #1 is the button
Seat 3: elcutez ($98.50 in chips) is sitting out
Seat 6: sta$igk ($100 in chips) is sitting out
Seat 1: joaquin612 ($104.10 in chips) 
Seat 4: Seevers1986 ($85.72 in chips) 
Seat 5: MrVern9177 ($74.30 in chips) 
Seevers1986: posts small blind $0.50
MrVern9177: posts big blind $1
sta$igk: sits out 
*** HOLE CARDS ***
joaquin612: folds 
Seevers1986: folds 
Uncalled bet ($0.50) returned to MrVern9177
MrVern9177 collected $1 from pot
*** SUMMARY ***
Total pot $1 | Rake $0 
Seat 3: elcutez
Seat 6: sta$igk
Seat 1: joaquin612 (button) folded before Flop (didn't bet)
Seat 4: Seevers1986 (small blind) folded before Flop
Seat 5: MrVern9177 (big blind) collected ($1)



PokerStars Hand #254593540672:  Hold'em No Limit ($0.50/$1.00 USD) - 2025/01/28 18:54:30 WET [2025/01/28 13:54:30 ET]
Table 'Oljato' 6-max Seat #4 is the button
Seat 3: elcutez ($98.50 in chips) is sitting out
Seat 1: joaquin612 ($104.10 in chips) 
Seat 4: Seevers1986 ($85.22 in chips) 
Seat 5: MrVern9177 ($74.80 in chips) 
Seat 6: sta$igk ($100 in chips) 
MrVern9177: posts small blind $0.50
sta$igk: posts big blind $1
*** HOLE CARDS ***
elcutez is disconnected 
joaquin612: folds 
Seevers1986: calls $1
MrVern9177: calls $0.50
sta$igk: checks 
*** FLOP *** [4h Kc 4s]
MrVern9177: checks 
sta$igk: checks 
Seevers1986: checks 
*** TURN *** [4h Kc 4s] [7s]
MrVern9177: bets $3
sta$igk: raises $6 to $9
Seevers1986: folds 
MrVern9177: raises $6 to $15
sta$igk: calls $6
*** RIVER *** [4h Kc 4s 7s] [Ac]
BoyLoc0 joins the table at seat #2 
MrVern9177: bets $58.80 and is all-in
sta$igk: folds 
Uncalled bet ($58.80) returned to MrVern9177
MrVern9177 collected $32 from pot
*** SUMMARY ***
Total pot $33 | Rake $1 
Board [4h Kc 4s 7s Ac]
Seat 3: elcutez
Seat 1: joaquin612 folded before Flop (didn't bet)
Seat 4: Seevers1986 (button) folded on the Turn
Seat 5: MrVern9177 (small blind) collected ($32)
Seat 6: sta$igk (big blind) folded on the River



PokerStars Hand #254593557193:  Hold'em No Limit ($0.50/$1.00 USD) - 2025/01/28 18:55:30 WET [2025/01/28 13:55:30 ET]
Table 'Oljato' 6-max Seat #5 is the button
Seat 2: BoyLoc0 ($100 in chips) is sitting out
Seat 3: elcutez ($98.50 in chips) is sitting out
Seat 1: joaquin612 ($104.10 in chips) 
Seat 4: Seevers1986 ($84.22 in chips) 
Seat 5: MrVern9177 ($90.80 in chips) 
Seat 6: sta$igk ($100 in chips) 
sta$igk: posts small blind $0.50
joaquin612: posts big blind $1
BoyLoc0: sits out 
*** HOLE CARDS ***
Seevers1986: folds 
MrVern9177: calls $1
sta$igk: raises $4 to $5
joaquin612: calls $4
elcutez is disconnected 
MrVern9177: calls $4
*** FLOP *** [5d Qs 7h]
sta$igk: checks 
joaquin612: checks 
MrVern9177: bets $4
sta$igk: folds 
joaquin612: calls $4
*** TURN *** [5d Qs 7h] [2h]
joaquin612: bets $3.50
MrVern9177: calls $3.50
*** RIVER *** [5d Qs 7h 2h] [4c]
joaquin612: checks 
MrVern9177: bets $4
joaquin612: folds 
Uncalled bet ($4) returned to MrVern9177
MrVern9177 collected $29 from pot
*** SUMMARY ***
Total pot $30 | Rake $1 
Board [5d Qs 7h 2h 4c]
Seat 2: BoyLoc0
Seat 3: elcutez
Seat 1: joaquin612 (big blind) folded on the River
Seat 4: Seevers1986 folded before Flop (didn't bet)
Seat 5: MrVern9177 (button) collected ($29)
Seat 6: sta$igk (small blind) folded on the Flop



PokerStars Hand #254593572314:  Hold'em No Limit ($0.50/$1.00 USD) - 2025/01/28 18:56:35 WET [2025/01/28 13:56:35 ET]
Table 'Oljato' 6-max Seat #6 is the button
Seat 3: elcutez ($98.50 in chips) is sitting out
Seat 1: joaquin612 ($100 in chips) 
Seat 2: BoyLoc0 ($100 in chips) 
Seat 4: Seevers1986 ($84.22 in chips) 
Seat 5: MrVern9177 ($107.30 in chips) 
Seat 6: sta$igk ($100 in chips) 
joaquin612: posts small blind $0.50
BoyLoc0: posts big blind $1
*** HOLE CARDS ***
Seevers1986: calls $1
MrVern9177: folds 
sta$igk: folds 
joaquin612: folds 
BoyLoc0: checks 
*** FLOP *** [9d 5s 2c]
BoyLoc0: checks 
Seevers1986: checks 
*** TURN *** [9d 5s 2c] [2s]
BoyLoc0: checks 
Seevers1986: bets $2
BoyLoc0: folds 
Uncalled bet ($2) returned to Seevers1986
Seevers1986 collected $2.38 from pot
*** SUMMARY ***
Total pot $2.50 | Rake $0.12 
Board [9d 5s 2c 2s]
Seat 3: elcutez
Seat 1: joaquin612 (small blind) folded before Flop
Seat 2: BoyLoc0 (big blind) folded on the Turn
Seat 4: Seevers1986 collected ($2.38)
Seat 5: MrVern9177 folded before Flop (didn't bet)
Seat 6: sta$igk (button) folded before Flop (didn't bet)



PokerStars Hand #254593587498:  Hold'em No Limit ($0.50/$1.00 USD) - 2025/01/28 18:57:39 WET [2025/01/28 13:57:39 ET]
Table 'Oljato' 6-max Seat #1 is the button
Seat 3: elcutez ($98.50 in chips) is sitting out
Seat 1: joaquin612 ($100 in chips) 
Seat 2: BoyLoc0 ($100 in chips) 
Seat 4: Seevers1986 ($85.60 in chips) 
Seat 5: MrVern9177 ($107.30 in chips) 
Seat 6: sta$igk ($100 in chips) 
BoyLoc0: posts small blind $0.50
Seevers1986: posts big blind $1
*** HOLE CARDS ***
MrVern9177: calls $1
sta$igk: folds 
joaquin612: raises $2.50 to $3.50
BoyLoc0: folds 
Seevers1986: calls $2.50
MrVern9177: calls $2.50
*** FLOP *** [5h 9c 7s]
Seevers1986: checks 
MrVern9177: checks 
joaquin612: checks 
*** TURN *** [5h 9c 7s] [4s]
Seevers1986: bets $4
MrVern9177: folds 
joaquin612: folds 
Uncalled bet ($4) returned to Seevers1986
Seevers1986 collected $10.45 from pot
*** SUMMARY ***
Total pot $11 | Rake $0.55 
Board [5h 9c 7s 4s]
Seat 3: elcutez
Seat 1: joaquin612 (button) folded on the Turn
Seat 2: BoyLoc0 (small blind) folded before Flop
Seat 4: Seevers1986 (big blind) collected ($10.45)
Seat 5: MrVern9177 folded on the Turn
Seat 6: sta$igk folded before Flop (didn't bet)



PokerStars Hand #254593601296:  Hold'em No Limit ($0.50/$1.00 USD) - 2025/01/28 18:58:37 WET [2025/01/28 13:58:37 ET]
Table 'Oljato' 6-max Seat #2 is the button
Seat 3: elcutez ($98.50 in chips) is sitting out
Seat 1: joaquin612 ($100 in chips) 
Seat 2: BoyLoc0 ($100 in chips) 
Seat 4: Seevers1986 ($92.55 in chips) 
Seat 5: MrVern9177 ($103.80 in chips) 
Seat 6: sta$igk ($100 in chips) 
Seevers1986: posts small blind $0.50
MrVern9177: posts big blind $1
*** HOLE CARDS ***
sta$igk: raises $1.50 to $2.50
joaquin612: raises $5.50 to $8
BoyLoc0: folds 
Seevers1986: folds 
MrVern9177: folds 
sta$igk: folds 
Uncalled bet ($5.50) returned to joaquin612
joaquin612 collected $6.50 from pot
joaquin612: doesn't show hand 
*** SUMMARY ***
Total pot $6.50 | Rake $0 
Seat 3: elcutez
Seat 1: joaquin612 collected ($6.50)
Seat 2: BoyLoc0 (button) folded before Flop (didn't bet)
Seat 4: Seevers1986 (small blind) folded before Flop
Seat 5: MrVern9177 (big blind) folded before Flop
Seat 6: sta$igk folded before Flop



PokerStars Hand #254593606155:  Hold'em No Limit ($0.50/$1.00 USD) - 2025/01/28 18:58:58 WET [2025/01/28 13:58:58 ET]
Table 'Oljato' 6-max Seat #4 is the button
Seat 3: elcutez ($98.50 in chips) is sitting out
Seat 1: joaquin612 ($104 in chips) 
Seat 2: BoyLoc0 ($100 in chips) 
Seat 4: Seevers1986 ($92.05 in chips) 
Seat 5: MrVern9177 ($102.80 in chips) 
Seat 6: sta$igk ($100 in chips) 
MrVern9177: posts small blind $0.50
sta$igk: posts big blind $1
*** HOLE CARDS ***
joaquin612: folds 
BoyLoc0: folds 
Seevers1986: calls $1
MrVern9177: calls $0.50
sta$igk: raises $5 to $6
Seevers1986: calls $5
MrVern9177: folds 
*** FLOP *** [6d Kh 9s]
sta$igk: bets $4.08
Seevers1986: calls $4.08
*** TURN *** [6d Kh 9s] [Js]
sta$igk: bets $15.08
Seevers1986: folds 
Uncalled bet ($15.08) returned to sta$igk
sta$igk collected $20.10 from pot
sta$igk: doesn't show hand 
*** SUMMARY ***
Total pot $21.16 | Rake $1.06 
Board [6d Kh 9s Js]
Seat 3: elcutez
Seat 1: joaquin612 folded before Flop (didn't bet)
Seat 2: BoyLoc0 folded before Flop (didn't bet)
Seat 4: Seevers1986 (button) folded on the Turn
Seat 5: MrVern9177 (small blind) folded before Flop
Seat 6: sta$igk (big blind) collected ($20.10)



PokerStars Hand #254593616908:  Hold'em No Limit ($0.50/$1.00 USD) - 2025/01/28 18:59:44 WET [2025/01/28 13:59:44 ET]
Table 'Oljato' 6-max Seat #5 is the button
Seat 3: elcutez ($98.50 in chips) is sitting out
Seat 1: joaquin612 ($104 in chips) 
Seat 2: BoyLoc0 ($100 in chips) 
Seat 4: Seevers1986 ($81.97 in chips) 
Seat 5: MrVern9177 ($101.80 in chips) 
Seat 6: sta$igk ($110.02 in chips) 
sta$igk: posts small blind $0.50
joaquin612: posts big blind $1
*** HOLE CARDS ***
BoyLoc0: folds 
Seevers1986: calls $1
MrVern9177: calls $1
sta$igk: folds 
joaquin612: checks 
*** FLOP *** [7h 8c 2s]
joaquin612: checks 
Seevers1986: checks 
MrVern9177: checks 
*** TURN *** [7h 8c 2s] [Td]
joaquin612: checks 
Seevers1986: checks 
MrVern9177: checks 
*** RIVER *** [7h 8c 2s Td] [As]
joaquin612: checks 
Seevers1986: checks 
MrVern9177: bets $2
joaquin612: folds 
Seevers1986: folds 
Uncalled bet ($2) returned to MrVern9177
MrVern9177 collected $3.32 from pot
*** SUMMARY ***
Total pot $3.50 | Rake $0.18 
Board [7h 8c 2s Td As]
Seat 3: elcutez
Seat 1: joaquin612 (big blind) folded on the River
Seat 2: BoyLoc0 folded before Flop (didn't bet)
Seat 4: Seevers1986 folded on the River
Seat 5: MrVern9177 (button) collected ($3.32)
Seat 6: sta$igk (small blind) folded before Flop



PokerStars Hand #254593833019:  Hold'em No Limit ($0.50/$1.00 USD) - 2025/01/28 19:07:37 WET [2025/01/28 14:07:37 ET]
Table 'Oljato' 6-max Seat #5 is the button
Seat 1: joaquin612 ($100 in chips) 
Seat 2: BoyLoc0 ($100 in chips) 
Seat 3: elcutez ($96.90 in chips) 
Seat 4: Seevers1986 ($92.26 in chips) 
Seat 5: MrVern9177 ($110.88 in chips) 
Seat 6: sta$igk ($124.90 in chips) 
sta$igk: posts small blind $0.50
joaquin612: posts big blind $1
*** HOLE CARDS ***
BoyLoc0: raises $1.50 to $2.50
elcutez: folds 
Seevers1986: calls $2.50
MrVern9177: folds 
sta$igk: folds 
joaquin612: folds 
*** FLOP *** [Jd Td Ks]
BoyLoc0: checks 
Seevers1986: checks 
*** TURN *** [Jd Td Ks] [Tc]
BoyLoc0: bets $4.64
Seevers1986: calls $4.64
*** RIVER *** [Jd Td Ks Tc] [Th]
BoyLoc0: checks 
Seevers1986: checks 
*** SHOW DOWN ***
BoyLoc0: shows [Ac Qs] (a straight, Ten to Ace)
Seevers1986: shows [9d Js] (a full house, Tens full of Jacks)
Seevers1986 collected $14.99 from pot
*** SUMMARY ***
Total pot $15.78 | Rake $0.79 
Board [Jd Td Ks Tc Th]
Seat 1: joaquin612 (big blind) folded before Flop
Seat 2: BoyLoc0 showed [Ac Qs] and lost with a straight, Ten to Ace
Seat 3: elcutez folded before Flop (didn't bet)
Seat 4: Seevers1986 showed [9d Js] and won ($14.99) with a full house, Tens full of Jacks
Seat 5: MrVern9177 (button) folded before Flop (didn't bet)
Seat 6: sta$igk (small blind) folded before Flop



PokerStars Hand #254593850090:  Hold'em No Limit ($0.50/$1.00 USD) - 2025/01/28 19:08:13 WET [2025/01/28 14:08:13 ET]
Table 'Oljato' 6-max Seat #6 is the button
Seat 1: joaquin612 ($100 in chips) 
Seat 2: BoyLoc0 ($100 in chips) 
Seat 3: elcutez ($96.90 in chips) 
Seat 4: Seevers1986 ($100.11 in chips) 
Seat 5: MrVern9177 ($110.88 in chips) 
Seat 6: sta$igk ($124.40 in chips) 
joaquin612: posts small blind $0.50
BoyLoc0: posts big blind $1
*** HOLE CARDS ***
elcutez: folds 
Seevers1986: raises $1 to $2
MrVern9177: folds 
sta$igk: folds 
joaquin612: folds 
BoyLoc0: folds 
Uncalled bet ($1) returned to Seevers1986
Seevers1986 collected $2.50 from pot
*** SUMMARY ***
Total pot $2.50 | Rake $0 
Seat 1: joaquin612 (small blind) folded before Flop
Seat 2: BoyLoc0 (big blind) folded before Flop
Seat 3: elcutez folded before Flop (didn't bet)
Seat 4: Seevers1986 collected ($2.50)
Seat 5: MrVern9177 folded before Flop (didn't bet)
Seat 6: sta$igk (button) folded before Flop (didn't bet)



PokerStars Hand #254593860413:  Hold'em No Limit ($0.50/$1.00 USD) - 2025/01/28 19:08:36 WET [2025/01/28 14:08:36 ET]
Table 'Oljato' 6-max Seat #1 is the button
Seat 1: joaquin612 ($100 in chips) 
Seat 2: BoyLoc0 ($100 in chips) 
Seat 3: elcutez ($96.90 in chips) 
Seat 4: Seevers1986 ($101.61 in chips) 
Seat 5: MrVern9177 ($110.88 in chips) 
Seat 6: sta$igk ($124.40 in chips) 
BoyLoc0: posts small blind $0.50
elcutez: posts big blind $1
*** HOLE CARDS ***
Seevers1986: folds 
MrVern9177: calls $1
sta$igk: raises $3 to $4
joaquin612: folds 
BoyLoc0: folds 
elcutez: folds 
MrVern9177: folds 
Uncalled bet ($3) returned to sta$igk
sta$igk collected $3.50 from pot
sta$igk: doesn't show hand 
*** SUMMARY ***
Total pot $3.50 | Rake $0 
Seat 1: joaquin612 (button) folded before Flop (didn't bet)
Seat 2: BoyLoc0 (small blind) folded before Flop
Seat 3: elcutez (big blind) folded before Flop
Seat 4: Seevers1986 folded before Flop (didn't bet)
Seat 5: MrVern9177 folded before Flop
Seat 6: sta$igk collected ($3.50)



PokerStars Hand #254593870374:  Hold'em No Limit ($0.50/$1.00 USD) - 2025/01/28 19:08:57 WET [2025/01/28 14:08:57 ET]
Table 'Oljato' 6-max Seat #2 is the button
Seat 1: joaquin612 ($100 in chips) 
Seat 2: BoyLoc0 ($100 in chips) 
Seat 3: elcutez ($95.90 in chips) 
Seat 4: Seevers1986 ($101.61 in chips) 
Seat 5: MrVern9177 ($109.88 in chips) 
Seat 6: sta$igk ($126.90 in chips) 
elcutez: posts small blind $0.50
Seevers1986: posts big blind $1
*** HOLE CARDS ***
MrVern9177: folds 
sta$igk: folds 
joaquin612: raises $1.50 to $2.50
BoyLoc0: folds 
elcutez: folds 
Seevers1986: calls $1.50
*** FLOP *** [Td Th 8s]
Seevers1986: checks 
joaquin612: bets $1.72
Seevers1986: calls $1.72
*** TURN *** [Td Th 8s] [7d]
Seevers1986: checks 
joaquin612: bets $2.80
Seevers1986: calls $2.80
*** RIVER *** [Td Th 8s 7d] [4d]
Seevers1986: checks 
joaquin612: checks 
*** SHOW DOWN ***
Seevers1986: shows [Ts 8d] (a full house, Tens full of Eights)
joaquin612: mucks hand 
Seevers1986 collected $13.81 from pot
*** SUMMARY ***
Total pot $14.54 | Rake $0.73 
Board [Td Th 8s 7d 4d]
Seat 1: joaquin612 mucked
Seat 2: BoyLoc0 (button) folded before Flop (didn't bet)
Seat 3: elcutez (small blind) folded before Flop
Seat 4: Seevers1986 (big blind) showed [Ts 8d] and won ($13.81) with a full house, Tens full of Eights
Seat 5: MrVern9177 folded before Flop (didn't bet)
Seat 6: sta$igk folded before Flop (didn't bet)



PokerStars Hand #254593897026:  Hold'em No Limit ($0.50/$1.00 USD) - 2025/01/28 19:09:55 WET [2025/01/28 14:09:55 ET]
Table 'Oljato' 6-max Seat #3 is the button
Seat 1: joaquin612 ($100 in chips) 
Seat 2: BoyLoc0 ($100 in chips) 
Seat 3: elcutez ($95.40 in chips) 
Seat 4: Seevers1986 ($108.40 in chips) 
Seat 5: MrVern9177 ($109.88 in chips) 
Seat 6: sta$igk ($126.90 in chips) 
Seevers1986: posts small blind $0.50
MrVern9177: posts big blind $1
*** HOLE CARDS ***
sta$igk: raises $1.50 to $2.50
joaquin612: folds 
BoyLoc0: folds 
elcutez: folds 
Seevers1986: folds 
MrVern9177: calls $1.50
*** FLOP *** [6d 4s Jh]
MrVern9177: bets $2
sta$igk: raises $7 to $9
MrVern9177: folds 
Uncalled bet ($7) returned to sta$igk
sta$igk collected $9.02 from pot
sta$igk: doesn't show hand 
*** SUMMARY ***
Total pot $9.50 | Rake $0.48 
Board [6d 4s Jh]
Seat 1: joaquin612 folded before Flop (didn't bet)
Seat 2: BoyLoc0 folded before Flop (didn't bet)
Seat 3: elcutez (button) folded before Flop (didn't bet)
Seat 4: Seevers1986 (small blind) folded before Flop
Seat 5: MrVern9177 (big blind) folded on the Flop
Seat 6: sta$igk collected ($9.02)



PokerStars Hand #254593911223:  Hold'em No Limit ($0.50/$1.00 USD) - 2025/01/28 19:10:27 WET [2025/01/28 14:10:27 ET]
Table 'Oljato' 6-max Seat #4 is the button
Seat 1: joaquin612 ($100 in chips) 
Seat 2: BoyLoc0 ($100 in chips) 
Seat 3: elcutez ($95.40 in chips) 
Seat 4: Seevers1986 ($107.90 in chips) 
Seat 5: MrVern9177 ($105.38 in chips) 
Seat 6: sta$igk ($131.42 in chips) 
MrVern9177: posts small blind $0.50
sta$igk: posts big blind $1
*** HOLE CARDS ***
joaquin612: folds 
BoyLoc0: folds 
elcutez: folds 
Seevers1986: folds 
MrVern9177: calls $0.50
sta$igk: raises $3 to $4
MrVern9177: folds 
Uncalled bet ($3) returned to sta$igk
sta$igk collected $2 from pot
sta$igk: doesn't show hand 
*** SUMMARY ***
Total pot $2 | Rake $0 
Seat 1: joaquin612 folded before Flop (didn't bet)
Seat 2: BoyLoc0 folded before Flop (didn't bet)
Seat 3: elcutez folded before Flop (didn't bet)
Seat 4: Seevers1986 (button) folded before Flop (didn't bet)
Seat 5: MrVern9177 (small blind) folded before Flop
Seat 6: sta$igk (big blind) collected ($2)



PokerStars Hand #254593918347:  Hold'em No Limit ($0.50/$1.00 USD) - 2025/01/28 19:10:42 WET [2025/01/28 14:10:42 ET]
Table 'Oljato' 6-max Seat #5 is the button
Seat 1: joaquin612 ($100 in chips) 
Seat 2: BoyLoc0 ($100 in chips) 
Seat 3: elcutez ($95.40 in chips) 
Seat 4: Seevers1986 ($107.90 in chips) 
Seat 5: MrVern9177 ($104.38 in chips) 
Seat 6: sta$igk ($132.42 in chips) 
sta$igk: posts small blind $0.50
joaquin612: posts big blind $1
*** HOLE CARDS ***
BoyLoc0: folds 
elcutez: folds 
Seevers1986: raises $1 to $2
MrVern9177: folds 
sta$igk: folds 
joaquin612: folds 
Uncalled bet ($1) returned to Seevers1986
Seevers1986 collected $2.50 from pot
*** SUMMARY ***
Total pot $2.50 | Rake $0 
Seat 1: joaquin612 (big blind) folded before Flop
Seat 2: BoyLoc0 folded before Flop (didn't bet)
Seat 3: elcutez folded before Flop (didn't bet)
Seat 4: Seevers1986 collected ($2.50)
Seat 5: MrVern9177 (button) folded before Flop (didn't bet)
Seat 6: sta$igk (small blind) folded before Flop



PokerStars Hand #254593928588:  Hold'em No Limit ($0.50/$1.00 USD) - 2025/01/28 19:11:05 WET [2025/01/28 14:11:05 ET]
Table 'Oljato' 6-max Seat #6 is the button
Seat 1: joaquin612 ($100 in chips) 
Seat 2: BoyLoc0 ($100 in chips) 
Seat 3: elcutez ($95.40 in chips) 
Seat 4: Seevers1986 ($109.40 in chips) 
Seat 5: MrVern9177 ($104.38 in chips) 
Seat 6: sta$igk ($131.92 in chips) 
joaquin612: posts small blind $0.50
BoyLoc0: posts big blind $1
*** HOLE CARDS ***
elcutez: folds 
Seevers1986: raises $1 to $2
MrVern9177: calls $2
sta$igk: folds 
joaquin612: folds 
BoyLoc0: calls $1
*** FLOP *** [3s 6h Jc]
BoyLoc0: checks 
Seevers1986: bets $2
MrVern9177: folds 
BoyLoc0: calls $2
*** TURN *** [3s 6h Jc] [As]
BoyLoc0: checks 
Seevers1986: bets $3
BoyLoc0: calls $3
*** RIVER *** [3s 6h Jc As] [Jd]
BoyLoc0: checks 
Seevers1986: bets $6
BoyLoc0: calls $6
*** SHOW DOWN ***
Seevers1986: shows [Jh Ah] (a full house, Jacks full of Aces)
BoyLoc0: mucks hand 
Seevers1986 collected $27.08 from pot
*** SUMMARY ***
Total pot $28.50 | Rake $1.42 
Board [3s 6h Jc As Jd]
Seat 1: joaquin612 (small blind) folded before Flop
Seat 2: BoyLoc0 (big blind) mucked
Seat 3: elcutez folded before Flop (didn't bet)
Seat 4: Seevers1986 showed [Jh Ah] and won ($27.08) with a full house, Jacks full of Aces
Seat 5: MrVern9177 folded on the Flop
Seat 6: sta$igk (button) folded before Flop (didn't bet)



PokerStars Hand #254593955991:  Hold'em No Limit ($0.50/$1.00 USD) - 2025/01/28 19:12:08 WET [2025/01/28 14:12:08 ET]
Table 'Oljato' 6-max Seat #1 is the button
Seat 1: joaquin612 ($100 in chips) 
Seat 2: BoyLoc0 ($100 in chips) 
Seat 3: elcutez ($95.40 in chips) 
Seat 4: Seevers1986 ($123.48 in chips) 
Seat 5: MrVern9177 ($102.38 in chips) 
Seat 6: sta$igk ($131.92 in chips) 
BoyLoc0: posts small blind $0.50
elcutez: posts big blind $1
*** HOLE CARDS ***
Seevers1986: calls $1
MrVern9177: folds 
sta$igk: folds 
joaquin612: raises $1.50 to $2.50
BoyLoc0: folds 
elcutez: folds 
Seevers1986: calls $1.50
*** FLOP *** [3h 6h Jc]
Seevers1986: checks 
joaquin612: bets $2.04
Seevers1986: folds 
Uncalled bet ($2.04) returned to joaquin612
joaquin612 collected $6.18 from pot
joaquin612: doesn't show hand 
*** SUMMARY ***
Total pot $6.50 | Rake $0.32 
Board [3h 6h Jc]
Seat 1: joaquin612 (button) collected ($6.18)
Seat 2: BoyLoc0 (small blind) folded before Flop
Seat 3: elcutez (big blind) folded before Flop
Seat 4: Seevers1986 folded on the Flop
Seat 5: MrVern9177 folded before Flop (didn't bet)
Seat 6: sta$igk folded before Flop (didn't bet)



PokerStars Hand #254593971132:  Hold'em No Limit ($0.50/$1.00 USD) - 2025/01/28 19:12:44 WET [2025/01/28 14:12:44 ET]
Table 'Oljato' 6-max Seat #2 is the button
Seat 1: joaquin612 ($103.68 in chips) 
Seat 2: BoyLoc0 ($100 in chips) 
Seat 3: elcutez ($94.40 in chips) 
Seat 4: Seevers1986 ($120.98 in chips) 
Seat 5: MrVern9177 ($102.38 in chips) 
Seat 6: sta$igk ($131.92 in chips) 
elcutez: posts small blind $0.50
Seevers1986: posts big blind $1
*** HOLE CARDS ***
MrVern9177: folds 
sta$igk: raises $1.50 to $2.50
joaquin612: folds 
BoyLoc0: folds 
elcutez: folds 
Seevers1986: folds 
Uncalled bet ($1.50) returned to sta$igk
sta$igk collected $2.50 from pot
sta$igk: doesn't show hand 
*** SUMMARY ***
Total pot $2.50 | Rake $0 
Seat 1: joaquin612 folded before Flop (didn't bet)
Seat 2: BoyLoc0 (button) folded before Flop (didn't bet)
Seat 3: elcutez (small blind) folded before Flop
Seat 4: Seevers1986 (big blind) folded before Flop
Seat 5: MrVern9177 folded before Flop (didn't bet)
Seat 6: sta$igk collected ($2.50)



PokerStars Hand #254593978394:  Hold'em No Limit ($0.50/$1.00 USD) - 2025/01/28 19:13:02 WET [2025/01/28 14:13:02 ET]
Table 'Oljato' 6-max Seat #3 is the button
Seat 1: joaquin612 ($103.68 in chips) 
Seat 2: BoyLoc0 ($100 in chips) 
Seat 3: elcutez ($93.90 in chips) 
Seat 4: Seevers1986 ($119.98 in chips) 
Seat 5: MrVern9177 ($102.38 in chips) 
Seat 6: sta$igk ($133.42 in chips) 
Seevers1986: posts small blind $0.50
MrVern9177: posts big blind $1
*** HOLE CARDS ***
sta$igk: folds 
joaquin612: folds 
BoyLoc0: folds 
elcutez: raises $2.50 to $3.50
Seevers1986: calls $3
MrVern9177: folds 
*** FLOP *** [9s Ah 3c]
Seevers1986: checks 
elcutez: checks 
*** TURN *** [9s Ah 3c] [Ac]
Seevers1986: bets $3
elcutez: raises $5 to $8
Seevers1986: calls $5
*** RIVER *** [9s Ah 3c Ac] [4d]
Seevers1986: checks 
elcutez: checks 
*** SHOW DOWN ***
Seevers1986: shows [9c 9h] (a full house, Nines full of Aces)
elcutez: mucks hand 
Seevers1986 collected $22.80 from pot
*** SUMMARY ***
Total pot $24 | Rake $1.20 
Board [9s Ah 3c Ac 4d]
Seat 1: joaquin612 folded before Flop (didn't bet)
Seat 2: BoyLoc0 folded before Flop (didn't bet)
Seat 3: elcutez (button) mucked
Seat 4: Seevers1986 (small blind) showed [9c 9h] and won ($22.80) with a full house, Nines full of Aces
Seat 5: MrVern9177 (big blind) folded before Flop
Seat 6: sta$igk folded before Flop (didn't bet)



PokerStars Hand #254593995848:  Hold'em No Limit ($0.50/$1.00 USD) - 2025/01/28 19:13:46 WET [2025/01/28 14:13:46 ET]
Table 'Oljato' 6-max Seat #4 is the button
Seat 1: joaquin612 ($103.68 in chips) 
Seat 2: BoyLoc0 ($100 in chips) 
Seat 3: elcutez ($82.40 in chips) 
Seat 4: Seevers1986 ($131.28 in chips) 
Seat 5: MrVern9177 ($101.38 in chips) 
Seat 6: sta$igk ($133.42 in chips) 
MrVern9177: posts small blind $0.50
sta$igk: posts big blind $1
*** HOLE CARDS ***
joaquin612: folds 
BoyLoc0: folds 
elcutez: folds 
Seevers1986: folds 
MrVern9177: calls $0.50
sta$igk: checks 
*** FLOP *** [Ah Qc Ts]
MrVern9177: bets $1
sta$igk: folds 
Uncalled bet ($1) returned to MrVern9177
MrVern9177 collected $1.90 from pot
*** SUMMARY ***
Total pot $2 | Rake $0.10 
Board [Ah Qc Ts]
Seat 1: joaquin612 folded before Flop (didn't bet)
Seat 2: BoyLoc0 folded before Flop (didn't bet)
Seat 3: elcutez folded before Flop (didn't bet)
Seat 4: Seevers1986 (button) folded before Flop (didn't bet)
Seat 5: MrVern9177 (small blind) collected ($1.90)
Seat 6: sta$igk (big blind) folded on the Flop



PokerStars Hand #254594007154:  Hold'em No Limit ($0.50/$1.00 USD) - 2025/01/28 19:14:15 WET [2025/01/28 14:14:15 ET]
Table 'Oljato' 6-max Seat #5 is the button
Seat 1: joaquin612 ($103.68 in chips) 
Seat 2: BoyLoc0 ($100 in chips) 
Seat 3: elcutez ($82.40 in chips) 
Seat 4: Seevers1986 ($131.28 in chips) 
Seat 5: MrVern9177 ($102.28 in chips) 
Seat 6: sta$igk ($132.42 in chips) 
sta$igk: posts small blind $0.50
joaquin612: posts big blind $1
*** HOLE CARDS ***
BoyLoc0: folds 
elcutez: folds 
Seevers1986: folds 
MrVern9177: calls $1
sta$igk: calls $0.50
joaquin612: checks 
*** FLOP *** [8h Tc 3d]
sta$igk: checks 
joaquin612: checks 
MrVern9177: checks 
*** TURN *** [8h Tc 3d] [8d]
sta$igk: bets $2.14
joaquin612: folds 
MrVern9177: folds 
Uncalled bet ($2.14) returned to sta$igk
sta$igk collected $2.85 from pot
sta$igk: doesn't show hand 
*** SUMMARY ***
Total pot $3 | Rake $0.15 
Board [8h Tc 3d 8d]
Seat 1: joaquin612 (big blind) folded on the Turn
Seat 2: BoyLoc0 folded before Flop (didn't bet)
Seat 3: elcutez folded before Flop (didn't bet)
Seat 4: Seevers1986 folded before Flop (didn't bet)
Seat 5: MrVern9177 (button) folded on the Turn
Seat 6: sta$igk (small blind) collected ($2.85)



PokerStars Hand #254594022557:  Hold'em No Limit ($0.50/$1.00 USD) - 2025/01/28 19:14:57 WET [2025/01/28 14:14:57 ET]
Table 'Oljato' 6-max Seat #6 is the button
Seat 1: joaquin612 ($102.68 in chips) 
Seat 2: BoyLoc0 ($100 in chips) 
Seat 3: elcutez ($82.40 in chips) 
Seat 4: Seevers1986 ($131.28 in chips) 
Seat 5: MrVern9177 ($101.28 in chips) 
Seat 6: sta$igk ($134.27 in chips) 
joaquin612: posts small blind $0.50
BoyLoc0: posts big blind $1
*** HOLE CARDS ***
elcutez: folds 
Seevers1986: folds 
MrVern9177: folds 
sta$igk: folds 
joaquin612: raises $2 to $3
BoyLoc0: folds 
Uncalled bet ($2) returned to joaquin612
joaquin612 collected $2 from pot
joaquin612: doesn't show hand 
*** SUMMARY ***
Total pot $2 | Rake $0 
Seat 1: joaquin612 (small blind) collected ($2)
Seat 2: BoyLoc0 (big blind) folded before Flop
Seat 3: elcutez folded before Flop (didn't bet)
Seat 4: Seevers1986 folded before Flop (didn't bet)
Seat 5: MrVern9177 folded before Flop (didn't bet)
Seat 6: sta$igk (button) folded before Flop (didn't bet)



PokerStars Hand #254594027804:  Hold'em No Limit ($0.50/$1.00 USD) - 2025/01/28 19:15:11 WET [2025/01/28 14:15:11 ET]
Table 'Oljato' 6-max Seat #1 is the button
Seat 1: joaquin612 ($103.68 in chips) 
Seat 2: BoyLoc0 ($100 in chips) 
Seat 3: elcutez ($82.40 in chips) 
Seat 4: Seevers1986 ($131.28 in chips) 
Seat 5: MrVern9177 ($101.28 in chips) 
Seat 6: sta$igk ($134.27 in chips) 
BoyLoc0: posts small blind $0.50
elcutez: posts big blind $1
*** HOLE CARDS ***
Seevers1986: folds 
MrVern9177: calls $1
sta$igk: raises $3 to $4
joaquin612: folds 
BoyLoc0: folds 
elcutez: folds 
MrVern9177: calls $3
*** FLOP *** [2s Th Ks]
MrVern9177: bets $3
sta$igk: raises $9 to $12
MrVern9177: folds 
Uncalled bet ($9) returned to sta$igk
sta$igk collected $14.72 from pot
sta$igk: doesn't show hand 
*** SUMMARY ***
Total pot $15.50 | Rake $0.78 
Board [2s Th Ks]
Seat 1: joaquin612 (button) folded before Flop (didn't bet)
Seat 2: BoyLoc0 (small blind) folded before Flop
Seat 3: elcutez (big blind) folded before Flop
Seat 4: Seevers1986 folded before Flop (didn't bet)
Seat 5: MrVern9177 folded on the Flop
Seat 6: sta$igk collected ($14.72)



PokerStars Hand #254594044458:  Hold'em No Limit ($0.50/$1.00 USD) - 2025/01/28 19:15:55 WET [2025/01/28 14:15:55 ET]
Table 'Oljato' 6-max Seat #2 is the button
Seat 1: joaquin612 ($103.68 in chips) 
Seat 2: BoyLoc0 ($100 in chips) 
Seat 3: elcutez ($81.40 in chips) 
Seat 4: Seevers1986 ($131.28 in chips) 
Seat 5: MrVern9177 ($94.28 in chips) 
Seat 6: sta$igk ($141.99 in chips) 
elcutez: posts small blind $0.50
Seevers1986: posts big blind $1
*** HOLE CARDS ***
MrVern9177: folds 
sta$igk: raises $1.50 to $2.50
joaquin612: folds 
BoyLoc0: folds 
elcutez: folds 
Seevers1986: calls $1.50
*** FLOP *** [Th 5s Td]
Seevers1986: checks 
sta$igk: bets $1.72
Seevers1986: folds 
Uncalled bet ($1.72) returned to sta$igk
sta$igk collected $5.22 from pot
sta$igk: doesn't show hand 
*** SUMMARY ***
Total pot $5.50 | Rake $0.28 
Board [Th 5s Td]
Seat 1: joaquin612 folded before Flop (didn't bet)
Seat 2: BoyLoc0 (button) folded before Flop (didn't bet)
Seat 3: elcutez (small blind) folded before Flop
Seat 4: Seevers1986 (big blind) folded on the Flop
Seat 5: MrVern9177 folded before Flop (didn't bet)
Seat 6: sta$igk collected ($5.22)



PokerStars Hand #254594555633:  Hold'em No Limit ($0.50/$1.00 USD) - 2025/01/28 19:16:24 WET [2025/01/28 14:16:24 ET]
Table 'Oljato' 6-max Seat #3 is the button
Seat 1: joaquin612 ($103.68 in chips) 
Seat 2: BoyLoc0 ($100 in chips) 
Seat 3: elcutez ($80.90 in chips) 
Seat 4: Seevers1986 ($128.78 in chips) 
Seat 5: MrVern9177 ($94.28 in chips) 
Seat 6: sta$igk ($144.71 in chips) 
Seevers1986: posts small blind $0.50
MrVern9177: posts big blind $1
*** HOLE CARDS ***
sta$igk: folds 
joaquin612: raises $1.50 to $2.50
BoyLoc0: folds 
elcutez: folds 
Seevers1986: folds 
MrVern9177: calls $1.50
*** FLOP *** [8c Qc Ks]
MrVern9177: bets $2
joaquin612: folds 
Uncalled bet ($2) returned to MrVern9177
MrVern9177 collected $5.22 from pot
*** SUMMARY ***
Total pot $5.50 | Rake $0.28 
Board [8c Qc Ks]
Seat 1: joaquin612 folded on the Flop
Seat 2: BoyLoc0 folded before Flop (didn't bet)
Seat 3: elcutez (button) folded before Flop (didn't bet)
Seat 4: Seevers1986 (small blind) folded before Flop
Seat 5: MrVern9177 (big blind) collected ($5.22)
Seat 6: sta$igk folded before Flop (didn't bet)



PokerStars Hand #254594565045:  Hold'em No Limit ($0.50/$1.00 USD) - 2025/01/28 19:16:49 WET [2025/01/28 14:16:49 ET]
Table 'Oljato' 6-max Seat #4 is the button
Seat 1: joaquin612 ($101.18 in chips) 
Seat 2: BoyLoc0 ($100 in chips) 
Seat 3: elcutez ($80.90 in chips) 
Seat 4: Seevers1986 ($128.28 in chips) 
Seat 5: MrVern9177 ($97 in chips) 
Seat 6: sta$igk ($144.71 in chips) 
MrVern9177: posts small blind $0.50
sta$igk: posts big blind $1
*** HOLE CARDS ***
joaquin612: folds 
BoyLoc0: folds 
elcutez: raises $2.50 to $3.50
Seevers1986: calls $3.50
MrVern9177: calls $3
sta$igk: folds 
*** FLOP *** [4h Ad Tc]
MrVern9177: bets $3
elcutez: calls $3
Seevers1986: calls $3
*** TURN *** [4h Ad Tc] [Kh]
MrVern9177: bets $3
elcutez: calls $3
Seevers1986: calls $3
*** RIVER *** [4h Ad Tc Kh] [3d]
MrVern9177: bets $3
elcutez: calls $3
Seevers1986: calls $3
*** SHOW DOWN ***
MrVern9177: shows [Ah 9d] (a pair of Aces)
elcutez: mucks hand 
Seevers1986: mucks hand 
MrVern9177 collected $36.58 from pot
*** SUMMARY ***
Total pot $38.50 | Rake $1.92 
Board [4h Ad Tc Kh 3d]
Seat 1: joaquin612 folded before Flop (didn't bet)
Seat 2: BoyLoc0 folded before Flop (didn't bet)
Seat 3: elcutez mucked
Seat 4: Seevers1986 (button) mucked
Seat 5: MrVern9177 (small blind) showed [Ah 9d] and won ($36.58) with a pair of Aces
Seat 6: sta$igk (big blind) folded before Flop



PokerStars Hand #254594583358:  Hold'em No Limit ($0.50/$1.00 USD) - 2025/01/28 19:17:39 WET [2025/01/28 14:17:39 ET]
Table 'Oljato' 6-max Seat #5 is the button
Seat 1: joaquin612 ($101.18 in chips) 
Seat 2: BoyLoc0 ($100 in chips) 
Seat 3: elcutez ($68.40 in chips) 
Seat 4: Seevers1986 ($115.78 in chips) 
Seat 5: MrVern9177 ($121.08 in chips) 
Seat 6: sta$igk ($143.71 in chips) 
sta$igk: posts small blind $0.50
joaquin612: posts big blind $1
*** HOLE CARDS ***
BoyLoc0: folds 
elcutez: folds 
Seevers1986: calls $1
MrVern9177: calls $1
sta$igk: raises $6 to $7
joaquin612: folds 
Seevers1986: folds 
MrVern9177: folds 
Uncalled bet ($6) returned to sta$igk
sta$igk collected $4 from pot
sta$igk: doesn't show hand 
*** SUMMARY ***
Total pot $4 | Rake $0 
Seat 1: joaquin612 (big blind) folded before Flop
Seat 2: BoyLoc0 folded before Flop (didn't bet)
Seat 3: elcutez folded before Flop (didn't bet)
Seat 4: Seevers1986 folded before Flop
Seat 5: MrVern9177 (button) folded before Flop
Seat 6: sta$igk (small blind) collected ($4)



PokerStars Hand #254594590698:  Hold'em No Limit ($0.50/$1.00 USD) - 2025/01/28 19:17:59 WET [2025/01/28 14:17:59 ET]
Table 'Oljato' 6-max Seat #6 is the button
Seat 1: joaquin612 ($100.18 in chips) 
Seat 2: BoyLoc0 ($100 in chips) 
Seat 3: elcutez ($68.40 in chips) 
Seat 4: Seevers1986 ($114.78 in chips) 
Seat 5: MrVern9177 ($120.08 in chips) 
Seat 6: sta$igk ($146.71 in chips) 
joaquin612: posts small blind $0.50
BoyLoc0: posts big blind $1
*** HOLE CARDS ***
elcutez: folds 
Seevers1986: calls $1
MrVern9177: calls $1
sta$igk: folds 
joaquin612: calls $0.50
BoyLoc0: checks 
*** FLOP *** [Qs 5h Jc]
joaquin612: checks 
BoyLoc0: checks 
Seevers1986: checks 
MrVern9177: bets $2
joaquin612: folds 
BoyLoc0: calls $2
Seevers1986: folds 
*** TURN *** [Qs 5h Jc] [3c]
BoyLoc0: checks 
MrVern9177: bets $2
BoyLoc0: raises $8.70 to $10.70
MrVern9177: folds 
Uncalled bet ($8.70) returned to BoyLoc0
BoyLoc0 collected $11.40 from pot
BoyLoc0: doesn't show hand 
*** SUMMARY ***
Total pot $12 | Rake $0.60 
Board [Qs 5h Jc 3c]
Seat 1: joaquin612 (small blind) folded on the Flop
Seat 2: BoyLoc0 (big blind) collected ($11.40)
Seat 3: elcutez folded before Flop (didn't bet)
Seat 4: Seevers1986 folded on the Flop
Seat 5: MrVern9177 folded on the Turn
Seat 6: sta$igk (button) folded before Flop (didn't bet)



PokerStars Hand #254594606383:  Hold'em No Limit ($0.50/$1.00 USD) - 2025/01/28 19:18:42 WET [2025/01/28 14:18:42 ET]
Table 'Oljato' 6-max Seat #1 is the button
Seat 1: joaquin612 ($100 in chips) 
Seat 2: BoyLoc0 ($106.40 in chips) 
Seat 3: elcutez ($68.40 in chips) 
Seat 4: Seevers1986 ($113.78 in chips) 
Seat 5: MrVern9177 ($115.08 in chips) 
Seat 6: sta$igk ($146.71 in chips) 
BoyLoc0: posts small blind $0.50
elcutez: posts big blind $1
*** HOLE CARDS ***
Seevers1986: folds 
MrVern9177: folds 
sta$igk: folds 
joaquin612: folds 
BoyLoc0: raises $2 to $3
elcutez: calls $2
*** FLOP *** [Qs 9h 6c]
BoyLoc0: bets $1.88
elcutez: folds 
Uncalled bet ($1.88) returned to BoyLoc0
BoyLoc0 collected $5.70 from pot
BoyLoc0: doesn't show hand 
*** SUMMARY ***
Total pot $6 | Rake $0.30 
Board [Qs 9h 6c]
Seat 1: joaquin612 (button) folded before Flop (didn't bet)
Seat 2: BoyLoc0 (small blind) collected ($5.70)
Seat 3: elcutez (big blind) folded on the Flop
Seat 4: Seevers1986 folded before Flop (didn't bet)
Seat 5: MrVern9177 folded before Flop (didn't bet)
Seat 6: sta$igk folded before Flop (didn't bet)



PokerStars Hand #254594618577:  Hold'em No Limit ($0.50/$1.00 USD) - 2025/01/28 19:19:17 WET [2025/01/28 14:19:17 ET]
Table 'Oljato' 6-max Seat #2 is the button
Seat 1: joaquin612 ($100 in chips) 
Seat 2: BoyLoc0 ($109.10 in chips) 
Seat 3: elcutez ($65.40 in chips) 
Seat 4: Seevers1986 ($113.78 in chips) 
Seat 5: MrVern9177 ($115.08 in chips) 
Seat 6: sta$igk ($146.71 in chips) 
elcutez: posts small blind $0.50
Seevers1986: posts big blind $1
*** HOLE CARDS ***
MrVern9177: calls $1
sta$igk: folds 
joaquin612: folds 
BoyLoc0: folds 
elcutez: calls $0.50
Seevers1986: checks 
*** FLOP *** [Qh Ks 7s]
elcutez: checks 
Seevers1986: checks 
MrVern9177: checks 
*** TURN *** [Qh Ks 7s] [7c]
elcutez: bets $1.43
Seevers1986: calls $1.43
MrVern9177: calls $1.43
*** RIVER *** [Qh Ks 7s 7c] [9h]
elcutez: checks 
Seevers1986: checks 
MrVern9177: bets $5
elcutez: folds 
Seevers1986: calls $5
*** SHOW DOWN ***
MrVern9177: shows [Jc Td] (a straight, Nine to King)
Seevers1986: mucks hand 
MrVern9177 collected $16.43 from pot
*** SUMMARY ***
Total pot $17.29 | Rake $0.86 
Board [Qh Ks 7s 7c 9h]
Seat 1: joaquin612 folded before Flop (didn't bet)
Seat 2: BoyLoc0 (button) folded before Flop (didn't bet)
Seat 3: elcutez (small blind) folded on the River
Seat 4: Seevers1986 (big blind) mucked
Seat 5: MrVern9177 showed [Jc Td] and won ($16.43) with a straight, Nine to King
Seat 6: sta$igk folded before Flop (didn't bet)



PokerStars Hand #254594642205:  Hold'em No Limit ($0.50/$1.00 USD) - 2025/01/28 19:20:24 WET [2025/01/28 14:20:24 ET]
Table 'Oljato' 6-max Seat #3 is the button
Seat 1: joaquin612 ($100 in chips) 
Seat 2: BoyLoc0 ($109.10 in chips) 
Seat 3: elcutez ($62.97 in chips) 
Seat 4: Seevers1986 ($106.35 in chips) 
Seat 5: MrVern9177 ($124.08 in chips) 
Seat 6: sta$igk ($146.71 in chips) 
Seevers1986: posts small blind $0.50
MrVern9177: posts big blind $1
*** HOLE CARDS ***
sta$igk: folds 
joaquin612: folds 
BoyLoc0: raises $1.50 to $2.50
elcutez: folds 
Seevers1986: folds 
MrVern9177: folds 
Uncalled bet ($1.50) returned to BoyLoc0
Seevers1986 leaves the table
BoyLoc0 collected $2.50 from pot
BoyLoc0: doesn't show hand 
*** SUMMARY ***
Total pot $2.50 | Rake $0 
Seat 1: joaquin612 folded before Flop (didn't bet)
Seat 2: BoyLoc0 collected ($2.50)
Seat 3: elcutez (button) folded before Flop (didn't bet)
Seat 4: Seevers1986 (small blind) folded before Flop
Seat 5: MrVern9177 (big blind) folded before Flop
Seat 6: sta$igk folded before Flop (didn't bet)



PokerStars Hand #254594650637:  Hold'em No Limit ($0.50/$1.00 USD) - 2025/01/28 19:20:49 WET [2025/01/28 14:20:49 ET]
Table 'Oljato' 6-max Seat #5 is the button
Seat 1: joaquin612 ($100 in chips) 
Seat 2: BoyLoc0 ($110.60 in chips) 
Seat 3: elcutez ($62.97 in chips) 
Seat 5: MrVern9177 ($123.08 in chips) 
Seat 6: sta$igk ($146.71 in chips) 
sta$igk: posts small blind $0.50
joaquin612: posts big blind $1
*** HOLE CARDS ***
BoyLoc0: raises $1.50 to $2.50
elcutez: calls $2.50
MrVern9177: folds 
sta$igk: folds 
joaquin612: folds 
*** FLOP *** [5d 3s 3c]
BoyLoc0: bets $4.64
elcutez: calls $4.64
*** TURN *** [5d 3s 3c] [5h]
BoyLoc0: checks 
elcutez: checks 
*** RIVER *** [5d 3s 3c 5h] [Kd]
BoyLoc0: bets $11.24
elcutez: folds 
Uncalled bet ($11.24) returned to BoyLoc0
BoyLoc0 collected $14.99 from pot
BoyLoc0: doesn't show hand 
*** SUMMARY ***
Total pot $15.78 | Rake $0.79 
Board [5d 3s 3c 5h Kd]
Seat 1: joaquin612 (big blind) folded before Flop
Seat 2: BoyLoc0 collected ($14.99)
Seat 3: elcutez folded on the River
Seat 5: MrVern9177 (button) folded before Flop (didn't bet)
Seat 6: sta$igk (small blind) folded before Flop



PokerStars Hand #254594662945:  Hold'em No Limit ($0.50/$1.00 USD) - 2025/01/28 19:21:25 WET [2025/01/28 14:21:25 ET]
Table 'Oljato' 6-max Seat #6 is the button
Seat 1: joaquin612 ($100 in chips) 
Seat 2: BoyLoc0 ($118.45 in chips) 
Seat 3: elcutez ($55.83 in chips) 
Seat 5: MrVern9177 ($123.08 in chips) 
Seat 6: sta$igk ($146.21 in chips) 
joaquin612: posts small blind $0.50
BoyLoc0: posts big blind $1
*** HOLE CARDS ***
elcutez: folds 
MrVern9177: folds 
sta$igk: folds 
joaquin612: folds 
Uncalled bet ($0.50) returned to BoyLoc0
BoyLoc0 collected $1 from pot
BoyLoc0: doesn't show hand 
coeeeelho joins the table at seat #4 
*** SUMMARY ***
Total pot $1 | Rake $0 
Seat 1: joaquin612 (small blind) folded before Flop
Seat 2: BoyLoc0 (big blind) collected ($1)
Seat 3: elcutez folded before Flop (didn't bet)
Seat 5: MrVern9177 folded before Flop (didn't bet)
Seat 6: sta$igk (button) folded before Flop (didn't bet)



PokerStars Hand #254594667864:  Hold'em No Limit ($0.50/$1.00 USD) - 2025/01/28 19:21:40 WET [2025/01/28 14:21:40 ET]
Table 'Oljato' 6-max Seat #1 is the button
Seat 4: coeeeelho ($100 in chips) is sitting out
Seat 1: joaquin612 ($100 in chips) 
Seat 2: BoyLoc0 ($118.95 in chips) 
Seat 3: elcutez ($55.83 in chips) 
Seat 5: MrVern9177 ($123.08 in chips) 
Seat 6: sta$igk ($146.21 in chips) 
BoyLoc0: posts small blind $0.50
elcutez: posts big blind $1
coeeeelho: sits out 
*** HOLE CARDS ***
MrVern9177: folds 
sta$igk: raises $1.50 to $2.50
joaquin612: folds 
BoyLoc0: folds 
elcutez: calls $1.50
*** FLOP *** [Ks Jh 8c]
elcutez: checks 
sta$igk: bets $1.72
elcutez: raises $4.33 to $6.05
sta$igk: folds 
Uncalled bet ($4.33) returned to elcutez
elcutez collected $8.49 from pot
*** SUMMARY ***
Total pot $8.94 | Rake $0.45 
Board [Ks Jh 8c]
Seat 4: coeeeelho
Seat 1: joaquin612 (button) folded before Flop (didn't bet)
Seat 2: BoyLoc0 (small blind) folded before Flop
Seat 3: elcutez (big blind) collected ($8.49)
Seat 5: MrVern9177 folded before Flop (didn't bet)
Seat 6: sta$igk folded on the Flop



PokerStars Hand #254594686729:  Hold'em No Limit ($0.50/$1.00 USD) - 2025/01/28 19:22:36 WET [2025/01/28 14:22:36 ET]
Table 'Oljato' 6-max Seat #2 is the button
Seat 1: joaquin612 ($100 in chips) 
Seat 2: BoyLoc0 ($118.45 in chips) 
Seat 3: elcutez ($60.10 in chips) 
Seat 4: coeeeelho ($100 in chips) 
Seat 5: MrVern9177 ($123.08 in chips) 
Seat 6: sta$igk ($141.99 in chips) 
elcutez: posts small blind $0.50
coeeeelho: posts big blind $1
*** HOLE CARDS ***
MrVern9177: folds 
sta$igk: folds 
joaquin612: folds 
BoyLoc0: raises $1.50 to $2.50
elcutez: folds 
coeeeelho: folds 
Uncalled bet ($1.50) returned to BoyLoc0
BoyLoc0 collected $2.50 from pot
BoyLoc0: doesn't show hand 
*** SUMMARY ***
Total pot $2.50 | Rake $0 
Seat 1: joaquin612 folded before Flop (didn't bet)
Seat 2: BoyLoc0 (button) collected ($2.50)
Seat 3: elcutez (small blind) folded before Flop
Seat 4: coeeeelho (big blind) folded before Flop
Seat 5: MrVern9177 folded before Flop (didn't bet)
Seat 6: sta$igk folded before Flop (didn't bet)



PokerStars Hand #254594693161:  Hold'em No Limit ($0.50/$1.00 USD) - 2025/01/28 19:22:56 WET [2025/01/28 14:22:56 ET]
Table 'Oljato' 6-max Seat #3 is the button
Seat 1: joaquin612 ($100 in chips) 
Seat 2: BoyLoc0 ($119.95 in chips) 
Seat 3: elcutez ($59.60 in chips) 
Seat 4: coeeeelho ($100 in chips) 
Seat 5: MrVern9177 ($123.08 in chips) 
Seat 6: sta$igk ($141.99 in chips) 
coeeeelho: posts small blind $0.50
MrVern9177: posts big blind $1
*** HOLE CARDS ***
sta$igk: folds 
joaquin612: folds 
BoyLoc0: raises $1.50 to $2.50
elcutez: folds 
coeeeelho: folds 
MrVern9177: folds 
Uncalled bet ($1.50) returned to BoyLoc0
BoyLoc0 collected $2.50 from pot
BoyLoc0: doesn't show hand 
*** SUMMARY ***
Total pot $2.50 | Rake $0 
Seat 1: joaquin612 folded before Flop (didn't bet)
Seat 2: BoyLoc0 collected ($2.50)
Seat 3: elcutez (button) folded before Flop (didn't bet)
Seat 4: coeeeelho (small blind) folded before Flop
Seat 5: MrVern9177 (big blind) folded before Flop
Seat 6: sta$igk folded before Flop (didn't bet)



PokerStars Hand #254594700459:  Hold'em No Limit ($0.50/$1.00 USD) - 2025/01/28 19:23:18 WET [2025/01/28 14:23:18 ET]
Table 'Oljato' 6-max Seat #4 is the button
Seat 1: joaquin612 ($100 in chips) 
Seat 2: BoyLoc0 ($121.45 in chips) 
Seat 3: elcutez ($59.60 in chips) 
Seat 4: coeeeelho ($100 in chips) 
Seat 5: MrVern9177 ($122.08 in chips) 
Seat 6: sta$igk ($141.99 in chips) 
MrVern9177: posts small blind $0.50
sta$igk: posts big blind $1
*** HOLE CARDS ***
joaquin612: folds 
BoyLoc0: folds 
elcutez: folds 
coeeeelho: raises $1.20 to $2.20
MrVern9177: folds 
sta$igk: calls $1.20
*** FLOP *** [9h Qh 7s]
sta$igk: checks 
coeeeelho: bets $3.50
sta$igk: calls $3.50
*** TURN *** [9h Qh 7s] [2h]
sta$igk: checks 
coeeeelho: bets $5.65
sta$igk: folds 
Uncalled bet ($5.65) returned to coeeeelho
coeeeelho collected $11.30 from pot
*** SUMMARY ***
Total pot $11.90 | Rake $0.60 
Board [9h Qh 7s 2h]
Seat 1: joaquin612 folded before Flop (didn't bet)
Seat 2: BoyLoc0 folded before Flop (didn't bet)
Seat 3: elcutez folded before Flop (didn't bet)
Seat 4: coeeeelho (button) collected ($11.30)
Seat 5: MrVern9177 (small blind) folded before Flop
Seat 6: sta$igk (big blind) folded on the Turn



PokerStars Hand #254594717008:  Hold'em No Limit ($0.50/$1.00 USD) - 2025/01/28 19:24:09 WET [2025/01/28 14:24:09 ET]
Table 'Oljato' 6-max Seat #5 is the button
Seat 1: joaquin612 ($100 in chips) 
Seat 2: BoyLoc0 ($121.45 in chips) 
Seat 3: elcutez ($59.60 in chips) 
Seat 4: coeeeelho ($105.60 in chips) 
Seat 5: MrVern9177 ($121.58 in chips) 
Seat 6: sta$igk ($136.29 in chips) 
sta$igk: posts small blind $0.50
joaquin612: posts big blind $1
*** HOLE CARDS ***
BoyLoc0: folds 
elcutez: folds 
coeeeelho: raises $1.30 to $2.30
MrVern9177: folds 
sta$igk: folds 
joaquin612: calls $1.30
*** FLOP *** [Kc 3c 7d]
joaquin612: checks 
coeeeelho: bets $1.60
joaquin612: folds 
Uncalled bet ($1.60) returned to coeeeelho
coeeeelho collected $4.84 from pot
*** SUMMARY ***
Total pot $5.10 | Rake $0.26 
Board [Kc 3c 7d]
Seat 1: joaquin612 (big blind) folded on the Flop
Seat 2: BoyLoc0 folded before Flop (didn't bet)
Seat 3: elcutez folded before Flop (didn't bet)
Seat 4: coeeeelho collected ($4.84)
Seat 5: MrVern9177 (button) folded before Flop (didn't bet)
Seat 6: sta$igk (small blind) folded before Flop



PokerStars Hand #254594725757:  Hold'em No Limit ($0.50/$1.00 USD) - 2025/01/28 19:24:35 WET [2025/01/28 14:24:35 ET]
Table 'Oljato' 6-max Seat #6 is the button
Seat 1: joaquin612 ($100 in chips) 
Seat 2: BoyLoc0 ($121.45 in chips) 
Seat 3: elcutez ($59.60 in chips) 
Seat 4: coeeeelho ($108.14 in chips) 
Seat 5: MrVern9177 ($121.58 in chips) 
Seat 6: sta$igk ($135.79 in chips) 
joaquin612: posts small blind $0.50
BoyLoc0: posts big blind $1
*** HOLE CARDS ***
elcutez: folds 
coeeeelho: folds 
MrVern9177: calls $1
sta$igk: folds 
joaquin612: calls $0.50
BoyLoc0: checks 
*** FLOP *** [Js Qh 6s]
joaquin612: checks 
BoyLoc0: checks 
MrVern9177: checks 
*** TURN *** [Js Qh 6s] [5s]
joaquin612: checks 
BoyLoc0: checks 
MrVern9177: bets $2
joaquin612: folds 
BoyLoc0: folds 
Uncalled bet ($2) returned to MrVern9177
MrVern9177 collected $2.85 from pot
*** SUMMARY ***
Total pot $3 | Rake $0.15 
Board [Js Qh 6s 5s]
Seat 1: joaquin612 (small blind) folded on the Turn
Seat 2: BoyLoc0 (big blind) folded on the Turn
Seat 3: elcutez folded before Flop (didn't bet)
Seat 4: coeeeelho folded before Flop (didn't bet)
Seat 5: MrVern9177 collected ($2.85)
Seat 6: sta$igk (button) folded before Flop (didn't bet)



PokerStars Hand #254594742890:  Hold'em No Limit ($0.50/$1.00 USD) - 2025/01/28 19:25:28 WET [2025/01/28 14:25:28 ET]
Table 'Oljato' 6-max Seat #1 is the button
Seat 1: joaquin612 ($100 in chips) 
Seat 2: BoyLoc0 ($120.45 in chips) 
Seat 3: elcutez ($59.60 in chips) 
Seat 4: coeeeelho ($108.14 in chips) 
Seat 5: MrVern9177 ($123.43 in chips) 
Seat 6: sta$igk ($135.79 in chips) 
BoyLoc0: posts small blind $0.50
elcutez: posts big blind $1
*** HOLE CARDS ***
coeeeelho: folds 
MrVern9177: folds 
sta$igk: folds 
joaquin612: folds 
BoyLoc0: folds 
Uncalled bet ($0.50) returned to elcutez
elcutez collected $1 from pot
*** SUMMARY ***
Total pot $1 | Rake $0 
Seat 1: joaquin612 (button) folded before Flop (didn't bet)
Seat 2: BoyLoc0 (small blind) folded before Flop
Seat 3: elcutez (big blind) collected ($1)
Seat 4: coeeeelho folded before Flop (didn't bet)
Seat 5: MrVern9177 folded before Flop (didn't bet)
Seat 6: sta$igk folded before Flop (didn't bet)



PokerStars Hand #254594749110:  Hold'em No Limit ($0.50/$1.00 USD) - 2025/01/28 19:25:47 WET [2025/01/28 14:25:47 ET]
Table 'Oljato' 6-max Seat #2 is the button
Seat 1: joaquin612 ($100 in chips) 
Seat 2: BoyLoc0 ($119.95 in chips) 
Seat 3: elcutez ($60.10 in chips) 
Seat 4: coeeeelho ($108.14 in chips) 
Seat 5: MrVern9177 ($123.43 in chips) 
Seat 6: sta$igk ($135.79 in chips) 
elcutez: posts small blind $0.50
coeeeelho: posts big blind $1
*** HOLE CARDS ***
MrVern9177: folds 
sta$igk: raises $1.50 to $2.50
joaquin612: folds 
BoyLoc0: folds 
elcutez: folds 
coeeeelho: calls $1.50
*** FLOP *** [4s 6h 3c]
coeeeelho: checks 
sta$igk: bets $1.72
coeeeelho: calls $1.72
*** TURN *** [4s 6h 3c] [Qd]
coeeeelho: checks 
sta$igk: bets $6.37
coeeeelho: folds 
Uncalled bet ($6.37) returned to sta$igk
sta$igk collected $8.49 from pot
sta$igk: doesn't show hand 
*** SUMMARY ***
Total pot $8.94 | Rake $0.45 
Board [4s 6h 3c Qd]
Seat 1: joaquin612 folded before Flop (didn't bet)
Seat 2: BoyLoc0 (button) folded before Flop (didn't bet)
Seat 3: elcutez (small blind) folded before Flop
Seat 4: coeeeelho (big blind) folded on the Turn
Seat 5: MrVern9177 folded before Flop (didn't bet)
Seat 6: sta$igk collected ($8.49)



PokerStars Hand #254594767214:  Hold'em No Limit ($0.50/$1.00 USD) - 2025/01/28 19:26:44 WET [2025/01/28 14:26:44 ET]
Table 'Oljato' 6-max Seat #3 is the button
Seat 1: joaquin612 ($100 in chips) 
Seat 2: BoyLoc0 ($119.95 in chips) 
Seat 3: elcutez ($59.60 in chips) 
Seat 4: coeeeelho ($103.92 in chips) 
Seat 5: MrVern9177 ($123.43 in chips) 
Seat 6: sta$igk ($140.06 in chips) 
coeeeelho: posts small blind $0.50
MrVern9177: posts big blind $1
*** HOLE CARDS ***
sta$igk: raises $1.50 to $2.50
joaquin612: raises $4.50 to $7
BoyLoc0: folds 
elcutez: calls $7
coeeeelho: folds 
MrVern9177: folds 
sta$igk: calls $4.50
*** FLOP *** [9c Qh 3c]
sta$igk: checks 
joaquin612: bets $10.69
elcutez: folds 
sta$igk: folds 
Uncalled bet ($10.69) returned to joaquin612
joaquin612 collected $21.38 from pot
joaquin612: doesn't show hand 
*** SUMMARY ***
Total pot $22.50 | Rake $1.12 
Board [9c Qh 3c]
Seat 1: joaquin612 collected ($21.38)
Seat 2: BoyLoc0 folded before Flop (didn't bet)
Seat 3: elcutez (button) folded on the Flop
Seat 4: coeeeelho (small blind) folded before Flop
Seat 5: MrVern9177 (big blind) folded before Flop
Seat 6: sta$igk folded on the Flop



PokerStars Hand #254594784309:  Hold'em No Limit ($0.50/$1.00 USD) - 2025/01/28 19:27:38 WET [2025/01/28 14:27:38 ET]
Table 'Oljato' 6-max Seat #4 is the button
Seat 1: joaquin612 ($114.38 in chips) 
Seat 2: BoyLoc0 ($119.95 in chips) 
Seat 3: elcutez ($52.60 in chips) 
Seat 4: coeeeelho ($103.42 in chips) 
Seat 5: MrVern9177 ($122.43 in chips) 
Seat 6: sta$igk ($133.06 in chips) 
MrVern9177: posts small blind $0.50
sta$igk: posts big blind $1
*** HOLE CARDS ***
joaquin612: raises $1.50 to $2.50
BoyLoc0: folds 
elcutez: folds 
coeeeelho: folds 
MrVern9177: calls $2
sta$igk: folds 
*** FLOP *** [Qc 3c 9c]
MrVern9177: bets $2
joaquin612: raises $7.28 to $9.28
MrVern9177: folds 
Uncalled bet ($7.28) returned to joaquin612
joaquin612 collected $9.50 from pot
joaquin612: doesn't show hand 
*** SUMMARY ***
Total pot $10 | Rake $0.50 
Board [Qc 3c 9c]
Seat 1: joaquin612 collected ($9.50)
Seat 2: BoyLoc0 folded before Flop (didn't bet)
Seat 3: elcutez folded before Flop (didn't bet)
Seat 4: coeeeelho (button) folded before Flop (didn't bet)
Seat 5: MrVern9177 (small blind) folded on the Flop
Seat 6: sta$igk (big blind) folded before Flop



PokerStars Hand #254594798512:  Hold'em No Limit ($0.50/$1.00 USD) - 2025/01/28 19:28:21 WET [2025/01/28 14:28:21 ET]
Table 'Oljato' 6-max Seat #5 is the button
Seat 1: joaquin612 ($119.38 in chips) 
Seat 2: BoyLoc0 ($119.95 in chips) 
Seat 3: elcutez ($52.60 in chips) 
Seat 4: coeeeelho ($103.42 in chips) 
Seat 5: MrVern9177 ($117.93 in chips) 
Seat 6: sta$igk ($132.06 in chips) 
sta$igk: posts small blind $0.50
joaquin612: posts big blind $1
*** HOLE CARDS ***
BoyLoc0: raises $1.50 to $2.50
elcutez: folds 
coeeeelho: folds 
MrVern9177: folds 
sta$igk: folds 
joaquin612: folds 
Uncalled bet ($1.50) returned to BoyLoc0
BoyLoc0 collected $2.50 from pot
BoyLoc0: doesn't show hand 
*** SUMMARY ***
Total pot $2.50 | Rake $0 
Seat 1: joaquin612 (big blind) folded before Flop
Seat 2: BoyLoc0 collected ($2.50)
Seat 3: elcutez folded before Flop (didn't bet)
Seat 4: coeeeelho folded before Flop (didn't bet)
Seat 5: MrVern9177 (button) folded before Flop (didn't bet)
Seat 6: sta$igk (small blind) folded before Flop



PokerStars Hand #254594806473:  Hold'em No Limit ($0.50/$1.00 USD) - 2025/01/28 19:28:45 WET [2025/01/28 14:28:45 ET]
Table 'Oljato' 6-max Seat #6 is the button
Seat 1: joaquin612 ($118.38 in chips) 
Seat 2: BoyLoc0 ($121.45 in chips) 
Seat 3: elcutez ($52.60 in chips) 
Seat 4: coeeeelho ($103.42 in chips) 
Seat 5: MrVern9177 ($117.93 in chips) 
Seat 6: sta$igk ($131.56 in chips) 
joaquin612: posts small blind $0.50
BoyLoc0: posts big blind $1
*** HOLE CARDS ***
elcutez: folds 
coeeeelho: raises $1.20 to $2.20
MrVern9177: calls $2.20
sta$igk: folds 
joaquin612: folds 
BoyLoc0: folds 
*** FLOP *** [Ks Tc 5s]
coeeeelho: checks 
MrVern9177: checks 
*** TURN *** [Ks Tc 5s] [4c]
coeeeelho: checks 
MrVern9177: checks 
*** RIVER *** [Ks Tc 5s 4c] [8d]
coeeeelho: checks 
MrVern9177: bets $3
coeeeelho: folds 
Uncalled bet ($3) returned to MrVern9177
MrVern9177 collected $5.60 from pot
*** SUMMARY ***
Total pot $5.90 | Rake $0.30 
Board [Ks Tc 5s 4c 8d]
Seat 1: joaquin612 (small blind) folded before Flop
Seat 2: BoyLoc0 (big blind) folded before Flop
Seat 3: elcutez folded before Flop (didn't bet)
Seat 4: coeeeelho folded on the River
Seat 5: MrVern9177 collected ($5.60)
Seat 6: sta$igk (button) folded before Flop (didn't bet)



PokerStars Hand #254594823936:  Hold'em No Limit ($0.50/$1.00 USD) - 2025/01/28 19:29:40 WET [2025/01/28 14:29:40 ET]
Table 'Oljato' 6-max Seat #1 is the button
Seat 1: joaquin612 ($117.88 in chips) 
Seat 2: BoyLoc0 ($120.45 in chips) 
Seat 3: elcutez ($52.60 in chips) 
Seat 4: coeeeelho ($101.22 in chips) 
Seat 5: MrVern9177 ($121.33 in chips) 
Seat 6: sta$igk ($131.56 in chips) 
BoyLoc0: posts small blind $0.50
elcutez: posts big blind $1
*** HOLE CARDS ***
coeeeelho: folds 
MrVern9177: folds 
sta$igk: raises $1.50 to $2.50
joaquin612: folds 
BoyLoc0: folds 
elcutez: raises $5.50 to $8
sta$igk: folds 
Uncalled bet ($5.50) returned to elcutez
elcutez collected $5.50 from pot
*** SUMMARY ***
Total pot $5.50 | Rake $0 
Seat 1: joaquin612 (button) folded before Flop (didn't bet)
Seat 2: BoyLoc0 (small blind) folded before Flop
Seat 3: elcutez (big blind) collected ($5.50)
Seat 4: coeeeelho folded before Flop (didn't bet)
Seat 5: MrVern9177 folded before Flop (didn't bet)
Seat 6: sta$igk folded before Flop



PokerStars Hand #254594833831:  Hold'em No Limit ($0.50/$1.00 USD) - 2025/01/28 19:30:09 WET [2025/01/28 14:30:09 ET]
Table 'Oljato' 6-max Seat #2 is the button
Seat 1: joaquin612 ($117.88 in chips) 
Seat 2: BoyLoc0 ($119.95 in chips) 
Seat 3: elcutez ($55.60 in chips) 
Seat 4: coeeeelho ($101.22 in chips) 
Seat 5: MrVern9177 ($121.33 in chips) 
Seat 6: sta$igk ($129.06 in chips) 
elcutez: posts small blind $0.50
coeeeelho: posts big blind $1
*** HOLE CARDS ***
MrVern9177: calls $1
sta$igk: folds 
joaquin612: folds 
BoyLoc0: folds 
elcutez: folds 
coeeeelho: checks 
*** FLOP *** [5h Ad 9s]
coeeeelho: checks 
MrVern9177: bets $1
coeeeelho: folds 
Uncalled bet ($1) returned to MrVern9177
MrVern9177 collected $2.38 from pot
*** SUMMARY ***
Total pot $2.50 | Rake $0.12 
Board [5h Ad 9s]
Seat 1: joaquin612 folded before Flop (didn't bet)
Seat 2: BoyLoc0 (button) folded before Flop (didn't bet)
Seat 3: elcutez (small blind) folded before Flop
Seat 4: coeeeelho (big blind) folded on the Flop
Seat 5: MrVern9177 collected ($2.38)
Seat 6: sta$igk folded before Flop (didn't bet)



PokerStars Hand #254594850440:  Hold'em No Limit ($0.50/$1.00 USD) - 2025/01/28 19:31:00 WET [2025/01/28 14:31:00 ET]
Table 'Oljato' 6-max Seat #3 is the button
Seat 1: joaquin612 ($117.88 in chips) 
Seat 2: BoyLoc0 ($119.95 in chips) 
Seat 3: elcutez ($55.10 in chips) 
Seat 4: coeeeelho ($100.22 in chips) 
Seat 5: MrVern9177 ($122.71 in chips) 
Seat 6: sta$igk ($129.06 in chips) 
coeeeelho: posts small blind $0.50
MrVern9177: posts big blind $1
*** HOLE CARDS ***
sta$igk: folds 
joaquin612: raises $1.50 to $2.50
BoyLoc0: folds 
elcutez: folds 
coeeeelho: raises $8.72 to $11.22
MrVern9177: raises $14.72 to $25.94
joaquin612: folds 
coeeeelho: folds 
Uncalled bet ($14.72) returned to MrVern9177
MrVern9177 collected $24.94 from pot
*** SUMMARY ***
Total pot $24.94 | Rake $0 
Seat 1: joaquin612 folded before Flop
Seat 2: BoyLoc0 folded before Flop (didn't bet)
Seat 3: elcutez (button) folded before Flop (didn't bet)
Seat 4: coeeeelho (small blind) folded before Flop
Seat 5: MrVern9177 (big blind) collected ($24.94)
Seat 6: sta$igk folded before Flop (didn't bet)



PokerStars Hand #254594865821:  Hold'em No Limit ($0.50/$1.00 USD) - 2025/01/28 19:31:46 WET [2025/01/28 14:31:46 ET]
Table 'Oljato' 6-max Seat #4 is the button
Seat 1: joaquin612 ($115.38 in chips) 
Seat 2: BoyLoc0 ($119.95 in chips) 
Seat 3: elcutez ($55.10 in chips) 
Seat 4: coeeeelho ($100 in chips) 
Seat 5: MrVern9177 ($136.43 in chips) 
Seat 6: sta$igk ($129.06 in chips) 
MrVern9177: posts small blind $0.50
sta$igk: posts big blind $1
*** HOLE CARDS ***
joaquin612: folds 
joaquin612 leaves the table
BoyLoc0: raises $1.50 to $2.50
elcutez: folds 
coeeeelho: folds 
MrVern9177: calls $2
sta$igk: folds 
*** FLOP *** [3d Qh 9s]
BGS013 joins the table at seat #1 
MrVern9177: checks 
BoyLoc0: bets $4.28
MrVern9177: calls $4.28
*** TURN *** [3d Qh 9s] [4c]
MrVern9177: checks 
BoyLoc0: bets $10.37
MrVern9177: folds 
Uncalled bet ($10.37) returned to BoyLoc0
BoyLoc0 collected $13.83 from pot
BoyLoc0: doesn't show hand 
*** SUMMARY ***
Total pot $14.56 | Rake $0.73 
Board [3d Qh 9s 4c]
Seat 1: joaquin612 folded before Flop (didn't bet)
Seat 2: BoyLoc0 collected ($13.83)
Seat 3: elcutez folded before Flop (didn't bet)
Seat 4: coeeeelho (button) folded before Flop (didn't bet)
Seat 5: MrVern9177 (small blind) folded on the Turn
Seat 6: sta$igk (big blind) folded before Flop



PokerStars Hand #254594879489:  Hold'em No Limit ($0.50/$1.00 USD) - 2025/01/28 19:32:28 WET [2025/01/28 14:32:28 ET]
Table 'Oljato' 6-max Seat #5 is the button
Seat 1: BGS013 ($100 in chips) 
Seat 2: BoyLoc0 ($127 in chips) 
Seat 3: elcutez ($55.10 in chips) 
Seat 4: coeeeelho ($100 in chips) 
Seat 5: MrVern9177 ($129.65 in chips) 
Seat 6: sta$igk ($128.06 in chips) 
sta$igk: posts small blind $0.50
BGS013: posts big blind $1
*** HOLE CARDS ***
BoyLoc0: folds 
elcutez: folds 
coeeeelho: folds 
MrVern9177: folds 
sta$igk: raises $2 to $3
BGS013: folds 
Uncalled bet ($2) returned to sta$igk
sta$igk collected $2 from pot
sta$igk: doesn't show hand 
*** SUMMARY ***
Total pot $2 | Rake $0 
Seat 1: BGS013 (big blind) folded before Flop
Seat 2: BoyLoc0 folded before Flop (didn't bet)
Seat 3: elcutez folded before Flop (didn't bet)
Seat 4: coeeeelho folded before Flop (didn't bet)
Seat 5: MrVern9177 (button) folded before Flop (didn't bet)
Seat 6: sta$igk (small blind) collected ($2)



PokerStars Hand #254594884018:  Hold'em No Limit ($0.50/$1.00 USD) - 2025/01/28 19:32:41 WET [2025/01/28 14:32:41 ET]
Table 'Oljato' 6-max Seat #6 is the button
Seat 1: BGS013 ($100 in chips) 
Seat 2: BoyLoc0 ($127 in chips) 
Seat 3: elcutez ($55.10 in chips) 
Seat 4: coeeeelho ($100 in chips) 
Seat 5: MrVern9177 ($129.65 in chips) 
Seat 6: sta$igk ($129.06 in chips) 
BGS013: posts small blind $0.50
BoyLoc0: posts big blind $1
*** HOLE CARDS ***
elcutez: folds 
coeeeelho: folds 
MrVern9177: folds 
sta$igk: raises $1.50 to $2.50
BGS013: raises $8.50 to $11
BoyLoc0: folds 
sta$igk: folds 
Uncalled bet ($8.50) returned to BGS013
BGS013 collected $6 from pot
BGS013: doesn't show hand 
*** SUMMARY ***
Total pot $6 | Rake $0 
Seat 1: BGS013 (small blind) collected ($6)
Seat 2: BoyLoc0 (big blind) folded before Flop
Seat 3: elcutez folded before Flop (didn't bet)
Seat 4: coeeeelho folded before Flop (didn't bet)
Seat 5: MrVern9177 folded before Flop (didn't bet)
Seat 6: sta$igk (button) folded before Flop



PokerStars Hand #254594898818:  Hold'em No Limit ($0.50/$1.00 USD) - 2025/01/28 19:33:26 WET [2025/01/28 14:33:26 ET]
Table 'Oljato' 6-max Seat #1 is the button
Seat 1: BGS013 ($103.50 in chips) 
Seat 2: BoyLoc0 ($126 in chips) 
Seat 3: elcutez ($55.10 in chips) 
Seat 4: coeeeelho ($100 in chips) 
Seat 5: MrVern9177 ($129.65 in chips) 
Seat 6: sta$igk ($126.56 in chips) 
BoyLoc0: posts small blind $0.50
elcutez: posts big blind $1
*** HOLE CARDS ***
coeeeelho: raises $1.20 to $2.20
MrVern9177: folds 
sta$igk: folds 
BGS013: folds 
BoyLoc0: folds 
elcutez: folds 
Uncalled bet ($1.20) returned to coeeeelho
coeeeelho collected $2.50 from pot
*** SUMMARY ***
Total pot $2.50 | Rake $0 
Seat 1: BGS013 (button) folded before Flop (didn't bet)
Seat 2: BoyLoc0 (small blind) folded before Flop
Seat 3: elcutez (big blind) folded before Flop
Seat 4: coeeeelho collected ($2.50)
Seat 5: MrVern9177 folded before Flop (didn't bet)
Seat 6: sta$igk folded before Flop (didn't bet)



PokerStars Hand #254594903799:  Hold'em No Limit ($0.50/$1.00 USD) - 2025/01/28 19:33:41 WET [2025/01/28 14:33:41 ET]
Table 'Oljato' 6-max Seat #2 is the button
Seat 1: BGS013 ($103.50 in chips) 
Seat 2: BoyLoc0 ($125.50 in chips) 
Seat 3: elcutez ($54.10 in chips) 
Seat 4: coeeeelho ($101.50 in chips) 
Seat 5: MrVern9177 ($129.65 in chips) 
Seat 6: sta$igk ($126.56 in chips) 
elcutez: posts small blind $0.50
coeeeelho: posts big blind $1
*** HOLE CARDS ***
MrVern9177: folds 
sta$igk: folds 
BGS013: folds 
BoyLoc0: folds 
elcutez: calls $0.50
coeeeelho: raises $3.20 to $4.20
elcutez: raises $49.90 to $54.10 and is all-in
coeeeelho: folds 
Uncalled bet ($49.90) returned to elcutez
elcutez collected $8.40 from pot
*** SUMMARY ***
Total pot $8.40 | Rake $0 
Seat 1: BGS013 folded before Flop (didn't bet)
Seat 2: BoyLoc0 (button) folded before Flop (didn't bet)
Seat 3: elcutez (small blind) collected ($8.40)
Seat 4: coeeeelho (big blind) folded before Flop
Seat 5: MrVern9177 folded before Flop (didn't bet)
Seat 6: sta$igk folded before Flop (didn't bet)



PokerStars Hand #254594917846:  Hold'em No Limit ($0.50/$1.00 USD) - 2025/01/28 19:34:23 WET [2025/01/28 14:34:23 ET]
Table 'Oljato' 6-max Seat #3 is the button
Seat 1: BGS013 ($103.50 in chips) 
Seat 2: BoyLoc0 ($125.50 in chips) 
Seat 3: elcutez ($58.30 in chips) 
Seat 4: coeeeelho ($100 in chips) 
Seat 5: MrVern9177 ($129.65 in chips) 
Seat 6: sta$igk ($126.56 in chips) 
coeeeelho: posts small blind $0.50
MrVern9177: posts big blind $1
*** HOLE CARDS ***
sta$igk: folds 
BGS013: raises $1 to $2
BoyLoc0: folds 
elcutez: folds 
coeeeelho: folds 
MrVern9177: calls $1
*** FLOP *** [Kc 4c Jc]
MrVern9177: bets $2
BGS013: calls $2
*** TURN *** [Kc 4c Jc] [As]
MrVern9177: checks 
BGS013: checks 
*** RIVER *** [Kc 4c Jc As] [9c]
MrVern9177: bets $3
BGS013: folds 
Uncalled bet ($3) returned to MrVern9177
MrVern9177 collected $8.08 from pot
*** SUMMARY ***
Total pot $8.50 | Rake $0.42 
Board [Kc 4c Jc As 9c]
Seat 1: BGS013 folded on the River
Seat 2: BoyLoc0 folded before Flop (didn't bet)
Seat 3: elcutez (button) folded before Flop (didn't bet)
Seat 4: coeeeelho (small blind) folded before Flop
Seat 5: MrVern9177 (big blind) collected ($8.08)
Seat 6: sta$igk folded before Flop (didn't bet)



PokerStars Hand #254594934128:  Hold'em No Limit ($0.50/$1.00 USD) - 2025/01/28 19:35:13 WET [2025/01/28 14:35:13 ET]
Table 'Oljato' 6-max Seat #4 is the button
Seat 1: BGS013 ($100 in chips) 
Seat 2: BoyLoc0 ($125.50 in chips) 
Seat 3: elcutez ($58.30 in chips) 
Seat 4: coeeeelho ($100 in chips) 
Seat 5: MrVern9177 ($133.73 in chips) 
Seat 6: sta$igk ($126.56 in chips) 
MrVern9177: posts small blind $0.50
sta$igk: posts big blind $1
*** HOLE CARDS ***
BGS013: folds 
BoyLoc0: folds 
elcutez: folds 
coeeeelho: raises $1.50 to $2.50
MrVern9177: folds 
sta$igk: folds 
Uncalled bet ($1.50) returned to coeeeelho
coeeeelho collected $2.50 from pot
*** SUMMARY ***
Total pot $2.50 | Rake $0 
Seat 1: BGS013 folded before Flop (didn't bet)
Seat 2: BoyLoc0 folded before Flop (didn't bet)
Seat 3: elcutez folded before Flop (didn't bet)
Seat 4: coeeeelho (button) collected ($2.50)
Seat 5: MrVern9177 (small blind) folded before Flop
Seat 6: sta$igk (big blind) folded before Flop



PokerStars Hand #254594943601:  Hold'em No Limit ($0.50/$1.00 USD) - 2025/01/28 19:35:41 WET [2025/01/28 14:35:41 ET]
Table 'Oljato' 6-max Seat #5 is the button
Seat 1: BGS013 ($100 in chips) 
Seat 2: BoyLoc0 ($125.50 in chips) 
Seat 3: elcutez ($58.30 in chips) 
Seat 4: coeeeelho ($101.50 in chips) 
Seat 5: MrVern9177 ($133.23 in chips) 
Seat 6: sta$igk ($125.56 in chips) 
sta$igk: posts small blind $0.50
BGS013: posts big blind $1
*** HOLE CARDS ***
BoyLoc0: folds 
elcutez: folds 
coeeeelho: folds 
MrVern9177: folds 
sta$igk: folds 
Uncalled bet ($0.50) returned to BGS013
BGS013 collected $1 from pot
BGS013: doesn't show hand 
*** SUMMARY ***
Total pot $1 | Rake $0 
Seat 1: BGS013 (big blind) collected ($1)
Seat 2: BoyLoc0 folded before Flop (didn't bet)
Seat 3: elcutez folded before Flop (didn't bet)
Seat 4: coeeeelho folded before Flop (didn't bet)
Seat 5: MrVern9177 (button) folded before Flop (didn't bet)
Seat 6: sta$igk (small blind) folded before Flop



PokerStars Hand #254594953612:  Hold'em No Limit ($0.50/$1.00 USD) - 2025/01/28 19:36:11 WET [2025/01/28 14:36:11 ET]
Table 'Oljato' 6-max Seat #6 is the button
Seat 1: BGS013 ($100.50 in chips) 
Seat 2: BoyLoc0 ($125.50 in chips) 
Seat 3: elcutez ($58.30 in chips) 
Seat 4: coeeeelho ($101.50 in chips) 
Seat 5: MrVern9177 ($133.23 in chips) 
Seat 6: sta$igk ($125.06 in chips) 
BGS013: posts small blind $0.50
BoyLoc0: posts big blind $1
*** HOLE CARDS ***
elcutez: folds 
coeeeelho: folds 
MrVern9177: calls $1
sta$igk: raises $3 to $4
BGS013: folds 
BoyLoc0: folds 
MrVern9177: calls $3
*** FLOP *** [Qs 3d Qc]
MrVern9177: checks 
sta$igk: bets $2.25
MrVern9177: folds 
Uncalled bet ($2.25) returned to sta$igk
sta$igk collected $9.02 from pot
sta$igk: doesn't show hand 
*** SUMMARY ***
Total pot $9.50 | Rake $0.48 
Board [Qs 3d Qc]
Seat 1: BGS013 (small blind) folded before Flop
Seat 2: BoyLoc0 (big blind) folded before Flop
Seat 3: elcutez folded before Flop (didn't bet)
Seat 4: coeeeelho folded before Flop (didn't bet)
Seat 5: MrVern9177 folded on the Flop
Seat 6: sta$igk (button) collected ($9.02)



PokerStars Hand #254594966716:  Hold'em No Limit ($0.50/$1.00 USD) - 2025/01/28 19:36:51 WET [2025/01/28 14:36:51 ET]
Table 'Oljato' 6-max Seat #1 is the button
Seat 1: BGS013 ($100 in chips) 
Seat 2: BoyLoc0 ($124.50 in chips) 
Seat 3: elcutez ($58.30 in chips) 
Seat 4: coeeeelho ($101.50 in chips) 
Seat 5: MrVern9177 ($129.23 in chips) 
Seat 6: sta$igk ($130.08 in chips) 
BoyLoc0: posts small blind $0.50
elcutez: posts big blind $1
*** HOLE CARDS ***
coeeeelho: raises $1.20 to $2.20
MrVern9177: calls $2.20
sta$igk: folds 
BGS013: folds 
BoyLoc0: folds 
elcutez: folds 
*** FLOP *** [Ts 9d 4d]
coeeeelho: checks 
MrVern9177: bets $2
coeeeelho: folds 
Uncalled bet ($2) returned to MrVern9177
MrVern9177 collected $5.60 from pot
*** SUMMARY ***
Total pot $5.90 | Rake $0.30 
Board [Ts 9d 4d]
Seat 1: BGS013 (button) folded before Flop (didn't bet)
Seat 2: BoyLoc0 (small blind) folded before Flop
Seat 3: elcutez (big blind) folded before Flop
Seat 4: coeeeelho folded on the Flop
Seat 5: MrVern9177 collected ($5.60)
Seat 6: sta$igk folded before Flop (didn't bet)



PokerStars Hand #254594974080:  Hold'em No Limit ($0.50/$1.00 USD) - 2025/01/28 19:37:14 WET [2025/01/28 14:37:14 ET]
Table 'Oljato' 6-max Seat #2 is the button
Seat 1: BGS013 ($100 in chips) 
Seat 2: BoyLoc0 ($124 in chips) 
Seat 3: elcutez ($57.30 in chips) 
Seat 4: coeeeelho ($100 in chips) 
Seat 5: MrVern9177 ($132.63 in chips) 
Seat 6: sta$igk ($130.08 in chips) 
elcutez: posts small blind $0.50
coeeeelho: posts big blind $1
*** HOLE CARDS ***
MrVern9177: folds 
sta$igk: folds 
BGS013: raises $1.50 to $2.50
BoyLoc0: folds 
elcutez: folds 
coeeeelho: folds 
Uncalled bet ($1.50) returned to BGS013
BGS013 collected $2.50 from pot
BGS013: doesn't show hand 
*** SUMMARY ***
Total pot $2.50 | Rake $0 
Seat 1: BGS013 collected ($2.50)
Seat 2: BoyLoc0 (button) folded before Flop (didn't bet)
Seat 3: elcutez (small blind) folded before Flop
Seat 4: coeeeelho (big blind) folded before Flop
Seat 5: MrVern9177 folded before Flop (didn't bet)
Seat 6: sta$igk folded before Flop (didn't bet)



PokerStars Hand #254594985145:  Hold'em No Limit ($0.50/$1.00 USD) - 2025/01/28 19:37:48 WET [2025/01/28 14:37:48 ET]
Table 'Oljato' 6-max Seat #3 is the button
Seat 1: BGS013 ($101.50 in chips) 
Seat 2: BoyLoc0 ($124 in chips) 
Seat 3: elcutez ($56.80 in chips) 
Seat 4: coeeeelho ($100 in chips) 
Seat 5: MrVern9177 ($132.63 in chips) 
Seat 6: sta$igk ($130.08 in chips) 
coeeeelho: posts small blind $0.50
MrVern9177: posts big blind $1
*** HOLE CARDS ***
sta$igk: folds 
BGS013: folds 
BoyLoc0: folds 
elcutez: raises $1 to $2
coeeeelho: folds 
MrVern9177: folds 
Uncalled bet ($1) returned to elcutez
elcutez collected $2.50 from pot
*** SUMMARY ***
Total pot $2.50 | Rake $0 
Seat 1: BGS013 folded before Flop (didn't bet)
Seat 2: BoyLoc0 folded before Flop (didn't bet)
Seat 3: elcutez (button) collected ($2.50)
Seat 4: coeeeelho (small blind) folded before Flop
Seat 5: MrVern9177 (big blind) folded before Flop
Seat 6: sta$igk folded before Flop (didn't bet)



PokerStars Hand #254594994907:  Hold'em No Limit ($0.50/$1.00 USD) - 2025/01/28 19:38:17 WET [2025/01/28 14:38:17 ET]
Table 'Oljato' 6-max Seat #4 is the button
Seat 1: BGS013 ($101.50 in chips) 
Seat 2: BoyLoc0 ($124 in chips) 
Seat 3: elcutez ($58.30 in chips) 
Seat 4: coeeeelho ($100 in chips) 
Seat 5: MrVern9177 ($131.63 in chips) 
Seat 6: sta$igk ($130.08 in chips) 
MrVern9177: posts small blind $0.50
sta$igk: posts big blind $1
*** HOLE CARDS ***
BGS013: folds 
BoyLoc0: folds 
elcutez: folds 
coeeeelho: raises $1.20 to $2.20
MrVern9177: folds 
sta$igk: calls $1.20
*** FLOP *** [5d 8d Ah]
sta$igk: checks 
coeeeelho: bets $1.54
sta$igk: folds 
Uncalled bet ($1.54) returned to coeeeelho
coeeeelho collected $4.66 from pot
*** SUMMARY ***
Total pot $4.90 | Rake $0.24 
Board [5d 8d Ah]
Seat 1: BGS013 folded before Flop (didn't bet)
Seat 2: BoyLoc0 folded before Flop (didn't bet)
Seat 3: elcutez folded before Flop (didn't bet)
Seat 4: coeeeelho (button) collected ($4.66)
Seat 5: MrVern9177 (small blind) folded before Flop
Seat 6: sta$igk (big blind) folded on the Flop



PokerStars Hand #254595008321:  Hold'em No Limit ($0.50/$1.00 USD) - 2025/01/28 19:38:58 WET [2025/01/28 14:38:58 ET]
Table 'Oljato' 6-max Seat #5 is the button
Seat 1: BGS013 ($101.50 in chips) 
Seat 2: BoyLoc0 ($124 in chips) 
Seat 3: elcutez ($58.30 in chips) 
Seat 4: coeeeelho ($102.46 in chips) 
Seat 5: MrVern9177 ($131.13 in chips) 
Seat 6: sta$igk ($127.88 in chips) 
sta$igk: posts small blind $0.50
BGS013: posts big blind $1
*** HOLE CARDS ***
BoyLoc0: folds 
elcutez: raises $1.60 to $2.60
coeeeelho: folds 
MrVern9177: folds 
sta$igk: folds 
BGS013: folds 
Uncalled bet ($1.60) returned to elcutez
elcutez collected $2.50 from pot
*** SUMMARY ***
Total pot $2.50 | Rake $0 
Seat 1: BGS013 (big blind) folded before Flop
Seat 2: BoyLoc0 folded before Flop (didn't bet)
Seat 3: elcutez collected ($2.50)
Seat 4: coeeeelho folded before Flop (didn't bet)
Seat 5: MrVern9177 (button) folded before Flop (didn't bet)
Seat 6: sta$igk (small blind) folded before Flop



PokerStars Hand #254595015021:  Hold'em No Limit ($0.50/$1.00 USD) - 2025/01/28 19:39:19 WET [2025/01/28 14:39:19 ET]
Table 'Oljato' 6-max Seat #6 is the button
Seat 1: BGS013 ($100.50 in chips) 
Seat 2: BoyLoc0 ($124 in chips) 
Seat 3: elcutez ($59.80 in chips) 
Seat 4: coeeeelho ($102.46 in chips) 
Seat 5: MrVern9177 ($131.13 in chips) 
Seat 6: sta$igk ($127.38 in chips) 
BGS013: posts small blind $0.50
BoyLoc0: posts big blind $1
*** HOLE CARDS ***
elcutez: raises $2 to $3
coeeeelho: folds 
MrVern9177: folds 
sta$igk: raises $5 to $8
BGS013: folds 
BoyLoc0: folds 
elcutez: calls $5
*** FLOP *** [9d Ad Qd]
elcutez: checks 
sta$igk: bets $3.32
elcutez: folds 
Uncalled bet ($3.32) returned to sta$igk
sta$igk collected $16.62 from pot
sta$igk: doesn't show hand 
*** SUMMARY ***
Total pot $17.50 | Rake $0.88 
Board [9d Ad Qd]
Seat 1: BGS013 (small blind) folded before Flop
Seat 2: BoyLoc0 (big blind) folded before Flop
Seat 3: elcutez folded on the Flop
Seat 4: coeeeelho folded before Flop (didn't bet)
Seat 5: MrVern9177 folded before Flop (didn't bet)
Seat 6: sta$igk (button) collected ($16.62)



PokerStars Hand #254595027999:  Hold'em No Limit ($0.50/$1.00 USD) - 2025/01/28 19:39:59 WET [2025/01/28 14:39:59 ET]
Table 'Oljato' 6-max Seat #1 is the button
Seat 1: BGS013 ($100 in chips) 
Seat 2: BoyLoc0 ($123 in chips) 
Seat 3: elcutez ($51.80 in chips) 
Seat 4: coeeeelho ($102.46 in chips) 
Seat 5: MrVern9177 ($131.13 in chips) 
Seat 6: sta$igk ($136 in chips) 
BoyLoc0: posts small blind $0.50
elcutez: posts big blind $1
*** HOLE CARDS ***
coeeeelho: folds 
MrVern9177: calls $1
sta$igk: folds 
BGS013: folds 
BoyLoc0: calls $0.50
elcutez: checks 
*** FLOP *** [9c Kh Jh]
BoyLoc0: checks 
elcutez: checks 
MrVern9177: checks 
*** TURN *** [9c Kh Jh] [6h]
BoyLoc0: checks 
elcutez: checks 
MrVern9177: bets $2
BoyLoc0: folds 
elcutez: folds 
Uncalled bet ($2) returned to MrVern9177
MrVern9177 collected $2.85 from pot
*** SUMMARY ***
Total pot $3 | Rake $0.15 
Board [9c Kh Jh 6h]
Seat 1: BGS013 (button) folded before Flop (didn't bet)
Seat 2: BoyLoc0 (small blind) folded on the Turn
Seat 3: elcutez (big blind) folded on the Turn
Seat 4: coeeeelho folded before Flop (didn't bet)
Seat 5: MrVern9177 collected ($2.85)
Seat 6: sta$igk folded before Flop (didn't bet)



PokerStars Hand #254595046710:  Hold'em No Limit ($0.50/$1.00 USD) - 2025/01/28 19:40:58 WET [2025/01/28 14:40:58 ET]
Table 'Oljato' 6-max Seat #2 is the button
Seat 1: BGS013 ($100 in chips) 
Seat 2: BoyLoc0 ($122 in chips) 
Seat 3: elcutez ($50.80 in chips) 
Seat 4: coeeeelho ($102.46 in chips) 
Seat 5: MrVern9177 ($132.98 in chips) 
Seat 6: sta$igk ($136 in chips) 
elcutez: posts small blind $0.50
coeeeelho: posts big blind $1
*** HOLE CARDS ***
MrVern9177: folds 
sta$igk: folds 
BGS013: folds 
BoyLoc0: folds 
elcutez: raises $2 to $3
coeeeelho: folds 
Uncalled bet ($2) returned to elcutez
elcutez collected $2 from pot
*** SUMMARY ***
Total pot $2 | Rake $0 
Seat 1: BGS013 folded before Flop (didn't bet)
Seat 2: BoyLoc0 (button) folded before Flop (didn't bet)
Seat 3: elcutez (small blind) collected ($2)
Seat 4: coeeeelho (big blind) folded before Flop
Seat 5: MrVern9177 folded before Flop (didn't bet)
Seat 6: sta$igk folded before Flop (didn't bet)



PokerStars Hand #254595054181:  Hold'em No Limit ($0.50/$1.00 USD) - 2025/01/28 19:41:21 WET [2025/01/28 14:41:21 ET]
Table 'Oljato' 6-max Seat #3 is the button
Seat 1: BGS013 ($100 in chips) 
Seat 2: BoyLoc0 ($122 in chips) 
Seat 3: elcutez ($51.80 in chips) 
Seat 4: coeeeelho ($101.46 in chips) 
Seat 5: MrVern9177 ($132.98 in chips) 
Seat 6: sta$igk ($136 in chips) 
coeeeelho: posts small blind $0.50
MrVern9177: posts big blind $1
*** HOLE CARDS ***
sta$igk: folds 
BGS013: folds 
BoyLoc0: raises $1.50 to $2.50
elcutez: folds 
coeeeelho: folds 
MrVern9177: folds 
Uncalled bet ($1.50) returned to BoyLoc0
BoyLoc0 collected $2.50 from pot
BoyLoc0: doesn't show hand 
*** SUMMARY ***
Total pot $2.50 | Rake $0 
Seat 1: BGS013 folded before Flop (didn't bet)
Seat 2: BoyLoc0 collected ($2.50)
Seat 3: elcutez (button) folded before Flop (didn't bet)
Seat 4: coeeeelho (small blind) folded before Flop
Seat 5: MrVern9177 (big blind) folded before Flop
Seat 6: sta$igk folded before Flop (didn't bet)



PokerStars Hand #254595059622:  Hold'em No Limit ($0.50/$1.00 USD) - 2025/01/28 19:41:38 WET [2025/01/28 14:41:38 ET]
Table 'Oljato' 6-max Seat #4 is the button
Seat 1: BGS013 ($100 in chips) 
Seat 2: BoyLoc0 ($123.50 in chips) 
Seat 3: elcutez ($51.80 in chips) 
Seat 4: coeeeelho ($100.96 in chips) 
Seat 5: MrVern9177 ($131.98 in chips) 
Seat 6: sta$igk ($136 in chips) 
MrVern9177: posts small blind $0.50
sta$igk: posts big blind $1
*** HOLE CARDS ***
BGS013: raises $1 to $2
BoyLoc0: folds 
elcutez: folds 
coeeeelho: folds 
MrVern9177: raises $1 to $3
sta$igk: folds 
BGS013: calls $1
*** FLOP *** [Jh Ad 6s]
MrVern9177: bets $3
BGS013: folds 
Uncalled bet ($3) returned to MrVern9177
MrVern9177 collected $6.65 from pot
*** SUMMARY ***
Total pot $7 | Rake $0.35 
Board [Jh Ad 6s]
Seat 1: BGS013 folded on the Flop
Seat 2: BoyLoc0 folded before Flop (didn't bet)
Seat 3: elcutez folded before Flop (didn't bet)
Seat 4: coeeeelho (button) folded before Flop (didn't bet)
Seat 5: MrVern9177 (small blind) collected ($6.65)
Seat 6: sta$igk (big blind) folded before Flop



PokerStars Hand #254595073894:  Hold'em No Limit ($0.50/$1.00 USD) - 2025/01/28 19:42:23 WET [2025/01/28 14:42:23 ET]
Table 'Oljato' 6-max Seat #5 is the button
Seat 1: BGS013 ($100 in chips) 
Seat 2: BoyLoc0 ($123.50 in chips) 
Seat 3: elcutez ($51.80 in chips) 
Seat 4: coeeeelho ($100.96 in chips) 
Seat 5: MrVern9177 ($135.63 in chips) 
Seat 6: sta$igk ($135 in chips) 
sta$igk: posts small blind $0.50
BGS013: posts big blind $1
*** HOLE CARDS ***
BoyLoc0: raises $1.50 to $2.50
elcutez: folds 
coeeeelho: folds 
MrVern9177: folds 
sta$igk: raises $6.50 to $9
BGS013: folds 
BoyLoc0: calls $6.50
*** FLOP *** [Jh 3c Td]
sta$igk: bets $13.54
BoyLoc0: folds 
Uncalled bet ($13.54) returned to sta$igk
sta$igk collected $18.05 from pot
sta$igk: doesn't show hand 
*** SUMMARY ***
Total pot $19 | Rake $0.95 
Board [Jh 3c Td]
Seat 1: BGS013 (big blind) folded before Flop
Seat 2: BoyLoc0 folded on the Flop
Seat 3: elcutez folded before Flop (didn't bet)
Seat 4: coeeeelho folded before Flop (didn't bet)
Seat 5: MrVern9177 (button) folded before Flop (didn't bet)
Seat 6: sta$igk (small blind) collected ($18.05)



PokerStars Hand #254595089081:  Hold'em No Limit ($0.50/$1.00 USD) - 2025/01/28 19:43:11 WET [2025/01/28 14:43:11 ET]
Table 'Oljato' 6-max Seat #6 is the button
Seat 1: BGS013 ($100 in chips) 
Seat 2: BoyLoc0 ($114.50 in chips) 
Seat 3: elcutez ($51.80 in chips) 
Seat 4: coeeeelho ($100.96 in chips) 
Seat 5: MrVern9177 ($135.63 in chips) 
Seat 6: sta$igk ($144.05 in chips) 
BGS013: posts small blind $0.50
BoyLoc0: posts big blind $1
*** HOLE CARDS ***
elcutez: folds 
coeeeelho: folds 
MrVern9177: folds 
sta$igk: folds 
BGS013: folds 
Uncalled bet ($0.50) returned to BoyLoc0
BoyLoc0 collected $1 from pot
BoyLoc0: doesn't show hand 
*** SUMMARY ***
Total pot $1 | Rake $0 
Seat 1: BGS013 (small blind) folded before Flop
Seat 2: BoyLoc0 (big blind) collected ($1)
Seat 3: elcutez folded before Flop (didn't bet)
Seat 4: coeeeelho folded before Flop (didn't bet)
Seat 5: MrVern9177 folded before Flop (didn't bet)
Seat 6: sta$igk (button) folded before Flop (didn't bet)



PokerStars Hand #254595094450:  Hold'em No Limit ($0.50/$1.00 USD) - 2025/01/28 19:43:28 WET [2025/01/28 14:43:28 ET]
Table 'Oljato' 6-max Seat #1 is the button
Seat 1: BGS013 ($100 in chips) 
Seat 2: BoyLoc0 ($115 in chips) 
Seat 3: elcutez ($51.80 in chips) 
Seat 4: coeeeelho ($100.96 in chips) 
Seat 5: MrVern9177 ($135.63 in chips) 
Seat 6: sta$igk ($144.05 in chips) 
BoyLoc0: posts small blind $0.50
elcutez: posts big blind $1
*** HOLE CARDS ***
coeeeelho: folds 
MrVern9177: folds 
sta$igk: raises $1.50 to $2.50
BGS013: raises $5.50 to $8
BoyLoc0: folds 
elcutez: folds 
sta$igk: raises $14 to $22
BGS013: calls $14
*** FLOP *** [6h Js Qc]
sta$igk: bets $10.80
BGS013: folds 
Uncalled bet ($10.80) returned to sta$igk
sta$igk collected $43.22 from pot
sta$igk: doesn't show hand 
*** SUMMARY ***
Total pot $45.50 | Rake $2.28 
Board [6h Js Qc]
Seat 1: BGS013 (button) folded on the Flop
Seat 2: BoyLoc0 (small blind) folded before Flop
Seat 3: elcutez (big blind) folded before Flop
Seat 4: coeeeelho folded before Flop (didn't bet)
Seat 5: MrVern9177 folded before Flop (didn't bet)
Seat 6: sta$igk collected ($43.22)



PokerStars Hand #254595109283:  Hold'em No Limit ($0.50/$1.00 USD) - 2025/01/28 19:44:15 WET [2025/01/28 14:44:15 ET]
Table 'Oljato' 6-max Seat #2 is the button
Seat 1: BGS013 ($100 in chips) 
Seat 2: BoyLoc0 ($114.50 in chips) 
Seat 3: elcutez ($50.80 in chips) 
Seat 4: coeeeelho ($100.96 in chips) 
Seat 5: MrVern9177 ($135.63 in chips) 
Seat 6: sta$igk ($165.27 in chips) 
elcutez: posts small blind $0.50
coeeeelho: posts big blind $1
*** HOLE CARDS ***
MrVern9177: folds 
sta$igk: raises $1.50 to $2.50
BGS013: folds 
BoyLoc0: folds 
elcutez: calls $2
coeeeelho: folds 
*** FLOP *** [Jd 9c 9s]
elcutez: checks 
sta$igk: bets $1.43
elcutez: calls $1.43
*** TURN *** [Jd 9c 9s] [9h]
elcutez: checks 
sta$igk: bets $4.21
elcutez: calls $4.21
*** RIVER *** [Jd 9c 9s 9h] [4s]
elcutez: checks 
sta$igk: checks 
*** SHOW DOWN ***
elcutez: shows [As Qh] (three of a kind, Nines)
sta$igk: mucks hand 
elcutez collected $16.42 from pot
*** SUMMARY ***
Total pot $17.28 | Rake $0.86 
Board [Jd 9c 9s 9h 4s]
Seat 1: BGS013 folded before Flop (didn't bet)
Seat 2: BoyLoc0 (button) folded before Flop (didn't bet)
Seat 3: elcutez (small blind) showed [As Qh] and won ($16.42) with three of a kind, Nines
Seat 4: coeeeelho (big blind) folded before Flop
Seat 5: MrVern9177 folded before Flop (didn't bet)
Seat 6: sta$igk mucked



PokerStars Hand #254595124874:  Hold'em No Limit ($0.50/$1.00 USD) - 2025/01/28 19:45:03 WET [2025/01/28 14:45:03 ET]
Table 'Oljato' 6-max Seat #3 is the button
Seat 1: BGS013 ($100 in chips) 
Seat 2: BoyLoc0 ($114.50 in chips) 
Seat 3: elcutez ($59.08 in chips) 
Seat 4: coeeeelho ($100 in chips) 
Seat 5: MrVern9177 ($135.63 in chips) 
Seat 6: sta$igk ($157.13 in chips) 
coeeeelho: posts small blind $0.50
MrVern9177: posts big blind $1
*** HOLE CARDS ***
sta$igk: folds 
BGS013: raises $1 to $2
BoyLoc0: folds 
elcutez: folds 
coeeeelho: folds 
MrVern9177: folds 
Uncalled bet ($1) returned to BGS013
BGS013 collected $2.50 from pot
*** SUMMARY ***
Total pot $2.50 | Rake $0 
Seat 1: BGS013 collected ($2.50)
Seat 2: BoyLoc0 folded before Flop (didn't bet)
Seat 3: elcutez (button) folded before Flop (didn't bet)
Seat 4: coeeeelho (small blind) folded before Flop
Seat 5: MrVern9177 (big blind) folded before Flop
Seat 6: sta$igk folded before Flop (didn't bet)



PokerStars Hand #254595130213:  Hold'em No Limit ($0.50/$1.00 USD) - 2025/01/28 19:45:20 WET [2025/01/28 14:45:20 ET]
Table 'Oljato' 6-max Seat #4 is the button
Seat 1: BGS013 ($101.50 in chips) 
Seat 2: BoyLoc0 ($114.50 in chips) 
Seat 3: elcutez ($59.08 in chips) 
Seat 4: coeeeelho ($100 in chips) 
Seat 5: MrVern9177 ($134.63 in chips) 
Seat 6: sta$igk ($157.13 in chips) 
MrVern9177: posts small blind $0.50
sta$igk: posts big blind $1
*** HOLE CARDS ***
BGS013: folds 
BoyLoc0: folds 
elcutez: raises $2.50 to $3.50
coeeeelho: folds 
MrVern9177: folds 
sta$igk: folds 
Uncalled bet ($2.50) returned to elcutez
elcutez collected $2.50 from pot
*** SUMMARY ***
Total pot $2.50 | Rake $0 
Seat 1: BGS013 folded before Flop (didn't bet)
Seat 2: BoyLoc0 folded before Flop (didn't bet)
Seat 3: elcutez collected ($2.50)
Seat 4: coeeeelho (button) folded before Flop (didn't bet)
Seat 5: MrVern9177 (small blind) folded before Flop
Seat 6: sta$igk (big blind) folded before Flop



PokerStars Hand #254595137075:  Hold'em No Limit ($0.50/$1.00 USD) - 2025/01/28 19:45:41 WET [2025/01/28 14:45:41 ET]
Table 'Oljato' 6-max Seat #5 is the button
Seat 1: BGS013 ($101.50 in chips) is sitting out
Seat 2: BoyLoc0 ($114.50 in chips) 
Seat 3: elcutez ($60.58 in chips) 
Seat 4: coeeeelho ($100 in chips) 
Seat 5: MrVern9177 ($134.13 in chips) 
Seat 6: sta$igk ($156.13 in chips) 
sta$igk: posts small blind $0.50
BGS013: is sitting out 
BoyLoc0: posts big blind $1
*** HOLE CARDS ***
elcutez: folds 
coeeeelho: folds 
MrVern9177: calls $1
BGS013 leaves the table
sta$igk: folds 
BoyLoc0: checks 
*** FLOP *** [4s 4c 5h]
BoyLoc0: checks 
MrVern9177: checks 
*** TURN *** [4s 4c 5h] [5c]
BoyLoc0: bets $1.19
z00mba joins the table at seat #1 
MrVern9177: calls $1.19
*** RIVER *** [4s 4c 5h 5c] [Td]
BoyLoc0: checks 
MrVern9177: checks 
*** SHOW DOWN ***
BoyLoc0: shows [Qh 8s] (two pair, Fives and Fours)
MrVern9177: shows [Jd Kd] (two pair, Fives and Fours - King kicker)
MrVern9177 collected $4.64 from pot
*** SUMMARY ***
Total pot $4.88 | Rake $0.24 
Board [4s 4c 5h 5c Td]
Seat 1: BGS013
Seat 2: BoyLoc0 (big blind) showed [Qh 8s] and lost with two pair, Fives and Fours
Seat 3: elcutez folded before Flop (didn't bet)
Seat 4: coeeeelho folded before Flop (didn't bet)
Seat 5: MrVern9177 (button) showed [Jd Kd] and won ($4.64) with two pair, Fives and Fours
Seat 6: sta$igk (small blind) folded before Flop



PokerStars Hand #254595145977:  Hold'em No Limit ($0.50/$1.00 USD) - 2025/01/28 19:46:08 WET [2025/01/28 14:46:08 ET]
Table 'Oljato' 6-max Seat #6 is the button
Seat 1: z00mba ($100 in chips) is sitting out
Seat 2: BoyLoc0 ($112.31 in chips) 
Seat 3: elcutez ($60.58 in chips) 
Seat 4: coeeeelho ($100 in chips) 
Seat 5: MrVern9177 ($136.58 in chips) 
Seat 6: sta$igk ($155.63 in chips) 
BoyLoc0: posts small blind $0.50
elcutez: posts big blind $1
*** HOLE CARDS ***
coeeeelho: raises $1.10 to $2.10
MrVern9177: calls $2.10
sta$igk: folds 
BoyLoc0: folds 
elcutez: calls $1.10
*** FLOP *** [5s Qs 9d]
elcutez: checks 
coeeeelho: checks 
MrVern9177: bets $2
elcutez: folds 
coeeeelho: folds 
Uncalled bet ($2) returned to MrVern9177
MrVern9177 collected $6.46 from pot
*** SUMMARY ***
Total pot $6.80 | Rake $0.34 
Board [5s Qs 9d]
Seat 1: z00mba
Seat 2: BoyLoc0 (small blind) folded before Flop
Seat 3: elcutez (big blind) folded on the Flop
Seat 4: coeeeelho folded on the Flop
Seat 5: MrVern9177 collected ($6.46)
Seat 6: sta$igk (button) folded before Flop (didn't bet)



PokerStars Hand #254595154771:  Hold'em No Limit ($0.50/$1.00 USD) - 2025/01/28 19:46:36 WET [2025/01/28 14:46:36 ET]
Table 'Oljato' 6-max Seat #2 is the button
Seat 1: z00mba ($100 in chips) is sitting out
Seat 2: BoyLoc0 ($111.81 in chips) 
Seat 3: elcutez ($58.48 in chips) 
Seat 4: coeeeelho ($100 in chips) 
Seat 5: MrVern9177 ($140.94 in chips) 
Seat 6: sta$igk ($155.63 in chips) 
elcutez: posts small blind $0.50
coeeeelho: posts big blind $1
z00mba: sits out 
*** HOLE CARDS ***
MrVern9177: calls $1
sta$igk: folds 
BoyLoc0: folds 
elcutez: calls $0.50
coeeeelho: raises $4 to $5
MrVern9177: folds 
elcutez: folds 
Uncalled bet ($4) returned to coeeeelho
coeeeelho collected $3 from pot
*** SUMMARY ***
Total pot $3 | Rake $0 
Seat 1: z00mba
Seat 2: BoyLoc0 (button) folded before Flop (didn't bet)
Seat 3: elcutez (small blind) folded before Flop
Seat 4: coeeeelho (big blind) collected ($3)
Seat 5: MrVern9177 folded before Flop
Seat 6: sta$igk folded before Flop (didn't bet)



PokerStars Hand #254595161026:  Hold'em No Limit ($0.50/$1.00 USD) - 2025/01/28 19:46:55 WET [2025/01/28 14:46:55 ET]
Table 'Oljato' 6-max Seat #3 is the button
Seat 1: z00mba ($100 in chips) is sitting out
Seat 2: BoyLoc0 ($111.81 in chips) 
Seat 3: elcutez ($57.48 in chips) 
Seat 4: coeeeelho ($102 in chips) 
Seat 5: MrVern9177 ($139.94 in chips) 
Seat 6: sta$igk ($155.63 in chips) 
coeeeelho: posts small blind $0.50
MrVern9177: posts big blind $1
z00mba: sits out 
*** HOLE CARDS ***
sta$igk: folds 
BoyLoc0: folds 
elcutez: folds 
coeeeelho: raises $2 to $3
MrVern9177: folds 
Uncalled bet ($2) returned to coeeeelho
coeeeelho collected $2 from pot
*** SUMMARY ***
Total pot $2 | Rake $0 
Seat 1: z00mba
Seat 2: BoyLoc0 folded before Flop (didn't bet)
Seat 3: elcutez (button) folded before Flop (didn't bet)
Seat 4: coeeeelho (small blind) collected ($2)
Seat 5: MrVern9177 (big blind) folded before Flop
Seat 6: sta$igk folded before Flop (didn't bet)



PokerStars Hand #254595172087:  Hold'em No Limit ($0.50/$1.00 USD) - 2025/01/28 19:47:29 WET [2025/01/28 14:47:29 ET]
Table 'Oljato' 6-max Seat #4 is the button
Seat 1: z00mba ($100 in chips) is sitting out
Seat 2: BoyLoc0 ($111.81 in chips) 
Seat 3: elcutez ($57.48 in chips) 
Seat 4: coeeeelho ($103 in chips) 
Seat 5: MrVern9177 ($138.94 in chips) 
Seat 6: sta$igk ($155.63 in chips) 
MrVern9177: posts small blind $0.50
sta$igk: posts big blind $1
z00mba: sits out 
*** HOLE CARDS ***
BoyLoc0: folds 
elcutez: folds 
coeeeelho: folds 
MrVern9177: calls $0.50
sta$igk: raises $3 to $4
MrVern9177: calls $3
*** FLOP *** [Ks 6h Kd]
MrVern9177: checks 
sta$igk: bets $1.90
MrVern9177: folds 
Uncalled bet ($1.90) returned to sta$igk
sta$igk collected $7.60 from pot
sta$igk: doesn't show hand 
*** SUMMARY ***
Total pot $8 | Rake $0.40 
Board [Ks 6h Kd]
Seat 1: z00mba
Seat 2: BoyLoc0 folded before Flop (didn't bet)
Seat 3: elcutez folded before Flop (didn't bet)
Seat 4: coeeeelho (button) folded before Flop (didn't bet)
Seat 5: MrVern9177 (small blind) folded on the Flop
Seat 6: sta$igk (big blind) collected ($7.60)



PokerStars Hand #254595183930:  Hold'em No Limit ($0.50/$1.00 USD) - 2025/01/28 19:48:06 WET [2025/01/28 14:48:06 ET]
Table 'Oljato' 6-max Seat #5 is the button
Seat 1: z00mba ($100 in chips) 
Seat 2: BoyLoc0 ($111.81 in chips) 
Seat 3: elcutez ($57.48 in chips) 
Seat 4: coeeeelho ($103 in chips) 
Seat 5: MrVern9177 ($134.94 in chips) 
Seat 6: sta$igk ($159.23 in chips) 
sta$igk: posts small blind $0.50
z00mba: posts big blind $1
*** HOLE CARDS ***
BoyLoc0: folds 
elcutez: raises $2 to $3
coeeeelho: folds 
MrVern9177: calls $3
sta$igk: folds 
z00mba: calls $2
*** FLOP *** [4s 7h 9h]
z00mba: checks 
elcutez: checks 
MrVern9177: bets $3
z00mba: folds 
elcutez: raises $6 to $9
MrVern9177: folds 
Uncalled bet ($6) returned to elcutez
elcutez collected $14.72 from pot
*** SUMMARY ***
Total pot $15.50 | Rake $0.78 
Board [4s 7h 9h]
Seat 1: z00mba (big blind) folded on the Flop
Seat 2: BoyLoc0 folded before Flop (didn't bet)
Seat 3: elcutez collected ($14.72)
Seat 4: coeeeelho folded before Flop (didn't bet)
Seat 5: MrVern9177 (button) folded on the Flop
Seat 6: sta$igk (small blind) folded before Flop



PokerStars Hand #254595198259:  Hold'em No Limit ($0.50/$1.00 USD) - 2025/01/28 19:48:50 WET [2025/01/28 14:48:50 ET]
Table 'Oljato' 6-max Seat #6 is the button
Seat 1: z00mba ($100 in chips) 
Seat 2: BoyLoc0 ($111.81 in chips) 
Seat 3: elcutez ($66.20 in chips) 
Seat 4: coeeeelho ($103 in chips) 
Seat 5: MrVern9177 ($128.94 in chips) 
Seat 6: sta$igk ($158.73 in chips) 
z00mba: posts small blind $0.50
BoyLoc0: posts big blind $1
*** HOLE CARDS ***
elcutez: folds 
coeeeelho: folds 
MrVern9177: folds 
sta$igk: folds 
z00mba: raises $2 to $3
BoyLoc0: calls $2
*** FLOP *** [4h Kc Td]
z00mba: checks 
BoyLoc0: checks 
*** TURN *** [4h Kc Td] [3c]
z00mba: checks 
BoyLoc0: checks 
*** RIVER *** [4h Kc Td 3c] [9s]
z00mba: checks 
BoyLoc0: checks 
*** SHOW DOWN ***
z00mba: shows [Jd Ts] (a pair of Tens)
BoyLoc0: mucks hand 
z00mba collected $5.70 from pot
*** SUMMARY ***
Total pot $6 | Rake $0.30 
Board [4h Kc Td 3c 9s]
Seat 1: z00mba (small blind) showed [Jd Ts] and won ($5.70) with a pair of Tens
Seat 2: BoyLoc0 (big blind) mucked
Seat 3: elcutez folded before Flop (didn't bet)
Seat 4: coeeeelho folded before Flop (didn't bet)
Seat 5: MrVern9177 folded before Flop (didn't bet)
Seat 6: sta$igk (button) folded before Flop (didn't bet)



PokerStars Hand #254595208437:  Hold'em No Limit ($0.50/$1.00 USD) - 2025/01/28 19:49:21 WET [2025/01/28 14:49:21 ET]
Table 'Oljato' 6-max Seat #1 is the button
Seat 1: z00mba ($102.70 in chips) 
Seat 2: BoyLoc0 ($108.81 in chips) 
Seat 3: elcutez ($66.20 in chips) 
Seat 4: coeeeelho ($103 in chips) 
Seat 5: MrVern9177 ($128.94 in chips) 
Seat 6: sta$igk ($158.73 in chips) 
BoyLoc0: posts small blind $0.50
elcutez: posts big blind $1
*** HOLE CARDS ***
coeeeelho: folds 
MrVern9177: calls $1
sta$igk: folds 
z00mba: folds 
BoyLoc0: folds 
elcutez: checks 
*** FLOP *** [Jh 7s Tc]
elcutez: checks 
MrVern9177: checks 
*** TURN *** [Jh 7s Tc] [9h]
elcutez: checks 
MrVern9177: bets $3
elcutez: folds 
Uncalled bet ($3) returned to MrVern9177
MrVern9177 collected $2.38 from pot
*** SUMMARY ***
Total pot $2.50 | Rake $0.12 
Board [Jh 7s Tc 9h]
Seat 1: z00mba (button) folded before Flop (didn't bet)
Seat 2: BoyLoc0 (small blind) folded before Flop
Seat 3: elcutez (big blind) folded on the Turn
Seat 4: coeeeelho folded before Flop (didn't bet)
Seat 5: MrVern9177 collected ($2.38)
Seat 6: sta$igk folded before Flop (didn't bet)



PokerStars Hand #254595221780:  Hold'em No Limit ($0.50/$1.00 USD) - 2025/01/28 19:50:02 WET [2025/01/28 14:50:02 ET]
Table 'Oljato' 6-max Seat #2 is the button
Seat 1: z00mba ($102.70 in chips) 
Seat 2: BoyLoc0 ($108.31 in chips) 
Seat 3: elcutez ($65.20 in chips) 
Seat 4: coeeeelho ($103 in chips) 
Seat 5: MrVern9177 ($130.32 in chips) 
Seat 6: sta$igk ($158.73 in chips) 
elcutez: posts small blind $0.50
coeeeelho: posts big blind $1
*** HOLE CARDS ***
MrVern9177: folds 
sta$igk: folds 
z00mba: folds 
BoyLoc0: folds 
elcutez: folds 
Uncalled bet ($0.50) returned to coeeeelho
coeeeelho collected $1 from pot
*** SUMMARY ***
Total pot $1 | Rake $0 
Seat 1: z00mba folded before Flop (didn't bet)
Seat 2: BoyLoc0 (button) folded before Flop (didn't bet)
Seat 3: elcutez (small blind) folded before Flop
Seat 4: coeeeelho (big blind) collected ($1)
Seat 5: MrVern9177 folded before Flop (didn't bet)
Seat 6: sta$igk folded before Flop (didn't bet)



PokerStars Hand #254595227097:  Hold'em No Limit ($0.50/$1.00 USD) - 2025/01/28 19:50:19 WET [2025/01/28 14:50:19 ET]
Table 'Oljato' 6-max Seat #3 is the button
Seat 1: z00mba ($102.70 in chips) 
Seat 2: BoyLoc0 ($108.31 in chips) 
Seat 3: elcutez ($64.70 in chips) 
Seat 4: coeeeelho ($103.50 in chips) 
Seat 5: MrVern9177 ($130.32 in chips) 
Seat 6: sta$igk ($158.73 in chips) 
coeeeelho: posts small blind $0.50
MrVern9177: posts big blind $1
*** HOLE CARDS ***
sta$igk: folds 
z00mba: folds 
BoyLoc0: folds 
elcutez: raises $2 to $3
coeeeelho: folds 
MrVern9177: calls $2
*** FLOP *** [Jd 4h Ah]
MrVern9177: bets $2
elcutez: folds 
Uncalled bet ($2) returned to MrVern9177
MrVern9177 collected $6.18 from pot
*** SUMMARY ***
Total pot $6.50 | Rake $0.32 
Board [Jd 4h Ah]
Seat 1: z00mba folded before Flop (didn't bet)
Seat 2: BoyLoc0 folded before Flop (didn't bet)
Seat 3: elcutez (button) folded on the Flop
Seat 4: coeeeelho (small blind) folded before Flop
Seat 5: MrVern9177 (big blind) collected ($6.18)
Seat 6: sta$igk folded before Flop (didn't bet)



PokerStars Hand #254595233355:  Hold'em No Limit ($0.50/$1.00 USD) - 2025/01/28 19:50:38 WET [2025/01/28 14:50:38 ET]
Table 'Oljato' 6-max Seat #4 is the button
Seat 1: z00mba ($102.70 in chips) 
Seat 2: BoyLoc0 ($108.31 in chips) 
Seat 3: elcutez ($61.70 in chips) 
Seat 4: coeeeelho ($103 in chips) 
Seat 5: MrVern9177 ($133.50 in chips) 
Seat 6: sta$igk ($158.73 in chips) 
MrVern9177: posts small blind $0.50
sta$igk: posts big blind $1
*** HOLE CARDS ***
z00mba: raises $1.50 to $2.50
BoyLoc0: folds 
elcutez: folds 
coeeeelho: folds 
MrVern9177: folds 
sta$igk: folds 
Uncalled bet ($1.50) returned to z00mba
z00mba collected $2.50 from pot
z00mba: doesn't show hand 
*** SUMMARY ***
Total pot $2.50 | Rake $0 
Seat 1: z00mba collected ($2.50)
Seat 2: BoyLoc0 folded before Flop (didn't bet)
Seat 3: elcutez folded before Flop (didn't bet)
Seat 4: coeeeelho (button) folded before Flop (didn't bet)
Seat 5: MrVern9177 (small blind) folded before Flop
Seat 6: sta$igk (big blind) folded before Flop



PokerStars Hand #254595237400:  Hold'em No Limit ($0.50/$1.00 USD) - 2025/01/28 19:50:51 WET [2025/01/28 14:50:51 ET]
Table 'Oljato' 6-max Seat #5 is the button
Seat 1: z00mba ($104.20 in chips) 
Seat 2: BoyLoc0 ($108.31 in chips) 
Seat 3: elcutez ($61.70 in chips) 
Seat 4: coeeeelho ($103 in chips) 
Seat 5: MrVern9177 ($133 in chips) 
Seat 6: sta$igk ($157.73 in chips) 
sta$igk: posts small blind $0.50
z00mba: posts big blind $1
*** HOLE CARDS ***
BoyLoc0: raises $1.50 to $2.50
elcutez: folds 
coeeeelho: folds 
MrVern9177: folds 
sta$igk: folds 
z00mba: folds 
Uncalled bet ($1.50) returned to BoyLoc0
BoyLoc0 collected $2.50 from pot
BoyLoc0: doesn't show hand 
*** SUMMARY ***
Total pot $2.50 | Rake $0 
Seat 1: z00mba (big blind) folded before Flop
Seat 2: BoyLoc0 collected ($2.50)
Seat 3: elcutez folded before Flop (didn't bet)
Seat 4: coeeeelho folded before Flop (didn't bet)
Seat 5: MrVern9177 (button) folded before Flop (didn't bet)
Seat 6: sta$igk (small blind) folded before Flop



PokerStars Hand #254595243134:  Hold'em No Limit ($0.50/$1.00 USD) - 2025/01/28 19:51:08 WET [2025/01/28 14:51:08 ET]
Table 'Oljato' 6-max Seat #6 is the button
Seat 1: z00mba ($103.20 in chips) 
Seat 2: BoyLoc0 ($109.81 in chips) 
Seat 3: elcutez ($61.70 in chips) 
Seat 4: coeeeelho ($103 in chips) 
Seat 5: MrVern9177 ($133 in chips) 
Seat 6: sta$igk ($157.23 in chips) 
z00mba: posts small blind $0.50
BoyLoc0: posts big blind $1
*** HOLE CARDS ***
elcutez: folds 
coeeeelho: folds 
MrVern9177: calls $1
sta$igk: folds 
z00mba: calls $0.50
BoyLoc0: checks 
*** FLOP *** [5h 9d 9s]
z00mba: checks 
BoyLoc0: checks 
MrVern9177: checks 
*** TURN *** [5h 9d 9s] [Td]
z00mba: checks 
BoyLoc0: checks 
MrVern9177: bets $2
z00mba: folds 
BoyLoc0: folds 
Uncalled bet ($2) returned to MrVern9177
MrVern9177 collected $2.85 from pot
*** SUMMARY ***
Total pot $3 | Rake $0.15 
Board [5h 9d 9s Td]
Seat 1: z00mba (small blind) folded on the Turn
Seat 2: BoyLoc0 (big blind) folded on the Turn
Seat 3: elcutez folded before Flop (didn't bet)
Seat 4: coeeeelho folded before Flop (didn't bet)
Seat 5: MrVern9177 collected ($2.85)
Seat 6: sta$igk (button) folded before Flop (didn't bet)



PokerStars Hand #254595265958:  Hold'em No Limit ($0.50/$1.00 USD) - 2025/01/28 19:52:19 WET [2025/01/28 14:52:19 ET]
Table 'Oljato' 6-max Seat #1 is the button
Seat 1: z00mba ($102.20 in chips) 
Seat 2: BoyLoc0 ($108.81 in chips) 
Seat 3: elcutez ($61.70 in chips) 
Seat 4: coeeeelho ($103 in chips) 
Seat 5: MrVern9177 ($134.85 in chips) 
Seat 6: sta$igk ($157.23 in chips) 
BoyLoc0: posts small blind $0.50
elcutez: posts big blind $1
*** HOLE CARDS ***
coeeeelho: raises $1.10 to $2.10
MrVern9177: calls $2.10
sta$igk: folds 
z00mba: folds 
BoyLoc0: folds 
elcutez: folds 
*** FLOP *** [Js 6c 9s]
coeeeelho: checks 
MrVern9177: checks 
*** TURN *** [Js 6c 9s] [2s]
coeeeelho: checks 
MrVern9177: bets $2
coeeeelho: calls $2
*** RIVER *** [Js 6c 9s 2s] [8h]
coeeeelho: checks 
MrVern9177: bets $4
coeeeelho: folds 
Uncalled bet ($4) returned to MrVern9177
MrVern9177 collected $9.22 from pot
*** SUMMARY ***
Total pot $9.70 | Rake $0.48 
Board [Js 6c 9s 2s 8h]
Seat 1: z00mba (button) folded before Flop (didn't bet)
Seat 2: BoyLoc0 (small blind) folded before Flop
Seat 3: elcutez (big blind) folded before Flop
Seat 4: coeeeelho folded on the River
Seat 5: MrVern9177 collected ($9.22)
Seat 6: sta$igk folded before Flop (didn't bet)



PokerStars Hand #254595283593:  Hold'em No Limit ($0.50/$1.00 USD) - 2025/01/28 19:53:13 WET [2025/01/28 14:53:13 ET]
Table 'Oljato' 6-max Seat #2 is the button
Seat 1: z00mba ($102.20 in chips) 
Seat 2: BoyLoc0 ($108.31 in chips) 
Seat 3: elcutez ($60.70 in chips) 
Seat 4: coeeeelho ($100 in chips) 
Seat 5: MrVern9177 ($139.97 in chips) 
Seat 6: sta$igk ($157.23 in chips) 
elcutez: posts small blind $0.50
coeeeelho: posts big blind $1
*** HOLE CARDS ***
MrVern9177: calls $1
sta$igk: folds 
z00mba: folds 
BoyLoc0: folds 
elcutez: calls $0.50
coeeeelho: checks 
*** FLOP *** [Ad 3h As]
elcutez: checks 
coeeeelho: checks 
MrVern9177: checks 
*** TURN *** [Ad 3h As] [2h]
elcutez: checks 
coeeeelho: bets $2.14
MrVern9177: folds 
elcutez: folds 
Uncalled bet ($2.14) returned to coeeeelho
coeeeelho collected $2.85 from pot
*** SUMMARY ***
Total pot $3 | Rake $0.15 
Board [Ad 3h As 2h]
Seat 1: z00mba folded before Flop (didn't bet)
Seat 2: BoyLoc0 (button) folded before Flop (didn't bet)
Seat 3: elcutez (small blind) folded on the Turn
Seat 4: coeeeelho (big blind) collected ($2.85)
Seat 5: MrVern9177 folded on the Turn
Seat 6: sta$igk folded before Flop (didn't bet)



PokerStars Hand #254595294433:  Hold'em No Limit ($0.50/$1.00 USD) - 2025/01/28 19:53:47 WET [2025/01/28 14:53:47 ET]
Table 'Oljato' 6-max Seat #3 is the button
Seat 1: z00mba ($102.20 in chips) 
Seat 2: BoyLoc0 ($108.31 in chips) 
Seat 3: elcutez ($59.70 in chips) 
Seat 4: coeeeelho ($101.85 in chips) 
Seat 5: MrVern9177 ($138.97 in chips) 
Seat 6: sta$igk ($157.23 in chips) 
coeeeelho: posts small blind $0.50
MrVern9177: posts big blind $1
*** HOLE CARDS ***
sta$igk: folds 
z00mba: folds 
BoyLoc0: folds 
elcutez: raises $3 to $4
coeeeelho: folds 
MrVern9177: folds 
Uncalled bet ($3) returned to elcutez
elcutez collected $2.50 from pot
*** SUMMARY ***
Total pot $2.50 | Rake $0 
Seat 1: z00mba folded before Flop (didn't bet)
Seat 2: BoyLoc0 folded before Flop (didn't bet)
Seat 3: elcutez (button) collected ($2.50)
Seat 4: coeeeelho (small blind) folded before Flop
Seat 5: MrVern9177 (big blind) folded before Flop
Seat 6: sta$igk folded before Flop (didn't bet)



PokerStars Hand #254595298054:  Hold'em No Limit ($0.50/$1.00 USD) - 2025/01/28 19:53:58 WET [2025/01/28 14:53:58 ET]
Table 'Oljato' 6-max Seat #4 is the button
Seat 1: z00mba ($102.20 in chips) 
Seat 2: BoyLoc0 ($108.31 in chips) 
Seat 3: elcutez ($61.20 in chips) 
Seat 4: coeeeelho ($101.35 in chips) 
Seat 5: MrVern9177 ($137.97 in chips) 
Seat 6: sta$igk ($157.23 in chips) 
MrVern9177: posts small blind $0.50
sta$igk: posts big blind $1
*** HOLE CARDS ***
z00mba: folds 
BoyLoc0: raises $1.50 to $2.50
elcutez: folds 
coeeeelho: folds 
MrVern9177: folds 
sta$igk: calls $1.50
*** FLOP *** [Kd 9c Jd]
sta$igk: checks 
BoyLoc0: bets $1.72
sta$igk: folds 
Uncalled bet ($1.72) returned to BoyLoc0
BoyLoc0 collected $5.22 from pot
BoyLoc0: doesn't show hand 
*** SUMMARY ***
Total pot $5.50 | Rake $0.28 
Board [Kd 9c Jd]
Seat 1: z00mba folded before Flop (didn't bet)
Seat 2: BoyLoc0 collected ($5.22)
Seat 3: elcutez folded before Flop (didn't bet)
Seat 4: coeeeelho (button) folded before Flop (didn't bet)
Seat 5: MrVern9177 (small blind) folded before Flop
Seat 6: sta$igk (big blind) folded on the Flop



PokerStars Hand #254595312429:  Hold'em No Limit ($0.50/$1.00 USD) - 2025/01/28 19:54:43 WET [2025/01/28 14:54:43 ET]
Table 'Oljato' 6-max Seat #5 is the button
Seat 1: z00mba ($102.20 in chips) 
Seat 2: BoyLoc0 ($111.03 in chips) 
Seat 3: elcutez ($61.20 in chips) 
Seat 4: coeeeelho ($101.35 in chips) 
Seat 5: MrVern9177 ($137.47 in chips) 
Seat 6: sta$igk ($154.73 in chips) 
sta$igk: posts small blind $0.50
z00mba: posts big blind $1
*** HOLE CARDS ***
BoyLoc0: folds 
elcutez: folds 
coeeeelho: raises $1.30 to $2.30
MrVern9177: folds 
sta$igk: folds 
MrVern9177 leaves the table
z00mba: calls $1.30
*** FLOP *** [Jd Ks 3s]
z00mba: checks 
henri789 joins the table at seat #5 
coeeeelho: bets $3.63
z00mba: folds 
Uncalled bet ($3.63) returned to coeeeelho
coeeeelho collected $4.84 from pot
*** SUMMARY ***
Total pot $5.10 | Rake $0.26 
Board [Jd Ks 3s]
Seat 1: z00mba (big blind) folded on the Flop
Seat 2: BoyLoc0 folded before Flop (didn't bet)
Seat 3: elcutez folded before Flop (didn't bet)
Seat 4: coeeeelho collected ($4.84)
Seat 5: MrVern9177 (button) folded before Flop (didn't bet)
Seat 6: sta$igk (small blind) folded before Flop



PokerStars Hand #254595324196:  Hold'em No Limit ($0.50/$1.00 USD) - 2025/01/28 19:55:27 WET [2025/01/28 14:55:27 ET]
Table 'Oljato' 6-max Seat #6 is the button
Seat 5: henri789 ($100 in chips) is sitting out
Seat 1: z00mba ($100 in chips) 
Seat 2: BoyLoc0 ($111.03 in chips) 
Seat 3: elcutez ($61.20 in chips) 
Seat 4: coeeeelho ($103.89 in chips) 
Seat 6: sta$igk ($154.23 in chips) 
z00mba: posts small blind $0.50
BoyLoc0: posts big blind $1
henri789: sits out 
*** HOLE CARDS ***
elcutez: folds 
coeeeelho: raises $1.30 to $2.30
elcutez leaves the table
sta$igk: folds 
z00mba: folds 
BoyLoc0: calls $1.30
*** FLOP *** [7c Ah Ks]
BoyLoc0: checks 
coeeeelho: bets $3.63
BoyLoc0: folds 
Uncalled bet ($3.63) returned to coeeeelho
BoyLoc0 leaves the table
coeeeelho collected $4.84 from pot
*** SUMMARY ***
Total pot $5.10 | Rake $0.26 
Board [7c Ah Ks]
Seat 5: henri789
Seat 1: z00mba (small blind) folded before Flop
Seat 2: BoyLoc0 (big blind) folded on the Flop
Seat 3: elcutez folded before Flop (didn't bet)
Seat 4: coeeeelho collected ($4.84)
Seat 6: sta$igk (button) folded before Flop (didn't bet)



