PokerStars Hand #254600909110:  Hold'em No Limit ($0.50/$1.00 USD) - 2025/01/28 1:03:14 WET [2025/01/28 20:03:14 ET]
Table 'Adhara' 6-max Seat #4 is the button
Seat 1: CEPTT ($100 in chips) 
Seat 2: ghc_2 ($100 in chips) 
Seat 4: Nicedaymybro ($100 in chips) 
CEPTT: posts small blind $0.50
ghc_2: posts big blind $1
*** HOLE CARDS ***
Nicedaymybro: raises $1.50 to $2.50
CEPTT: folds 
ghc_2: folds 
Uncalled bet ($1.50) returned to Nicedaymybro
Nicedaymybro collected $2.50 from pot
Nicedaymybro: doesn't show hand 
*** SUMMARY ***
Total pot $2.50 | Rake $0 
Seat 1: CEPTT (small blind) folded before Flop
Seat 2: ghc_2 (big blind) folded before Flop
Seat 4: Nicedaymybro (button) collected ($2.50)



PokerStars Hand #254600911227:  Hold'em No Limit ($0.50/$1.00 USD) - 2025/01/28 1:03:26 WET [2025/01/28 20:03:26 ET]
Table 'Adhara' 6-max Seat #1 is the button
Seat 1: CEPTT ($100 in chips) 
Seat 2: ghc_2 ($100 in chips) 
Seat 4: Nicedaymybro ($101.50 in chips) 
ghc_2: posts small blind $0.50
Nicedaymybro: posts big blind $1
*** HOLE CARDS ***
CEPTT: folds 
ghc_2: raises $2 to $3
Nicedaymybro: folds 
Uncalled bet ($2) returned to ghc_2
ghc_2 collected $2 from pot
ghc_2: doesn't show hand 
*** SUMMARY ***
Total pot $2 | Rake $0 
Seat 1: CEPTT (button) folded before Flop (didn't bet)
Seat 2: ghc_2 (small blind) collected ($2)
Seat 4: Nicedaymybro (big blind) folded before Flop



PokerStars Hand #254600913209:  Hold'em No Limit ($0.50/$1.00 USD) - 2025/01/28 1:03:37 WET [2025/01/28 20:03:37 ET]
Table 'Adhara' 6-max Seat #2 is the button
Seat 1: CEPTT ($100 in chips) 
Seat 2: ghc_2 ($101 in chips) 
Seat 4: Nicedaymybro ($100.50 in chips) 
Nicedaymybro: posts small blind $0.50
CEPTT: posts big blind $1
*** HOLE CARDS ***
ghc_2: folds 
Nicedaymybro: folds 
Uncalled bet ($0.50) returned to CEPTT
CEPTT collected $1 from pot
CEPTT: doesn't show hand 
*** SUMMARY ***
Total pot $1 | Rake $0 
Seat 1: CEPTT (big blind) collected ($1)
Seat 2: ghc_2 (button) folded before Flop (didn't bet)
Seat 4: Nicedaymybro (small blind) folded before Flop



PokerStars Hand #254600914209:  Hold'em No Limit ($0.50/$1.00 USD) - 2025/01/28 1:03:42 WET [2025/01/28 20:03:42 ET]
Table 'Adhara' 6-max Seat #4 is the button
Seat 1: CEPTT ($100.50 in chips) 
Seat 2: ghc_2 ($101 in chips) 
Seat 4: Nicedaymybro ($100 in chips) 
CEPTT: posts small blind $0.50
ghc_2: posts big blind $1
*** HOLE CARDS ***
Nicedaymybro: folds 
CEPTT: folds 
Uncalled bet ($0.50) returned to ghc_2
ghc_2 collected $1 from pot
ghc_2: doesn't show hand 
*** SUMMARY ***
Total pot $1 | Rake $0 
Seat 1: CEPTT (small blind) folded before Flop
Seat 2: ghc_2 (big blind) collected ($1)
Seat 4: Nicedaymybro (button) folded before Flop (didn't bet)



PokerStars Hand #254600916001:  Hold'em No Limit ($0.50/$1.00 USD) - 2025/01/28 1:03:52 WET [2025/01/28 20:03:52 ET]
Table 'Adhara' 6-max Seat #1 is the button
Seat 1: CEPTT ($100 in chips) 
Seat 2: ghc_2 ($101.50 in chips) 
Seat 4: Nicedaymybro ($100 in chips) 
ghc_2: posts small blind $0.50
Nicedaymybro: posts big blind $1
*** HOLE CARDS ***
CEPTT: folds 
ghc_2: raises $8 to $9
Nicedaymybro: folds 
Uncalled bet ($8) returned to ghc_2
ghc_2 collected $2 from pot
ghc_2: doesn't show hand 
*** SUMMARY ***
Total pot $2 | Rake $0 
Seat 1: CEPTT (button) folded before Flop (didn't bet)
Seat 2: ghc_2 (small blind) collected ($2)
Seat 4: Nicedaymybro (big blind) folded before Flop



PokerStars Hand #254600918596:  Hold'em No Limit ($0.50/$1.00 USD) - 2025/01/28 1:04:06 WET [2025/01/28 20:04:06 ET]
Table 'Adhara' 6-max Seat #4 is the button
Seat 1: CEPTT ($100 in chips) is sitting out
Seat 2: ghc_2 ($102.50 in chips) 
Seat 4: Nicedaymybro ($100 in chips) 
Nicedaymybro: posts small blind $0.50
CEPTT: is sitting out 
ghc_2: posts big blind $1
*** HOLE CARDS ***
Nicedaymybro: raises $1.50 to $2.50
CEPTT leaves the table
ghc_2: folds 
Uncalled bet ($1.50) returned to Nicedaymybro
Nicedaymybro collected $2 from pot
Nicedaymybro: doesn't show hand 
*** SUMMARY ***
Total pot $2 | Rake $0 
Seat 1: CEPTT
Seat 2: ghc_2 (big blind) folded before Flop
Seat 4: Nicedaymybro (button) (small blind) collected ($2)



PokerStars Hand #254600920655:  Hold'em No Limit ($0.50/$1.00 USD) - 2025/01/28 1:04:18 WET [2025/01/28 20:04:18 ET]
Table 'Adhara' 6-max Seat #2 is the button
Seat 2: ghc_2 ($101.50 in chips) 
Seat 4: Nicedaymybro ($101 in chips) 
ghc_2: posts small blind $0.50
Nicedaymybro: posts big blind $1
*** HOLE CARDS ***
ghc_2: folds 
Uncalled bet ($0.50) returned to Nicedaymybro
Nicedaymybro collected $1 from pot
Nicedaymybro: doesn't show hand 
*** SUMMARY ***
Total pot $1 | Rake $0 
Seat 2: ghc_2 (button) (small blind) folded before Flop
Seat 4: Nicedaymybro (big blind) collected ($1)



