PokerStars Hand #254595064727:  Hold'em No Limit ($0.50/$1.00 USD) - 2025/01/28 19:41:54 WET [2025/01/28 14:41:54 ET]
Table 'Fricke' 6-max Seat #5 is the button
Seat 1: laloo246 ($100 in chips) is sitting out
Seat 4: iTrustU21 ($100 in chips) 
Seat 5: treds17 ($100 in chips) 
treds17: posts small blind $0.50
iTrustU21: posts big blind $1
*** HOLE CARDS ***
laloo246 leaves the table
treds17: raises $2 to $3
iTrustU21: folds 
Uncalled bet ($2) returned to treds17
treds17 collected $2 from pot
treds17: doesn't show hand 
*** SUMMARY ***
Total pot $2 | Rake $0 
Seat 1: laloo246
Seat 4: iTrustU21 (big blind) folded before Flop
Seat 5: treds17 (button) (small blind) collected ($2)



PokerStars Hand #254595068337:  Hold'em No Limit ($0.50/$1.00 USD) - 2025/01/28 19:42:06 WET [2025/01/28 14:42:06 ET]
Table 'Fricke' 6-max Seat #4 is the button
Seat 4: iTrustU21 ($100 in chips) 
Seat 5: treds17 ($101 in chips) 
iTrustU21: posts small blind $0.50
treds17: posts big blind $1
*** HOLE CARDS ***
iTrustU21: raises $1.50 to $2.50
treds17: calls $1.50
*** FLOP *** [3s Jh 5c]
treds17: checks 
iTrustU21: bets $1.57
treds17: raises $6.28 to $7.85
iTrustU21: folds 
Uncalled bet ($6.28) returned to treds17
treds17 collected $7.73 from pot
treds17: doesn't show hand 
*** SUMMARY ***
Total pot $8.14 | Rake $0.41 
Board [3s Jh 5c]
Seat 4: iTrustU21 (button) (small blind) folded on the Flop
Seat 5: treds17 (big blind) collected ($7.73)



PokerStars Hand #254595078790:  Hold'em No Limit ($0.50/$1.00 USD) - 2025/01/28 19:42:39 WET [2025/01/28 14:42:39 ET]
Table 'Fricke' 6-max Seat #5 is the button
Seat 4: iTrustU21 ($100 in chips) 
Seat 5: treds17 ($104.66 in chips) 
treds17: posts small blind $0.50
iTrustU21: posts big blind $1
*** HOLE CARDS ***
treds17: raises $2 to $3
iTrustU21: folds 
Uncalled bet ($2) returned to treds17
treds17 collected $2 from pot
treds17: doesn't show hand 
*** SUMMARY ***
Total pot $2 | Rake $0 
Seat 4: iTrustU21 (big blind) folded before Flop
Seat 5: treds17 (button) (small blind) collected ($2)



