PokerStars Hand #254598901258:  Hold'em No Limit ($0.50/$1.00 USD) - 2025/01/28 23:09:21 WET [2025/01/28 18:09:21 ET]
Table 'Montague' 6-max Seat #3 is the button
Seat 1: XneferX ($100 in chips) 
Seat 3: nastja336 ($100 in chips) 
Seat 4: CEPTT ($100 in chips) 
CEPTT: posts small blind $0.50
XneferX: posts big blind $1
*** HOLE CARDS ***
nastja336: folds 
CEPTT: raises $2 to $3
XneferX: calls $2
*** FLOP *** [9d Jd 6s]
kel3vr4_23 joins the table at seat #5 
kel3vr4_23 is disconnected 
MaikonAll joins the table at seat #6 
CEPTT: bets $4.27
XneferX: calls $4.27
*** TURN *** [9d Jd 6s] [Ah]
CEPTT: bets $10.36
XneferX: folds 
Uncalled bet ($10.36) returned to CEPTT
CEPTT collected $13.81 from pot
CEPTT: doesn't show hand 
*** SUMMARY ***
Total pot $14.54 | Rake $0.73 
Board [9d Jd 6s Ah]
Seat 1: XneferX (big blind) folded on the Turn
Seat 3: nastja336 (button) folded before Flop (didn't bet)
Seat 4: CEPTT (small blind) collected ($13.81)



PokerStars Hand #254598921295:  Hold'em No Limit ($0.50/$1.00 USD) - 2025/01/28 23:10:36 WET [2025/01/28 18:10:36 ET]
Table 'Montague' 6-max Seat #4 is the button
Seat 5: kel3vr4_23 ($10 in chips) is sitting out
Seat 6: MaikonAll ($100 in chips) is sitting out
Seat 1: XneferX ($100 in chips) 
Seat 3: nastja336 ($100 in chips) 
Seat 4: CEPTT ($106.54 in chips) 
XneferX: posts small blind $0.50
nastja336: posts big blind $1
*** HOLE CARDS ***
CEPTT: folds 
XneferX: folds 
Uncalled bet ($0.50) returned to nastja336
nastja336 collected $1 from pot
nastja336: doesn't show hand 
*** SUMMARY ***
Total pot $1 | Rake $0 
Seat 5: kel3vr4_23
Seat 6: MaikonAll
Seat 1: XneferX (small blind) folded before Flop
Seat 3: nastja336 (big blind) collected ($1)
Seat 4: CEPTT (button) folded before Flop (didn't bet)



PokerStars Hand #254598928970:  Hold'em No Limit ($0.50/$1.00 USD) - 2025/01/28 23:11:05 WET [2025/01/28 18:11:05 ET]
Table 'Montague' 6-max Seat #1 is the button
Seat 4: CEPTT ($106.54 in chips) is sitting out
Seat 6: MaikonAll ($100 in chips) is sitting out
Seat 1: XneferX ($100 in chips) 
Seat 3: nastja336 ($100.50 in chips) 
Seat 5: kel3vr4_23 ($10 in chips) 
nastja336: posts small blind $0.50
CEPTT: is sitting out 
kel3vr4_23: posts big blind $1
MaikonAll: sits out 
*** HOLE CARDS ***
XneferX: raises $1.77 to $2.77
nastja336: folds 
kel3vr4_23: folds 
Uncalled bet ($1.77) returned to XneferX
XneferX collected $2.50 from pot
XneferX: doesn't show hand 
*** SUMMARY ***
Total pot $2.50 | Rake $0 
Seat 4: CEPTT
Seat 6: MaikonAll
Seat 1: XneferX (button) collected ($2.50)
Seat 3: nastja336 (small blind) folded before Flop
Seat 5: kel3vr4_23 (big blind) folded before Flop



PokerStars Hand #254598932009:  Hold'em No Limit ($0.50/$1.00 USD) - 2025/01/28 23:11:16 WET [2025/01/28 18:11:16 ET]
Table 'Montague' 6-max Seat #3 is the button
Seat 1: XneferX ($101.50 in chips) 
Seat 3: nastja336 ($100 in chips) 
Seat 5: kel3vr4_23 ($9 in chips) 
Seat 6: MaikonAll ($100 in chips) 
CEPTT leaves the table
kel3vr4_23: posts small blind $0.50
MaikonAll: posts big blind $1
*** HOLE CARDS ***
lukatoni08 joins the table at seat #2 
XneferX: folds 
nastja336: folds 
beshece11harf joins the table at seat #4 
kel3vr4_23: folds 
Uncalled bet ($0.50) returned to MaikonAll
MaikonAll collected $1 from pot
MaikonAll: doesn't show hand 
*** SUMMARY ***
Total pot $1 | Rake $0 
Seat 1: XneferX folded before Flop (didn't bet)
Seat 3: nastja336 (button) folded before Flop (didn't bet)
Seat 5: kel3vr4_23 (small blind) folded before Flop
Seat 6: MaikonAll (big blind) collected ($1)



PokerStars Hand #254598936561:  Hold'em No Limit ($0.50/$1.00 USD) - 2025/01/28 23:11:33 WET [2025/01/28 18:11:33 ET]
Table 'Montague' 6-max Seat #5 is the button
Seat 2: lukatoni08 ($100 in chips) is sitting out
Seat 4: beshece11harf ($100 in chips) is sitting out
Seat 1: XneferX ($101.50 in chips) 
Seat 3: nastja336 ($100 in chips) 
Seat 5: kel3vr4_23 ($8.50 in chips) 
Seat 6: MaikonAll ($100.50 in chips) 
MaikonAll: posts small blind $0.50
XneferX: posts big blind $1
lukatoni08: sits out 
beshece11harf: sits out 
*** HOLE CARDS ***
nastja336: folds 
kel3vr4_23: folds 
MaikonAll: raises $2 to $3
XneferX: calls $2
*** FLOP *** [6h 4h Ac]
MaikonAll: checks 
XneferX: checks 
*** TURN *** [6h 4h Ac] [7s]
MaikonAll: checks 
XneferX: checks 
*** RIVER *** [6h 4h Ac 7s] [5h]
MaikonAll: checks 
XneferX: bets $3.82
MaikonAll: calls $3.82
*** SHOW DOWN ***
XneferX: shows [9d Js] (high card Ace)
MaikonAll: shows [Qs Qc] (a pair of Queens)
MaikonAll collected $12.96 from pot
*** SUMMARY ***
Total pot $13.64 | Rake $0.68 
Board [6h 4h Ac 7s 5h]
Seat 2: lukatoni08
Seat 4: beshece11harf
Seat 1: XneferX (big blind) showed [9d Js] and lost with high card Ace
Seat 3: nastja336 folded before Flop (didn't bet)
Seat 5: kel3vr4_23 (button) folded before Flop (didn't bet)
Seat 6: MaikonAll (small blind) showed [Qs Qc] and won ($12.96) with a pair of Queens



PokerStars Hand #254598959897:  Hold'em No Limit ($0.50/$1.00 USD) - 2025/01/28 23:13:01 WET [2025/01/28 18:13:01 ET]
Table 'Montague' 6-max Seat #6 is the button
Seat 4: beshece11harf ($100 in chips) is sitting out
Seat 1: XneferX ($100 in chips) 
Seat 2: lukatoni08 ($100 in chips) 
Seat 3: nastja336 ($100 in chips) 
Seat 5: kel3vr4_23 ($8.50 in chips) 
Seat 6: MaikonAll ($106.64 in chips) 
XneferX: posts small blind $0.50
lukatoni08: posts big blind $1
beshece11harf: sits out 
*** HOLE CARDS ***
nastja336: folds 
kel3vr4_23: folds 
MaikonAll: raises $1.50 to $2.50
XneferX: folds 
lukatoni08: calls $1.50
*** FLOP *** [3s Td 9s]
lukatoni08: checks 
MaikonAll: bets $1.30
lukatoni08: calls $1.30
*** TURN *** [3s Td 9s] [2h]
lukatoni08: checks 
MaikonAll: bets $5.78
lukatoni08: calls $5.78
*** RIVER *** [3s Td 9s 2h] [Qd]
lukatoni08: checks 
MaikonAll: checks 
*** SHOW DOWN ***
lukatoni08: shows [As 9d] (a pair of Nines)
MaikonAll: mucks hand 
lukatoni08 collected $18.68 from pot
*** SUMMARY ***
Total pot $19.66 | Rake $0.98 
Board [3s Td 9s 2h Qd]
Seat 4: beshece11harf
Seat 1: XneferX (small blind) folded before Flop
Seat 2: lukatoni08 (big blind) showed [As 9d] and won ($18.68) with a pair of Nines
Seat 3: nastja336 folded before Flop (didn't bet)
Seat 5: kel3vr4_23 folded before Flop (didn't bet)
Seat 6: MaikonAll (button) mucked



PokerStars Hand #254598978901:  Hold'em No Limit ($0.50/$1.00 USD) - 2025/01/28 23:14:13 WET [2025/01/28 18:14:13 ET]
Table 'Montague' 6-max Seat #1 is the button
Seat 3: nastja336 ($100 in chips) is sitting out
Seat 1: XneferX ($100 in chips) 
Seat 2: lukatoni08 ($109.10 in chips) 
Seat 4: beshece11harf ($100 in chips) 
Seat 5: kel3vr4_23 ($8.50 in chips) 
Seat 6: MaikonAll ($100 in chips) 
lukatoni08: posts small blind $0.50
nastja336: is sitting out 
beshece11harf: posts big blind $1
*** HOLE CARDS ***
nastja336 leaves the table
kel3vr4_23: folds 
MaikonAll: folds 
XneferX: raises $1.77 to $2.77
lukatoni08: folds 
beshece11harf: calls $1.77
*** FLOP *** [7c 3s 9s]
beshece11harf: checks 
XneferX: checks 
*** TURN *** [7c 3s 9s] [7d]
beshece11harf: bets $4.31
BGS013 joins the table at seat #3 
XneferX: folds 
Uncalled bet ($4.31) returned to beshece11harf
beshece11harf collected $5.74 from pot
beshece11harf: doesn't show hand 
*** SUMMARY ***
Total pot $6.04 | Rake $0.30 
Board [7c 3s 9s 7d]
Seat 3: nastja336
Seat 1: XneferX (button) folded on the Turn
Seat 2: lukatoni08 (small blind) folded before Flop
Seat 4: beshece11harf (big blind) collected ($5.74)
Seat 5: kel3vr4_23 folded before Flop (didn't bet)
Seat 6: MaikonAll folded before Flop (didn't bet)



PokerStars Hand #254599002177:  Hold'em No Limit ($0.50/$1.00 USD) - 2025/01/28 23:15:42 WET [2025/01/28 18:15:42 ET]
Table 'Montague' 6-max Seat #2 is the button
Seat 3: BGS013 ($100 in chips) is sitting out
Seat 1: XneferX ($100 in chips) 
Seat 2: lukatoni08 ($108.60 in chips) 
Seat 4: beshece11harf ($102.97 in chips) 
Seat 5: kel3vr4_23 ($8.50 in chips) 
Seat 6: MaikonAll ($100 in chips) 
beshece11harf: posts small blind $0.50
kel3vr4_23: posts big blind $1
*** HOLE CARDS ***
MaikonAll: folds 
XneferX: raises $1.30 to $2.30
lukatoni08: folds 
beshece11harf: folds 
kel3vr4_23: calls $1.30
*** FLOP *** [6h 9c 7c]
kel3vr4_23: checks 
XneferX: checks 
*** TURN *** [6h 9c 7c] [Qh]
kel3vr4_23: bets $2
XneferX: raises $6.81 to $8.81
kel3vr4_23: calls $4.20 and is all-in
Uncalled bet ($2.61) returned to XneferX
*** RIVER *** [6h 9c 7c Qh] [8h]
*** SHOW DOWN ***
kel3vr4_23: shows [3c Ac] (high card Ace)
XneferX: shows [Js As] (high card Ace - Queen+Jack kicker)
XneferX cashed out the hand for $11.84 | Cash Out Fee $0.24
*** SUMMARY ***
Total pot $17.50 | Rake $0.88 
Board [6h 9c 7c Qh 8h]
Seat 3: BGS013
Seat 1: XneferX showed [Js As] and won ($16.62) with high card Ace (pot not awarded as player cashed out)
Seat 2: lukatoni08 (button) folded before Flop (didn't bet)
Seat 4: beshece11harf (small blind) folded before Flop
Seat 5: kel3vr4_23 (big blind) showed [3c Ac] and lost with high card Ace
Seat 6: MaikonAll folded before Flop (didn't bet)



PokerStars Hand #254599014732:  Hold'em No Limit ($0.50/$1.00 USD) - 2025/01/28 23:16:30 WET [2025/01/28 18:16:30 ET]
Table 'Montague' 6-max Seat #4 is the button
Seat 1: XneferX ($103.34 in chips) is sitting out
Seat 3: BGS013 ($100 in chips) is sitting out
Seat 5: kel3vr4_23 ($0 in chips) is sitting out
Seat 2: lukatoni08 ($108.60 in chips) 
Seat 4: beshece11harf ($102.47 in chips) 
Seat 6: MaikonAll ($100 in chips) 
MaikonAll: posts small blind $0.50
XneferX: is sitting out 
lukatoni08: posts big blind $1
BGS013: sits out 
*** HOLE CARDS ***
XneferX leaves the table
beshece11harf: folds 
MaikonAll: raises $2 to $3
lukatoni08: calls $2
*** FLOP *** [Qc 4h 6d]
MaikonAll: bets $1.43
lukatoni08: calls $1.43
*** TURN *** [Qc 4h 6d] [Jh]
MaikonAll: checks 
lukatoni08: bets $4.21
MaikonAll: folds 
Uncalled bet ($4.21) returned to lukatoni08
lukatoni08 collected $8.42 from pot
lukatoni08: doesn't show hand 
*** SUMMARY ***
Total pot $8.86 | Rake $0.44 
Board [Qc 4h 6d Jh]
Seat 1: XneferX
Seat 3: BGS013
Seat 5: kel3vr4_23
Seat 2: lukatoni08 (big blind) collected ($8.42)
Seat 4: beshece11harf (button) folded before Flop (didn't bet)
Seat 6: MaikonAll (small blind) folded on the Turn



PokerStars Hand #254599031515:  Hold'em No Limit ($0.50/$1.00 USD) - 2025/01/28 23:17:33 WET [2025/01/28 18:17:33 ET]
Table 'Montague' 6-max Seat #6 is the button
Seat 2: lukatoni08 ($112.59 in chips) 
Seat 3: BGS013 ($100 in chips) 
Seat 4: beshece11harf ($102.47 in chips) 
Seat 5: kel3vr4_23 ($10 in chips) 
Seat 6: MaikonAll ($100 in chips) 
lukatoni08: posts small blind $0.50
BGS013: posts big blind $1
kel3vr4_23: posts small blind $0.50
*** HOLE CARDS ***
beshece11harf: folds 
kel3vr4_23: folds 
MaikonAll: folds 
lukatoni08: folds 
Uncalled bet ($0.50) returned to BGS013
BGS013 collected $1.50 from pot
BGS013: doesn't show hand 
*** SUMMARY ***
Total pot $1.50 | Rake $0 
Seat 2: lukatoni08 (small blind) folded before Flop
Seat 3: BGS013 (big blind) collected ($1.50)
Seat 4: beshece11harf folded before Flop (didn't bet)
Seat 5: kel3vr4_23 folded before Flop (didn't bet)
Seat 6: MaikonAll (button) folded before Flop (didn't bet)



PokerStars Hand #254599034611:  Hold'em No Limit ($0.50/$1.00 USD) - 2025/01/28 23:17:45 WET [2025/01/28 18:17:45 ET]
Table 'Montague' 6-max Seat #2 is the button
Seat 2: lukatoni08 ($112.09 in chips) 
Seat 3: BGS013 ($101 in chips) 
Seat 4: beshece11harf ($102.47 in chips) 
Seat 5: kel3vr4_23 ($9.50 in chips) 
Seat 6: MaikonAll ($100 in chips) 
BGS013: posts small blind $0.50
beshece11harf: posts big blind $1
*** HOLE CARDS ***
kel3vr4_23: folds 
MaikonAll: folds 
lukatoni08: folds 
BGS013: raises $2 to $3
beshece11harf: folds 
Uncalled bet ($2) returned to BGS013
BGS013 collected $2 from pot
BGS013: doesn't show hand 
*** SUMMARY ***
Total pot $2 | Rake $0 
Seat 2: lukatoni08 (button) folded before Flop (didn't bet)
Seat 3: BGS013 (small blind) collected ($2)
Seat 4: beshece11harf (big blind) folded before Flop
Seat 5: kel3vr4_23 folded before Flop (didn't bet)
Seat 6: MaikonAll folded before Flop (didn't bet)



PokerStars Hand #254599038073:  Hold'em No Limit ($0.50/$1.00 USD) - 2025/01/28 23:17:58 WET [2025/01/28 18:17:58 ET]
Table 'Montague' 6-max Seat #3 is the button
Seat 2: lukatoni08 ($112.09 in chips) 
Seat 3: BGS013 ($102 in chips) 
Seat 4: beshece11harf ($101.47 in chips) 
Seat 5: kel3vr4_23 ($9.50 in chips) 
Seat 6: MaikonAll ($100 in chips) 
beshece11harf: posts small blind $0.50
kel3vr4_23: posts big blind $1
*** HOLE CARDS ***
MaikonAll: folds 
lukatoni08: folds 
BGS013: folds 
beshece11harf: raises $11 to $12
kel3vr4_23: folds 
Uncalled bet ($11) returned to beshece11harf
beshece11harf collected $2 from pot
beshece11harf: doesn't show hand 
*** SUMMARY ***
Total pot $2 | Rake $0 
Seat 2: lukatoni08 folded before Flop (didn't bet)
Seat 3: BGS013 (button) folded before Flop (didn't bet)
Seat 4: beshece11harf (small blind) collected ($2)
Seat 5: kel3vr4_23 (big blind) folded before Flop
Seat 6: MaikonAll folded before Flop (didn't bet)



PokerStars Hand #254599042594:  Hold'em No Limit ($0.50/$1.00 USD) - 2025/01/28 23:18:15 WET [2025/01/28 18:18:15 ET]
Table 'Montague' 6-max Seat #4 is the button
Seat 6: MaikonAll ($100 in chips) is sitting out
Seat 2: lukatoni08 ($112.09 in chips) 
Seat 3: BGS013 ($102 in chips) 
Seat 4: beshece11harf ($102.47 in chips) 
Seat 5: kel3vr4_23 ($8.50 in chips) 
kel3vr4_23: posts small blind $0.50
MaikonAll: is sitting out 
lukatoni08: posts big blind $1
*** HOLE CARDS ***
BGS013: folds 
MaikonAll leaves the table
beshece11harf: raises $1.50 to $2.50
kel3vr4_23: calls $2
lukatoni08: calls $1.50
*** FLOP *** [Jh Qc 7s]
kel3vr4_23: checks 
lukatoni08: checks 
beshece11harf: checks 
*** TURN *** [Jh Qc 7s] [5d]
kel3vr4_23: checks 
lukatoni08: checks 
beshece11harf: checks 
*** RIVER *** [Jh Qc 7s 5d] [4h]
kel3vr4_23: bets $3
lukatoni08: folds 
beshece11harf: folds 
Uncalled bet ($3) returned to kel3vr4_23
kel3vr4_23 collected $7.12 from pot
*** SUMMARY ***
Total pot $7.50 | Rake $0.38 
Board [Jh Qc 7s 5d 4h]
Seat 6: MaikonAll
Seat 2: lukatoni08 (big blind) folded on the River
Seat 3: BGS013 folded before Flop (didn't bet)
Seat 4: beshece11harf (button) folded on the River
Seat 5: kel3vr4_23 (small blind) collected ($7.12)



PokerStars Hand #254599059058:  Hold'em No Limit ($0.50/$1.00 USD) - 2025/01/28 23:19:17 WET [2025/01/28 18:19:17 ET]
Table 'Montague' 6-max Seat #5 is the button
Seat 2: lukatoni08 ($109.59 in chips) 
Seat 3: BGS013 ($102 in chips) 
Seat 4: beshece11harf ($100 in chips) 
Seat 5: kel3vr4_23 ($13.12 in chips) 
lukatoni08: posts small blind $0.50
BGS013: posts big blind $1
*** HOLE CARDS ***
beshece11harf: raises $1 to $2
kel3vr4_23: folds 
lukatoni08: folds 
BGS013: calls $1
*** FLOP *** [Qd 9h 3h]
BGS013: checks 
beshece11harf: checks 
*** TURN *** [Qd 9h 3h] [5s]
BGS013: bets $1.11
beshece11harf: raises $7.39 to $8.50
BGS013: calls $7.39
*** RIVER *** [Qd 9h 3h 5s] [4h]
BGS013: checks 
beshece11harf: bets $25.63
BGS013: folds 
Uncalled bet ($25.63) returned to beshece11harf
beshece11harf collected $20.50 from pot
beshece11harf: doesn't show hand 
*** SUMMARY ***
Total pot $21.50 | Rake $1 
Board [Qd 9h 3h 5s 4h]
Seat 2: lukatoni08 (small blind) folded before Flop
Seat 3: BGS013 (big blind) folded on the River
Seat 4: beshece11harf collected ($20.50)
Seat 5: kel3vr4_23 (button) folded before Flop (didn't bet)



PokerStars Hand #254599075221:  Hold'em No Limit ($0.50/$1.00 USD) - 2025/01/28 23:20:19 WET [2025/01/28 18:20:19 ET]
Table 'Montague' 6-max Seat #2 is the button
Seat 2: lukatoni08 ($109.09 in chips) 
Seat 3: BGS013 ($100 in chips) 
Seat 4: beshece11harf ($110 in chips) 
Seat 5: kel3vr4_23 ($13.12 in chips) 
BGS013: posts small blind $0.50
beshece11harf: posts big blind $1
*** HOLE CARDS ***
kel3vr4_23: folds 
lukatoni08 has timed out
lukatoni08: folds 
BGS013: raises $2 to $3
beshece11harf: folds 
Uncalled bet ($2) returned to BGS013
BGS013 collected $2 from pot
BGS013: doesn't show hand 
*** SUMMARY ***
Total pot $2 | Rake $0 
Seat 2: lukatoni08 (button) folded before Flop (didn't bet)
Seat 3: BGS013 (small blind) collected ($2)
Seat 4: beshece11harf (big blind) folded before Flop
Seat 5: kel3vr4_23 folded before Flop (didn't bet)



PokerStars Hand #254599081590:  Hold'em No Limit ($0.50/$1.00 USD) - 2025/01/28 23:20:43 WET [2025/01/28 18:20:43 ET]
Table 'Montague' 6-max Seat #3 is the button
Seat 2: lukatoni08 ($109.09 in chips) 
Seat 3: BGS013 ($101 in chips) 
Seat 4: beshece11harf ($109 in chips) 
Seat 5: kel3vr4_23 ($13.12 in chips) 
beshece11harf: posts small blind $0.50
kel3vr4_23: posts big blind $1
*** HOLE CARDS ***
lukatoni08: folds 
BGS013: raises $1.50 to $2.50
beshece11harf: folds 
kel3vr4_23: calls $1.50
*** FLOP *** [9d 3c 2c]
kel3vr4_23: checks 
BGS013: bets $37
kel3vr4_23: calls $10.62 and is all-in
Uncalled bet ($26.38) returned to BGS013
*** TURN *** [9d 3c 2c] [Tc]
*** RIVER *** [9d 3c 2c Tc] [Kh]
*** SHOW DOWN ***
kel3vr4_23: shows [2d 2s] (three of a kind, Deuces)
BGS013: shows [Kd Ks] (three of a kind, Kings)
BGS013 collected $25.74 from pot
*** SUMMARY ***
Total pot $26.74 | Rake $1 
Board [9d 3c 2c Tc Kh]
Seat 2: lukatoni08 folded before Flop (didn't bet)
Seat 3: BGS013 (button) showed [Kd Ks] and won ($25.74) with three of a kind, Kings
Seat 4: beshece11harf (small blind) folded before Flop
Seat 5: kel3vr4_23 (big blind) showed [2d 2s] and lost with three of a kind, Deuces



PokerStars Hand #254599090356:  Hold'em No Limit ($0.50/$1.00 USD) - 2025/01/28 23:21:16 WET [2025/01/28 18:21:16 ET]
Table 'Montague' 6-max Seat #4 is the button
Seat 5: kel3vr4_23 ($0 in chips) is sitting out
Seat 2: lukatoni08 ($109.09 in chips) 
Seat 3: BGS013 ($113.62 in chips) 
Seat 4: beshece11harf ($108.50 in chips) 
lukatoni08: posts small blind $0.50
BGS013: posts big blind $1
*** HOLE CARDS ***
beshece11harf: folds 
lukatoni08: folds 
Uncalled bet ($0.50) returned to BGS013
BGS013 collected $1 from pot
BGS013: doesn't show hand 
*** SUMMARY ***
Total pot $1 | Rake $0 
Seat 5: kel3vr4_23
Seat 2: lukatoni08 (small blind) folded before Flop
Seat 3: BGS013 (big blind) collected ($1)
Seat 4: beshece11harf (button) folded before Flop (didn't bet)



PokerStars Hand #254599095567:  Hold'em No Limit ($0.50/$1.00 USD) - 2025/01/28 23:21:36 WET [2025/01/28 18:21:36 ET]
Table 'Montague' 6-max Seat #2 is the button
Seat 2: lukatoni08 ($108.59 in chips) 
Seat 3: BGS013 ($114.12 in chips) 
Seat 4: beshece11harf ($108.50 in chips) 
Seat 5: kel3vr4_23 ($10 in chips) 
BGS013: posts small blind $0.50
beshece11harf: posts big blind $1
kel3vr4_23: posts small blind $0.50
*** HOLE CARDS ***
kel3vr4_23: folds 
lukatoni08 has timed out
lukatoni08: folds 
BGS013: folds 
Uncalled bet ($0.50) returned to beshece11harf
beshece11harf collected $1.50 from pot
beshece11harf: doesn't show hand 
*** SUMMARY ***
Total pot $1.50 | Rake $0 
Seat 2: lukatoni08 (button) folded before Flop (didn't bet)
Seat 3: BGS013 (small blind) folded before Flop
Seat 4: beshece11harf (big blind) collected ($1.50)
Seat 5: kel3vr4_23 folded before Flop (didn't bet)



PokerStars Hand #254599101193:  Hold'em No Limit ($0.50/$1.00 USD) - 2025/01/28 23:21:57 WET [2025/01/28 18:21:57 ET]
Table 'Montague' 6-max Seat #3 is the button
Seat 2: lukatoni08 ($108.59 in chips) is sitting out
Seat 3: BGS013 ($113.62 in chips) 
Seat 4: beshece11harf ($109.50 in chips) 
Seat 5: kel3vr4_23 ($9.50 in chips) 
beshece11harf: posts small blind $0.50
kel3vr4_23: posts big blind $1
*** HOLE CARDS ***
BGS013: raises $1.50 to $2.50
beshece11harf: raises $8.50 to $11
kel3vr4_23: folds 
BGS013: calls $8.50
*** FLOP *** [Kh Qh 7d]
beshece11harf: bets $5.50
BGS013: folds 
Uncalled bet ($5.50) returned to beshece11harf
beshece11harf collected $22 from pot
beshece11harf: doesn't show hand 
*** SUMMARY ***
Total pot $23 | Rake $1 
Board [Kh Qh 7d]
Seat 2: lukatoni08
Seat 3: BGS013 (button) folded on the Flop
Seat 4: beshece11harf (small blind) collected ($22)
Seat 5: kel3vr4_23 (big blind) folded before Flop



PokerStars Hand #254599112559:  Hold'em No Limit ($0.50/$1.00 USD) - 2025/01/28 23:22:41 WET [2025/01/28 18:22:41 ET]
Table 'Montague' 6-max Seat #4 is the button
Seat 2: lukatoni08 ($108.59 in chips) 
Seat 3: BGS013 ($102.62 in chips) 
Seat 4: beshece11harf ($120.50 in chips) 
Seat 5: kel3vr4_23 ($8.50 in chips) 
kel3vr4_23: posts small blind $0.50
lukatoni08: posts big blind $1
*** HOLE CARDS ***
BGS013: raises $1 to $2
beshece11harf: folds 
kel3vr4_23: folds 
lukatoni08: calls $1
*** FLOP *** [9c 9s Jd]
lukatoni08: checks 
BGS013: bets $1.11
lukatoni08: calls $1.11
*** TURN *** [9c 9s Jd] [7s]
lukatoni08: checks 
BGS013: checks 
*** RIVER *** [9c 9s Jd 7s] [7c]
lukatoni08: bets $3.19
BGS013: calls $3.19
*** SHOW DOWN ***
lukatoni08: shows [3h Jh] (two pair, Jacks and Nines)
BGS013: mucks hand 
lukatoni08 collected $12.44 from pot
*** SUMMARY ***
Total pot $13.10 | Rake $0.66 
Board [9c 9s Jd 7s 7c]
Seat 2: lukatoni08 (big blind) showed [3h Jh] and won ($12.44) with two pair, Jacks and Nines
Seat 3: BGS013 mucked
Seat 4: beshece11harf (button) folded before Flop (didn't bet)
Seat 5: kel3vr4_23 (small blind) folded before Flop



PokerStars Hand #254599123627:  Hold'em No Limit ($0.50/$1.00 USD) - 2025/01/28 23:23:24 WET [2025/01/28 18:23:24 ET]
Table 'Montague' 6-max Seat #5 is the button
Seat 3: BGS013 ($100 in chips) is sitting out
Seat 2: lukatoni08 ($114.73 in chips) 
Seat 4: beshece11harf ($120.50 in chips) 
Seat 5: kel3vr4_23 ($8 in chips) 
lukatoni08: posts small blind $0.50
BGS013: is sitting out 
BGS013 leaves the table
beshece11harf: posts big blind $1
*** HOLE CARDS ***
canibal27 joins the table at seat #6 
kel3vr4_23: raises $1 to $2
lukatoni08: folds 
Manifestorr joins the table at seat #1 
beshece11harf: folds 
Uncalled bet ($1) returned to kel3vr4_23
kel3vr4_23 collected $2.50 from pot
*** SUMMARY ***
Total pot $2.50 | Rake $0 
Seat 3: BGS013
Seat 2: lukatoni08 (small blind) folded before Flop
Seat 4: beshece11harf (big blind) folded before Flop
Seat 5: kel3vr4_23 (button) collected ($2.50)



PokerStars Hand #254599127638:  Hold'em No Limit ($0.50/$1.00 USD) - 2025/01/28 23:23:39 WET [2025/01/28 18:23:39 ET]
Table 'Montague' 6-max Seat #2 is the button
Seat 1: Manifestorr ($100 in chips) is sitting out
Seat 6: canibal27 ($100 in chips) is sitting out
Seat 2: lukatoni08 ($114.23 in chips) 
Seat 4: beshece11harf ($119.50 in chips) 
Seat 5: kel3vr4_23 ($9.50 in chips) 
beshece11harf: posts small blind $0.50
kel3vr4_23: posts big blind $1
canibal27: sits out 
Manifestorr: sits out 
*** HOLE CARDS ***
lukatoni08: folds 
beshece11harf: raises $2 to $3
kel3vr4_23: raises $6.50 to $9.50 and is all-in
beshece11harf: calls $6.50
*** FLOP *** [Qs 6c Jd]
*** TURN *** [Qs 6c Jd] [9h]
*** RIVER *** [Qs 6c Jd 9h] [9d]
*** SHOW DOWN ***
beshece11harf: shows [5s Ah] (a pair of Nines)
kel3vr4_23: shows [Td Ks] (a straight, Nine to King)
kel3vr4_23 collected $18.05 from pot
*** SUMMARY ***
Total pot $19 | Rake $0.95 
Board [Qs 6c Jd 9h 9d]
Seat 1: Manifestorr
Seat 6: canibal27
Seat 2: lukatoni08 (button) folded before Flop (didn't bet)
Seat 4: beshece11harf (small blind) showed [5s Ah] and lost with a pair of Nines
Seat 5: kel3vr4_23 (big blind) showed [Td Ks] and won ($18.05) with a straight, Nine to King



PokerStars Hand #254599134275:  Hold'em No Limit ($0.50/$1.00 USD) - 2025/01/28 23:24:05 WET [2025/01/28 18:24:05 ET]
Table 'Montague' 6-max Seat #4 is the button
Seat 1: Manifestorr ($100 in chips) is sitting out
Seat 2: lukatoni08 ($114.23 in chips) 
Seat 4: beshece11harf ($110 in chips) 
Seat 5: kel3vr4_23 ($18.05 in chips) 
Seat 6: canibal27 ($100 in chips) 
kel3vr4_23: posts small blind $0.50
canibal27: posts big blind $1
Manifestorr: sits out 
*** HOLE CARDS ***
MaikonAll joins the table at seat #3 
lukatoni08: folds 
beshece11harf: folds 
kel3vr4_23: folds 
Uncalled bet ($0.50) returned to canibal27
canibal27 collected $1 from pot
canibal27: doesn't show hand 
*** SUMMARY ***
Total pot $1 | Rake $0 
Seat 1: Manifestorr
Seat 2: lukatoni08 folded before Flop (didn't bet)
Seat 4: beshece11harf (button) folded before Flop (didn't bet)
Seat 5: kel3vr4_23 (small blind) folded before Flop
Seat 6: canibal27 (big blind) collected ($1)



PokerStars Hand #254599138699:  Hold'em No Limit ($0.50/$1.00 USD) - 2025/01/28 23:24:23 WET [2025/01/28 18:24:23 ET]
Table 'Montague' 6-max Seat #5 is the button
Seat 3: MaikonAll ($100 in chips) is sitting out
Seat 1: Manifestorr ($100 in chips) 
Seat 2: lukatoni08 ($114.23 in chips) 
Seat 4: beshece11harf ($110 in chips) 
Seat 5: kel3vr4_23 ($17.55 in chips) 
Seat 6: canibal27 ($100.50 in chips) 
canibal27: posts small blind $0.50
Manifestorr: posts big blind $1
MaikonAll: sits out 
*** HOLE CARDS ***
lukatoni08: folds 
beshece11harf: raises $1 to $2
kel3vr4_23: folds 
canibal27: folds 
Manifestorr: folds 
Uncalled bet ($1) returned to beshece11harf
beshece11harf collected $2.50 from pot
beshece11harf: doesn't show hand 
*** SUMMARY ***
Total pot $2.50 | Rake $0 
Seat 3: MaikonAll
Seat 1: Manifestorr (big blind) folded before Flop
Seat 2: lukatoni08 folded before Flop (didn't bet)
Seat 4: beshece11harf collected ($2.50)
Seat 5: kel3vr4_23 (button) folded before Flop (didn't bet)
Seat 6: canibal27 (small blind) folded before Flop



PokerStars Hand #254599143493:  Hold'em No Limit ($0.50/$1.00 USD) - 2025/01/28 23:24:41 WET [2025/01/28 18:24:41 ET]
Table 'Montague' 6-max Seat #6 is the button
Seat 3: MaikonAll ($100 in chips) is sitting out
Seat 1: Manifestorr ($100 in chips) 
Seat 2: lukatoni08 ($114.23 in chips) 
Seat 4: beshece11harf ($111.50 in chips) 
Seat 5: kel3vr4_23 ($17.55 in chips) 
Seat 6: canibal27 ($100 in chips) 
Manifestorr: posts small blind $0.50
lukatoni08: posts big blind $1
MaikonAll: sits out 
*** HOLE CARDS ***
beshece11harf: folds 
kel3vr4_23: raises $1.50 to $2.50
canibal27: folds 
Manifestorr: raises $9.50 to $12
lukatoni08: folds 
kel3vr4_23: folds 
Uncalled bet ($9.50) returned to Manifestorr
Manifestorr collected $6 from pot
*** SUMMARY ***
Total pot $6 | Rake $0 
Seat 3: MaikonAll
Seat 1: Manifestorr (small blind) collected ($6)
Seat 2: lukatoni08 (big blind) folded before Flop
Seat 4: beshece11harf folded before Flop (didn't bet)
Seat 5: kel3vr4_23 folded before Flop
Seat 6: canibal27 (button) folded before Flop (didn't bet)



PokerStars Hand #254599148776:  Hold'em No Limit ($0.50/$1.00 USD) - 2025/01/28 23:25:02 WET [2025/01/28 18:25:02 ET]
Table 'Montague' 6-max Seat #1 is the button
Seat 1: Manifestorr ($103.50 in chips) 
Seat 2: lukatoni08 ($113.23 in chips) 
Seat 3: MaikonAll ($100 in chips) 
Seat 4: beshece11harf ($111.50 in chips) 
Seat 5: kel3vr4_23 ($15.05 in chips) 
Seat 6: canibal27 ($100 in chips) 
lukatoni08: posts small blind $0.50
MaikonAll: posts big blind $1
*** HOLE CARDS ***
beshece11harf: folds 
kel3vr4_23: folds 
canibal27: folds 
Manifestorr: folds 
lukatoni08: folds 
Uncalled bet ($0.50) returned to MaikonAll
MaikonAll collected $1 from pot
MaikonAll: doesn't show hand 
*** SUMMARY ***
Total pot $1 | Rake $0 
Seat 1: Manifestorr (button) folded before Flop (didn't bet)
Seat 2: lukatoni08 (small blind) folded before Flop
Seat 3: MaikonAll (big blind) collected ($1)
Seat 4: beshece11harf folded before Flop (didn't bet)
Seat 5: kel3vr4_23 folded before Flop (didn't bet)
Seat 6: canibal27 folded before Flop (didn't bet)



PokerStars Hand #254599151158:  Hold'em No Limit ($0.50/$1.00 USD) - 2025/01/28 23:25:10 WET [2025/01/28 18:25:10 ET]
Table 'Montague' 6-max Seat #2 is the button
Seat 1: Manifestorr ($103.50 in chips) 
Seat 2: lukatoni08 ($112.73 in chips) 
Seat 3: MaikonAll ($100.50 in chips) 
Seat 4: beshece11harf ($111.50 in chips) 
Seat 5: kel3vr4_23 ($15.05 in chips) 
Seat 6: canibal27 ($100 in chips) 
MaikonAll: posts small blind $0.50
beshece11harf: posts big blind $1
*** HOLE CARDS ***
kel3vr4_23: folds 
canibal27: folds 
Manifestorr: folds 
lukatoni08: folds 
MaikonAll: raises $2 to $3
beshece11harf: folds 
Uncalled bet ($2) returned to MaikonAll
MaikonAll collected $2 from pot
MaikonAll: doesn't show hand 
*** SUMMARY ***
Total pot $2 | Rake $0 
Seat 1: Manifestorr folded before Flop (didn't bet)
Seat 2: lukatoni08 (button) folded before Flop (didn't bet)
Seat 3: MaikonAll (small blind) collected ($2)
Seat 4: beshece11harf (big blind) folded before Flop
Seat 5: kel3vr4_23 folded before Flop (didn't bet)
Seat 6: canibal27 folded before Flop (didn't bet)



PokerStars Hand #254599154876:  Hold'em No Limit ($0.50/$1.00 USD) - 2025/01/28 23:25:25 WET [2025/01/28 18:25:25 ET]
Table 'Montague' 6-max Seat #3 is the button
Seat 1: Manifestorr ($103.50 in chips) 
Seat 2: lukatoni08 ($112.73 in chips) 
Seat 3: MaikonAll ($101.50 in chips) 
Seat 4: beshece11harf ($110.50 in chips) 
Seat 5: kel3vr4_23 ($15.05 in chips) 
Seat 6: canibal27 ($100 in chips) 
beshece11harf: posts small blind $0.50
kel3vr4_23: posts big blind $1
*** HOLE CARDS ***
canibal27: folds 
Manifestorr: folds 
lukatoni08: folds 
MaikonAll: folds 
beshece11harf: folds 
Uncalled bet ($0.50) returned to kel3vr4_23
kel3vr4_23 collected $1 from pot
*** SUMMARY ***
Total pot $1 | Rake $0 
Seat 1: Manifestorr folded before Flop (didn't bet)
Seat 2: lukatoni08 folded before Flop (didn't bet)
Seat 3: MaikonAll (button) folded before Flop (didn't bet)
Seat 4: beshece11harf (small blind) folded before Flop
Seat 5: kel3vr4_23 (big blind) collected ($1)
Seat 6: canibal27 folded before Flop (didn't bet)



PokerStars Hand #254599159988:  Hold'em No Limit ($0.50/$1.00 USD) - 2025/01/28 23:25:45 WET [2025/01/28 18:25:45 ET]
Table 'Montague' 6-max Seat #4 is the button
Seat 1: Manifestorr ($103.50 in chips) 
Seat 2: lukatoni08 ($112.73 in chips) 
Seat 3: MaikonAll ($101.50 in chips) 
Seat 4: beshece11harf ($110 in chips) 
Seat 5: kel3vr4_23 ($15.55 in chips) 
Seat 6: canibal27 ($100 in chips) 
kel3vr4_23: posts small blind $0.50
canibal27: posts big blind $1
*** HOLE CARDS ***
Manifestorr: raises $1.20 to $2.20
lukatoni08: calls $2.20
MaikonAll: folds 
beshece11harf: folds 
kel3vr4_23: calls $1.70
canibal27: calls $1.20
*** FLOP *** [Tc 3h 8c]
kel3vr4_23: checks 
canibal27: checks 
Manifestorr: bets $4.18
lukatoni08: calls $4.18
kel3vr4_23: calls $4.18
canibal27: folds 
*** TURN *** [Tc 3h 8c] [Js]
kel3vr4_23: checks 
Manifestorr: checks 
lukatoni08: checks 
*** RIVER *** [Tc 3h 8c Js] [Ad]
kel3vr4_23: bets $9.17 and is all-in
Manifestorr: calls $9.17
lukatoni08: folds 
*** SHOW DOWN ***
kel3vr4_23: shows [8s As] (two pair, Aces and Eights)
Manifestorr: shows [Td Ac] (two pair, Aces and Tens)
Manifestorr collected $37.70 from pot
*** SUMMARY ***
Total pot $39.68 | Rake $1.98 
Board [Tc 3h 8c Js Ad]
Seat 1: Manifestorr showed [Td Ac] and won ($37.70) with two pair, Aces and Tens
Seat 2: lukatoni08 folded on the River
Seat 3: MaikonAll folded before Flop (didn't bet)
Seat 4: beshece11harf (button) folded before Flop (didn't bet)
Seat 5: kel3vr4_23 (small blind) showed [8s As] and lost with two pair, Aces and Eights
Seat 6: canibal27 (big blind) folded on the Flop



PokerStars Hand #254599179425:  Hold'em No Limit ($0.50/$1.00 USD) - 2025/01/28 23:26:59 WET [2025/01/28 18:26:59 ET]
Table 'Montague' 6-max Seat #6 is the button
Seat 5: kel3vr4_23 ($0 in chips) is sitting out
Seat 1: Manifestorr ($125.65 in chips) 
Seat 2: lukatoni08 ($106.35 in chips) 
Seat 3: MaikonAll ($101.50 in chips) 
Seat 4: beshece11harf ($110 in chips) 
Seat 6: canibal27 ($100 in chips) 
Manifestorr: posts small blind $0.50
lukatoni08: posts big blind $1
*** HOLE CARDS ***
MaikonAll: folds 
beshece11harf: folds 
canibal27: raises $1.50 to $2.50
Manifestorr: folds 
lukatoni08: calls $1.50
*** FLOP *** [Kh Qc Ac]
lukatoni08: checks 
canibal27: bets $1.30
lukatoni08: folds 
Uncalled bet ($1.30) returned to canibal27
canibal27 collected $5.22 from pot
canibal27: doesn't show hand 
*** SUMMARY ***
Total pot $5.50 | Rake $0.28 
Board [Kh Qc Ac]
Seat 5: kel3vr4_23
Seat 1: Manifestorr (small blind) folded before Flop
Seat 2: lukatoni08 (big blind) folded on the Flop
Seat 3: MaikonAll folded before Flop (didn't bet)
Seat 4: beshece11harf folded before Flop (didn't bet)
Seat 6: canibal27 (button) collected ($5.22)



PokerStars Hand #254599186581:  Hold'em No Limit ($0.50/$1.00 USD) - 2025/01/28 23:27:26 WET [2025/01/28 18:27:26 ET]
Table 'Montague' 6-max Seat #1 is the button
Seat 1: Manifestorr ($125.15 in chips) 
Seat 2: lukatoni08 ($103.85 in chips) 
Seat 3: MaikonAll ($101.50 in chips) 
Seat 4: beshece11harf ($110 in chips) 
Seat 5: kel3vr4_23 ($10 in chips) 
Seat 6: canibal27 ($102.72 in chips) 
lukatoni08: posts small blind $0.50
MaikonAll: posts big blind $1
*** HOLE CARDS ***
beshece11harf: folds 
kel3vr4_23: raises $9 to $10 and is all-in
canibal27: calls $10
Manifestorr: folds 
lukatoni08: folds 
MaikonAll: folds 
*** FLOP *** [6h 3d 5s]
*** TURN *** [6h 3d 5s] [7h]
*** RIVER *** [6h 3d 5s 7h] [4s]
*** SHOW DOWN ***
kel3vr4_23: shows [Jd Jh] (a straight, Three to Seven)
canibal27: shows [Qd Ad] (a straight, Three to Seven)
kel3vr4_23 collected $10.21 from pot
canibal27 collected $10.21 from pot
*** SUMMARY ***
Total pot $21.50 | Rake $1.08 
Board [6h 3d 5s 7h 4s]
Seat 1: Manifestorr (button) folded before Flop (didn't bet)
Seat 2: lukatoni08 (small blind) folded before Flop
Seat 3: MaikonAll (big blind) folded before Flop
Seat 4: beshece11harf folded before Flop (didn't bet)
Seat 5: kel3vr4_23 showed [Jd Jh] and won ($10.21) with a straight, Three to Seven
Seat 6: canibal27 showed [Qd Ad] and won ($10.21) with a straight, Three to Seven



PokerStars Hand #254599193075:  Hold'em No Limit ($0.50/$1.00 USD) - 2025/01/28 23:27:51 WET [2025/01/28 18:27:51 ET]
Table 'Montague' 6-max Seat #2 is the button
Seat 1: Manifestorr ($125.15 in chips) 
Seat 2: lukatoni08 ($103.35 in chips) 
Seat 3: MaikonAll ($100.50 in chips) 
Seat 4: beshece11harf ($110 in chips) 
Seat 5: kel3vr4_23 ($10.21 in chips) 
Seat 6: canibal27 ($102.93 in chips) 
MaikonAll: posts small blind $0.50
beshece11harf: posts big blind $1
*** HOLE CARDS ***
kel3vr4_23: folds 
canibal27: folds 
Manifestorr: folds 
lukatoni08: raises $1 to $2
MaikonAll: folds 
beshece11harf: calls $1
*** FLOP *** [Ks 4h 8s]
beshece11harf: checks 
lukatoni08: checks 
*** TURN *** [Ks 4h 8s] [Tc]
beshece11harf: checks 
lukatoni08: checks 
*** RIVER *** [Ks 4h 8s Tc] [Ac]
beshece11harf: checks 
lukatoni08: checks 
*** SHOW DOWN ***
beshece11harf: shows [Kh 5h] (a pair of Kings)
lukatoni08: mucks hand 
beshece11harf collected $4.28 from pot
*** SUMMARY ***
Total pot $4.50 | Rake $0.22 
Board [Ks 4h 8s Tc Ac]
Seat 1: Manifestorr folded before Flop (didn't bet)
Seat 2: lukatoni08 (button) mucked
Seat 3: MaikonAll (small blind) folded before Flop
Seat 4: beshece11harf (big blind) showed [Kh 5h] and won ($4.28) with a pair of Kings
Seat 5: kel3vr4_23 folded before Flop (didn't bet)
Seat 6: canibal27 folded before Flop (didn't bet)



PokerStars Hand #254599203389:  Hold'em No Limit ($0.50/$1.00 USD) - 2025/01/28 23:28:31 WET [2025/01/28 18:28:31 ET]
Table 'Montague' 6-max Seat #3 is the button
Seat 1: Manifestorr ($125.15 in chips) 
Seat 2: lukatoni08 ($101.35 in chips) 
Seat 3: MaikonAll ($100 in chips) 
Seat 4: beshece11harf ($112.28 in chips) 
Seat 5: kel3vr4_23 ($10.21 in chips) 
Seat 6: canibal27 ($102.93 in chips) 
beshece11harf: posts small blind $0.50
kel3vr4_23: posts big blind $1
*** HOLE CARDS ***
canibal27: folds 
Manifestorr: folds 
lukatoni08: folds 
MaikonAll: raises $1 to $2
beshece11harf: folds 
kel3vr4_23: calls $1
*** FLOP *** [2s 7s Qd]
kel3vr4_23: checks 
MaikonAll: bets $1.07
kel3vr4_23: calls $1.07
*** TURN *** [2s 7s Qd] [Qc]
kel3vr4_23: checks 
MaikonAll: checks 
*** RIVER *** [2s 7s Qd Qc] [3s]
kel3vr4_23: bets $2
MaikonAll: calls $2
*** SHOW DOWN ***
kel3vr4_23: shows [2d 8d] (two pair, Queens and Deuces)
MaikonAll: shows [Ad 7h] (two pair, Queens and Sevens)
MaikonAll collected $10.11 from pot
*** SUMMARY ***
Total pot $10.64 | Rake $0.53 
Board [2s 7s Qd Qc 3s]
Seat 1: Manifestorr folded before Flop (didn't bet)
Seat 2: lukatoni08 folded before Flop (didn't bet)
Seat 3: MaikonAll (button) showed [Ad 7h] and won ($10.11) with two pair, Queens and Sevens
Seat 4: beshece11harf (small blind) folded before Flop
Seat 5: kel3vr4_23 (big blind) showed [2d 8d] and lost with two pair, Queens and Deuces
Seat 6: canibal27 folded before Flop (didn't bet)



PokerStars Hand #254599217506:  Hold'em No Limit ($0.50/$1.00 USD) - 2025/01/28 23:29:26 WET [2025/01/28 18:29:26 ET]
Table 'Montague' 6-max Seat #4 is the button
Seat 1: Manifestorr ($125.15 in chips) 
Seat 2: lukatoni08 ($101.35 in chips) 
Seat 3: MaikonAll ($105.04 in chips) 
Seat 4: beshece11harf ($111.78 in chips) 
Seat 5: kel3vr4_23 ($5.14 in chips) 
Seat 6: canibal27 ($102.93 in chips) 
kel3vr4_23: posts small blind $0.50
canibal27: posts big blind $1
*** HOLE CARDS ***
Manifestorr: folds 
lukatoni08: calls $1
MaikonAll: folds 
beshece11harf: folds 
kel3vr4_23: raises $1 to $2
canibal27: calls $1
lukatoni08: calls $1
*** FLOP *** [4s 4d 2c]
kel3vr4_23: checks 
canibal27: checks 
lukatoni08: checks 
*** TURN *** [4s 4d 2c] [Th]
kel3vr4_23: checks 
canibal27: checks 
lukatoni08: checks 
*** RIVER *** [4s 4d 2c Th] [6s]
kel3vr4_23: checks 
canibal27: checks 
lukatoni08: checks 
*** SHOW DOWN ***
kel3vr4_23: shows [8c Qc] (a pair of Fours)
canibal27: mucks hand 
lukatoni08: shows [Kh 9h] (a pair of Fours - King kicker)
lukatoni08 collected $5.70 from pot
*** SUMMARY ***
Total pot $6 | Rake $0.30 
Board [4s 4d 2c Th 6s]
Seat 1: Manifestorr folded before Flop (didn't bet)
Seat 2: lukatoni08 showed [Kh 9h] and won ($5.70) with a pair of Fours
Seat 3: MaikonAll folded before Flop (didn't bet)
Seat 4: beshece11harf (button) folded before Flop (didn't bet)
Seat 5: kel3vr4_23 (small blind) showed [8c Qc] and lost with a pair of Fours
Seat 6: canibal27 (big blind) mucked



PokerStars Hand #254599229753:  Hold'em No Limit ($0.50/$1.00 USD) - 2025/01/28 23:30:13 WET [2025/01/28 18:30:13 ET]
Table 'Montague' 6-max Seat #5 is the button
Seat 1: Manifestorr ($125.15 in chips) is sitting out
Seat 2: lukatoni08 ($105.05 in chips) 
Seat 3: MaikonAll ($105.04 in chips) 
Seat 4: beshece11harf ($111.78 in chips) 
Seat 5: kel3vr4_23 ($3.14 in chips) 
Seat 6: canibal27 ($100.93 in chips) 
canibal27: posts small blind $0.50
Manifestorr: is sitting out 
lukatoni08: posts big blind $1
*** HOLE CARDS ***
Manifestorr leaves the table
MaikonAll has timed out
MaikonAll: folds 
beshece11harf: raises $1 to $2
kel3vr4_23: folds 
canibal27: folds 
lukatoni08: raises $5 to $7
beshece11harf: calls $5
*** FLOP *** [5c 2d Ts]
lukatoni08: bets $8
MaRKiToScoK joins the table at seat #1 
beshece11harf: folds 
Uncalled bet ($8) returned to lukatoni08
lukatoni08 collected $13.78 from pot
lukatoni08: doesn't show hand 
*** SUMMARY ***
Total pot $14.50 | Rake $0.72 
Board [5c 2d Ts]
Seat 1: Manifestorr
Seat 2: lukatoni08 (big blind) collected ($13.78)
Seat 3: MaikonAll folded before Flop (didn't bet)
Seat 4: beshece11harf folded on the Flop
Seat 5: kel3vr4_23 (button) folded before Flop (didn't bet)
Seat 6: canibal27 (small blind) folded before Flop



PokerStars Hand #254599746163:  Hold'em No Limit ($0.50/$1.00 USD) - 2025/01/28 23:31:17 WET [2025/01/28 18:31:17 ET]
Table 'Montague' 6-max Seat #6 is the button
Seat 1: MaRKiToScoK ($100 in chips) is sitting out
Seat 2: lukatoni08 ($111.83 in chips) 
Seat 3: MaikonAll ($105.04 in chips) 
Seat 4: beshece11harf ($104.78 in chips) 
Seat 5: kel3vr4_23 ($3.14 in chips) 
Seat 6: canibal27 ($100.43 in chips) 
lukatoni08: posts small blind $0.50
MaikonAll: posts big blind $1
*** HOLE CARDS ***
beshece11harf: folds 
kel3vr4_23: raises $1 to $2
canibal27: calls $2
lukatoni08: folds 
MaikonAll: folds 
*** FLOP *** [Jh 4d Td]
kel3vr4_23: bets $1.14 and is all-in
canibal27: calls $1.14
*** TURN *** [Jh 4d Td] [Ks]
*** RIVER *** [Jh 4d Td Ks] [Ad]
*** SHOW DOWN ***
kel3vr4_23: shows [3d 3c] (a pair of Threes)
canibal27: shows [9c 9d] (a pair of Nines)
canibal27 collected $7.39 from pot
*** SUMMARY ***
Total pot $7.78 | Rake $0.39 
Board [Jh 4d Td Ks Ad]
Seat 1: MaRKiToScoK
Seat 2: lukatoni08 (small blind) folded before Flop
Seat 3: MaikonAll (big blind) folded before Flop
Seat 4: beshece11harf folded before Flop (didn't bet)
Seat 5: kel3vr4_23 showed [3d 3c] and lost with a pair of Threes
Seat 6: canibal27 (button) showed [9c 9d] and won ($7.39) with a pair of Nines



PokerStars Hand #254599752173:  Hold'em No Limit ($0.50/$1.00 USD) - 2025/01/28 23:31:40 WET [2025/01/28 18:31:40 ET]
Table 'Montague' 6-max Seat #2 is the button
Seat 1: MaRKiToScoK ($100 in chips) is sitting out
Seat 4: beshece11harf ($104.78 in chips) is sitting out
Seat 5: kel3vr4_23 ($0 in chips) is sitting out
Seat 2: lukatoni08 ($111.33 in chips) 
Seat 3: MaikonAll ($104.04 in chips) 
Seat 6: canibal27 ($104.68 in chips) 
MaikonAll: posts small blind $0.50
beshece11harf: is sitting out 
kel3vr4_23 is disconnected 
canibal27: posts big blind $1
MaRKiToScoK: sits out 
*** HOLE CARDS ***
lukatoni08: folds 
beshece11harf leaves the table
MaikonAll: raises $2 to $3
canibal27: folds 
Uncalled bet ($2) returned to MaikonAll
MaikonAll collected $2 from pot
MaikonAll: doesn't show hand 
*** SUMMARY ***
Total pot $2 | Rake $0 
Seat 1: MaRKiToScoK
Seat 4: beshece11harf
Seat 5: kel3vr4_23
Seat 2: lukatoni08 (button) folded before Flop (didn't bet)
Seat 3: MaikonAll (small blind) collected ($2)
Seat 6: canibal27 (big blind) folded before Flop



PokerStars Hand #254599757967:  Hold'em No Limit ($0.50/$1.00 USD) - 2025/01/28 23:32:03 WET [2025/01/28 18:32:03 ET]
Table 'Montague' 6-max Seat #3 is the button
Seat 5: kel3vr4_23 ($0 in chips) is sitting out
Seat 1: MaRKiToScoK ($100 in chips) 
Seat 2: lukatoni08 ($111.33 in chips) 
Seat 3: MaikonAll ($105.04 in chips) 
Seat 6: canibal27 ($103.68 in chips) 
canibal27: posts small blind $0.50
MaRKiToScoK: posts big blind $1
*** HOLE CARDS ***
lukatoni08: raises $2 to $3
MaikonAll: folds 
canibal27: raises $9 to $12
MaRKiToScoK: folds 
lukatoni08: folds 
Uncalled bet ($9) returned to canibal27
canibal27 collected $7 from pot
canibal27: doesn't show hand 
*** SUMMARY ***
Total pot $7 | Rake $0 
Seat 5: kel3vr4_23
Seat 1: MaRKiToScoK (big blind) folded before Flop
Seat 2: lukatoni08 folded before Flop
Seat 3: MaikonAll (button) folded before Flop (didn't bet)
Seat 6: canibal27 (small blind) collected ($7)



PokerStars Hand #254599764596:  Hold'em No Limit ($0.50/$1.00 USD) - 2025/01/28 23:32:29 WET [2025/01/28 18:32:29 ET]
Table 'Montague' 6-max Seat #6 is the button
Seat 5: kel3vr4_23 ($0 in chips) is sitting out
Seat 1: MaRKiToScoK ($100 in chips) 
Seat 2: lukatoni08 ($108.33 in chips) 
Seat 3: MaikonAll ($105.04 in chips) 
Seat 6: canibal27 ($107.68 in chips) 
MaRKiToScoK: posts small blind $0.50
lukatoni08: posts big blind $1
*** HOLE CARDS ***
MaikonAll: folds 
canibal27: raises $1.50 to $2.50
MaRKiToScoK: folds 
lukatoni08: folds 
Uncalled bet ($1.50) returned to canibal27
canibal27 collected $2.50 from pot
canibal27: doesn't show hand 
*** SUMMARY ***
Total pot $2.50 | Rake $0 
Seat 5: kel3vr4_23
Seat 1: MaRKiToScoK (small blind) folded before Flop
Seat 2: lukatoni08 (big blind) folded before Flop
Seat 3: MaikonAll folded before Flop (didn't bet)
Seat 6: canibal27 (button) collected ($2.50)



PokerStars Hand #254599768189:  Hold'em No Limit ($0.50/$1.00 USD) - 2025/01/28 23:32:43 WET [2025/01/28 18:32:43 ET]
Table 'Montague' 6-max Seat #1 is the button
Seat 5: kel3vr4_23 ($0 in chips) is sitting out
Seat 1: MaRKiToScoK ($100 in chips) 
Seat 2: lukatoni08 ($107.33 in chips) 
Seat 3: MaikonAll ($105.04 in chips) 
Seat 6: canibal27 ($109.18 in chips) 
lukatoni08: posts small blind $0.50
MaikonAll: posts big blind $1
*** HOLE CARDS ***
canibal27: folds 
MaRKiToScoK: raises $1.50 to $2.50
lukatoni08: folds 
MaikonAll: calls $1.50
*** FLOP *** [2s 7c Ts]
MaikonAll: checks 
MaRKiToScoK: bets $3.92
MaikonAll: folds 
Uncalled bet ($3.92) returned to MaRKiToScoK
MaRKiToScoK collected $5.22 from pot
*** SUMMARY ***
Total pot $5.50 | Rake $0.28 
Board [2s 7c Ts]
Seat 5: kel3vr4_23
Seat 1: MaRKiToScoK (button) collected ($5.22)
Seat 2: lukatoni08 (small blind) folded before Flop
Seat 3: MaikonAll (big blind) folded on the Flop
Seat 6: canibal27 folded before Flop (didn't bet)



PokerStars Hand #254599777801:  Hold'em No Limit ($0.50/$1.00 USD) - 2025/01/28 23:33:21 WET [2025/01/28 18:33:21 ET]
Table 'Montague' 6-max Seat #2 is the button
Seat 5: kel3vr4_23 ($0 in chips) is sitting out
Seat 1: MaRKiToScoK ($102.72 in chips) 
Seat 2: lukatoni08 ($106.83 in chips) 
Seat 3: MaikonAll ($102.54 in chips) 
Seat 6: canibal27 ($109.18 in chips) 
MaikonAll: posts small blind $0.50
canibal27: posts big blind $1
*** HOLE CARDS ***
MaRKiToScoK: folds 
lukatoni08: folds 
MaikonAll: folds 
Uncalled bet ($0.50) returned to canibal27
canibal27 collected $1 from pot
canibal27: doesn't show hand 
*** SUMMARY ***
Total pot $1 | Rake $0 
Seat 5: kel3vr4_23
Seat 1: MaRKiToScoK folded before Flop (didn't bet)
Seat 2: lukatoni08 (button) folded before Flop (didn't bet)
Seat 3: MaikonAll (small blind) folded before Flop
Seat 6: canibal27 (big blind) collected ($1)



PokerStars Hand #254599780254:  Hold'em No Limit ($0.50/$1.00 USD) - 2025/01/28 23:33:31 WET [2025/01/28 18:33:31 ET]
Table 'Montague' 6-max Seat #3 is the button
Seat 5: kel3vr4_23 ($0 in chips) is sitting out
Seat 1: MaRKiToScoK ($102.72 in chips) 
Seat 2: lukatoni08 ($106.83 in chips) 
Seat 3: MaikonAll ($102.04 in chips) 
Seat 6: canibal27 ($109.68 in chips) 
canibal27: posts small blind $0.50
MaRKiToScoK: posts big blind $1
*** HOLE CARDS ***
Bejondeiala joins the table at seat #4 
lukatoni08: raises $2 to $3
MaikonAll: raises $6 to $9
canibal27: raises $13 to $22
MaRKiToScoK: folds 
lukatoni08: folds 
MaikonAll: folds 
Uncalled bet ($13) returned to canibal27
canibal27 collected $22 from pot
canibal27: doesn't show hand 
*** SUMMARY ***
Total pot $22 | Rake $0 
Seat 5: kel3vr4_23
Seat 1: MaRKiToScoK (big blind) folded before Flop
Seat 2: lukatoni08 folded before Flop
Seat 3: MaikonAll (button) folded before Flop
Seat 6: canibal27 (small blind) collected ($22)



PokerStars Hand #254599797109:  Hold'em No Limit ($0.50/$1.00 USD) - 2025/01/28 23:34:38 WET [2025/01/28 18:34:38 ET]
Table 'Montague' 6-max Seat #6 is the button
Seat 4: Bejondeiala ($100 in chips) is sitting out
Seat 5: kel3vr4_23 ($0 in chips) is sitting out
Seat 1: MaRKiToScoK ($101.72 in chips) 
Seat 2: lukatoni08 ($103.83 in chips) 
Seat 3: MaikonAll ($100 in chips) 
Seat 6: canibal27 ($122.68 in chips) 
MaRKiToScoK: posts small blind $0.50
lukatoni08: posts big blind $1
Bejondeiala: sits out 
*** HOLE CARDS ***
MaikonAll: raises $1.30 to $2.30
canibal27: folds 
MaRKiToScoK: folds 
lukatoni08: calls $1.30
*** FLOP *** [4s 9c Ad]
lukatoni08: checks 
MaikonAll: bets $1.21
lukatoni08: calls $1.21
*** TURN *** [4s 9c Ad] [Qd]
lukatoni08: checks 
MaikonAll: checks 
*** RIVER *** [4s 9c Ad Qd] [8d]
lukatoni08: bets $3.57
MaikonAll: raises $8.93 to $12.50
lukatoni08: calls $8.93
*** SHOW DOWN ***
MaikonAll: shows [Ks 6s] (high card Ace)
lukatoni08: shows [2h As] (a pair of Aces)
lukatoni08 collected $31.52 from pot
*** SUMMARY ***
Total pot $32.52 | Rake $1 
Board [4s 9c Ad Qd 8d]
Seat 4: Bejondeiala
Seat 5: kel3vr4_23
Seat 1: MaRKiToScoK (small blind) folded before Flop
Seat 2: lukatoni08 (big blind) showed [2h As] and won ($31.52) with a pair of Aces
Seat 3: MaikonAll showed [Ks 6s] and lost with high card Ace
Seat 6: canibal27 (button) folded before Flop (didn't bet)



PokerStars Hand #254599814644:  Hold'em No Limit ($0.50/$1.00 USD) - 2025/01/28 23:35:48 WET [2025/01/28 18:35:48 ET]
Table 'Montague' 6-max Seat #1 is the button
Seat 4: Bejondeiala ($100 in chips) is sitting out
Seat 5: kel3vr4_23 ($0 in chips) is sitting out
Seat 1: MaRKiToScoK ($101.22 in chips) 
Seat 2: lukatoni08 ($119.34 in chips) 
Seat 3: MaikonAll ($100 in chips) 
Seat 6: canibal27 ($122.68 in chips) 
lukatoni08: posts small blind $0.50
MaikonAll: posts big blind $1
Bejondeiala: sits out 
*** HOLE CARDS ***
canibal27: folds 
MaRKiToScoK: raises $1.50 to $2.50
lukatoni08: folds 
MaikonAll: raises $9.50 to $12
MaRKiToScoK: calls $9.50
*** FLOP *** [As 9d 2h]
MaikonAll: checks 
MaRKiToScoK: checks 
*** TURN *** [As 9d 2h] [8s]
MaikonAll: checks 
MaRKiToScoK: checks 
*** RIVER *** [As 9d 2h 8s] [Ts]
MaikonAll: bets $5.88
MaRKiToScoK: folds 
Uncalled bet ($5.88) returned to MaikonAll
MaikonAll collected $23.50 from pot
MaikonAll: doesn't show hand 
*** SUMMARY ***
Total pot $24.50 | Rake $1 
Board [As 9d 2h 8s Ts]
Seat 4: Bejondeiala
Seat 5: kel3vr4_23
Seat 1: MaRKiToScoK (button) folded on the River
Seat 2: lukatoni08 (small blind) folded before Flop
Seat 3: MaikonAll (big blind) collected ($23.50)
Seat 6: canibal27 folded before Flop (didn't bet)



PokerStars Hand #254599838778:  Hold'em No Limit ($0.50/$1.00 USD) - 2025/01/28 23:37:25 WET [2025/01/28 18:37:25 ET]
Table 'Montague' 6-max Seat #2 is the button
Seat 5: kel3vr4_23 ($0 in chips) is sitting out
Seat 1: MaRKiToScoK ($100 in chips) 
Seat 2: lukatoni08 ($118.84 in chips) 
Seat 3: MaikonAll ($111.50 in chips) 
Seat 4: Bejondeiala ($100 in chips) 
Seat 6: canibal27 ($122.68 in chips) 
MaikonAll: posts small blind $0.50
Bejondeiala: posts big blind $1
*** HOLE CARDS ***
canibal27: raises $1 to $2
MaRKiToScoK: folds 
lukatoni08: calls $2
MaikonAll: folds 
Bejondeiala: folds 
*** FLOP *** [Jc 2s Ad]
canibal27: bets $1.72
lukatoni08: calls $1.72
*** TURN *** [Jc 2s Ad] [8s]
canibal27: checks 
lukatoni08: checks 
*** RIVER *** [Jc 2s Ad 8s] [8d]
canibal27: bets $12.65
lukatoni08: folds 
Uncalled bet ($12.65) returned to canibal27
canibal27 collected $8.49 from pot
canibal27: doesn't show hand 
*** SUMMARY ***
Total pot $8.94 | Rake $0.45 
Board [Jc 2s Ad 8s 8d]
Seat 5: kel3vr4_23
Seat 1: MaRKiToScoK folded before Flop (didn't bet)
Seat 2: lukatoni08 (button) folded on the River
Seat 3: MaikonAll (small blind) folded before Flop
Seat 4: Bejondeiala (big blind) folded before Flop
Seat 6: canibal27 collected ($8.49)



PokerStars Hand #254599885165:  Hold'em No Limit ($0.50/$1.00 USD) - 2025/01/28 23:40:32 WET [2025/01/28 18:40:32 ET]
Table 'Montague' 6-max Seat #2 is the button
Seat 5: kel3vr4_23 ($0 in chips) is sitting out
Seat 1: MaRKiToScoK ($101.50 in chips) 
Seat 2: lukatoni08 ($136.09 in chips) 
Seat 3: MaikonAll ($110 in chips) 
Seat 4: Bejondeiala ($100 in chips) 
Seat 6: canibal27 ($127.45 in chips) 
MaikonAll: posts small blind $0.50
Bejondeiala: posts big blind $1
*** HOLE CARDS ***
canibal27: folds 
MaRKiToScoK: raises $1.25 to $2.25
lukatoni08: calls $2.25
MaikonAll: raises $11.75 to $14
Bejondeiala: folds 
MaRKiToScoK: folds 
lukatoni08: folds 
Uncalled bet ($11.75) returned to MaikonAll
MaikonAll collected $7.75 from pot
MaikonAll: doesn't show hand 
*** SUMMARY ***
Total pot $7.75 | Rake $0 
Seat 5: kel3vr4_23
Seat 1: MaRKiToScoK folded before Flop
Seat 2: lukatoni08 (button) folded before Flop
Seat 3: MaikonAll (small blind) collected ($7.75)
Seat 4: Bejondeiala (big blind) folded before Flop
Seat 6: canibal27 folded before Flop (didn't bet)



PokerStars Hand #254599898595:  Hold'em No Limit ($0.50/$1.00 USD) - 2025/01/28 23:41:26 WET [2025/01/28 18:41:26 ET]
Table 'Montague' 6-max Seat #3 is the button
Seat 5: kel3vr4_23 ($0 in chips) is sitting out
Seat 1: MaRKiToScoK ($100 in chips) 
Seat 2: lukatoni08 ($133.84 in chips) 
Seat 3: MaikonAll ($115.50 in chips) 
Seat 4: Bejondeiala ($100 in chips) 
Seat 6: canibal27 ($127.45 in chips) 
Bejondeiala: posts small blind $0.50
canibal27: posts big blind $1
*** HOLE CARDS ***
MaRKiToScoK: folds 
lukatoni08: folds 
MaikonAll: folds 
kel3vr4_23 leaves the table
Bejondeiala: raises $2 to $3
canibal27: calls $2
*** FLOP *** [Jc 5h 3h]
Unipoker11 joins the table at seat #5 
Bejondeiala: bets $2
canibal27: calls $2
*** TURN *** [Jc 5h 3h] [Jd]
Bejondeiala: checks 
canibal27: bets $6.37
Bejondeiala: calls $6.37
*** RIVER *** [Jc 5h 3h Jd] [Td]
Bejondeiala: checks 
canibal27: checks 
*** SHOW DOWN ***
Bejondeiala: shows [4s As] (a pair of Jacks)
canibal27: shows [Th Kh] (two pair, Jacks and Tens)
canibal27 collected $21.60 from pot
*** SUMMARY ***
Total pot $22.74 | Rake $1.14 
Board [Jc 5h 3h Jd Td]
Seat 5: kel3vr4_23
Seat 1: MaRKiToScoK folded before Flop (didn't bet)
Seat 2: lukatoni08 folded before Flop (didn't bet)
Seat 3: MaikonAll (button) folded before Flop (didn't bet)
Seat 4: Bejondeiala (small blind) showed [4s As] and lost with a pair of Jacks
Seat 6: canibal27 (big blind) showed [Th Kh] and won ($21.60) with two pair, Jacks and Tens



PokerStars Hand #254599922336:  Hold'em No Limit ($0.50/$1.00 USD) - 2025/01/28 23:43:03 WET [2025/01/28 18:43:03 ET]
Table 'Montague' 6-max Seat #4 is the button
Seat 5: Unipoker11 ($100 in chips) is sitting out
Seat 1: MaRKiToScoK ($100 in chips) 
Seat 2: lukatoni08 ($133.84 in chips) 
Seat 3: MaikonAll ($115.50 in chips) 
Seat 4: Bejondeiala ($100 in chips) 
Seat 6: canibal27 ($137.68 in chips) 
canibal27: posts small blind $0.50
MaRKiToScoK: posts big blind $1
*** HOLE CARDS ***
lukatoni08: folds 
MaikonAll: folds 
Unipoker11 leaves the table
Bejondeiala: folds 
canibal27: folds 
Uncalled bet ($0.50) returned to MaRKiToScoK
MaRKiToScoK collected $1 from pot
*** SUMMARY ***
Total pot $1 | Rake $0 
Seat 5: Unipoker11
Seat 1: MaRKiToScoK (big blind) collected ($1)
Seat 2: lukatoni08 folded before Flop (didn't bet)
Seat 3: MaikonAll folded before Flop (didn't bet)
Seat 4: Bejondeiala (button) folded before Flop (didn't bet)
Seat 6: canibal27 (small blind) folded before Flop



PokerStars Hand #254599928744:  Hold'em No Limit ($0.50/$1.00 USD) - 2025/01/28 23:43:29 WET [2025/01/28 18:43:29 ET]
Table 'Montague' 6-max Seat #6 is the button
Seat 1: MaRKiToScoK ($100.50 in chips) 
Seat 2: lukatoni08 ($133.84 in chips) 
Seat 3: MaikonAll ($115.50 in chips) 
Seat 4: Bejondeiala ($100 in chips) 
Seat 6: canibal27 ($137.18 in chips) 
MaRKiToScoK: posts small blind $0.50
lukatoni08: posts big blind $1
*** HOLE CARDS ***
MaikonAll: folds 
Bejondeiala: folds 
canibal27: folds 
MaRKiToScoK: raises $1.50 to $2.50
lukatoni08: folds 
Uncalled bet ($1.50) returned to MaRKiToScoK
MaRKiToScoK collected $2 from pot
*** SUMMARY ***
Total pot $2 | Rake $0 
Seat 1: MaRKiToScoK (small blind) collected ($2)
Seat 2: lukatoni08 (big blind) folded before Flop
Seat 3: MaikonAll folded before Flop (didn't bet)
Seat 4: Bejondeiala folded before Flop (didn't bet)
Seat 6: canibal27 (button) folded before Flop (didn't bet)



PokerStars Hand #254599935709:  Hold'em No Limit ($0.50/$1.00 USD) - 2025/01/28 23:43:56 WET [2025/01/28 18:43:56 ET]
Table 'Montague' 6-max Seat #1 is the button
Seat 1: MaRKiToScoK ($101.50 in chips) 
Seat 2: lukatoni08 ($132.84 in chips) 
Seat 3: MaikonAll ($115.50 in chips) 
Seat 4: Bejondeiala ($100 in chips) 
Seat 6: canibal27 ($137.18 in chips) 
lukatoni08: posts small blind $0.50
MaikonAll: posts big blind $1
*** HOLE CARDS ***
Bejondeiala: folds 
canibal27: folds 
MaRKiToScoK: raises $1.50 to $2.50
lukatoni08: calls $2
MaikonAll: folds 
*** FLOP *** [Kc Ad Kd]
lukatoni08: checks 
MaRKiToScoK: bets $1.50
lukatoni08: folds 
Uncalled bet ($1.50) returned to MaRKiToScoK
MaRKiToScoK collected $5.70 from pot
*** SUMMARY ***
Total pot $6 | Rake $0.30 
Board [Kc Ad Kd]
Seat 1: MaRKiToScoK (button) collected ($5.70)
Seat 2: lukatoni08 (small blind) folded on the Flop
Seat 3: MaikonAll (big blind) folded before Flop
Seat 4: Bejondeiala folded before Flop (didn't bet)
Seat 6: canibal27 folded before Flop (didn't bet)



PokerStars Hand #254599947971:  Hold'em No Limit ($0.50/$1.00 USD) - 2025/01/28 23:44:46 WET [2025/01/28 18:44:46 ET]
Table 'Montague' 6-max Seat #2 is the button
Seat 4: Bejondeiala ($100 in chips) is sitting out
Seat 1: MaRKiToScoK ($104.70 in chips) 
Seat 2: lukatoni08 ($130.34 in chips) 
Seat 3: MaikonAll ($114.50 in chips) 
Seat 6: canibal27 ($137.18 in chips) 
MaikonAll: posts small blind $0.50
Bejondeiala: is sitting out 
canibal27: posts big blind $1
*** HOLE CARDS ***
MaRKiToScoK: raises $1.25 to $2.25
lukatoni08: folds 
MaikonAll: folds 
canibal27: folds 
Uncalled bet ($1.25) returned to MaRKiToScoK
MaRKiToScoK collected $2.50 from pot
*** SUMMARY ***
Total pot $2.50 | Rake $0 
Seat 4: Bejondeiala
Seat 1: MaRKiToScoK collected ($2.50)
Seat 2: lukatoni08 (button) folded before Flop (didn't bet)
Seat 3: MaikonAll (small blind) folded before Flop
Seat 6: canibal27 (big blind) folded before Flop



PokerStars Hand #254599951161:  Hold'em No Limit ($0.50/$1.00 USD) - 2025/01/28 23:44:59 WET [2025/01/28 18:44:59 ET]
Table 'Montague' 6-max Seat #3 is the button
Seat 4: Bejondeiala ($100 in chips) is sitting out
Seat 1: MaRKiToScoK ($106.20 in chips) 
Seat 2: lukatoni08 ($130.34 in chips) 
Seat 3: MaikonAll ($114 in chips) 
Seat 6: canibal27 ($136.18 in chips) 
canibal27: posts small blind $0.50
MaRKiToScoK: posts big blind $1
*** HOLE CARDS ***
Bejondeiala leaves the table
lukatoni08: folds 
MaikonAll: raises $1.50 to $2.50
canibal27: raises $8.50 to $11
MaRKiToScoK: folds 
MaikonAll: raises $13 to $24
canibal27: folds 
Uncalled bet ($13) returned to MaikonAll
MaikonAll collected $23 from pot
MaikonAll: doesn't show hand 
*** SUMMARY ***
Total pot $23 | Rake $0 
Seat 4: Bejondeiala
Seat 1: MaRKiToScoK (big blind) folded before Flop
Seat 2: lukatoni08 folded before Flop (didn't bet)
Seat 3: MaikonAll (button) collected ($23)
Seat 6: canibal27 (small blind) folded before Flop



PokerStars Hand #254599959929:  Hold'em No Limit ($0.50/$1.00 USD) - 2025/01/28 23:45:35 WET [2025/01/28 18:45:35 ET]
Table 'Montague' 6-max Seat #6 is the button
Seat 1: MaRKiToScoK ($105.20 in chips) 
Seat 2: lukatoni08 ($130.34 in chips) 
Seat 3: MaikonAll ($126 in chips) 
Seat 6: canibal27 ($125.18 in chips) 
MaRKiToScoK: posts small blind $0.50
lukatoni08: posts big blind $1
*** HOLE CARDS ***
MaikonAll: folds 
canibal27: folds 
MaRKiToScoK: folds 
Uncalled bet ($0.50) returned to lukatoni08
lukatoni08 collected $1 from pot
lukatoni08: doesn't show hand 
*** SUMMARY ***
Total pot $1 | Rake $0 
Seat 1: MaRKiToScoK (small blind) folded before Flop
Seat 2: lukatoni08 (big blind) collected ($1)
Seat 3: MaikonAll folded before Flop (didn't bet)
Seat 6: canibal27 (button) folded before Flop (didn't bet)



PokerStars Hand #254599963428:  Hold'em No Limit ($0.50/$1.00 USD) - 2025/01/28 23:45:49 WET [2025/01/28 18:45:49 ET]
Table 'Montague' 6-max Seat #1 is the button
Seat 1: MaRKiToScoK ($104.70 in chips) 
Seat 2: lukatoni08 ($130.84 in chips) 
Seat 3: MaikonAll ($126 in chips) 
Seat 6: canibal27 ($125.18 in chips) 
lukatoni08: posts small blind $0.50
MaikonAll: posts big blind $1
*** HOLE CARDS ***
canibal27: folds 
MaRKiToScoK: folds 
lukatoni08: raises $1 to $2
MaikonAll: folds 
Uncalled bet ($1) returned to lukatoni08
lukatoni08 collected $2 from pot
lukatoni08: doesn't show hand 
*** SUMMARY ***
Total pot $2 | Rake $0 
Seat 1: MaRKiToScoK (button) folded before Flop (didn't bet)
Seat 2: lukatoni08 (small blind) collected ($2)
Seat 3: MaikonAll (big blind) folded before Flop
Seat 6: canibal27 folded before Flop (didn't bet)



PokerStars Hand #254599966836:  Hold'em No Limit ($0.50/$1.00 USD) - 2025/01/28 23:46:03 WET [2025/01/28 18:46:03 ET]
Table 'Montague' 6-max Seat #2 is the button
Seat 1: MaRKiToScoK ($104.70 in chips) 
Seat 2: lukatoni08 ($131.84 in chips) 
Seat 3: MaikonAll ($125 in chips) 
Seat 6: canibal27 ($125.18 in chips) 
MaikonAll: posts small blind $0.50
canibal27: posts big blind $1
*** HOLE CARDS ***
MaRKiToScoK: raises $1.25 to $2.25
lukatoni08: folds 
MaikonAll: folds 
canibal27: calls $1.25
*** FLOP *** [8d 4h 8h]
canibal27: checks 
MaRKiToScoK: bets $2.38
tintin641 joins the table at seat #4 
canibal27: raises $4.76 to $7.14
MaRKiToScoK: calls $4.76
*** TURN *** [8d 4h 8h] [7c]
canibal27: checks 
MaRKiToScoK: checks 
*** RIVER *** [8d 4h 8h 7c] [Jh]
canibal27: checks 
MaRKiToScoK: checks 
*** SHOW DOWN ***
canibal27: shows [4s 6s] (two pair, Eights and Fours)
MaRKiToScoK: shows [5d 5h] (two pair, Eights and Fives)
MaRKiToScoK collected $18.32 from pot
*** SUMMARY ***
Total pot $19.28 | Rake $0.96 
Board [8d 4h 8h 7c Jh]
Seat 1: MaRKiToScoK showed [5d 5h] and won ($18.32) with two pair, Eights and Fives
Seat 2: lukatoni08 (button) folded before Flop (didn't bet)
Seat 3: MaikonAll (small blind) folded before Flop
Seat 6: canibal27 (big blind) showed [4s 6s] and lost with two pair, Eights and Fours



PokerStars Hand #254599976341:  Hold'em No Limit ($0.50/$1.00 USD) - 2025/01/28 23:46:43 WET [2025/01/28 18:46:43 ET]
Table 'Montague' 6-max Seat #3 is the button
Seat 4: tintin641 ($100 in chips) is sitting out
Seat 1: MaRKiToScoK ($113.63 in chips) 
Seat 2: lukatoni08 ($131.84 in chips) 
Seat 3: MaikonAll ($124.50 in chips) 
Seat 6: canibal27 ($115.79 in chips) 
canibal27: posts small blind $0.50
MaRKiToScoK: posts big blind $1
*** HOLE CARDS ***
lukatoni08: folds 
MaikonAll: raises $1.50 to $2.50
canibal27: folds 
MaRKiToScoK: folds 
Uncalled bet ($1.50) returned to MaikonAll
MaikonAll collected $2.50 from pot
MaikonAll: doesn't show hand 
*** SUMMARY ***
Total pot $2.50 | Rake $0 
Seat 4: tintin641
Seat 1: MaRKiToScoK (big blind) folded before Flop
Seat 2: lukatoni08 folded before Flop (didn't bet)
Seat 3: MaikonAll (button) collected ($2.50)
Seat 6: canibal27 (small blind) folded before Flop



PokerStars Hand #254599980322:  Hold'em No Limit ($0.50/$1.00 USD) - 2025/01/28 23:46:59 WET [2025/01/28 18:46:59 ET]
Table 'Montague' 6-max Seat #6 is the button
Seat 4: tintin641 ($100 in chips) is sitting out
Seat 1: MaRKiToScoK ($112.63 in chips) 
Seat 2: lukatoni08 ($131.84 in chips) 
Seat 3: MaikonAll ($126 in chips) 
Seat 6: canibal27 ($115.29 in chips) 
MaRKiToScoK: posts small blind $0.50
lukatoni08: posts big blind $1
tintin641: sits out 
*** HOLE CARDS ***
MaikonAll: folds 
canibal27 has timed out
canibal27: folds 
MaRKiToScoK: raises $2 to $3
lukatoni08: folds 
Uncalled bet ($2) returned to MaRKiToScoK
MaRKiToScoK collected $2 from pot
*** SUMMARY ***
Total pot $2 | Rake $0 
Seat 4: tintin641
Seat 1: MaRKiToScoK (small blind) collected ($2)
Seat 2: lukatoni08 (big blind) folded before Flop
Seat 3: MaikonAll folded before Flop (didn't bet)
Seat 6: canibal27 (button) folded before Flop (didn't bet)



PokerStars Hand #254599986470:  Hold'em No Limit ($0.50/$1.00 USD) - 2025/01/28 23:47:25 WET [2025/01/28 18:47:25 ET]
Table 'Montague' 6-max Seat #1 is the button
Seat 4: tintin641 ($100 in chips) is sitting out
Seat 1: MaRKiToScoK ($113.63 in chips) 
Seat 2: lukatoni08 ($130.84 in chips) 
Seat 3: MaikonAll ($126 in chips) 
Seat 6: canibal27 ($115.29 in chips) 
lukatoni08: posts small blind $0.50
MaikonAll: posts big blind $1
tintin641: sits out 
*** HOLE CARDS ***
canibal27: folds 
MaRKiToScoK: folds 
lukatoni08: folds 
Uncalled bet ($0.50) returned to MaikonAll
MaikonAll collected $1 from pot
MaikonAll: doesn't show hand 
*** SUMMARY ***
Total pot $1 | Rake $0 
Seat 4: tintin641
Seat 1: MaRKiToScoK (button) folded before Flop (didn't bet)
Seat 2: lukatoni08 (small blind) folded before Flop
Seat 3: MaikonAll (big blind) collected ($1)
Seat 6: canibal27 folded before Flop (didn't bet)



PokerStars Hand #254599989184:  Hold'em No Limit ($0.50/$1.00 USD) - 2025/01/28 23:47:36 WET [2025/01/28 18:47:36 ET]
Table 'Montague' 6-max Seat #2 is the button
Seat 1: MaRKiToScoK ($113.63 in chips) 
Seat 2: lukatoni08 ($130.34 in chips) 
Seat 3: MaikonAll ($126.50 in chips) 
Seat 4: tintin641 ($100 in chips) 
Seat 6: canibal27 ($115.29 in chips) 
MaikonAll: posts small blind $0.50
tintin641: posts big blind $1
*** HOLE CARDS ***
canibal27: raises $1 to $2
MaRKiToScoK: calls $2
lukatoni08: folds 
MaikonAll: folds 
tintin641: calls $1
*** FLOP *** [8s 5c Qh]
tintin641: checks 
canibal27: checks 
MaRKiToScoK: checks 
*** TURN *** [8s 5c Qh] [3h]
tintin641: checks 
canibal27: checks 
MaRKiToScoK: bets $9.27
tintin641: folds 
canibal27: folds 
Uncalled bet ($9.27) returned to MaRKiToScoK
MaRKiToScoK collected $6.18 from pot
*** SUMMARY ***
Total pot $6.50 | Rake $0.32 
Board [8s 5c Qh 3h]
Seat 1: MaRKiToScoK collected ($6.18)
Seat 2: lukatoni08 (button) folded before Flop (didn't bet)
Seat 3: MaikonAll (small blind) folded before Flop
Seat 4: tintin641 (big blind) folded on the Turn
Seat 6: canibal27 folded on the Turn



PokerStars Hand #254600005042:  Hold'em No Limit ($0.50/$1.00 USD) - 2025/01/28 23:48:41 WET [2025/01/28 18:48:41 ET]
Table 'Montague' 6-max Seat #3 is the button
Seat 1: MaRKiToScoK ($117.81 in chips) 
Seat 2: lukatoni08 ($130.34 in chips) 
Seat 3: MaikonAll ($126 in chips) 
Seat 4: tintin641 ($100 in chips) 
Seat 6: canibal27 ($113.29 in chips) 
tintin641: posts small blind $0.50
canibal27: posts big blind $1
*** HOLE CARDS ***
MaRKiToScoK: folds 
lukatoni08: folds 
MaikonAll: folds 
tintin641: raises $2 to $3
canibal27: raises $6 to $9
tintin641: folds 
Uncalled bet ($6) returned to canibal27
canibal27 collected $6 from pot
canibal27: doesn't show hand 
*** SUMMARY ***
Total pot $6 | Rake $0 
Seat 1: MaRKiToScoK folded before Flop (didn't bet)
Seat 2: lukatoni08 folded before Flop (didn't bet)
Seat 3: MaikonAll (button) folded before Flop (didn't bet)
Seat 4: tintin641 (small blind) folded before Flop
Seat 6: canibal27 (big blind) collected ($6)



PokerStars Hand #254600010574:  Hold'em No Limit ($0.50/$1.00 USD) - 2025/01/28 23:49:04 WET [2025/01/28 18:49:04 ET]
Table 'Montague' 6-max Seat #4 is the button
Seat 1: MaRKiToScoK ($117.81 in chips) 
Seat 2: lukatoni08 ($130.34 in chips) 
Seat 3: MaikonAll ($126 in chips) 
Seat 4: tintin641 ($100 in chips) 
Seat 6: canibal27 ($116.29 in chips) 
canibal27: posts small blind $0.50
MaRKiToScoK: posts big blind $1
*** HOLE CARDS ***
lukatoni08: folds 
MaikonAll: folds 
tintin641: folds 
canibal27: folds 
Uncalled bet ($0.50) returned to MaRKiToScoK
MaRKiToScoK collected $1 from pot
*** SUMMARY ***
Total pot $1 | Rake $0 
Seat 1: MaRKiToScoK (big blind) collected ($1)
Seat 2: lukatoni08 folded before Flop (didn't bet)
Seat 3: MaikonAll folded before Flop (didn't bet)
Seat 4: tintin641 (button) folded before Flop (didn't bet)
Seat 6: canibal27 (small blind) folded before Flop



PokerStars Hand #254600014280:  Hold'em No Limit ($0.50/$1.00 USD) - 2025/01/28 23:49:19 WET [2025/01/28 18:49:19 ET]
Table 'Montague' 6-max Seat #6 is the button
Seat 1: MaRKiToScoK ($118.31 in chips) 
Seat 2: lukatoni08 ($130.34 in chips) 
Seat 3: MaikonAll ($126 in chips) 
Seat 4: tintin641 ($100 in chips) 
Seat 6: canibal27 ($115.79 in chips) 
MaRKiToScoK: posts small blind $0.50
lukatoni08: posts big blind $1
*** HOLE CARDS ***
MaikonAll: folds 
tintin641: raises $1.50 to $2.50
canibal27: folds 
MaRKiToScoK: folds 
lukatoni08: folds 
Uncalled bet ($1.50) returned to tintin641
tintin641 collected $2.50 from pot
tintin641: doesn't show hand 
*** SUMMARY ***
Total pot $2.50 | Rake $0 
Seat 1: MaRKiToScoK (small blind) folded before Flop
Seat 2: lukatoni08 (big blind) folded before Flop
Seat 3: MaikonAll folded before Flop (didn't bet)
Seat 4: tintin641 collected ($2.50)
Seat 6: canibal27 (button) folded before Flop (didn't bet)



PokerStars Hand #254600019001:  Hold'em No Limit ($0.50/$1.00 USD) - 2025/01/28 23:49:39 WET [2025/01/28 18:49:39 ET]
Table 'Montague' 6-max Seat #1 is the button
Seat 1: MaRKiToScoK ($117.81 in chips) 
Seat 2: lukatoni08 ($129.34 in chips) 
Seat 3: MaikonAll ($126 in chips) 
Seat 4: tintin641 ($101.50 in chips) 
Seat 6: canibal27 ($115.79 in chips) 
lukatoni08: posts small blind $0.50
MaikonAll: posts big blind $1
*** HOLE CARDS ***
tintin641: raises $1.50 to $2.50
canibal27: folds 
MaRKiToScoK: folds 
lukatoni08: folds 
MaikonAll: folds 
Uncalled bet ($1.50) returned to tintin641
tintin641 collected $2.50 from pot
tintin641: doesn't show hand 
*** SUMMARY ***
Total pot $2.50 | Rake $0 
Seat 1: MaRKiToScoK (button) folded before Flop (didn't bet)
Seat 2: lukatoni08 (small blind) folded before Flop
Seat 3: MaikonAll (big blind) folded before Flop
Seat 4: tintin641 collected ($2.50)
Seat 6: canibal27 folded before Flop (didn't bet)



PokerStars Hand #254600022378:  Hold'em No Limit ($0.50/$1.00 USD) - 2025/01/28 23:49:53 WET [2025/01/28 18:49:53 ET]
Table 'Montague' 6-max Seat #2 is the button
Seat 4: tintin641 ($103 in chips) is sitting out
Seat 1: MaRKiToScoK ($117.81 in chips) 
Seat 2: lukatoni08 ($128.84 in chips) 
Seat 3: MaikonAll ($125 in chips) 
Seat 6: canibal27 ($115.79 in chips) 
MaikonAll: posts small blind $0.50
tintin641: is sitting out 
canibal27: posts big blind $1
*** HOLE CARDS ***
tintin641 leaves the table
MaRKiToScoK: folds 
lukatoni08: folds 
MaikonAll: raises $2 to $3
canibal27: folds 
Uncalled bet ($2) returned to MaikonAll
MaikonAll collected $2 from pot
MaikonAll: doesn't show hand 
*** SUMMARY ***
Total pot $2 | Rake $0 
Seat 4: tintin641
Seat 1: MaRKiToScoK folded before Flop (didn't bet)
Seat 2: lukatoni08 (button) folded before Flop (didn't bet)
Seat 3: MaikonAll (small blind) collected ($2)
Seat 6: canibal27 (big blind) folded before Flop



PokerStars Hand #254600026337:  Hold'em No Limit ($0.50/$1.00 USD) - 2025/01/28 23:50:10 WET [2025/01/28 18:50:10 ET]
Table 'Montague' 6-max Seat #3 is the button
Seat 1: MaRKiToScoK ($117.81 in chips) 
Seat 2: lukatoni08 ($128.84 in chips) 
Seat 3: MaikonAll ($126 in chips) 
Seat 6: canibal27 ($114.79 in chips) 
canibal27: posts small blind $0.50
MaRKiToScoK: posts big blind $1
*** HOLE CARDS ***
lukatoni08: folds 
MaikonAll: folds 
canibal27: folds 
Uncalled bet ($0.50) returned to MaRKiToScoK
MaRKiToScoK collected $1 from pot
*** SUMMARY ***
Total pot $1 | Rake $0 
Seat 1: MaRKiToScoK (big blind) collected ($1)
Seat 2: lukatoni08 folded before Flop (didn't bet)
Seat 3: MaikonAll (button) folded before Flop (didn't bet)
Seat 6: canibal27 (small blind) folded before Flop



PokerStars Hand #254600029963:  Hold'em No Limit ($0.50/$1.00 USD) - 2025/01/28 23:50:25 WET [2025/01/28 18:50:25 ET]
Table 'Montague' 6-max Seat #6 is the button
Seat 1: MaRKiToScoK ($118.31 in chips) 
Seat 2: lukatoni08 ($128.84 in chips) 
Seat 3: MaikonAll ($126 in chips) 
Seat 6: canibal27 ($114.29 in chips) 
MaRKiToScoK: posts small blind $0.50
lukatoni08: posts big blind $1
*** HOLE CARDS ***
MaikonAll has timed out
MaikonAll: folds 
canibal27: folds 
MaRKiToScoK: raises $2 to $3
lukatoni08: calls $2
*** FLOP *** [5s Qd As]
MaRKiToScoK: bets $1.88
lukatoni08: calls $1.88
*** TURN *** [5s Qd As] [Jd]
MaRKiToScoK: bets $16.22
lukatoni08: folds 
Uncalled bet ($16.22) returned to MaRKiToScoK
MaRKiToScoK collected $9.27 from pot
*** SUMMARY ***
Total pot $9.76 | Rake $0.49 
Board [5s Qd As Jd]
Seat 1: MaRKiToScoK (small blind) collected ($9.27)
Seat 2: lukatoni08 (big blind) folded on the Turn
Seat 3: MaikonAll folded before Flop (didn't bet)
Seat 6: canibal27 (button) folded before Flop (didn't bet)



PokerStars Hand #254600041415:  Hold'em No Limit ($0.50/$1.00 USD) - 2025/01/28 23:51:13 WET [2025/01/28 18:51:13 ET]
Table 'Montague' 6-max Seat #1 is the button
Seat 1: MaRKiToScoK ($122.70 in chips) 
Seat 2: lukatoni08 ($123.96 in chips) 
Seat 3: MaikonAll ($126 in chips) 
Seat 6: canibal27 ($114.29 in chips) 
lukatoni08: posts small blind $0.50
MaikonAll: posts big blind $1
*** HOLE CARDS ***
canibal27: folds 
MaRKiToScoK: raises $1.50 to $2.50
lukatoni08: folds 
MaikonAll: raises $9.50 to $12
MaRKiToScoK: folds 
Uncalled bet ($9.50) returned to MaikonAll
MaikonAll collected $5.50 from pot
MaikonAll: doesn't show hand 
*** SUMMARY ***
Total pot $5.50 | Rake $0 
Seat 1: MaRKiToScoK (button) folded before Flop
Seat 2: lukatoni08 (small blind) folded before Flop
Seat 3: MaikonAll (big blind) collected ($5.50)
Seat 6: canibal27 folded before Flop (didn't bet)



PokerStars Hand #254600045952:  Hold'em No Limit ($0.50/$1.00 USD) - 2025/01/28 23:51:32 WET [2025/01/28 18:51:32 ET]
Table 'Montague' 6-max Seat #2 is the button
Seat 1: MaRKiToScoK ($120.20 in chips) 
Seat 2: lukatoni08 ($123.46 in chips) 
Seat 3: MaikonAll ($129 in chips) 
Seat 6: canibal27 ($114.29 in chips) 
MaikonAll: posts small blind $0.50
canibal27: posts big blind $1
*** HOLE CARDS ***
MaRKiToScoK: folds 
lukatoni08: folds 
MaikonAll: folds 
Uncalled bet ($0.50) returned to canibal27
canibal27 collected $1 from pot
canibal27: doesn't show hand 
*** SUMMARY ***
Total pot $1 | Rake $0 
Seat 1: MaRKiToScoK folded before Flop (didn't bet)
Seat 2: lukatoni08 (button) folded before Flop (didn't bet)
Seat 3: MaikonAll (small blind) folded before Flop
Seat 6: canibal27 (big blind) collected ($1)



PokerStars Hand #254600049309:  Hold'em No Limit ($0.50/$1.00 USD) - 2025/01/28 23:51:46 WET [2025/01/28 18:51:46 ET]
Table 'Montague' 6-max Seat #3 is the button
Seat 1: MaRKiToScoK ($120.20 in chips) 
Seat 2: lukatoni08 ($123.46 in chips) 
Seat 3: MaikonAll ($128.50 in chips) 
Seat 6: canibal27 ($114.79 in chips) 
canibal27: posts small blind $0.50
MaRKiToScoK: posts big blind $1
*** HOLE CARDS ***
lukatoni08: folds 
MaikonAll: folds 
canibal27: folds 
Uncalled bet ($0.50) returned to MaRKiToScoK
Espada Fish joins the table at seat #5 
MaRKiToScoK collected $1 from pot
*** SUMMARY ***
Total pot $1 | Rake $0 
Seat 1: MaRKiToScoK (big blind) collected ($1)
Seat 2: lukatoni08 folded before Flop (didn't bet)
Seat 3: MaikonAll (button) folded before Flop (didn't bet)
Seat 6: canibal27 (small blind) folded before Flop



PokerStars Hand #254600051459:  Hold'em No Limit ($0.50/$1.00 USD) - 2025/01/28 23:51:55 WET [2025/01/28 18:51:55 ET]
Table 'Montague' 6-max Seat #6 is the button
Seat 5: Espada Fish ($100 in chips) is sitting out
Seat 1: MaRKiToScoK ($120.70 in chips) 
Seat 2: lukatoni08 ($123.46 in chips) 
Seat 3: MaikonAll ($128.50 in chips) 
Seat 6: canibal27 ($114.29 in chips) 
MaRKiToScoK: posts small blind $0.50
lukatoni08: posts big blind $1
Espada Fish: sits out 
*** HOLE CARDS ***
MaikonAll: folds 
canibal27: folds 
MaRKiToScoK: folds 
Uncalled bet ($0.50) returned to lukatoni08
lukatoni08 collected $1 from pot
lukatoni08: doesn't show hand 
*** SUMMARY ***
Total pot $1 | Rake $0 
Seat 5: Espada Fish
Seat 1: MaRKiToScoK (small blind) folded before Flop
Seat 2: lukatoni08 (big blind) collected ($1)
Seat 3: MaikonAll folded before Flop (didn't bet)
Seat 6: canibal27 (button) folded before Flop (didn't bet)



PokerStars Hand #254600056882:  Hold'em No Limit ($0.50/$1.00 USD) - 2025/01/28 23:52:19 WET [2025/01/28 18:52:19 ET]
Table 'Montague' 6-max Seat #1 is the button
Seat 5: Espada Fish ($100 in chips) is sitting out
Seat 1: MaRKiToScoK ($120.20 in chips) 
Seat 2: lukatoni08 ($123.96 in chips) 
Seat 3: MaikonAll ($128.50 in chips) 
Seat 6: canibal27 ($114.29 in chips) 
lukatoni08: posts small blind $0.50
MaikonAll: posts big blind $1
Espada Fish: sits out 
*** HOLE CARDS ***
canibal27: folds 
MaRKiToScoK: folds 
lukatoni08: calls $0.50
MaikonAll: raises $3 to $4
lukatoni08: calls $3
*** FLOP *** [7c 5s Jh]
lukatoni08: checks 
MaikonAll: bets $1.90
lukatoni08: calls $1.90
*** TURN *** [7c 5s Jh] [4s]
lukatoni08: checks 
MaikonAll: bets $8.40
Cythian182 joins the table at seat #4 
lukatoni08: folds 
Uncalled bet ($8.40) returned to MaikonAll
Cythian182 is disconnected 
MaikonAll collected $11.21 from pot
MaikonAll: doesn't show hand 
*** SUMMARY ***
Total pot $11.80 | Rake $0.59 
Board [7c 5s Jh 4s]
Seat 5: Espada Fish
Seat 1: MaRKiToScoK (button) folded before Flop (didn't bet)
Seat 2: lukatoni08 (small blind) folded on the Turn
Seat 3: MaikonAll (big blind) collected ($11.21)
Seat 6: canibal27 folded before Flop (didn't bet)



PokerStars Hand #254600069143:  Hold'em No Limit ($0.50/$1.00 USD) - 2025/01/28 23:53:11 WET [2025/01/28 18:53:11 ET]
Table 'Montague' 6-max Seat #2 is the button
Seat 5: Espada Fish ($100 in chips) is sitting out
Seat 1: MaRKiToScoK ($120.20 in chips) 
Seat 2: lukatoni08 ($118.06 in chips) 
Seat 3: MaikonAll ($133.81 in chips) 
Seat 4: Cythian182 ($100 in chips) 
Seat 6: canibal27 ($114.29 in chips) 
MaikonAll: posts small blind $0.50
Cythian182: posts big blind $1
Espada Fish: sits out 
*** HOLE CARDS ***
canibal27: folds 
MaRKiToScoK: folds 
lukatoni08: folds 
MaikonAll: folds 
Uncalled bet ($0.50) returned to Cythian182
Cythian182 collected $1 from pot
*** SUMMARY ***
Total pot $1 | Rake $0 
Seat 5: Espada Fish
Seat 1: MaRKiToScoK folded before Flop (didn't bet)
Seat 2: lukatoni08 (button) folded before Flop (didn't bet)
Seat 3: MaikonAll (small blind) folded before Flop
Seat 4: Cythian182 (big blind) collected ($1)
Seat 6: canibal27 folded before Flop (didn't bet)



PokerStars Hand #254600072590:  Hold'em No Limit ($0.50/$1.00 USD) - 2025/01/28 23:53:26 WET [2025/01/28 18:53:26 ET]
Table 'Montague' 6-max Seat #3 is the button
Seat 1: MaRKiToScoK ($120.20 in chips) 
Seat 2: lukatoni08 ($118.06 in chips) 
Seat 3: MaikonAll ($133.31 in chips) 
Seat 4: Cythian182 ($100.50 in chips) 
Seat 5: Espada Fish ($100 in chips) 
Seat 6: canibal27 ($114.29 in chips) 
Cythian182: posts small blind $0.50
Espada Fish: posts big blind $1
*** HOLE CARDS ***
canibal27: folds 
MaRKiToScoK: folds 
lukatoni08 has timed out
lukatoni08: folds 
MaikonAll: raises $1.50 to $2.50
Cythian182: folds 
Espada Fish: folds 
Uncalled bet ($1.50) returned to MaikonAll
MaikonAll collected $2.50 from pot
MaikonAll: doesn't show hand 
*** SUMMARY ***
Total pot $2.50 | Rake $0 
Seat 1: MaRKiToScoK folded before Flop (didn't bet)
Seat 2: lukatoni08 folded before Flop (didn't bet)
Seat 3: MaikonAll (button) collected ($2.50)
Seat 4: Cythian182 (small blind) folded before Flop
Seat 5: Espada Fish (big blind) folded before Flop
Seat 6: canibal27 folded before Flop (didn't bet)



PokerStars Hand #254600078417:  Hold'em No Limit ($0.50/$1.00 USD) - 2025/01/28 23:53:52 WET [2025/01/28 18:53:52 ET]
Table 'Montague' 6-max Seat #4 is the button
Seat 2: lukatoni08 ($118.06 in chips) is sitting out
Seat 1: MaRKiToScoK ($120.20 in chips) 
Seat 3: MaikonAll ($134.81 in chips) 
Seat 4: Cythian182 ($100 in chips) 
Seat 5: Espada Fish ($100 in chips) 
Seat 6: canibal27 ($114.29 in chips) 
Espada Fish: posts small blind $0.50
canibal27: posts big blind $1
*** HOLE CARDS ***
MaRKiToScoK: raises $1 to $2
MaikonAll: folds 
Cythian182: folds 
Espada Fish: folds 
canibal27: calls $1
*** FLOP *** [Jh 2d Ks]
canibal27: checks 
MaRKiToScoK: bets $2.14
canibal27: folds 
Uncalled bet ($2.14) returned to MaRKiToScoK
MaRKiToScoK collected $4.28 from pot
*** SUMMARY ***
Total pot $4.50 | Rake $0.22 
Board [Jh 2d Ks]
Seat 2: lukatoni08
Seat 1: MaRKiToScoK collected ($4.28)
Seat 3: MaikonAll folded before Flop (didn't bet)
Seat 4: Cythian182 (button) folded before Flop (didn't bet)
Seat 5: Espada Fish (small blind) folded before Flop
Seat 6: canibal27 (big blind) folded on the Flop



PokerStars Hand #254600086960:  Hold'em No Limit ($0.50/$1.00 USD) - 2025/01/28 23:54:29 WET [2025/01/28 18:54:29 ET]
Table 'Montague' 6-max Seat #5 is the button
Seat 1: MaRKiToScoK ($122.48 in chips) 
Seat 2: lukatoni08 ($118.06 in chips) 
Seat 3: MaikonAll ($134.81 in chips) 
Seat 4: Cythian182 ($100 in chips) 
Seat 5: Espada Fish ($100 in chips) 
Seat 6: canibal27 ($112.29 in chips) 
canibal27: posts small blind $0.50
MaRKiToScoK: posts big blind $1
*** HOLE CARDS ***
lukatoni08: folds 
MaikonAll: folds 
Cythian182: folds 
Espada Fish: folds 
canibal27: folds 
Uncalled bet ($0.50) returned to MaRKiToScoK
MaRKiToScoK collected $1 from pot
*** SUMMARY ***
Total pot $1 | Rake $0 
Seat 1: MaRKiToScoK (big blind) collected ($1)
Seat 2: lukatoni08 folded before Flop (didn't bet)
Seat 3: MaikonAll folded before Flop (didn't bet)
Seat 4: Cythian182 folded before Flop (didn't bet)
Seat 5: Espada Fish (button) folded before Flop (didn't bet)
Seat 6: canibal27 (small blind) folded before Flop



PokerStars Hand #254600091524:  Hold'em No Limit ($0.50/$1.00 USD) - 2025/01/28 23:54:49 WET [2025/01/28 18:54:49 ET]
Table 'Montague' 6-max Seat #6 is the button
Seat 1: MaRKiToScoK ($122.98 in chips) 
Seat 2: lukatoni08 ($118.06 in chips) 
Seat 3: MaikonAll ($134.81 in chips) 
Seat 4: Cythian182 ($100 in chips) 
Seat 5: Espada Fish ($100 in chips) 
Seat 6: canibal27 ($111.79 in chips) 
MaRKiToScoK: posts small blind $0.50
lukatoni08: posts big blind $1
*** HOLE CARDS ***
MaikonAll: folds 
Cythian182: raises $2 to $3
Espada Fish: folds 
canibal27: folds 
MaRKiToScoK: calls $2.50
lukatoni08: folds 
*** FLOP *** [6h 9c 7d]
MaRKiToScoK: checks 
Cythian182: bets $4
MaRKiToScoK: calls $4
*** TURN *** [6h 9c 7d] [6d]
MaRKiToScoK: checks 
Cythian182: checks 
*** RIVER *** [6h 9c 7d 6d] [Ac]
MaRKiToScoK: checks 
Cythian182: bets $6.70
MaRKiToScoK: folds 
Uncalled bet ($6.70) returned to Cythian182
Cythian182 collected $14.25 from pot
*** SUMMARY ***
Total pot $15 | Rake $0.75 
Board [6h 9c 7d 6d Ac]
Seat 1: MaRKiToScoK (small blind) folded on the River
Seat 2: lukatoni08 (big blind) folded before Flop
Seat 3: MaikonAll folded before Flop (didn't bet)
Seat 4: Cythian182 collected ($14.25)
Seat 5: Espada Fish folded before Flop (didn't bet)
Seat 6: canibal27 (button) folded before Flop (didn't bet)



PokerStars Hand #254600105895:  Hold'em No Limit ($0.50/$1.00 USD) - 2025/01/28 23:56:05 WET [2025/01/28 18:56:05 ET]
Table 'Montague' 6-max Seat #1 is the button
Seat 1: MaRKiToScoK ($115.98 in chips) 
Seat 2: lukatoni08 ($117.06 in chips) 
Seat 3: MaikonAll ($134.81 in chips) 
Seat 4: Cythian182 ($107.25 in chips) 
Seat 5: Espada Fish ($100 in chips) 
Seat 6: canibal27 ($111.79 in chips) 
lukatoni08: posts small blind $0.50
MaikonAll: posts big blind $1
*** HOLE CARDS ***
Cythian182: raises $2 to $3
Espada Fish: folds 
canibal27: folds 
MaRKiToScoK: folds 
lukatoni08: folds 
MaikonAll: folds 
Uncalled bet ($2) returned to Cythian182
Cythian182 collected $2.50 from pot
*** SUMMARY ***
Total pot $2.50 | Rake $0 
Seat 1: MaRKiToScoK (button) folded before Flop (didn't bet)
Seat 2: lukatoni08 (small blind) folded before Flop
Seat 3: MaikonAll (big blind) folded before Flop
Seat 4: Cythian182 collected ($2.50)
Seat 5: Espada Fish folded before Flop (didn't bet)
Seat 6: canibal27 folded before Flop (didn't bet)



PokerStars Hand #254600108971:  Hold'em No Limit ($0.50/$1.00 USD) - 2025/01/28 23:56:22 WET [2025/01/28 18:56:22 ET]
Table 'Montague' 6-max Seat #2 is the button
Seat 1: MaRKiToScoK ($115.98 in chips) 
Seat 2: lukatoni08 ($116.56 in chips) 
Seat 3: MaikonAll ($133.81 in chips) 
Seat 4: Cythian182 ($108.75 in chips) 
Seat 5: Espada Fish ($100 in chips) 
Seat 6: canibal27 ($111.79 in chips) 
MaikonAll: posts small blind $0.50
Cythian182: posts big blind $1
*** HOLE CARDS ***
Espada Fish: folds 
canibal27: folds 
MaRKiToScoK: folds 
lukatoni08: folds 
MaikonAll: raises $2 to $3
Cythian182: calls $2
*** FLOP *** [5s 9h Kd]
MaikonAll: bets $1.43
Cythian182: calls $1.43
*** TURN *** [5s 9h Kd] [6c]
MaikonAll: bets $6.32
Cythian182: calls $6.32
*** RIVER *** [5s 9h Kd 6c] [4c]
MaikonAll: bets $20.42
Cythian182: calls $20.42
Espada Fish leaves the table
*** SHOW DOWN ***
MaikonAll: shows [7d 8c] (a straight, Five to Nine)
Cythian182: mucks hand 
MaikonAll collected $59.84 from pot
*** SUMMARY ***
Total pot $62.34 | Rake $2.50 
Board [5s 9h Kd 6c 4c]
Seat 1: MaRKiToScoK folded before Flop (didn't bet)
Seat 2: lukatoni08 (button) folded before Flop (didn't bet)
Seat 3: MaikonAll (small blind) showed [7d 8c] and won ($59.84) with a straight, Five to Nine
Seat 4: Cythian182 (big blind) mucked
Seat 5: Espada Fish folded before Flop (didn't bet)
Seat 6: canibal27 folded before Flop (didn't bet)



PokerStars Hand #254600129099:  Hold'em No Limit ($0.50/$1.00 USD) - 2025/01/28 23:58:13 WET [2025/01/28 18:58:13 ET]
Table 'Montague' 6-max Seat #3 is the button
Seat 1: MaRKiToScoK ($115.98 in chips) 
Seat 2: lukatoni08 ($116.56 in chips) 
Seat 3: MaikonAll ($162.48 in chips) 
Seat 4: Cythian182 ($77.58 in chips) 
Seat 6: canibal27 ($111.79 in chips) 
Cythian182: posts small blind $0.50
canibal27: posts big blind $1
*** HOLE CARDS ***
MaRKiToScoK: folds 
lukatoni08: raises $2 to $3
MaikonAll: folds 
Cythian182: folds 
canibal27: folds 
Uncalled bet ($2) returned to lukatoni08
lukatoni08 collected $2.50 from pot
lukatoni08: doesn't show hand 
*** SUMMARY ***
Total pot $2.50 | Rake $0 
Seat 1: MaRKiToScoK folded before Flop (didn't bet)
Seat 2: lukatoni08 collected ($2.50)
Seat 3: MaikonAll (button) folded before Flop (didn't bet)
Seat 4: Cythian182 (small blind) folded before Flop
Seat 6: canibal27 (big blind) folded before Flop



PokerStars Hand #254600132291:  Hold'em No Limit ($0.50/$1.00 USD) - 2025/01/28 23:58:31 WET [2025/01/28 18:58:31 ET]
Table 'Montague' 6-max Seat #4 is the button
Seat 1: MaRKiToScoK ($115.98 in chips) 
Seat 2: lukatoni08 ($118.06 in chips) 
Seat 3: MaikonAll ($162.48 in chips) 
Seat 4: Cythian182 ($77.08 in chips) 
Seat 6: canibal27 ($110.79 in chips) 
canibal27: posts small blind $0.50
MaRKiToScoK: posts big blind $1
*** HOLE CARDS ***
lukatoni08: folds 
MaikonAll: folds 
Cythian182: folds 
canibal27: folds 
Uncalled bet ($0.50) returned to MaRKiToScoK
MaRKiToScoK collected $1 from pot
*** SUMMARY ***
Total pot $1 | Rake $0 
Seat 1: MaRKiToScoK (big blind) collected ($1)
Seat 2: lukatoni08 folded before Flop (didn't bet)
Seat 3: MaikonAll folded before Flop (didn't bet)
Seat 4: Cythian182 (button) folded before Flop (didn't bet)
Seat 6: canibal27 (small blind) folded before Flop



PokerStars Hand #254600134687:  Hold'em No Limit ($0.50/$1.00 USD) - 2025/01/28 23:58:44 WET [2025/01/28 18:58:44 ET]
Table 'Montague' 6-max Seat #6 is the button
Seat 1: MaRKiToScoK ($116.48 in chips) 
Seat 2: lukatoni08 ($118.06 in chips) 
Seat 3: MaikonAll ($162.48 in chips) 
Seat 4: Cythian182 ($77.08 in chips) 
Seat 6: canibal27 ($110.29 in chips) 
MaRKiToScoK: posts small blind $0.50
lukatoni08: posts big blind $1
*** HOLE CARDS ***
MaikonAll: folds 
Cythian182: raises $2 to $3
canibal27: raises $6 to $9
MaRKiToScoK: folds 
lukatoni08: folds 
Cythian182: raises $11 to $20
canibal27: raises $90.29 to $110.29 and is all-in
Cythian182: folds 
Uncalled bet ($90.29) returned to canibal27
canibal27 collected $41.50 from pot
canibal27: doesn't show hand 
*** SUMMARY ***
Total pot $41.50 | Rake $0 
Seat 1: MaRKiToScoK (small blind) folded before Flop
Seat 2: lukatoni08 (big blind) folded before Flop
Seat 3: MaikonAll folded before Flop (didn't bet)
Seat 4: Cythian182 folded before Flop
Seat 6: canibal27 (button) collected ($41.50)



PokerStars Hand #254600142632:  Hold'em No Limit ($0.50/$1.00 USD) - 2025/01/28 23:59:28 WET [2025/01/28 18:59:28 ET]
Table 'Montague' 6-max Seat #1 is the button
Seat 1: MaRKiToScoK ($115.98 in chips) 
Seat 2: lukatoni08 ($117.06 in chips) 
Seat 3: MaikonAll ($162.48 in chips) 
Seat 4: Cythian182 ($57.08 in chips) 
Seat 6: canibal27 ($131.79 in chips) 
lukatoni08: posts small blind $0.50
MaikonAll: posts big blind $1
*** HOLE CARDS ***
Cythian182: folds 
canibal27: raises $1.30 to $2.30
MaRKiToScoK: folds 
lukatoni08: folds 
MaikonAll: folds 
Uncalled bet ($1.30) returned to canibal27
canibal27 collected $2.50 from pot
canibal27: doesn't show hand 
*** SUMMARY ***
Total pot $2.50 | Rake $0 
Seat 1: MaRKiToScoK (button) folded before Flop (didn't bet)
Seat 2: lukatoni08 (small blind) folded before Flop
Seat 3: MaikonAll (big blind) folded before Flop
Seat 4: Cythian182 folded before Flop (didn't bet)
Seat 6: canibal27 collected ($2.50)



PokerStars Hand #254600145721:  Hold'em No Limit ($0.50/$1.00 USD) - 2025/01/28 23:59:46 WET [2025/01/28 18:59:46 ET]
Table 'Montague' 6-max Seat #2 is the button
Seat 1: MaRKiToScoK ($115.98 in chips) 
Seat 2: lukatoni08 ($116.56 in chips) 
Seat 3: MaikonAll ($161.48 in chips) 
Seat 4: Cythian182 ($57.08 in chips) 
Seat 6: canibal27 ($133.29 in chips) 
MaikonAll: posts small blind $0.50
Cythian182: posts big blind $1
*** HOLE CARDS ***
canibal27: folds 
MaRKiToScoK: raises $1.25 to $2.25
lukatoni08: folds 
Manifestorr joins the table at seat #5 
MaikonAll: folds 
Cythian182: raises $7.75 to $10
MaRKiToScoK: folds 
Uncalled bet ($7.75) returned to Cythian182
Cythian182 collected $5 from pot
*** SUMMARY ***
Total pot $5 | Rake $0 
Seat 1: MaRKiToScoK folded before Flop
Seat 2: lukatoni08 (button) folded before Flop (didn't bet)
Seat 3: MaikonAll (small blind) folded before Flop
Seat 4: Cythian182 (big blind) collected ($5)
Seat 6: canibal27 folded before Flop (didn't bet)



PokerStars Hand #254600150077:  Hold'em No Limit ($0.50/$1.00 USD) - 2025/01/28 0:00:09 WET [2025/01/28 19:00:09 ET]
Table 'Montague' 6-max Seat #3 is the button
Seat 1: MaRKiToScoK ($113.73 in chips) 
Seat 2: lukatoni08 ($116.56 in chips) 
Seat 3: MaikonAll ($160.98 in chips) 
Seat 4: Cythian182 ($59.83 in chips) 
Seat 5: Manifestorr ($125.15 in chips) 
Seat 6: canibal27 ($133.29 in chips) 
Cythian182: posts small blind $0.50
Manifestorr: posts big blind $1
*** HOLE CARDS ***
canibal27: raises $1 to $2
MaRKiToScoK: folds 
lukatoni08: folds 
MaikonAll: folds 
Cythian182: folds 
Manifestorr: folds 
Uncalled bet ($1) returned to canibal27
canibal27 collected $2.50 from pot
canibal27: doesn't show hand 
*** SUMMARY ***
Total pot $2.50 | Rake $0 
Seat 1: MaRKiToScoK folded before Flop (didn't bet)
Seat 2: lukatoni08 folded before Flop (didn't bet)
Seat 3: MaikonAll (button) folded before Flop (didn't bet)
Seat 4: Cythian182 (small blind) folded before Flop
Seat 5: Manifestorr (big blind) folded before Flop
Seat 6: canibal27 collected ($2.50)



PokerStars Hand #254600154973:  Hold'em No Limit ($0.50/$1.00 USD) - 2025/01/28 0:00:35 WET [2025/01/28 19:00:35 ET]
Table 'Montague' 6-max Seat #4 is the button
Seat 1: MaRKiToScoK ($113.73 in chips) 
Seat 2: lukatoni08 ($116.56 in chips) 
Seat 3: MaikonAll ($160.98 in chips) 
Seat 4: Cythian182 ($59.33 in chips) 
Seat 5: Manifestorr ($124.15 in chips) 
Seat 6: canibal27 ($134.79 in chips) 
Manifestorr: posts small blind $0.50
canibal27: posts big blind $1
*** HOLE CARDS ***
MaRKiToScoK: folds 
lukatoni08: folds 
MaikonAll: folds 
Cythian182: raises $2 to $3
Manifestorr: raises $9 to $12
canibal27: folds 
Cythian182: calls $9
*** FLOP *** [6s 9s 9c]
Manifestorr: checks 
Cythian182: bets $8.84
Manifestorr: calls $8.84
*** TURN *** [6s 9s 9c] [Kh]
Manifestorr: checks 
Cythian182: checks 
*** RIVER *** [6s 9s 9c Kh] [4c]
Manifestorr: bets $103.31 and is all-in
Cythian182: folds 
Uncalled bet ($103.31) returned to Manifestorr
Manifestorr collected $40.55 from pot
*** SUMMARY ***
Total pot $42.68 | Rake $2.13 
Board [6s 9s 9c Kh 4c]
Seat 1: MaRKiToScoK folded before Flop (didn't bet)
Seat 2: lukatoni08 folded before Flop (didn't bet)
Seat 3: MaikonAll folded before Flop (didn't bet)
Seat 4: Cythian182 (button) folded on the River
Seat 5: Manifestorr (small blind) collected ($40.55)
Seat 6: canibal27 (big blind) folded before Flop



PokerStars Hand #254600169755:  Hold'em No Limit ($0.50/$1.00 USD) - 2025/01/28 0:01:43 WET [2025/01/28 19:01:43 ET]
Table 'Montague' 6-max Seat #5 is the button
Seat 1: MaRKiToScoK ($113.73 in chips) 
Seat 2: lukatoni08 ($116.56 in chips) 
Seat 3: MaikonAll ($160.98 in chips) 
Seat 4: Cythian182 ($38.49 in chips) 
Seat 5: Manifestorr ($143.86 in chips) 
Seat 6: canibal27 ($133.79 in chips) 
canibal27: posts small blind $0.50
MaRKiToScoK: posts big blind $1
*** HOLE CARDS ***
lukatoni08: raises $2 to $3
MaikonAll: folds 
Cythian182: folds 
Manifestorr: folds 
canibal27: folds 
MaRKiToScoK: calls $2
*** FLOP *** [8c Qs 3h]
MaRKiToScoK: checks 
lukatoni08: checks 
*** TURN *** [8c Qs 3h] [6h]
MaRKiToScoK: checks 
lukatoni08: checks 
*** RIVER *** [8c Qs 3h 6h] [Tc]
MaRKiToScoK: bets $4.63
lukatoni08: calls $4.63
*** SHOW DOWN ***
MaRKiToScoK: shows [5d Jd] (high card Queen)
lukatoni08: shows [Kd Td] (a pair of Tens)
lukatoni08 collected $14.97 from pot
*** SUMMARY ***
Total pot $15.76 | Rake $0.79 
Board [8c Qs 3h 6h Tc]
Seat 1: MaRKiToScoK (big blind) showed [5d Jd] and lost with high card Queen
Seat 2: lukatoni08 showed [Kd Td] and won ($14.97) with a pair of Tens
Seat 3: MaikonAll folded before Flop (didn't bet)
Seat 4: Cythian182 folded before Flop (didn't bet)
Seat 5: Manifestorr (button) folded before Flop (didn't bet)
Seat 6: canibal27 (small blind) folded before Flop



PokerStars Hand #254600495835:  Hold'em No Limit ($0.50/$1.00 USD) - 2025/01/28 0:26:57 WET [2025/01/28 19:26:57 ET]
Table 'Montague' 6-max Seat #4 is the button
Seat 1: LeaveItYeah ($118.11 in chips) 
Seat 3: MaikonAll ($102.50 in chips) 
Seat 4: Cythian182 ($81.46 in chips) 
Seat 5: Manifestorr ($141.14 in chips) 
Seat 6: canibal27 ($109.21 in chips) 
Manifestorr: posts small blind $0.50
canibal27: posts big blind $1
*** HOLE CARDS ***
LeaveItYeah: folds 
MaikonAll: raises $1.30 to $2.30
Cythian182: calls $2.30
Manifestorr: folds 
canibal27: folds 
*** FLOP *** [4h As 2d]
MaikonAll: checks 
Cythian182: bets $3
MaikonAll: calls $3
*** TURN *** [4h As 2d] [6h]
MaikonAll: checks 
Cythian182: bets $19
MaikonAll: folds 
Uncalled bet ($19) returned to Cythian182
Cythian182 collected $11.50 from pot
*** SUMMARY ***
Total pot $12.10 | Rake $0.60 
Board [4h As 2d 6h]
Seat 1: LeaveItYeah folded before Flop (didn't bet)
Seat 3: MaikonAll folded on the Turn
Seat 4: Cythian182 (button) collected ($11.50)
Seat 5: Manifestorr (small blind) folded before Flop
Seat 6: canibal27 (big blind) folded before Flop



PokerStars Hand #254600516742:  Hold'em No Limit ($0.50/$1.00 USD) - 2025/01/28 0:28:38 WET [2025/01/28 19:28:38 ET]
Table 'Montague' 6-max Seat #5 is the button
Seat 1: LeaveItYeah ($118.11 in chips) 
Seat 3: MaikonAll ($100 in chips) 
Seat 4: Cythian182 ($87.66 in chips) 
Seat 5: Manifestorr ($140.64 in chips) 
Seat 6: canibal27 ($108.21 in chips) 
canibal27: posts small blind $0.50
LeaveItYeah: posts big blind $1
*** HOLE CARDS ***
MaikonAll: raises $1.30 to $2.30
Cythian182: folds 
Manifestorr: folds 
canibal27: folds 
LeaveItYeah: folds 
Uncalled bet ($1.30) returned to MaikonAll
MaikonAll collected $2.50 from pot
MaikonAll: doesn't show hand 
*** SUMMARY ***
Total pot $2.50 | Rake $0 
Seat 1: LeaveItYeah (big blind) folded before Flop
Seat 3: MaikonAll collected ($2.50)
Seat 4: Cythian182 folded before Flop (didn't bet)
Seat 5: Manifestorr (button) folded before Flop (didn't bet)
Seat 6: canibal27 (small blind) folded before Flop



PokerStars Hand #254600520882:  Hold'em No Limit ($0.50/$1.00 USD) - 2025/01/28 0:28:58 WET [2025/01/28 19:28:58 ET]
Table 'Montague' 6-max Seat #6 is the button
Seat 1: LeaveItYeah ($117.11 in chips) 
Seat 3: MaikonAll ($101.50 in chips) 
Seat 4: Cythian182 ($87.66 in chips) 
Seat 5: Manifestorr ($140.64 in chips) 
Seat 6: canibal27 ($107.71 in chips) 
LeaveItYeah: posts small blind $0.50
MaikonAll: posts big blind $1
*** HOLE CARDS ***
Cythian182: raises $2 to $3
Manifestorr: folds 
canibal27: folds 
LeaveItYeah: folds 
MaikonAll: folds 
Uncalled bet ($2) returned to Cythian182
Cythian182 collected $2.50 from pot
*** SUMMARY ***
Total pot $2.50 | Rake $0 
Seat 1: LeaveItYeah (small blind) folded before Flop
Seat 3: MaikonAll (big blind) folded before Flop
Seat 4: Cythian182 collected ($2.50)
Seat 5: Manifestorr folded before Flop (didn't bet)
Seat 6: canibal27 (button) folded before Flop (didn't bet)



PokerStars Hand #254600524796:  Hold'em No Limit ($0.50/$1.00 USD) - 2025/01/28 0:29:17 WET [2025/01/28 19:29:17 ET]
Table 'Montague' 6-max Seat #1 is the button
Seat 1: LeaveItYeah ($116.61 in chips) 
Seat 3: MaikonAll ($100.50 in chips) 
Seat 4: Cythian182 ($89.16 in chips) 
Seat 5: Manifestorr ($140.64 in chips) 
Seat 6: canibal27 ($107.71 in chips) 
MaikonAll: posts small blind $0.50
Cythian182: posts big blind $1
*** HOLE CARDS ***
Manifestorr: folds 
canibal27: raises $1.30 to $2.30
LeaveItYeah: folds 
MaikonAll: folds 
Cythian182: raises $7.70 to $10
canibal27: calls $7.70
*** FLOP *** [5c Kc Ac]
Cythian182: bets $5.50
canibal27: calls $5.50
*** TURN *** [5c Kc Ac] [Kd]
Cythian182: checks 
canibal27: bets $9.87
Cythian182: calls $9.87
*** RIVER *** [5c Kc Ac Kd] [3h]
Cythian182: checks 
canibal27: bets $82.34 and is all-in
Cythian182: folds 
Uncalled bet ($82.34) returned to canibal27
canibal27 collected $48.74 from pot
canibal27: doesn't show hand 
*** SUMMARY ***
Total pot $51.24 | Rake $2.50 
Board [5c Kc Ac Kd 3h]
Seat 1: LeaveItYeah (button) folded before Flop (didn't bet)
Seat 3: MaikonAll (small blind) folded before Flop
Seat 4: Cythian182 (big blind) folded on the River
Seat 5: Manifestorr folded before Flop (didn't bet)
Seat 6: canibal27 collected ($48.74)



PokerStars Hand #254600548688:  Hold'em No Limit ($0.50/$1.00 USD) - 2025/01/28 0:31:14 WET [2025/01/28 19:31:14 ET]
Table 'Montague' 6-max Seat #3 is the button
Seat 1: LeaveItYeah ($116.61 in chips) 
Seat 3: MaikonAll ($100 in chips) 
Seat 4: Cythian182 ($63.79 in chips) 
Seat 5: Manifestorr ($140.64 in chips) 
Seat 6: canibal27 ($131.08 in chips) 
Cythian182: posts small blind $0.50
Manifestorr: posts big blind $1
*** HOLE CARDS ***
canibal27: folds 
LeaveItYeah: folds 
MaikonAll: raises $1.50 to $2.50
Cythian182: raises $9.50 to $12
Manifestorr: folds 
MaikonAll: folds 
Uncalled bet ($9.50) returned to Cythian182
Cythian182 collected $6 from pot
*** SUMMARY ***
Total pot $6 | Rake $0 
Seat 1: LeaveItYeah folded before Flop (didn't bet)
Seat 3: MaikonAll (button) folded before Flop
Seat 4: Cythian182 (small blind) collected ($6)
Seat 5: Manifestorr (big blind) folded before Flop
Seat 6: canibal27 folded before Flop (didn't bet)



PokerStars Hand #254600555690:  Hold'em No Limit ($0.50/$1.00 USD) - 2025/01/28 0:31:48 WET [2025/01/28 19:31:48 ET]
Table 'Montague' 6-max Seat #4 is the button
Seat 1: LeaveItYeah ($116.61 in chips) 
Seat 3: MaikonAll ($100 in chips) 
Seat 4: Cythian182 ($67.29 in chips) 
Seat 5: Manifestorr ($139.64 in chips) 
Seat 6: canibal27 ($131.08 in chips) 
Manifestorr: posts small blind $0.50
canibal27: posts big blind $1
*** HOLE CARDS ***
LeaveItYeah: raises $1.10 to $2.10
MaikonAll: raises $4.90 to $7
Cythian182: calls $7
Manifestorr: folds 
canibal27: folds 
LeaveItYeah: folds 
*** FLOP *** [5c 8c Qs]
MaikonAll: bets $4.18
Cythian182: calls $4.18
*** TURN *** [5c 8c Qs] [2d]
MaikonAll: checks 
Cythian182: bets $16
CPUrul0r joins the table at seat #2 
MaikonAll: calls $16
*** RIVER *** [5c 8c Qs 2d] [6c]
MaikonAll: checks 
Cythian182: bets $40.11 and is all-in
MaikonAll: calls $40.11
*** SHOW DOWN ***
Cythian182: shows [Ks 9s] (high card King)
MaikonAll: shows [8s 7s] (a pair of Eights)
MaikonAll collected $135.68 from pot
*** SUMMARY ***
Total pot $138.18 | Rake $2.50 
Board [5c 8c Qs 2d 6c]
Seat 1: LeaveItYeah folded before Flop
Seat 3: MaikonAll showed [8s 7s] and won ($135.68) with a pair of Eights
Seat 4: Cythian182 (button) showed [Ks 9s] and lost with high card King
Seat 5: Manifestorr (small blind) folded before Flop
Seat 6: canibal27 (big blind) folded before Flop



PokerStars Hand #254600586102:  Hold'em No Limit ($0.50/$1.00 USD) - 2025/01/28 0:34:16 WET [2025/01/28 19:34:16 ET]
Table 'Montague' 6-max Seat #5 is the button
Seat 2: CPUrul0r ($100 in chips) is sitting out
Seat 4: Cythian182 ($0 in chips) is sitting out
Seat 1: LeaveItYeah ($114.51 in chips) 
Seat 3: MaikonAll ($168.39 in chips) 
Seat 5: Manifestorr ($139.14 in chips) 
Seat 6: canibal27 ($130.08 in chips) 
canibal27: posts small blind $0.50
LeaveItYeah: posts big blind $1
CPUrul0r: sits out 
*** HOLE CARDS ***
Cythian182 is disconnected 
MaikonAll: raises $1.30 to $2.30
Manifestorr: folds 
canibal27: folds 
LeaveItYeah: raises $10.70 to $13
MaikonAll: folds 
Uncalled bet ($10.70) returned to LeaveItYeah
LeaveItYeah collected $5.10 from pot
LeaveItYeah: doesn't show hand 
*** SUMMARY ***
Total pot $5.10 | Rake $0 
Seat 2: CPUrul0r
Seat 4: Cythian182
Seat 1: LeaveItYeah (big blind) collected ($5.10)
Seat 3: MaikonAll folded before Flop
Seat 5: Manifestorr (button) folded before Flop (didn't bet)
Seat 6: canibal27 (small blind) folded before Flop



PokerStars Hand #254600593755:  Hold'em No Limit ($0.50/$1.00 USD) - 2025/01/28 0:34:53 WET [2025/01/28 19:34:53 ET]
Table 'Montague' 6-max Seat #6 is the button
Seat 4: Cythian182 ($0 in chips) is sitting out
Seat 1: LeaveItYeah ($117.31 in chips) 
Seat 2: CPUrul0r ($100 in chips) 
Seat 3: MaikonAll ($166.09 in chips) 
Seat 5: Manifestorr ($139.14 in chips) 
Seat 6: canibal27 ($129.58 in chips) 
LeaveItYeah: posts small blind $0.50
CPUrul0r: posts big blind $1
*** HOLE CARDS ***
MaikonAll: raises $1.30 to $2.30
Manifestorr: folds 
canibal27: folds 
LeaveItYeah: folds 
CPUrul0r: folds 
Uncalled bet ($1.30) returned to MaikonAll
MaikonAll collected $2.50 from pot
MaikonAll: doesn't show hand 
*** SUMMARY ***
Total pot $2.50 | Rake $0 
Seat 4: Cythian182
Seat 1: LeaveItYeah (small blind) folded before Flop
Seat 2: CPUrul0r (big blind) folded before Flop
Seat 3: MaikonAll collected ($2.50)
Seat 5: Manifestorr folded before Flop (didn't bet)
Seat 6: canibal27 (button) folded before Flop (didn't bet)



PokerStars Hand #254600596475:  Hold'em No Limit ($0.50/$1.00 USD) - 2025/01/28 0:35:07 WET [2025/01/28 19:35:07 ET]
Table 'Montague' 6-max Seat #1 is the button
Seat 4: Cythian182 ($0 in chips) is sitting out
Seat 1: LeaveItYeah ($116.81 in chips) 
Seat 2: CPUrul0r ($100 in chips) 
Seat 3: MaikonAll ($167.59 in chips) 
Seat 5: Manifestorr ($139.14 in chips) 
Seat 6: canibal27 ($129.58 in chips) 
CPUrul0r: posts small blind $0.50
MaikonAll: posts big blind $1
*** HOLE CARDS ***
Manifestorr: folds 
canibal27: raises $1.30 to $2.30
LeaveItYeah: raises $5.20 to $7.50
CPUrul0r: folds 
MaikonAll: folds 
canibal27: folds 
Uncalled bet ($5.20) returned to LeaveItYeah
LeaveItYeah collected $6.10 from pot
LeaveItYeah: doesn't show hand 
*** SUMMARY ***
Total pot $6.10 | Rake $0 
Seat 4: Cythian182
Seat 1: LeaveItYeah (button) collected ($6.10)
Seat 2: CPUrul0r (small blind) folded before Flop
Seat 3: MaikonAll (big blind) folded before Flop
Seat 5: Manifestorr folded before Flop (didn't bet)
Seat 6: canibal27 folded before Flop



PokerStars Hand #254600604611:  Hold'em No Limit ($0.50/$1.00 USD) - 2025/01/28 0:35:47 WET [2025/01/28 19:35:47 ET]
Table 'Montague' 6-max Seat #2 is the button
Seat 4: Cythian182 ($0 in chips) is sitting out
Seat 1: LeaveItYeah ($120.61 in chips) 
Seat 2: CPUrul0r ($100 in chips) 
Seat 3: MaikonAll ($166.59 in chips) 
Seat 5: Manifestorr ($139.14 in chips) 
Seat 6: canibal27 ($127.28 in chips) 
MaikonAll: posts small blind $0.50
Manifestorr: posts big blind $1
*** HOLE CARDS ***
canibal27: raises $1 to $2
LeaveItYeah: folds 
CPUrul0r: folds 
MaikonAll: folds 
Manifestorr: calls $1
*** FLOP *** [9c Th Ad]
Manifestorr: checks 
canibal27: bets $1.41
Manifestorr: calls $1.41
*** TURN *** [9c Th Ad] [Tc]
Manifestorr: checks 
canibal27: checks 
*** RIVER *** [9c Th Ad Tc] [7h]
Manifestorr: checks 
canibal27: bets $5.21
Manifestorr: calls $5.21
*** SHOW DOWN ***
canibal27: shows [Jc Qs] (a pair of Tens)
Manifestorr: shows [6h Ah] (two pair, Aces and Tens)
Manifestorr collected $16.85 from pot
*** SUMMARY ***
Total pot $17.74 | Rake $0.89 
Board [9c Th Ad Tc 7h]
Seat 4: Cythian182
Seat 1: LeaveItYeah folded before Flop (didn't bet)
Seat 2: CPUrul0r (button) folded before Flop (didn't bet)
Seat 3: MaikonAll (small blind) folded before Flop
Seat 5: Manifestorr (big blind) showed [6h Ah] and won ($16.85) with two pair, Aces and Tens
Seat 6: canibal27 showed [Jc Qs] and lost with a pair of Tens



PokerStars Hand #254600615369:  Hold'em No Limit ($0.50/$1.00 USD) - 2025/01/28 0:36:40 WET [2025/01/28 19:36:40 ET]
Table 'Montague' 6-max Seat #3 is the button
Seat 4: Cythian182 ($0 in chips) is sitting out
Seat 1: LeaveItYeah ($120.61 in chips) 
Seat 2: CPUrul0r ($100 in chips) 
Seat 3: MaikonAll ($166.09 in chips) 
Seat 5: Manifestorr ($147.37 in chips) 
Seat 6: canibal27 ($118.66 in chips) 
Manifestorr: posts small blind $0.50
canibal27: posts big blind $1
*** HOLE CARDS ***
LeaveItYeah: folds 
CPUrul0r: raises $1.20 to $2.20
MaikonAll: folds 
Manifestorr: folds 
canibal27: calls $1.20
*** FLOP *** [2d Qh 8s]
canibal27: checks 
CPUrul0r: bets $3
canibal27: folds 
Uncalled bet ($3) returned to CPUrul0r
CPUrul0r collected $4.66 from pot
CPUrul0r: doesn't show hand 
*** SUMMARY ***
Total pot $4.90 | Rake $0.24 
Board [2d Qh 8s]
Seat 4: Cythian182
Seat 1: LeaveItYeah folded before Flop (didn't bet)
Seat 2: CPUrul0r collected ($4.66)
Seat 3: MaikonAll (button) folded before Flop (didn't bet)
Seat 5: Manifestorr (small blind) folded before Flop
Seat 6: canibal27 (big blind) folded on the Flop



PokerStars Hand #254600623809:  Hold'em No Limit ($0.50/$1.00 USD) - 2025/01/28 0:37:22 WET [2025/01/28 19:37:22 ET]
Table 'Montague' 6-max Seat #5 is the button
Seat 4: Cythian182 ($0 in chips) is sitting out
Seat 1: LeaveItYeah ($120.61 in chips) 
Seat 2: CPUrul0r ($102.46 in chips) 
Seat 3: MaikonAll ($166.09 in chips) 
Seat 5: Manifestorr ($146.87 in chips) 
Seat 6: canibal27 ($116.46 in chips) 
canibal27: posts small blind $0.50
LeaveItYeah: posts big blind $1
*** HOLE CARDS ***
CPUrul0r: folds 
MaikonAll: folds 
Manifestorr: folds 
canibal27: folds 
Uncalled bet ($0.50) returned to LeaveItYeah
LeaveItYeah collected $1 from pot
LeaveItYeah: doesn't show hand 
*** SUMMARY ***
Total pot $1 | Rake $0 
Seat 4: Cythian182
Seat 1: LeaveItYeah (big blind) collected ($1)
Seat 2: CPUrul0r folded before Flop (didn't bet)
Seat 3: MaikonAll folded before Flop (didn't bet)
Seat 5: Manifestorr (button) folded before Flop (didn't bet)
Seat 6: canibal27 (small blind) folded before Flop



PokerStars Hand #254600626449:  Hold'em No Limit ($0.50/$1.00 USD) - 2025/01/28 0:37:35 WET [2025/01/28 19:37:35 ET]
Table 'Montague' 6-max Seat #6 is the button
Seat 4: Cythian182 ($0 in chips) is sitting out
Seat 1: LeaveItYeah ($121.11 in chips) 
Seat 2: CPUrul0r ($102.46 in chips) 
Seat 3: MaikonAll ($166.09 in chips) 
Seat 5: Manifestorr ($146.87 in chips) 
Seat 6: canibal27 ($115.96 in chips) 
LeaveItYeah: posts small blind $0.50
CPUrul0r: posts big blind $1
*** HOLE CARDS ***
MaikonAll: folds 
Manifestorr: folds 
canibal27: folds 
LeaveItYeah: folds 
Uncalled bet ($0.50) returned to CPUrul0r
CPUrul0r collected $1 from pot
CPUrul0r: doesn't show hand 
*** SUMMARY ***
Total pot $1 | Rake $0 
Seat 4: Cythian182
Seat 1: LeaveItYeah (small blind) folded before Flop
Seat 2: CPUrul0r (big blind) collected ($1)
Seat 3: MaikonAll folded before Flop (didn't bet)
Seat 5: Manifestorr folded before Flop (didn't bet)
Seat 6: canibal27 (button) folded before Flop (didn't bet)



PokerStars Hand #254600629352:  Hold'em No Limit ($0.50/$1.00 USD) - 2025/01/28 0:37:50 WET [2025/01/28 19:37:50 ET]
Table 'Montague' 6-max Seat #1 is the button
Seat 4: Cythian182 ($0 in chips) is sitting out
Seat 1: LeaveItYeah ($120.61 in chips) 
Seat 2: CPUrul0r ($102.96 in chips) 
Seat 3: MaikonAll ($166.09 in chips) 
Seat 5: Manifestorr ($146.87 in chips) 
Seat 6: canibal27 ($115.96 in chips) 
CPUrul0r: posts small blind $0.50
MaikonAll: posts big blind $1
*** HOLE CARDS ***
Manifestorr: folds 
canibal27: folds 
LeaveItYeah: raises $1.50 to $2.50
CPUrul0r: folds 
MaikonAll: folds 
Uncalled bet ($1.50) returned to LeaveItYeah
LeaveItYeah collected $2.50 from pot
LeaveItYeah: doesn't show hand 
*** SUMMARY ***
Total pot $2.50 | Rake $0 
Seat 4: Cythian182
Seat 1: LeaveItYeah (button) collected ($2.50)
Seat 2: CPUrul0r (small blind) folded before Flop
Seat 3: MaikonAll (big blind) folded before Flop
Seat 5: Manifestorr folded before Flop (didn't bet)
Seat 6: canibal27 folded before Flop (didn't bet)



PokerStars Hand #254600632552:  Hold'em No Limit ($0.50/$1.00 USD) - 2025/01/28 0:38:06 WET [2025/01/28 19:38:06 ET]
Table 'Montague' 6-max Seat #2 is the button
Seat 4: Cythian182 ($0 in chips) is sitting out
Seat 1: LeaveItYeah ($122.11 in chips) 
Seat 2: CPUrul0r ($102.46 in chips) 
Seat 3: MaikonAll ($165.09 in chips) 
Seat 5: Manifestorr ($146.87 in chips) 
Seat 6: canibal27 ($115.96 in chips) 
MaikonAll: posts small blind $0.50
Manifestorr: posts big blind $1
*** HOLE CARDS ***
canibal27: folds 
LeaveItYeah: folds 
CPUrul0r: folds 
MaikonAll: folds 
Uncalled bet ($0.50) returned to Manifestorr
Manifestorr collected $1 from pot
*** SUMMARY ***
Total pot $1 | Rake $0 
Seat 4: Cythian182
Seat 1: LeaveItYeah folded before Flop (didn't bet)
Seat 2: CPUrul0r (button) folded before Flop (didn't bet)
Seat 3: MaikonAll (small blind) folded before Flop
Seat 5: Manifestorr (big blind) collected ($1)
Seat 6: canibal27 folded before Flop (didn't bet)



PokerStars Hand #254600635026:  Hold'em No Limit ($0.50/$1.00 USD) - 2025/01/28 0:38:18 WET [2025/01/28 19:38:18 ET]
Table 'Montague' 6-max Seat #3 is the button
Seat 4: Cythian182 ($0 in chips) is sitting out
Seat 1: LeaveItYeah ($122.11 in chips) 
Seat 2: CPUrul0r ($102.46 in chips) 
Seat 3: MaikonAll ($164.59 in chips) 
Seat 5: Manifestorr ($147.37 in chips) 
Seat 6: canibal27 ($115.96 in chips) 
Manifestorr: posts small blind $0.50
canibal27: posts big blind $1
*** HOLE CARDS ***
LeaveItYeah: raises $1.10 to $2.10
CPUrul0r: raises $4.20 to $6.30
MaikonAll: folds 
Manifestorr: folds 
canibal27: folds 
LeaveItYeah: calls $4.20
*** FLOP *** [3h Jd 2c]
LeaveItYeah: checks 
CPUrul0r: bets $6.70
LeaveItYeah: folds 
Uncalled bet ($6.70) returned to CPUrul0r
CPUrul0r collected $13.40 from pot
CPUrul0r: doesn't show hand 
*** SUMMARY ***
Total pot $14.10 | Rake $0.70 
Board [3h Jd 2c]
Seat 4: Cythian182
Seat 1: LeaveItYeah folded on the Flop
Seat 2: CPUrul0r collected ($13.40)
Seat 3: MaikonAll (button) folded before Flop (didn't bet)
Seat 5: Manifestorr (small blind) folded before Flop
Seat 6: canibal27 (big blind) folded before Flop



PokerStars Hand #254600647759:  Hold'em No Limit ($0.50/$1.00 USD) - 2025/01/28 0:39:22 WET [2025/01/28 19:39:22 ET]
Table 'Montague' 6-max Seat #5 is the button
Seat 4: Cythian182 ($0 in chips) is sitting out
Seat 1: LeaveItYeah ($115.81 in chips) 
Seat 2: CPUrul0r ($109.56 in chips) 
Seat 3: MaikonAll ($164.59 in chips) 
Seat 5: Manifestorr ($146.87 in chips) 
Seat 6: canibal27 ($114.96 in chips) 
canibal27: posts small blind $0.50
LeaveItYeah: posts big blind $1
*** HOLE CARDS ***
CPUrul0r: folds 
MaikonAll: folds 
Manifestorr: folds 
canibal27: folds 
Uncalled bet ($0.50) returned to LeaveItYeah
LeaveItYeah collected $1 from pot
LeaveItYeah: doesn't show hand 
*** SUMMARY ***
Total pot $1 | Rake $0 
Seat 4: Cythian182
Seat 1: LeaveItYeah (big blind) collected ($1)
Seat 2: CPUrul0r folded before Flop (didn't bet)
Seat 3: MaikonAll folded before Flop (didn't bet)
Seat 5: Manifestorr (button) folded before Flop (didn't bet)
Seat 6: canibal27 (small blind) folded before Flop



PokerStars Hand #254600649220:  Hold'em No Limit ($0.50/$1.00 USD) - 2025/01/28 0:39:30 WET [2025/01/28 19:39:30 ET]
Table 'Montague' 6-max Seat #6 is the button
Seat 2: CPUrul0r ($109.56 in chips) is sitting out
Seat 3: MaikonAll ($164.59 in chips) is sitting out
Seat 4: Cythian182 ($0 in chips) is sitting out
Seat 1: LeaveItYeah ($116.31 in chips) 
Seat 5: Manifestorr ($146.87 in chips) 
Seat 6: canibal27 ($114.46 in chips) 
LeaveItYeah: posts small blind $0.50
CPUrul0r: is sitting out 
MaikonAll: is sitting out 
Manifestorr: posts big blind $1
*** HOLE CARDS ***
canibal27: raises $1.50 to $2.50
LeaveItYeah: raises $9.50 to $12
CPUrul0r leaves the table
Manifestorr: folds 
canibal27: raises $15 to $27
LeaveItYeah: folds 
Uncalled bet ($15) returned to canibal27
canibal27 collected $25 from pot
canibal27: doesn't show hand 
MaikonAll leaves the table
*** SUMMARY ***
Total pot $25 | Rake $0 
Seat 2: CPUrul0r
Seat 3: MaikonAll
Seat 4: Cythian182
Seat 1: LeaveItYeah (small blind) folded before Flop
Seat 5: Manifestorr (big blind) folded before Flop
Seat 6: canibal27 (button) collected ($25)



PokerStars Hand #254600657127:  Hold'em No Limit ($0.50/$1.00 USD) - 2025/01/28 0:40:09 WET [2025/01/28 19:40:09 ET]
Table 'Montague' 6-max Seat #1 is the button
Seat 4: Cythian182 ($0 in chips) is sitting out
Seat 1: LeaveItYeah ($104.31 in chips) 
Seat 5: Manifestorr ($145.87 in chips) 
Seat 6: canibal27 ($127.46 in chips) 
Manifestorr: posts small blind $0.50
canibal27: posts big blind $1
*** HOLE CARDS ***
LeaveItYeah: raises $1.50 to $2.50
Manifestorr: folds 
canibal27: folds 
Uncalled bet ($1.50) returned to LeaveItYeah
LeaveItYeah collected $2.50 from pot
LeaveItYeah: doesn't show hand 
*** SUMMARY ***
Total pot $2.50 | Rake $0 
Seat 4: Cythian182
Seat 1: LeaveItYeah (button) collected ($2.50)
Seat 5: Manifestorr (small blind) folded before Flop
Seat 6: canibal27 (big blind) folded before Flop



PokerStars Hand #254600659852:  Hold'em No Limit ($0.50/$1.00 USD) - 2025/01/28 0:40:23 WET [2025/01/28 19:40:23 ET]
Table 'Montague' 6-max Seat #5 is the button
Seat 4: Cythian182 ($0 in chips) is sitting out
Seat 1: LeaveItYeah ($105.81 in chips) 
Seat 5: Manifestorr ($145.37 in chips) 
Seat 6: canibal27 ($126.46 in chips) 
canibal27: posts small blind $0.50
LeaveItYeah: posts big blind $1
*** HOLE CARDS ***
Manifestorr: raises $1.20 to $2.20
canibal27: folds 
LeaveItYeah: calls $1.20
*** FLOP *** [Kc Td 5s]
LeaveItYeah: checks 
Manifestorr: bets $1.54
LeaveItYeah: calls $1.54
*** TURN *** [Kc Td 5s] [4s]
LeaveItYeah: checks 
Manifestorr: bets $10.23
LeaveItYeah: folds 
Uncalled bet ($10.23) returned to Manifestorr
Manifestorr collected $7.58 from pot
*** SUMMARY ***
Total pot $7.98 | Rake $0.40 
Board [Kc Td 5s 4s]
Seat 4: Cythian182
Seat 1: LeaveItYeah (big blind) folded on the Turn
Seat 5: Manifestorr (button) collected ($7.58)
Seat 6: canibal27 (small blind) folded before Flop



PokerStars Hand #254600672069:  Hold'em No Limit ($0.50/$1.00 USD) - 2025/01/28 0:41:24 WET [2025/01/28 19:41:24 ET]
Table 'Montague' 6-max Seat #1 is the button
Seat 4: Cythian182 ($0 in chips) is sitting out
Seat 5: Manifestorr ($149.21 in chips) is sitting out
Seat 1: LeaveItYeah ($102.07 in chips) 
Seat 6: canibal27 ($125.96 in chips) 
LeaveItYeah: posts small blind $0.50
Manifestorr: is sitting out 
canibal27: posts big blind $1
*** HOLE CARDS ***
Manifestorr leaves the table
LeaveItYeah: raises $1.50 to $2.50
canibal27: folds 
Uncalled bet ($1.50) returned to LeaveItYeah
LeaveItYeah collected $2 from pot
Cythian182 leaves the table
LeaveItYeah: doesn't show hand 
canibal27 leaves the table
*** SUMMARY ***
Total pot $2 | Rake $0 
Seat 4: Cythian182
Seat 5: Manifestorr
Seat 1: LeaveItYeah (button) (small blind) collected ($2)
Seat 6: canibal27 (big blind) folded before Flop



PokerStars Hand #254600181959:  Hold'em No Limit ($0.50/$1.00 USD) - 2025/01/28 0:02:37 WET [2025/01/28 19:02:37 ET]
Table 'Montague' 6-max Seat #6 is the button
Seat 1: MaRKiToScoK ($106.10 in chips) 
Seat 2: lukatoni08 ($123.90 in chips) 
Seat 3: MaikonAll ($160.98 in chips) 
Seat 4: Cythian182 ($38.49 in chips) 
Seat 5: Manifestorr ($143.86 in chips) 
Seat 6: canibal27 ($133.29 in chips) 
MaRKiToScoK: posts small blind $0.50
lukatoni08: posts big blind $1
*** HOLE CARDS ***
MaikonAll: raises $1.30 to $2.30
Cythian182: folds 
Manifestorr: folds 
canibal27: folds 
MaRKiToScoK: folds 
lukatoni08: folds 
Uncalled bet ($1.30) returned to MaikonAll
MaikonAll collected $2.50 from pot
MaikonAll: doesn't show hand 
*** SUMMARY ***
Total pot $2.50 | Rake $0 
Seat 1: MaRKiToScoK (small blind) folded before Flop
Seat 2: lukatoni08 (big blind) folded before Flop
Seat 3: MaikonAll collected ($2.50)
Seat 4: Cythian182 folded before Flop (didn't bet)
Seat 5: Manifestorr folded before Flop (didn't bet)
Seat 6: canibal27 (button) folded before Flop (didn't bet)



PokerStars Hand #254600187457:  Hold'em No Limit ($0.50/$1.00 USD) - 2025/01/28 0:03:02 WET [2025/01/28 19:03:02 ET]
Table 'Montague' 6-max Seat #1 is the button
Seat 1: MaRKiToScoK ($105.60 in chips) 
Seat 2: lukatoni08 ($122.90 in chips) 
Seat 3: MaikonAll ($162.48 in chips) 
Seat 4: Cythian182 ($38.49 in chips) 
Seat 5: Manifestorr ($143.86 in chips) 
Seat 6: canibal27 ($133.29 in chips) 
lukatoni08: posts small blind $0.50
MaikonAll: posts big blind $1
*** HOLE CARDS ***
Cythian182: raises $2 to $3
Manifestorr: folds 
canibal27: folds 
MaRKiToScoK: folds 
lukatoni08: folds 
MaikonAll: folds 
Uncalled bet ($2) returned to Cythian182
Cythian182 collected $2.50 from pot
*** SUMMARY ***
Total pot $2.50 | Rake $0 
Seat 1: MaRKiToScoK (button) folded before Flop (didn't bet)
Seat 2: lukatoni08 (small blind) folded before Flop
Seat 3: MaikonAll (big blind) folded before Flop
Seat 4: Cythian182 collected ($2.50)
Seat 5: Manifestorr folded before Flop (didn't bet)
Seat 6: canibal27 folded before Flop (didn't bet)



PokerStars Hand #254600191502:  Hold'em No Limit ($0.50/$1.00 USD) - 2025/01/28 0:03:21 WET [2025/01/28 19:03:21 ET]
Table 'Montague' 6-max Seat #2 is the button
Seat 1: MaRKiToScoK ($105.60 in chips) 
Seat 2: lukatoni08 ($122.40 in chips) 
Seat 3: MaikonAll ($161.48 in chips) 
Seat 4: Cythian182 ($39.99 in chips) 
Seat 5: Manifestorr ($143.86 in chips) 
Seat 6: canibal27 ($133.29 in chips) 
MaikonAll: posts small blind $0.50
Cythian182: posts big blind $1
*** HOLE CARDS ***
Manifestorr: folds 
canibal27: folds 
MaRKiToScoK: raises $1.25 to $2.25
lukatoni08: raises $4.75 to $7
MaikonAll: folds 
Cythian182: folds 
MaRKiToScoK: calls $4.75
*** FLOP *** [3h 6h 5c]
MaRKiToScoK: checks 
lukatoni08: bets $7.36
MaRKiToScoK: folds 
Uncalled bet ($7.36) returned to lukatoni08
lukatoni08 collected $14.72 from pot
lukatoni08: doesn't show hand 
*** SUMMARY ***
Total pot $15.50 | Rake $0.78 
Board [3h 6h 5c]
Seat 1: MaRKiToScoK folded on the Flop
Seat 2: lukatoni08 (button) collected ($14.72)
Seat 3: MaikonAll (small blind) folded before Flop
Seat 4: Cythian182 (big blind) folded before Flop
Seat 5: Manifestorr folded before Flop (didn't bet)
Seat 6: canibal27 folded before Flop (didn't bet)



PokerStars Hand #254600199510:  Hold'em No Limit ($0.50/$1.00 USD) - 2025/01/28 0:03:57 WET [2025/01/28 19:03:57 ET]
Table 'Montague' 6-max Seat #3 is the button
Seat 1: MaRKiToScoK ($100 in chips) 
Seat 2: lukatoni08 ($130.12 in chips) 
Seat 3: MaikonAll ($160.98 in chips) 
Seat 4: Cythian182 ($38.99 in chips) 
Seat 5: Manifestorr ($143.86 in chips) 
Seat 6: canibal27 ($133.29 in chips) 
Cythian182: posts small blind $0.50
Manifestorr: posts big blind $1
*** HOLE CARDS ***
canibal27: folds 
MaRKiToScoK: folds 
lukatoni08: raises $1 to $2
MaikonAll: folds 
Cythian182: folds 
Manifestorr: folds 
Uncalled bet ($1) returned to lukatoni08
lukatoni08 collected $2.50 from pot
lukatoni08: doesn't show hand 
*** SUMMARY ***
Total pot $2.50 | Rake $0 
Seat 1: MaRKiToScoK folded before Flop (didn't bet)
Seat 2: lukatoni08 collected ($2.50)
Seat 3: MaikonAll (button) folded before Flop (didn't bet)
Seat 4: Cythian182 (small blind) folded before Flop
Seat 5: Manifestorr (big blind) folded before Flop
Seat 6: canibal27 folded before Flop (didn't bet)



PokerStars Hand #254600204793:  Hold'em No Limit ($0.50/$1.00 USD) - 2025/01/28 0:04:20 WET [2025/01/28 19:04:20 ET]
Table 'Montague' 6-max Seat #4 is the button
Seat 1: MaRKiToScoK ($100 in chips) 
Seat 2: lukatoni08 ($131.62 in chips) 
Seat 3: MaikonAll ($160.98 in chips) 
Seat 4: Cythian182 ($38.49 in chips) 
Seat 5: Manifestorr ($142.86 in chips) 
Seat 6: canibal27 ($133.29 in chips) 
Manifestorr: posts small blind $0.50
canibal27: posts big blind $1
*** HOLE CARDS ***
MaRKiToScoK: folds 
lukatoni08: folds 
MaikonAll: folds 
Cythian182: raises $2 to $3
Manifestorr: folds 
canibal27: calls $2
*** FLOP *** [6h 9d Js]
canibal27: checks 
Cythian182: bets $3
canibal27: folds 
Uncalled bet ($3) returned to Cythian182
Cythian182 collected $6.18 from pot
*** SUMMARY ***
Total pot $6.50 | Rake $0.32 
Board [6h 9d Js]
Seat 1: MaRKiToScoK folded before Flop (didn't bet)
Seat 2: lukatoni08 folded before Flop (didn't bet)
Seat 3: MaikonAll folded before Flop (didn't bet)
Seat 4: Cythian182 (button) collected ($6.18)
Seat 5: Manifestorr (small blind) folded before Flop
Seat 6: canibal27 (big blind) folded on the Flop



PokerStars Hand #254600212538:  Hold'em No Limit ($0.50/$1.00 USD) - 2025/01/28 0:04:55 WET [2025/01/28 19:04:55 ET]
Table 'Montague' 6-max Seat #5 is the button
Seat 1: MaRKiToScoK ($100 in chips) 
Seat 2: lukatoni08 ($131.62 in chips) 
Seat 3: MaikonAll ($160.98 in chips) 
Seat 4: Cythian182 ($41.67 in chips) 
Seat 5: Manifestorr ($142.36 in chips) 
Seat 6: canibal27 ($130.29 in chips) 
canibal27: posts small blind $0.50
MaRKiToScoK: posts big blind $1
*** HOLE CARDS ***
lukatoni08: folds 
MaikonAll: folds 
Cythian182: folds 
Manifestorr: raises $1.20 to $2.20
canibal27: folds 
MaRKiToScoK: raises $9.80 to $12
Manifestorr: folds 
Uncalled bet ($9.80) returned to MaRKiToScoK
MaRKiToScoK collected $4.90 from pot
*** SUMMARY ***
Total pot $4.90 | Rake $0 
Seat 1: MaRKiToScoK (big blind) collected ($4.90)
Seat 2: lukatoni08 folded before Flop (didn't bet)
Seat 3: MaikonAll folded before Flop (didn't bet)
Seat 4: Cythian182 folded before Flop (didn't bet)
Seat 5: Manifestorr (button) folded before Flop
Seat 6: canibal27 (small blind) folded before Flop



PokerStars Hand #254600218993:  Hold'em No Limit ($0.50/$1.00 USD) - 2025/01/28 0:05:24 WET [2025/01/28 19:05:24 ET]
Table 'Montague' 6-max Seat #6 is the button
Seat 1: MaRKiToScoK ($102.70 in chips) 
Seat 2: lukatoni08 ($131.62 in chips) 
Seat 3: MaikonAll ($160.98 in chips) 
Seat 4: Cythian182 ($41.67 in chips) 
Seat 5: Manifestorr ($140.16 in chips) 
Seat 6: canibal27 ($129.79 in chips) 
MaRKiToScoK: posts small blind $0.50
lukatoni08: posts big blind $1
*** HOLE CARDS ***
MaikonAll: folds 
Cythian182: raises $2 to $3
Manifestorr: folds 
canibal27: folds 
MaRKiToScoK: folds 
lukatoni08: calls $2
*** FLOP *** [8h Qd Ts]
lukatoni08: checks 
Cythian182: checks 
*** TURN *** [8h Qd Ts] [Ad]
lukatoni08: checks 
Cythian182: bets $2.50
lukatoni08: calls $2.50
*** RIVER *** [8h Qd Ts Ad] [9h]
lukatoni08: checks 
Cythian182: checks 
*** SHOW DOWN ***
lukatoni08: shows [Th Qh] (two pair, Queens and Tens)
Cythian182: mucks hand 
lukatoni08 collected $10.92 from pot
*** SUMMARY ***
Total pot $11.50 | Rake $0.58 
Board [8h Qd Ts Ad 9h]
Seat 1: MaRKiToScoK (small blind) folded before Flop
Seat 2: lukatoni08 (big blind) showed [Th Qh] and won ($10.92) with two pair, Queens and Tens
Seat 3: MaikonAll folded before Flop (didn't bet)
Seat 4: Cythian182 mucked
Seat 5: Manifestorr folded before Flop (didn't bet)
Seat 6: canibal27 (button) folded before Flop (didn't bet)



PokerStars Hand #254600231151:  Hold'em No Limit ($0.50/$1.00 USD) - 2025/01/28 0:06:19 WET [2025/01/28 19:06:19 ET]
Table 'Montague' 6-max Seat #1 is the button
Seat 1: MaRKiToScoK ($102.20 in chips) 
Seat 2: lukatoni08 ($137.04 in chips) 
Seat 3: MaikonAll ($160.98 in chips) 
Seat 4: Cythian182 ($36.17 in chips) 
Seat 5: Manifestorr ($140.16 in chips) 
Seat 6: canibal27 ($129.79 in chips) 
lukatoni08: posts small blind $0.50
MaikonAll: posts big blind $1
*** HOLE CARDS ***
Cythian182: raises $2 to $3
Manifestorr: folds 
canibal27: folds 
MaRKiToScoK: folds 
lukatoni08: folds 
MaikonAll: folds 
Uncalled bet ($2) returned to Cythian182
Cythian182 collected $2.50 from pot
*** SUMMARY ***
Total pot $2.50 | Rake $0 
Seat 1: MaRKiToScoK (button) folded before Flop (didn't bet)
Seat 2: lukatoni08 (small blind) folded before Flop
Seat 3: MaikonAll (big blind) folded before Flop
Seat 4: Cythian182 collected ($2.50)
Seat 5: Manifestorr folded before Flop (didn't bet)
Seat 6: canibal27 folded before Flop (didn't bet)



PokerStars Hand #254600236144:  Hold'em No Limit ($0.50/$1.00 USD) - 2025/01/28 0:06:41 WET [2025/01/28 19:06:41 ET]
Table 'Montague' 6-max Seat #2 is the button
Seat 1: MaRKiToScoK ($102.20 in chips) 
Seat 2: lukatoni08 ($136.54 in chips) 
Seat 3: MaikonAll ($159.98 in chips) 
Seat 4: Cythian182 ($37.67 in chips) 
Seat 5: Manifestorr ($140.16 in chips) 
Seat 6: canibal27 ($129.79 in chips) 
MaikonAll: posts small blind $0.50
Cythian182: posts big blind $1
*** HOLE CARDS ***
Manifestorr: folds 
canibal27: folds 
MaRKiToScoK: folds 
lukatoni08: folds 
MaikonAll: folds 
Uncalled bet ($0.50) returned to Cythian182
Cythian182 collected $1 from pot
*** SUMMARY ***
Total pot $1 | Rake $0 
Seat 1: MaRKiToScoK folded before Flop (didn't bet)
Seat 2: lukatoni08 (button) folded before Flop (didn't bet)
Seat 3: MaikonAll (small blind) folded before Flop
Seat 4: Cythian182 (big blind) collected ($1)
Seat 5: Manifestorr folded before Flop (didn't bet)
Seat 6: canibal27 folded before Flop (didn't bet)



PokerStars Hand #254600241407:  Hold'em No Limit ($0.50/$1.00 USD) - 2025/01/28 0:07:05 WET [2025/01/28 19:07:05 ET]
Table 'Montague' 6-max Seat #3 is the button
Seat 1: MaRKiToScoK ($102.20 in chips) 
Seat 2: lukatoni08 ($136.54 in chips) 
Seat 3: MaikonAll ($159.48 in chips) 
Seat 4: Cythian182 ($38.17 in chips) 
Seat 5: Manifestorr ($140.16 in chips) 
Seat 6: canibal27 ($129.79 in chips) 
Cythian182: posts small blind $0.50
Manifestorr: posts big blind $1
*** HOLE CARDS ***
canibal27: folds 
MaRKiToScoK: folds 
lukatoni08: folds 
MaikonAll: raises $1.50 to $2.50
Cythian182: folds 
Manifestorr: folds 
Uncalled bet ($1.50) returned to MaikonAll
MaikonAll collected $2.50 from pot
MaikonAll: doesn't show hand 
*** SUMMARY ***
Total pot $2.50 | Rake $0 
Seat 1: MaRKiToScoK folded before Flop (didn't bet)
Seat 2: lukatoni08 folded before Flop (didn't bet)
Seat 3: MaikonAll (button) collected ($2.50)
Seat 4: Cythian182 (small blind) folded before Flop
Seat 5: Manifestorr (big blind) folded before Flop
Seat 6: canibal27 folded before Flop (didn't bet)



PokerStars Hand #254600246427:  Hold'em No Limit ($0.50/$1.00 USD) - 2025/01/28 0:07:27 WET [2025/01/28 19:07:27 ET]
Table 'Montague' 6-max Seat #4 is the button
Seat 1: MaRKiToScoK ($102.20 in chips) 
Seat 2: lukatoni08 ($136.54 in chips) 
Seat 3: MaikonAll ($160.98 in chips) 
Seat 4: Cythian182 ($37.67 in chips) 
Seat 5: Manifestorr ($139.16 in chips) 
Seat 6: canibal27 ($129.79 in chips) 
Manifestorr: posts small blind $0.50
canibal27: posts big blind $1
*** HOLE CARDS ***
MaRKiToScoK: folds 
lukatoni08: folds 
MaikonAll: raises $1.30 to $2.30
Cythian182: calls $2.30
Manifestorr: folds 
canibal27: calls $1.30
*** FLOP *** [Kc Jh 7s]
canibal27: checks 
MaikonAll: checks 
Cythian182: checks 
*** TURN *** [Kc Jh 7s] [3c]
canibal27: checks 
MaikonAll: checks 
Cythian182: checks 
*** RIVER *** [Kc Jh 7s 3c] [Js]
canibal27: checks 
MaikonAll: checks 
Cythian182: checks 
*** SHOW DOWN ***
canibal27: shows [Td 9s] (a pair of Jacks)
MaikonAll: shows [8c 8s] (two pair, Jacks and Eights)
Cythian182: mucks hand 
MaikonAll collected $7.03 from pot
*** SUMMARY ***
Total pot $7.40 | Rake $0.37 
Board [Kc Jh 7s 3c Js]
Seat 1: MaRKiToScoK folded before Flop (didn't bet)
Seat 2: lukatoni08 folded before Flop (didn't bet)
Seat 3: MaikonAll showed [8c 8s] and won ($7.03) with two pair, Jacks and Eights
Seat 4: Cythian182 (button) mucked
Seat 5: Manifestorr (small blind) folded before Flop
Seat 6: canibal27 (big blind) showed [Td 9s] and lost with a pair of Jacks



PokerStars Hand #254600267288:  Hold'em No Limit ($0.50/$1.00 USD) - 2025/01/28 0:09:01 WET [2025/01/28 19:09:01 ET]
Table 'Montague' 6-max Seat #5 is the button
Seat 1: MaRKiToScoK ($102.20 in chips) 
Seat 2: lukatoni08 ($136.54 in chips) 
Seat 3: MaikonAll ($165.71 in chips) 
Seat 4: Cythian182 ($35.37 in chips) 
Seat 5: Manifestorr ($138.66 in chips) 
Seat 6: canibal27 ($127.49 in chips) 
canibal27: posts small blind $0.50
MaRKiToScoK: posts big blind $1
*** HOLE CARDS ***
lukatoni08: calls $1
MaikonAll: folds 
Cythian182: folds 
Manifestorr: folds 
canibal27: raises $3 to $4
MaRKiToScoK: calls $3
lukatoni08: calls $3
*** FLOP *** [Jd Jc Kc]
canibal27: bets $2.85
MaRKiToScoK: calls $2.85
lukatoni08: calls $2.85
*** TURN *** [Jd Jc Kc] [7c]
canibal27: checks 
MaRKiToScoK: bets $19.52
lukatoni08: calls $19.52
canibal27: calls $19.52
*** RIVER *** [Jd Jc Kc 7c] [4d]
canibal27: checks 
MaRKiToScoK: checks 
lukatoni08: bets $45
canibal27: raises $56.12 to $101.12 and is all-in
MaRKiToScoK: folds 
lukatoni08: calls $56.12
*** SHOW DOWN ***
canibal27: shows [Ah Js] (three of a kind, Jacks)
lukatoni08: shows [2c Ac] (a flush, Ace high)
lukatoni08 collected $278.85 from pot
*** SUMMARY ***
Total pot $281.35 | Rake $2.50 
Board [Jd Jc Kc 7c 4d]
Seat 1: MaRKiToScoK (big blind) folded on the River
Seat 2: lukatoni08 showed [2c Ac] and won ($278.85) with a flush, Ace high
Seat 3: MaikonAll folded before Flop (didn't bet)
Seat 4: Cythian182 folded before Flop (didn't bet)
Seat 5: Manifestorr (button) folded before Flop (didn't bet)
Seat 6: canibal27 (small blind) showed [Ah Js] and lost with three of a kind, Jacks



PokerStars Hand #254600291977:  Hold'em No Limit ($0.50/$1.00 USD) - 2025/01/28 0:10:54 WET [2025/01/28 19:10:54 ET]
Table 'Montague' 6-max Seat #6 is the button
Seat 1: MaRKiToScoK ($100 in chips) 
Seat 2: lukatoni08 ($287.90 in chips) 
Seat 3: MaikonAll ($165.71 in chips) 
Seat 4: Cythian182 ($35.37 in chips) 
Seat 5: Manifestorr ($138.66 in chips) 
Seat 6: canibal27 ($100 in chips) 
MaRKiToScoK: posts small blind $0.50
lukatoni08: posts big blind $1
*** HOLE CARDS ***
MaikonAll: folds 
Cythian182: folds 
Manifestorr: folds 
canibal27: folds 
MaRKiToScoK: raises $2 to $3
lukatoni08: folds 
Uncalled bet ($2) returned to MaRKiToScoK
MaRKiToScoK collected $2 from pot
*** SUMMARY ***
Total pot $2 | Rake $0 
Seat 1: MaRKiToScoK (small blind) collected ($2)
Seat 2: lukatoni08 (big blind) folded before Flop
Seat 3: MaikonAll folded before Flop (didn't bet)
Seat 4: Cythian182 folded before Flop (didn't bet)
Seat 5: Manifestorr folded before Flop (didn't bet)
Seat 6: canibal27 (button) folded before Flop (didn't bet)



PokerStars Hand #254600298246:  Hold'em No Limit ($0.50/$1.00 USD) - 2025/01/28 0:11:23 WET [2025/01/28 19:11:23 ET]
Table 'Montague' 6-max Seat #1 is the button
Seat 1: MaRKiToScoK ($101 in chips) 
Seat 2: lukatoni08 ($286.90 in chips) 
Seat 3: MaikonAll ($165.71 in chips) 
Seat 4: Cythian182 ($35.37 in chips) 
Seat 5: Manifestorr ($138.66 in chips) 
Seat 6: canibal27 ($100 in chips) 
lukatoni08: posts small blind $0.50
MaikonAll: posts big blind $1
*** HOLE CARDS ***
Cythian182: folds 
Manifestorr: folds 
canibal27: folds 
MaRKiToScoK: folds 
lukatoni08: folds 
Uncalled bet ($0.50) returned to MaikonAll
MaikonAll collected $1 from pot
MaikonAll: doesn't show hand 
*** SUMMARY ***
Total pot $1 | Rake $0 
Seat 1: MaRKiToScoK (button) folded before Flop (didn't bet)
Seat 2: lukatoni08 (small blind) folded before Flop
Seat 3: MaikonAll (big blind) collected ($1)
Seat 4: Cythian182 folded before Flop (didn't bet)
Seat 5: Manifestorr folded before Flop (didn't bet)
Seat 6: canibal27 folded before Flop (didn't bet)



PokerStars Hand #254600301736:  Hold'em No Limit ($0.50/$1.00 USD) - 2025/01/28 0:11:40 WET [2025/01/28 19:11:40 ET]
Table 'Montague' 6-max Seat #2 is the button
Seat 1: MaRKiToScoK ($101 in chips) 
Seat 2: lukatoni08 ($286.40 in chips) 
Seat 3: MaikonAll ($166.21 in chips) 
Seat 4: Cythian182 ($35.37 in chips) 
Seat 5: Manifestorr ($138.66 in chips) 
Seat 6: canibal27 ($100 in chips) 
MaikonAll: posts small blind $0.50
Cythian182: posts big blind $1
*** HOLE CARDS ***
Manifestorr: folds 
canibal27: raises $1 to $2
MaRKiToScoK: folds 
lukatoni08: folds 
MaikonAll: folds 
Cythian182: folds 
Uncalled bet ($1) returned to canibal27
canibal27 collected $2.50 from pot
canibal27: doesn't show hand 
*** SUMMARY ***
Total pot $2.50 | Rake $0 
Seat 1: MaRKiToScoK folded before Flop (didn't bet)
Seat 2: lukatoni08 (button) folded before Flop (didn't bet)
Seat 3: MaikonAll (small blind) folded before Flop
Seat 4: Cythian182 (big blind) folded before Flop
Seat 5: Manifestorr folded before Flop (didn't bet)
Seat 6: canibal27 collected ($2.50)



PokerStars Hand #254600304961:  Hold'em No Limit ($0.50/$1.00 USD) - 2025/01/28 0:11:55 WET [2025/01/28 19:11:55 ET]
Table 'Montague' 6-max Seat #3 is the button
Seat 1: MaRKiToScoK ($101 in chips) 
Seat 2: lukatoni08 ($286.40 in chips) 
Seat 3: MaikonAll ($165.71 in chips) 
Seat 4: Cythian182 ($34.37 in chips) 
Seat 5: Manifestorr ($138.66 in chips) 
Seat 6: canibal27 ($101.50 in chips) 
Cythian182: posts small blind $0.50
Manifestorr: posts big blind $1
*** HOLE CARDS ***
canibal27: folds 
MaRKiToScoK: folds 
lukatoni08: folds 
MaikonAll: folds 
Cythian182: folds 
Uncalled bet ($0.50) returned to Manifestorr
Manifestorr collected $1 from pot
*** SUMMARY ***
Total pot $1 | Rake $0 
Seat 1: MaRKiToScoK folded before Flop (didn't bet)
Seat 2: lukatoni08 folded before Flop (didn't bet)
Seat 3: MaikonAll (button) folded before Flop (didn't bet)
Seat 4: Cythian182 (small blind) folded before Flop
Seat 5: Manifestorr (big blind) collected ($1)
Seat 6: canibal27 folded before Flop (didn't bet)



PokerStars Hand #254600312075:  Hold'em No Limit ($0.50/$1.00 USD) - 2025/01/28 0:12:28 WET [2025/01/28 19:12:28 ET]
Table 'Montague' 6-max Seat #4 is the button
Seat 1: MaRKiToScoK ($101 in chips) 
Seat 2: lukatoni08 ($286.40 in chips) 
Seat 3: MaikonAll ($165.71 in chips) 
Seat 4: Cythian182 ($33.87 in chips) 
Seat 5: Manifestorr ($139.16 in chips) 
Seat 6: canibal27 ($101.50 in chips) 
Manifestorr: posts small blind $0.50
canibal27: posts big blind $1
*** HOLE CARDS ***
MaRKiToScoK: folds 
MaRKiToScoK leaves the table
lukatoni08: calls $1
MaikonAll: raises $2.50 to $3.50
Cythian182: folds 
Manifestorr: folds 
canibal27: folds 
LeaveItYeah joins the table at seat #1 
lukatoni08: calls $2.50
*** FLOP *** [Th 5c 7h]
lukatoni08: checks 
MaikonAll: bets $2.02
lukatoni08: calls $2.02
*** TURN *** [Th 5c 7h] [2s]
lukatoni08: checks 
MaikonAll: checks 
*** RIVER *** [Th 5c 7h 2s] [7d]
lukatoni08: checks 
MaikonAll: checks 
*** SHOW DOWN ***
lukatoni08: shows [3s 3d] (two pair, Sevens and Threes)
MaikonAll: mucks hand 
lukatoni08 collected $11.91 from pot
*** SUMMARY ***
Total pot $12.54 | Rake $0.63 
Board [Th 5c 7h 2s 7d]
Seat 1: MaRKiToScoK folded before Flop (didn't bet)
Seat 2: lukatoni08 showed [3s 3d] and won ($11.91) with two pair, Sevens and Threes
Seat 3: MaikonAll mucked
Seat 4: Cythian182 (button) folded before Flop (didn't bet)
Seat 5: Manifestorr (small blind) folded before Flop
Seat 6: canibal27 (big blind) folded before Flop



PokerStars Hand #254600329976:  Hold'em No Limit ($0.50/$1.00 USD) - 2025/01/28 0:13:52 WET [2025/01/28 19:13:52 ET]
Table 'Montague' 6-max Seat #5 is the button
Seat 1: LeaveItYeah ($100 in chips) 
Seat 2: lukatoni08 ($292.79 in chips) 
Seat 3: MaikonAll ($160.19 in chips) 
Seat 4: Cythian182 ($33.87 in chips) 
Seat 5: Manifestorr ($138.66 in chips) 
Seat 6: canibal27 ($100.50 in chips) 
canibal27: posts small blind $0.50
LeaveItYeah: posts big blind $1
*** HOLE CARDS ***
lukatoni08: folds 
MaikonAll: folds 
Cythian182: raises $2 to $3
Manifestorr: folds 
canibal27: folds 
LeaveItYeah: calls $2
*** FLOP *** [6h Qh 6d]
LeaveItYeah: checks 
Cythian182: bets $3
LeaveItYeah: calls $3
*** TURN *** [6h Qh 6d] [Ac]
LeaveItYeah: checks 
Cythian182: checks 
*** RIVER *** [6h Qh 6d Ac] [Ad]
LeaveItYeah: checks 
Cythian182: checks 
*** SHOW DOWN ***
LeaveItYeah: shows [5h 7h] (two pair, Aces and Sixes)
Cythian182: shows [Tc Td] (two pair, Aces and Tens)
Cythian182 collected $11.88 from pot
*** SUMMARY ***
Total pot $12.50 | Rake $0.62 
Board [6h Qh 6d Ac Ad]
Seat 1: LeaveItYeah (big blind) showed [5h 7h] and lost with two pair, Aces and Sixes
Seat 2: lukatoni08 folded before Flop (didn't bet)
Seat 3: MaikonAll folded before Flop (didn't bet)
Seat 4: Cythian182 showed [Tc Td] and won ($11.88) with two pair, Aces and Tens
Seat 5: Manifestorr (button) folded before Flop (didn't bet)
Seat 6: canibal27 (small blind) folded before Flop



PokerStars Hand #254600350104:  Hold'em No Limit ($0.50/$1.00 USD) - 2025/01/28 0:15:26 WET [2025/01/28 19:15:26 ET]
Table 'Montague' 6-max Seat #6 is the button
Seat 1: LeaveItYeah ($100 in chips) 
Seat 2: lukatoni08 ($292.79 in chips) 
Seat 3: MaikonAll ($160.19 in chips) 
Seat 4: Cythian182 ($39.75 in chips) 
Seat 5: Manifestorr ($138.66 in chips) 
Seat 6: canibal27 ($100 in chips) 
LeaveItYeah: posts small blind $0.50
lukatoni08: posts big blind $1
*** HOLE CARDS ***
MaikonAll: folds 
Cythian182: folds 
Manifestorr: folds 
canibal27: folds 
LeaveItYeah: folds 
Uncalled bet ($0.50) returned to lukatoni08
lukatoni08 collected $1 from pot
lukatoni08: doesn't show hand 
*** SUMMARY ***
Total pot $1 | Rake $0 
Seat 1: LeaveItYeah (small blind) folded before Flop
Seat 2: lukatoni08 (big blind) collected ($1)
Seat 3: MaikonAll folded before Flop (didn't bet)
Seat 4: Cythian182 folded before Flop (didn't bet)
Seat 5: Manifestorr folded before Flop (didn't bet)
Seat 6: canibal27 (button) folded before Flop (didn't bet)



PokerStars Hand #254600354263:  Hold'em No Limit ($0.50/$1.00 USD) - 2025/01/28 0:15:45 WET [2025/01/28 19:15:45 ET]
Table 'Montague' 6-max Seat #1 is the button
Seat 1: LeaveItYeah ($100 in chips) 
Seat 2: lukatoni08 ($293.29 in chips) 
Seat 3: MaikonAll ($160.19 in chips) 
Seat 4: Cythian182 ($39.75 in chips) 
Seat 5: Manifestorr ($138.66 in chips) 
Seat 6: canibal27 ($100 in chips) 
lukatoni08: posts small blind $0.50
MaikonAll: posts big blind $1
*** HOLE CARDS ***
Cythian182: folds 
Manifestorr: folds 
canibal27: folds 
LeaveItYeah: folds 
lukatoni08: calls $0.50
MaikonAll: raises $3 to $4
lukatoni08: calls $3
*** FLOP *** [2h Ac 8d]
lukatoni08: checks 
MaikonAll: checks 
*** TURN *** [2h Ac 8d] [5h]
lukatoni08: checks 
MaikonAll: bets $3.80
lukatoni08: calls $3.80
*** RIVER *** [2h Ac 8d 5h] [Qd]
lukatoni08: checks 
MaikonAll: bets $11.10
lukatoni08: calls $11.10
*** SHOW DOWN ***
MaikonAll: shows [Ks Th] (high card Ace)
lukatoni08: shows [Jd Ah] (a pair of Aces)
lukatoni08 collected $35.91 from pot
*** SUMMARY ***
Total pot $37.80 | Rake $1.89 
Board [2h Ac 8d 5h Qd]
Seat 1: LeaveItYeah (button) folded before Flop (didn't bet)
Seat 2: lukatoni08 (small blind) showed [Jd Ah] and won ($35.91) with a pair of Aces
Seat 3: MaikonAll (big blind) showed [Ks Th] and lost with high card Ace
Seat 4: Cythian182 folded before Flop (didn't bet)
Seat 5: Manifestorr folded before Flop (didn't bet)
Seat 6: canibal27 folded before Flop (didn't bet)



PokerStars Hand #254600374070:  Hold'em No Limit ($0.50/$1.00 USD) - 2025/01/28 0:17:16 WET [2025/01/28 19:17:16 ET]
Table 'Montague' 6-max Seat #2 is the button
Seat 1: LeaveItYeah ($100 in chips) 
Seat 2: lukatoni08 ($310.30 in chips) 
Seat 3: MaikonAll ($141.29 in chips) 
Seat 4: Cythian182 ($39.75 in chips) 
Seat 5: Manifestorr ($138.66 in chips) 
Seat 6: canibal27 ($100 in chips) 
MaikonAll: posts small blind $0.50
Cythian182: posts big blind $1
*** HOLE CARDS ***
Manifestorr: folds 
canibal27: folds 
LeaveItYeah: folds 
lukatoni08: folds 
MaikonAll: folds 
Uncalled bet ($0.50) returned to Cythian182
Cythian182 collected $1 from pot
*** SUMMARY ***
Total pot $1 | Rake $0 
Seat 1: LeaveItYeah folded before Flop (didn't bet)
Seat 2: lukatoni08 (button) folded before Flop (didn't bet)
Seat 3: MaikonAll (small blind) folded before Flop
Seat 4: Cythian182 (big blind) collected ($1)
Seat 5: Manifestorr folded before Flop (didn't bet)
Seat 6: canibal27 folded before Flop (didn't bet)



PokerStars Hand #254600377089:  Hold'em No Limit ($0.50/$1.00 USD) - 2025/01/28 0:17:31 WET [2025/01/28 19:17:31 ET]
Table 'Montague' 6-max Seat #3 is the button
Seat 1: LeaveItYeah ($100 in chips) 
Seat 2: lukatoni08 ($310.30 in chips) 
Seat 3: MaikonAll ($140.79 in chips) 
Seat 4: Cythian182 ($40.25 in chips) 
Seat 5: Manifestorr ($138.66 in chips) 
Seat 6: canibal27 ($100 in chips) 
Cythian182: posts small blind $0.50
Manifestorr: posts big blind $1
*** HOLE CARDS ***
canibal27: folds 
LeaveItYeah: folds 
lukatoni08: folds 
MaikonAll: raises $1.50 to $2.50
Cythian182: raises $5.50 to $8
Manifestorr: folds 
MaikonAll: folds 
Uncalled bet ($5.50) returned to Cythian182
Cythian182 collected $6 from pot
*** SUMMARY ***
Total pot $6 | Rake $0 
Seat 1: LeaveItYeah folded before Flop (didn't bet)
Seat 2: lukatoni08 folded before Flop (didn't bet)
Seat 3: MaikonAll (button) folded before Flop
Seat 4: Cythian182 (small blind) collected ($6)
Seat 5: Manifestorr (big blind) folded before Flop
Seat 6: canibal27 folded before Flop (didn't bet)



PokerStars Hand #254600384907:  Hold'em No Limit ($0.50/$1.00 USD) - 2025/01/28 0:18:07 WET [2025/01/28 19:18:07 ET]
Table 'Montague' 6-max Seat #4 is the button
Seat 1: LeaveItYeah ($100 in chips) 
Seat 2: lukatoni08 ($310.30 in chips) 
Seat 3: MaikonAll ($138.29 in chips) 
Seat 4: Cythian182 ($43.75 in chips) 
Seat 5: Manifestorr ($137.66 in chips) 
Seat 6: canibal27 ($100 in chips) 
Manifestorr: posts small blind $0.50
canibal27: posts big blind $1
*** HOLE CARDS ***
LeaveItYeah: folds 
lukatoni08: folds 
MaikonAll: folds 
Cythian182: raises $2 to $3
Manifestorr: folds 
canibal27: folds 
Uncalled bet ($2) returned to Cythian182
Cythian182 collected $2.50 from pot
*** SUMMARY ***
Total pot $2.50 | Rake $0 
Seat 1: LeaveItYeah folded before Flop (didn't bet)
Seat 2: lukatoni08 folded before Flop (didn't bet)
Seat 3: MaikonAll folded before Flop (didn't bet)
Seat 4: Cythian182 (button) collected ($2.50)
Seat 5: Manifestorr (small blind) folded before Flop
Seat 6: canibal27 (big blind) folded before Flop



PokerStars Hand #254600389866:  Hold'em No Limit ($0.50/$1.00 USD) - 2025/01/28 0:18:30 WET [2025/01/28 19:18:30 ET]
Table 'Montague' 6-max Seat #5 is the button
Seat 1: LeaveItYeah ($100 in chips) 
Seat 2: lukatoni08 ($310.30 in chips) 
Seat 3: MaikonAll ($138.29 in chips) 
Seat 4: Cythian182 ($45.25 in chips) 
Seat 5: Manifestorr ($137.16 in chips) 
Seat 6: canibal27 ($100 in chips) 
canibal27: posts small blind $0.50
LeaveItYeah: posts big blind $1
*** HOLE CARDS ***
lukatoni08: folds 
MaikonAll: folds 
Cythian182: folds 
Manifestorr: raises $1.20 to $2.20
canibal27: folds 
LeaveItYeah: calls $1.20
*** FLOP *** [8h 6d 3h]
LeaveItYeah: checks 
Manifestorr: checks 
*** TURN *** [8h 6d 3h] [Jc]
LeaveItYeah: checks 
Manifestorr: checks 
*** RIVER *** [8h 6d 3h Jc] [Kd]
LeaveItYeah: checks 
Manifestorr: checks 
*** SHOW DOWN ***
LeaveItYeah: shows [2d 2h] (a pair of Deuces)
Manifestorr: mucks hand 
LeaveItYeah collected $4.66 from pot
*** SUMMARY ***
Total pot $4.90 | Rake $0.24 
Board [8h 6d 3h Jc Kd]
Seat 1: LeaveItYeah (big blind) showed [2d 2h] and won ($4.66) with a pair of Deuces
Seat 2: lukatoni08 folded before Flop (didn't bet)
Seat 3: MaikonAll folded before Flop (didn't bet)
Seat 4: Cythian182 folded before Flop (didn't bet)
Seat 5: Manifestorr (button) mucked
Seat 6: canibal27 (small blind) folded before Flop



PokerStars Hand #254600404430:  Hold'em No Limit ($0.50/$1.00 USD) - 2025/01/28 0:19:38 WET [2025/01/28 19:19:38 ET]
Table 'Montague' 6-max Seat #6 is the button
Seat 1: LeaveItYeah ($102.46 in chips) 
Seat 2: lukatoni08 ($310.30 in chips) 
Seat 3: MaikonAll ($138.29 in chips) 
Seat 4: Cythian182 ($45.25 in chips) 
Seat 5: Manifestorr ($134.96 in chips) 
Seat 6: canibal27 ($100 in chips) 
LeaveItYeah: posts small blind $0.50
lukatoni08: posts big blind $1
*** HOLE CARDS ***
MaikonAll: folds 
Cythian182: folds 
Manifestorr: folds 
canibal27: folds 
LeaveItYeah: folds 
Uncalled bet ($0.50) returned to lukatoni08
lukatoni08 collected $1 from pot
lukatoni08: doesn't show hand 
*** SUMMARY ***
Total pot $1 | Rake $0 
Seat 1: LeaveItYeah (small blind) folded before Flop
Seat 2: lukatoni08 (big blind) collected ($1)
Seat 3: MaikonAll folded before Flop (didn't bet)
Seat 4: Cythian182 folded before Flop (didn't bet)
Seat 5: Manifestorr folded before Flop (didn't bet)
Seat 6: canibal27 (button) folded before Flop (didn't bet)



PokerStars Hand #254600408640:  Hold'em No Limit ($0.50/$1.00 USD) - 2025/01/28 0:19:58 WET [2025/01/28 19:19:58 ET]
Table 'Montague' 6-max Seat #1 is the button
Seat 1: LeaveItYeah ($101.96 in chips) 
Seat 2: lukatoni08 ($310.80 in chips) 
Seat 3: MaikonAll ($138.29 in chips) 
Seat 4: Cythian182 ($45.25 in chips) 
Seat 5: Manifestorr ($134.96 in chips) 
Seat 6: canibal27 ($100 in chips) 
lukatoni08: posts small blind $0.50
MaikonAll: posts big blind $1
*** HOLE CARDS ***
Cythian182: folds 
Manifestorr: folds 
canibal27: folds 
LeaveItYeah: raises $1.50 to $2.50
lukatoni08: raises $3.50 to $6
MaikonAll: folds 
LeaveItYeah: raises $12 to $18
lukatoni08: calls $12
*** FLOP *** [Tc 4c 7s]
lukatoni08: checks 
LeaveItYeah: bets $17.60
lukatoni08: folds 
Uncalled bet ($17.60) returned to LeaveItYeah
LeaveItYeah collected $35.15 from pot
LeaveItYeah: doesn't show hand 
*** SUMMARY ***
Total pot $37 | Rake $1.85 
Board [Tc 4c 7s]
Seat 1: LeaveItYeah (button) collected ($35.15)
Seat 2: lukatoni08 (small blind) folded on the Flop
Seat 3: MaikonAll (big blind) folded before Flop
Seat 4: Cythian182 folded before Flop (didn't bet)
Seat 5: Manifestorr folded before Flop (didn't bet)
Seat 6: canibal27 folded before Flop (didn't bet)



PokerStars Hand #254600421718:  Hold'em No Limit ($0.50/$1.00 USD) - 2025/01/28 0:21:00 WET [2025/01/28 19:21:00 ET]
Table 'Montague' 6-max Seat #2 is the button
Seat 1: LeaveItYeah ($119.11 in chips) 
Seat 2: lukatoni08 ($292.80 in chips) 
Seat 3: MaikonAll ($137.29 in chips) 
Seat 4: Cythian182 ($45.25 in chips) 
Seat 5: Manifestorr ($134.96 in chips) 
Seat 6: canibal27 ($100 in chips) 
MaikonAll: posts small blind $0.50
Cythian182: posts big blind $1
*** HOLE CARDS ***
Manifestorr: raises $1.20 to $2.20
canibal27: folds 
LeaveItYeah: folds 
lukatoni08: calls $2.20
MaikonAll: folds 
Cythian182: folds 
*** FLOP *** [9c As 7s]
Manifestorr: bets $4.20
lukatoni08: calls $4.20
*** TURN *** [9c As 7s] [2c]
Manifestorr: checks 
lukatoni08: checks 
*** RIVER *** [9c As 7s 2c] [8s]
Manifestorr: bets $16.98
lukatoni08: folds 
Uncalled bet ($16.98) returned to Manifestorr
Manifestorr collected $13.58 from pot
*** SUMMARY ***
Total pot $14.30 | Rake $0.72 
Board [9c As 7s 2c 8s]
Seat 1: LeaveItYeah folded before Flop (didn't bet)
Seat 2: lukatoni08 (button) folded on the River
Seat 3: MaikonAll (small blind) folded before Flop
Seat 4: Cythian182 (big blind) folded before Flop
Seat 5: Manifestorr collected ($13.58)
Seat 6: canibal27 folded before Flop (didn't bet)



PokerStars Hand #254600430206:  Hold'em No Limit ($0.50/$1.00 USD) - 2025/01/28 0:21:41 WET [2025/01/28 19:21:41 ET]
Table 'Montague' 6-max Seat #3 is the button
Seat 1: LeaveItYeah ($119.11 in chips) 
Seat 2: lukatoni08 ($286.40 in chips) 
Seat 3: MaikonAll ($136.79 in chips) 
Seat 4: Cythian182 ($44.25 in chips) 
Seat 5: Manifestorr ($142.14 in chips) 
Seat 6: canibal27 ($100 in chips) 
Cythian182: posts small blind $0.50
Manifestorr: posts big blind $1
*** HOLE CARDS ***
canibal27: folds 
LeaveItYeah: folds 
lukatoni08: folds 
lukatoni08 leaves the table
MaikonAll: folds 
Cythian182: folds 
Uncalled bet ($0.50) returned to Manifestorr
Manifestorr collected $1 from pot
*** SUMMARY ***
Total pot $1 | Rake $0 
Seat 1: LeaveItYeah folded before Flop (didn't bet)
Seat 2: lukatoni08 folded before Flop (didn't bet)
Seat 3: MaikonAll (button) folded before Flop (didn't bet)
Seat 4: Cythian182 (small blind) folded before Flop
Seat 5: Manifestorr (big blind) collected ($1)
Seat 6: canibal27 folded before Flop (didn't bet)



PokerStars Hand #254600433085:  Hold'em No Limit ($0.50/$1.00 USD) - 2025/01/28 0:21:55 WET [2025/01/28 19:21:55 ET]
Table 'Montague' 6-max Seat #4 is the button
Seat 1: LeaveItYeah ($119.11 in chips) 
Seat 3: MaikonAll ($136.79 in chips) 
Seat 4: Cythian182 ($43.75 in chips) 
Seat 5: Manifestorr ($142.64 in chips) 
Seat 6: canibal27 ($100 in chips) 
Manifestorr: posts small blind $0.50
canibal27: posts big blind $1
*** HOLE CARDS ***
LeaveItYeah: folds 
MaikonAll: folds 
Cythian182: raises $2 to $3
Manifestorr: folds 
canibal27: folds 
Uncalled bet ($2) returned to Cythian182
Cythian182 collected $2.50 from pot
*** SUMMARY ***
Total pot $2.50 | Rake $0 
Seat 1: LeaveItYeah folded before Flop (didn't bet)
Seat 3: MaikonAll folded before Flop (didn't bet)
Seat 4: Cythian182 (button) collected ($2.50)
Seat 5: Manifestorr (small blind) folded before Flop
Seat 6: canibal27 (big blind) folded before Flop



PokerStars Hand #254600438759:  Hold'em No Limit ($0.50/$1.00 USD) - 2025/01/28 0:22:22 WET [2025/01/28 19:22:22 ET]
Table 'Montague' 6-max Seat #5 is the button
Seat 1: LeaveItYeah ($119.11 in chips) 
Seat 3: MaikonAll ($136.79 in chips) 
Seat 4: Cythian182 ($45.25 in chips) 
Seat 5: Manifestorr ($142.14 in chips) 
Seat 6: canibal27 ($100 in chips) 
canibal27: posts small blind $0.50
LeaveItYeah: posts big blind $1
*** HOLE CARDS ***
MaikonAll: raises $1.30 to $2.30
Cythian182: raises $7.70 to $10
Manifestorr: folds 
canibal27: folds 
LeaveItYeah: folds 
MaikonAll: raises $126.79 to $136.79 and is all-in
Cythian182: calls $35.25 and is all-in
Uncalled bet ($91.54) returned to MaikonAll
*** FLOP *** [8c Ad Jc]
*** TURN *** [8c Ad Jc] [2c]
*** RIVER *** [8c Ad Jc 2c] [6c]
*** SHOW DOWN ***
MaikonAll: shows [Qh Qs] (a pair of Queens)
Cythian182: shows [9c 9h] (a flush, Jack high)
Cythian182 collected $89.50 from pot
*** SUMMARY ***
Total pot $92 | Rake $2.50 
Board [8c Ad Jc 2c 6c]
Seat 1: LeaveItYeah (big blind) folded before Flop
Seat 3: MaikonAll showed [Qh Qs] and lost with a pair of Queens
Seat 4: Cythian182 showed [9c 9h] and won ($89.50) with a flush, Jack high
Seat 5: Manifestorr (button) folded before Flop (didn't bet)
Seat 6: canibal27 (small blind) folded before Flop



