PokerStars Hand #254595340843:  Hold'em No Limit ($0.50/$1.00 USD) - 2025/01/28 19:56:39 WET [2025/01/28 14:56:39 ET]
Table 'Orestes' 6-max Seat #6 is the button
Seat 1: laloo246 ($100 in chips) 
Seat 2: aoish30 ($100 in chips) 
Seat 3: worker0k ($100 in chips) 
Seat 6: coeeeelho ($100 in chips) 
laloo246: posts small blind $0.50
aoish30: posts big blind $1
*** HOLE CARDS ***
worker0k: raises $1.30 to $2.30
coeeeelho: folds 
laloo246: folds 
aoish30: folds 
Uncalled bet ($1.30) returned to worker0k
worker0k collected $2.50 from pot
*** SUMMARY ***
Total pot $2.50 | Rake $0 
Seat 1: laloo246 (small blind) folded before Flop
Seat 2: aoish30 (big blind) folded before Flop
Seat 3: worker0k collected ($2.50)
Seat 6: coeeeelho (button) folded before Flop (didn't bet)



PokerStars Hand #254595344115:  Hold'em No Limit ($0.50/$1.00 USD) - 2025/01/28 19:56:53 WET [2025/01/28 14:56:53 ET]
Table 'Orestes' 6-max Seat #1 is the button
Seat 1: laloo246 ($100 in chips) 
Seat 2: aoish30 ($100 in chips) 
Seat 3: worker0k ($101.50 in chips) 
Seat 6: coeeeelho ($100 in chips) 
aoish30: posts small blind $0.50
worker0k: posts big blind $1
*** HOLE CARDS ***
coeeeelho: folds 
laloo246: folds 
aoish30: raises $2 to $3
worker0k: calls $2
*** FLOP *** [Th 2h Jh]
Riggi 11 joins the table at seat #5 
Manifestorr joins the table at seat #4 
aoish30: bets $1.88
worker0k: raises $3.12 to $5
aoish30: calls $3.12
*** TURN *** [Th 2h Jh] [6s]
aoish30: checks 
worker0k: checks 
*** RIVER *** [Th 2h Jh 6s] [Ac]
aoish30: bets $22.80
worker0k: folds 
Uncalled bet ($22.80) returned to aoish30
aoish30 collected $15.20 from pot
aoish30: doesn't show hand 
*** SUMMARY ***
Total pot $16 | Rake $0.80 
Board [Th 2h Jh 6s Ac]
Seat 1: laloo246 (button) folded before Flop (didn't bet)
Seat 2: aoish30 (small blind) collected ($15.20)
Seat 3: worker0k (big blind) folded on the River
Seat 6: coeeeelho folded before Flop (didn't bet)



PokerStars Hand #254595357909:  Hold'em No Limit ($0.50/$1.00 USD) - 2025/01/28 19:57:52 WET [2025/01/28 14:57:52 ET]
Table 'Orestes' 6-max Seat #2 is the button
Seat 1: laloo246 ($100 in chips) 
Seat 2: aoish30 ($107.20 in chips) 
Seat 3: worker0k ($100 in chips) 
Seat 4: Manifestorr ($100 in chips) 
Seat 5: Riggi 11 ($40 in chips) 
Seat 6: coeeeelho ($100 in chips) 
worker0k: posts small blind $0.50
Manifestorr: posts big blind $1
Riggi 11: posts big blind $1
*** HOLE CARDS ***
Riggi 11: checks 
coeeeelho: folds 
laloo246: folds 
aoish30: raises $3 to $4
worker0k: folds 
Manifestorr: folds 
Riggi 11: folds 
Uncalled bet ($3) returned to aoish30
aoish30 collected $3.50 from pot
aoish30: doesn't show hand 
*** SUMMARY ***
Total pot $3.50 | Rake $0 
Seat 1: laloo246 folded before Flop (didn't bet)
Seat 2: aoish30 (button) collected ($3.50)
Seat 3: worker0k (small blind) folded before Flop
Seat 4: Manifestorr (big blind) folded before Flop
Seat 5: Riggi 11 folded before Flop (didn't bet)
Seat 6: coeeeelho folded before Flop (didn't bet)



PokerStars Hand #254595366898:  Hold'em No Limit ($0.50/$1.00 USD) - 2025/01/28 19:58:29 WET [2025/01/28 14:58:29 ET]
Table 'Orestes' 6-max Seat #3 is the button
Seat 1: laloo246 ($100 in chips) 
Seat 2: aoish30 ($109.70 in chips) 
Seat 3: worker0k ($100 in chips) 
Seat 4: Manifestorr ($100 in chips) 
Seat 5: Riggi 11 ($39 in chips) 
Seat 6: coeeeelho ($100 in chips) 
Manifestorr: posts small blind $0.50
Riggi 11: posts big blind $1
*** HOLE CARDS ***
coeeeelho: folds 
laloo246: folds 
aoish30: raises $1.50 to $2.50
worker0k: calls $2.50
Manifestorr: folds 
Riggi 11: folds 
*** FLOP *** [As 9s Jd]
aoish30: bets $2.04
worker0k: folds 
Uncalled bet ($2.04) returned to aoish30
aoish30 collected $6.18 from pot
aoish30: doesn't show hand 
*** SUMMARY ***
Total pot $6.50 | Rake $0.32 
Board [As 9s Jd]
Seat 1: laloo246 folded before Flop (didn't bet)
Seat 2: aoish30 collected ($6.18)
Seat 3: worker0k (button) folded on the Flop
Seat 4: Manifestorr (small blind) folded before Flop
Seat 5: Riggi 11 (big blind) folded before Flop
Seat 6: coeeeelho folded before Flop (didn't bet)



PokerStars Hand #254595372036:  Hold'em No Limit ($0.50/$1.00 USD) - 2025/01/28 19:58:51 WET [2025/01/28 14:58:51 ET]
Table 'Orestes' 6-max Seat #4 is the button
Seat 1: laloo246 ($100 in chips) 
Seat 2: aoish30 ($113.38 in chips) 
Seat 3: worker0k ($100 in chips) 
Seat 4: Manifestorr ($100 in chips) 
Seat 5: Riggi 11 ($38 in chips) 
Seat 6: coeeeelho ($100 in chips) 
Riggi 11: posts small blind $0.50
coeeeelho: posts big blind $1
*** HOLE CARDS ***
laloo246: raises $1.20 to $2.20
aoish30: folds 
worker0k: folds 
Manifestorr: raises $4.80 to $7
Riggi 11: folds 
coeeeelho: folds 
laloo246: folds 
Uncalled bet ($4.80) returned to Manifestorr
Manifestorr collected $5.90 from pot
*** SUMMARY ***
Total pot $5.90 | Rake $0 
Seat 1: laloo246 folded before Flop
Seat 2: aoish30 folded before Flop (didn't bet)
Seat 3: worker0k folded before Flop (didn't bet)
Seat 4: Manifestorr (button) collected ($5.90)
Seat 5: Riggi 11 (small blind) folded before Flop
Seat 6: coeeeelho (big blind) folded before Flop



PokerStars Hand #254595376485:  Hold'em No Limit ($0.50/$1.00 USD) - 2025/01/28 19:59:12 WET [2025/01/28 14:59:12 ET]
Table 'Orestes' 6-max Seat #5 is the button
Seat 1: laloo246 ($100 in chips) is sitting out
Seat 2: aoish30 ($113.38 in chips) 
Seat 3: worker0k ($100 in chips) 
Seat 4: Manifestorr ($103.70 in chips) 
Seat 5: Riggi 11 ($37.50 in chips) 
Seat 6: coeeeelho ($100 in chips) 
coeeeelho: posts small blind $0.50
laloo246: is sitting out 
aoish30: posts big blind $1
*** HOLE CARDS ***
worker0k: folds 
laloo246 leaves the table
Manifestorr: folds 
Riggi 11: folds 
coeeeelho: raises $2 to $3
aoish30: raises $6.50 to $9.50
laloo246 joins the table at seat #1 
coeeeelho: raises $11.50 to $21
aoish30: folds 
Uncalled bet ($11.50) returned to coeeeelho
coeeeelho collected $19 from pot
*** SUMMARY ***
Total pot $19 | Rake $0 
Seat 1: laloo246
Seat 2: aoish30 (big blind) folded before Flop
Seat 3: worker0k folded before Flop (didn't bet)
Seat 4: Manifestorr folded before Flop (didn't bet)
Seat 5: Riggi 11 (button) folded before Flop (didn't bet)
Seat 6: coeeeelho (small blind) collected ($19)



PokerStars Hand #254600782205:  Hold'em No Limit ($0.50/$1.00 USD) - 2025/01/28 0:50:46 WET [2025/01/28 19:50:46 ET]
Table 'Orestes' 6-max Seat #4 is the button
Seat 2: Mr_Dick666 ($100 in chips) is sitting out
Seat 1: nastja336 ($100 in chips) 
Seat 3: Tyron209 ($17.69 in chips) 
Seat 4: equilibrium_tv ($46.79 in chips) 
Seat 5: Supermegopro ($100 in chips) 
Seat 6: SorinS28 ($101.50 in chips) 
Supermegopro: posts small blind $0.50
SorinS28: posts big blind $1
Mr_Dick666: sits out 
*** HOLE CARDS ***
nastja336: folds 
Tyron209: folds 
equilibrium_tv: raises $1 to $2
Supermegopro: folds 
SorinS28: folds 
Uncalled bet ($1) returned to equilibrium_tv
equilibrium_tv collected $2.50 from pot
*** SUMMARY ***
Total pot $2.50 | Rake $0 
Seat 2: Mr_Dick666
Seat 1: nastja336 folded before Flop (didn't bet)
Seat 3: Tyron209 folded before Flop (didn't bet)
Seat 4: equilibrium_tv (button) collected ($2.50)
Seat 5: Supermegopro (small blind) folded before Flop
Seat 6: SorinS28 (big blind) folded before Flop



PokerStars Hand #254600786378:  Hold'em No Limit ($0.50/$1.00 USD) - 2025/01/28 0:51:08 WET [2025/01/28 19:51:08 ET]
Table 'Orestes' 6-max Seat #5 is the button
Seat 2: Mr_Dick666 ($100 in chips) is sitting out
Seat 1: nastja336 ($100 in chips) 
Seat 3: Tyron209 ($17.69 in chips) 
Seat 4: equilibrium_tv ($48.29 in chips) 
Seat 5: Supermegopro ($100 in chips) 
Seat 6: SorinS28 ($100.50 in chips) 
SorinS28: posts small blind $0.50
nastja336: posts big blind $1
Mr_Dick666: sits out 
*** HOLE CARDS ***
Tyron209: raises $2 to $3
equilibrium_tv: folds 
Supermegopro: folds 
SorinS28: raises $10.50 to $13.50
nastja336: folds 
Tyron209: folds 
Uncalled bet ($10.50) returned to SorinS28
SorinS28 collected $7 from pot
SorinS28: doesn't show hand 
*** SUMMARY ***
Total pot $7 | Rake $0 
Seat 2: Mr_Dick666
Seat 1: nastja336 (big blind) folded before Flop
Seat 3: Tyron209 folded before Flop
Seat 4: equilibrium_tv folded before Flop (didn't bet)
Seat 5: Supermegopro (button) folded before Flop (didn't bet)
Seat 6: SorinS28 (small blind) collected ($7)



PokerStars Hand #254600790197:  Hold'em No Limit ($0.50/$1.00 USD) - 2025/01/28 0:51:28 WET [2025/01/28 19:51:28 ET]
Table 'Orestes' 6-max Seat #6 is the button
Seat 1: nastja336 ($100 in chips) 
Seat 2: Mr_Dick666 ($100 in chips) 
Seat 3: Tyron209 ($14.69 in chips) 
Seat 4: equilibrium_tv ($48.29 in chips) 
Seat 5: Supermegopro ($100 in chips) 
Seat 6: SorinS28 ($104.50 in chips) 
nastja336: posts small blind $0.50
Mr_Dick666: posts big blind $1
*** HOLE CARDS ***
Tyron209: raises $13.69 to $14.69 and is all-in
equilibrium_tv: folds 
Supermegopro: folds 
SorinS28: folds 
nastja336: folds 
Mr_Dick666: folds 
Uncalled bet ($13.69) returned to Tyron209
Tyron209 collected $2.50 from pot
*** SUMMARY ***
Total pot $2.50 | Rake $0 
Seat 1: nastja336 (small blind) folded before Flop
Seat 2: Mr_Dick666 (big blind) folded before Flop
Seat 3: Tyron209 collected ($2.50)
Seat 4: equilibrium_tv folded before Flop (didn't bet)
Seat 5: Supermegopro folded before Flop (didn't bet)
Seat 6: SorinS28 (button) folded before Flop (didn't bet)



PokerStars Hand #254600794399:  Hold'em No Limit ($0.50/$1.00 USD) - 2025/01/28 0:51:50 WET [2025/01/28 19:51:50 ET]
Table 'Orestes' 6-max Seat #1 is the button
Seat 1: nastja336 ($100 in chips) 
Seat 2: Mr_Dick666 ($100 in chips) 
Seat 3: Tyron209 ($16.19 in chips) 
Seat 4: equilibrium_tv ($48.29 in chips) 
Seat 5: Supermegopro ($100 in chips) 
Seat 6: SorinS28 ($104.50 in chips) 
Mr_Dick666: posts small blind $0.50
Tyron209: posts big blind $1
*** HOLE CARDS ***
equilibrium_tv: raises $1 to $2
Supermegopro: folds 
SorinS28: folds 
nastja336: folds 
Mr_Dick666: folds 
Tyron209: calls $1
*** FLOP *** [7h Kh Kc]
Tyron209: checks 
equilibrium_tv: bets $1
Tyron209: calls $1
*** TURN *** [7h Kh Kc] [Qs]
Tyron209: checks 
equilibrium_tv: bets $2
Tyron209: raises $3 to $5
equilibrium_tv: folds 
Uncalled bet ($3) returned to Tyron209
Tyron209 collected $9.98 from pot
*** SUMMARY ***
Total pot $10.50 | Rake $0.52 
Board [7h Kh Kc Qs]
Seat 1: nastja336 (button) folded before Flop (didn't bet)
Seat 2: Mr_Dick666 (small blind) folded before Flop
Seat 3: Tyron209 (big blind) collected ($9.98)
Seat 4: equilibrium_tv folded on the Turn
Seat 5: Supermegopro folded before Flop (didn't bet)
Seat 6: SorinS28 folded before Flop (didn't bet)



PokerStars Hand #254600805927:  Hold'em No Limit ($0.50/$1.00 USD) - 2025/01/28 0:52:50 WET [2025/01/28 19:52:50 ET]
Table 'Orestes' 6-max Seat #2 is the button
Seat 1: nastja336 ($100 in chips) 
Seat 2: Mr_Dick666 ($100 in chips) 
Seat 3: Tyron209 ($21.17 in chips) 
Seat 4: equilibrium_tv ($43.29 in chips) 
Seat 5: Supermegopro ($100 in chips) 
Seat 6: SorinS28 ($104.50 in chips) 
Tyron209: posts small blind $0.50
equilibrium_tv: posts big blind $1
*** HOLE CARDS ***
Supermegopro: folds 
SorinS28: raises $1.02 to $2.02
nastja336: folds 
Mr_Dick666: calls $2.02
Tyron209: calls $1.52
equilibrium_tv: folds 
*** FLOP *** [Th 7h Ts]
Tyron209: checks 
SorinS28: checks 
Mr_Dick666: bets $2.21
Tyron209: calls $2.21
SorinS28: raises $7.79 to $10
Mr_Dick666: calls $7.79
Tyron209: raises $9.15 to $19.15 and is all-in
SorinS28: calls $9.15
Mr_Dick666: calls $9.15
*** TURN *** [Th 7h Ts] [9d]
SorinS28: checks 
Mr_Dick666: checks 
*** RIVER *** [Th 7h Ts 9d] [6h]
SorinS28: checks 
Mr_Dick666: checks 
*** SHOW DOWN ***
Tyron209: shows [5c Td] (three of a kind, Tens)
SorinS28: shows [Qh 9h] (a flush, Queen high)
Mr_Dick666: mucks hand 
SorinS28 collected $62.01 from pot
*** SUMMARY ***
Total pot $64.51 | Rake $2.50 
Board [Th 7h Ts 9d 6h]
Seat 1: nastja336 folded before Flop (didn't bet)
Seat 2: Mr_Dick666 (button) mucked
Seat 3: Tyron209 (small blind) showed [5c Td] and lost with three of a kind, Tens
Seat 4: equilibrium_tv (big blind) folded before Flop
Seat 5: Supermegopro folded before Flop (didn't bet)
Seat 6: SorinS28 showed [Qh 9h] and won ($62.01) with a flush, Queen high



PokerStars Hand #254600823276:  Hold'em No Limit ($0.50/$1.00 USD) - 2025/01/28 0:54:23 WET [2025/01/28 19:54:23 ET]
Table 'Orestes' 6-max Seat #4 is the button
Seat 3: Tyron209 ($0 in chips) is sitting out
Seat 1: nastja336 ($100 in chips) 
Seat 2: Mr_Dick666 ($100 in chips) 
Seat 4: equilibrium_tv ($42.29 in chips) 
Seat 5: Supermegopro ($100 in chips) 
Seat 6: SorinS28 ($145.34 in chips) 
Supermegopro: posts small blind $0.50
SorinS28: posts big blind $1
*** HOLE CARDS ***
nastja336: folds 
Mr_Dick666: folds 
equilibrium_tv: raises $1 to $2
Tyron209 leaves the table
Supermegopro: folds 
SorinS28: folds 
Uncalled bet ($1) returned to equilibrium_tv
equilibrium_tv collected $2.50 from pot
*** SUMMARY ***
Total pot $2.50 | Rake $0 
Seat 3: Tyron209
Seat 1: nastja336 folded before Flop (didn't bet)
Seat 2: Mr_Dick666 folded before Flop (didn't bet)
Seat 4: equilibrium_tv (button) collected ($2.50)
Seat 5: Supermegopro (small blind) folded before Flop
Seat 6: SorinS28 (big blind) folded before Flop



PokerStars Hand #254600825690:  Hold'em No Limit ($0.50/$1.00 USD) - 2025/01/28 0:54:36 WET [2025/01/28 19:54:36 ET]
Table 'Orestes' 6-max Seat #6 is the button
Seat 1: nastja336 ($100 in chips) is sitting out
Seat 2: Mr_Dick666 ($100 in chips) is sitting out
Seat 4: equilibrium_tv ($43.79 in chips) is sitting out
Seat 5: Supermegopro ($100 in chips) 
Seat 6: SorinS28 ($144.34 in chips) 
SorinS28: posts small blind $0.50
nastja336: is sitting out 
Mr_Dick666: is sitting out 
Supermegopro: posts big blind $1
*** HOLE CARDS ***
nastja336 leaves the table
SorinS28: folds 
Uncalled bet ($0.50) returned to Supermegopro
equilibrium_tv leaves the table
Supermegopro collected $1 from pot
Mr_Dick666 leaves the table
Supermegopro: doesn't show hand 
*** SUMMARY ***
Total pot $1 | Rake $0 
Seat 1: nastja336
Seat 2: Mr_Dick666
Seat 4: equilibrium_tv
Seat 5: Supermegopro (big blind) collected ($1)
Seat 6: SorinS28 (button) (small blind) folded before Flop



