PokerStars Hand #254596061913:  Hold'em No Limit ($0.50/$1.00 USD) - 2025/01/28 20:33:26 WET [2025/01/28 15:33:26 ET]
Table 'Oceax' 6-max Seat #1 is the button
Seat 1: Supermegopro ($105.40 in chips) 
Seat 2: kevlarpapa ($68.32 in chips) 
Seat 3: worker0k ($100 in chips) 
Seat 4: app1e_j@ck ($100 in chips) 
Seat 5: easy_sarcasm ($100 in chips) 
Seat 6: Alinyr ($100 in chips) 
kevlarpapa: posts small blind $0.50
worker0k: posts big blind $1
*** HOLE CARDS ***
app1e_j@ck: raises $1.50 to $2.50
easy_sarcasm: folds 
Alinyr: raises $5.50 to $8
Supermegopro: folds 
kevlarpapa: folds 
worker0k: folds 
app1e_j@ck: raises $92 to $100 and is all-in
Alinyr: folds 
Uncalled bet ($92) returned to app1e_j@ck
app1e_j@ck collected $17.50 from pot
app1e_j@ck: doesn't show hand 
*** SUMMARY ***
Total pot $17.50 | Rake $0 
Seat 1: Supermegopro (button) folded before Flop (didn't bet)
Seat 2: kevlarpapa (small blind) folded before Flop
Seat 3: worker0k (big blind) folded before Flop
Seat 4: app1e_j@ck collected ($17.50)
Seat 5: easy_sarcasm folded before Flop (didn't bet)
Seat 6: Alinyr folded before Flop



PokerStars Hand #254596069776:  Hold'em No Limit ($0.50/$1.00 USD) - 2025/01/28 20:33:52 WET [2025/01/28 15:33:52 ET]
Table 'Oceax' 6-max Seat #2 is the button
Seat 1: Supermegopro ($105.40 in chips) 
Seat 2: kevlarpapa ($67.82 in chips) 
Seat 3: worker0k ($100 in chips) 
Seat 4: app1e_j@ck ($109.50 in chips) 
Seat 5: easy_sarcasm ($100 in chips) 
Seat 6: Alinyr ($100 in chips) 
worker0k: posts small blind $0.50
app1e_j@ck: posts big blind $1
*** HOLE CARDS ***
easy_sarcasm: folds 
Alinyr: folds 
Supermegopro: raises $1.50 to $2.50
kevlarpapa: folds 
worker0k: folds 
app1e_j@ck: folds 
Uncalled bet ($1.50) returned to Supermegopro
Supermegopro collected $2.50 from pot
Supermegopro: doesn't show hand 
*** SUMMARY ***
Total pot $2.50 | Rake $0 
Seat 1: Supermegopro collected ($2.50)
Seat 2: kevlarpapa (button) folded before Flop (didn't bet)
Seat 3: worker0k (small blind) folded before Flop
Seat 4: app1e_j@ck (big blind) folded before Flop
Seat 5: easy_sarcasm folded before Flop (didn't bet)
Seat 6: Alinyr folded before Flop (didn't bet)



PokerStars Hand #254596074591:  Hold'em No Limit ($0.50/$1.00 USD) - 2025/01/28 20:34:07 WET [2025/01/28 15:34:07 ET]
Table 'Oceax' 6-max Seat #3 is the button
Seat 1: Supermegopro ($106.90 in chips) 
Seat 2: kevlarpapa ($67.82 in chips) 
Seat 3: worker0k ($100 in chips) 
Seat 4: app1e_j@ck ($108.50 in chips) 
Seat 5: easy_sarcasm ($100 in chips) 
Seat 6: Alinyr ($100 in chips) 
app1e_j@ck: posts small blind $0.50
easy_sarcasm: posts big blind $1
*** HOLE CARDS ***
Alinyr: raises $1.05 to $2.05
Supermegopro: raises $5.45 to $7.50
kevlarpapa: folds 
worker0k: folds 
app1e_j@ck: folds 
easy_sarcasm: folds 
Alinyr: folds 
Uncalled bet ($5.45) returned to Supermegopro
Supermegopro collected $5.60 from pot
Supermegopro: doesn't show hand 
*** SUMMARY ***
Total pot $5.60 | Rake $0 
Seat 1: Supermegopro collected ($5.60)
Seat 2: kevlarpapa folded before Flop (didn't bet)
Seat 3: worker0k (button) folded before Flop (didn't bet)
Seat 4: app1e_j@ck (small blind) folded before Flop
Seat 5: easy_sarcasm (big blind) folded before Flop
Seat 6: Alinyr folded before Flop



PokerStars Hand #254596079861:  Hold'em No Limit ($0.50/$1.00 USD) - 2025/01/28 20:34:25 WET [2025/01/28 15:34:25 ET]
Table 'Oceax' 6-max Seat #4 is the button
Seat 1: Supermegopro ($110.45 in chips) 
Seat 2: kevlarpapa ($67.82 in chips) 
Seat 3: worker0k ($100 in chips) 
Seat 4: app1e_j@ck ($108 in chips) 
Seat 5: easy_sarcasm ($100 in chips) 
Seat 6: Alinyr ($100 in chips) 
easy_sarcasm: posts small blind $0.50
Alinyr: posts big blind $1
*** HOLE CARDS ***
Supermegopro: raises $1.50 to $2.50
kevlarpapa: folds 
worker0k: folds 
app1e_j@ck: folds 
easy_sarcasm: folds 
Alinyr: folds 
Uncalled bet ($1.50) returned to Supermegopro
Supermegopro collected $2.50 from pot
Supermegopro: doesn't show hand 
*** SUMMARY ***
Total pot $2.50 | Rake $0 
Seat 1: Supermegopro collected ($2.50)
Seat 2: kevlarpapa folded before Flop (didn't bet)
Seat 3: worker0k folded before Flop (didn't bet)
Seat 4: app1e_j@ck (button) folded before Flop (didn't bet)
Seat 5: easy_sarcasm (small blind) folded before Flop
Seat 6: Alinyr (big blind) folded before Flop



PokerStars Hand #254596087753:  Hold'em No Limit ($0.50/$1.00 USD) - 2025/01/28 20:34:51 WET [2025/01/28 15:34:51 ET]
Table 'Oceax' 6-max Seat #5 is the button
Seat 1: Supermegopro ($111.95 in chips) 
Seat 2: kevlarpapa ($67.82 in chips) 
Seat 3: worker0k ($100 in chips) 
Seat 4: app1e_j@ck ($108 in chips) 
Seat 5: easy_sarcasm ($100 in chips) 
Seat 6: Alinyr ($100 in chips) 
Alinyr: posts small blind $0.50
Supermegopro: posts big blind $1
*** HOLE CARDS ***
kevlarpapa: folds 
worker0k: folds 
app1e_j@ck: folds 
easy_sarcasm: raises $1.20 to $2.20
Alinyr: raises $9.80 to $12
Supermegopro: folds 
easy_sarcasm: calls $9.80
*** FLOP *** [Ad 3d As]
Alinyr: bets $5.94
easy_sarcasm: calls $5.94
*** TURN *** [Ad 3d As] [4c]
Alinyr: checks 
easy_sarcasm: bets $15.50
Alinyr: calls $15.50
*** RIVER *** [Ad 3d As 4c] [5c]
Alinyr: checks 
easy_sarcasm: checks 
*** SHOW DOWN ***
Alinyr: shows [Jh Js] (two pair, Aces and Jacks)
easy_sarcasm: mucks hand 
Alinyr collected $65.38 from pot
*** SUMMARY ***
Total pot $67.88 | Rake $2.50 
Board [Ad 3d As 4c 5c]
Seat 1: Supermegopro (big blind) folded before Flop
Seat 2: kevlarpapa folded before Flop (didn't bet)
Seat 3: worker0k folded before Flop (didn't bet)
Seat 4: app1e_j@ck folded before Flop (didn't bet)
Seat 5: easy_sarcasm (button) mucked
Seat 6: Alinyr (small blind) showed [Jh Js] and won ($65.38) with two pair, Aces and Jacks



PokerStars Hand #254596110249:  Hold'em No Limit ($0.50/$1.00 USD) - 2025/01/28 20:36:04 WET [2025/01/28 15:36:04 ET]
Table 'Oceax' 6-max Seat #6 is the button
Seat 1: Supermegopro ($110.95 in chips) 
Seat 2: kevlarpapa ($67.82 in chips) 
Seat 3: worker0k ($100 in chips) 
Seat 4: app1e_j@ck ($108 in chips) 
Seat 5: easy_sarcasm ($100 in chips) 
Seat 6: Alinyr ($131.94 in chips) 
Supermegopro: posts small blind $0.50
kevlarpapa: posts big blind $1
*** HOLE CARDS ***
worker0k: folds 
app1e_j@ck: folds 
easy_sarcasm: raises $2 to $3
Alinyr: raises $6 to $9
Supermegopro: folds 
kevlarpapa: calls $8
easy_sarcasm: folds 
*** FLOP *** [5d 4c Ts]
kevlarpapa: bets $10.21
Alinyr: calls $10.21
*** TURN *** [5d 4c Ts] [6c]
kevlarpapa: checks 
Alinyr: bets $112.73 and is all-in
kevlarpapa: folds 
Uncalled bet ($112.73) returned to Alinyr
Alinyr collected $39.82 from pot
Alinyr: doesn't show hand 
*** SUMMARY ***
Total pot $41.92 | Rake $2.10 
Board [5d 4c Ts 6c]
Seat 1: Supermegopro (small blind) folded before Flop
Seat 2: kevlarpapa (big blind) folded on the Turn
Seat 3: worker0k folded before Flop (didn't bet)
Seat 4: app1e_j@ck folded before Flop (didn't bet)
Seat 5: easy_sarcasm folded before Flop
Seat 6: Alinyr (button) collected ($39.82)



PokerStars Hand #254596129278:  Hold'em No Limit ($0.50/$1.00 USD) - 2025/01/28 20:37:05 WET [2025/01/28 15:37:05 ET]
Table 'Oceax' 6-max Seat #1 is the button
Seat 1: Supermegopro ($110.45 in chips) 
Seat 2: kevlarpapa ($48.61 in chips) 
Seat 3: worker0k ($100 in chips) 
Seat 4: app1e_j@ck ($108 in chips) 
Seat 5: easy_sarcasm ($100 in chips) 
Seat 6: Alinyr ($152.55 in chips) 
kevlarpapa: posts small blind $0.50
worker0k: posts big blind $1
*** HOLE CARDS ***
app1e_j@ck: raises $1.50 to $2.50
easy_sarcasm: folds 
Alinyr: folds 
Supermegopro: calls $2.50
kevlarpapa: calls $2
worker0k: folds 
*** FLOP *** [7d 9s 8s]
kevlarpapa: bets $4.04
app1e_j@ck: raises $8.04 to $12.08
Supermegopro: folds 
kevlarpapa: folds 
Uncalled bet ($8.04) returned to app1e_j@ck
app1e_j@ck collected $15.75 from pot
app1e_j@ck: doesn't show hand 
*** SUMMARY ***
Total pot $16.58 | Rake $0.83 
Board [7d 9s 8s]
Seat 1: Supermegopro (button) folded on the Flop
Seat 2: kevlarpapa (small blind) folded on the Flop
Seat 3: worker0k (big blind) folded before Flop
Seat 4: app1e_j@ck collected ($15.75)
Seat 5: easy_sarcasm folded before Flop (didn't bet)
Seat 6: Alinyr folded before Flop (didn't bet)



PokerStars Hand #254596145832:  Hold'em No Limit ($0.50/$1.00 USD) - 2025/01/28 20:37:58 WET [2025/01/28 15:37:58 ET]
Table 'Oceax' 6-max Seat #2 is the button
Seat 1: Supermegopro ($107.95 in chips) 
Seat 2: kevlarpapa ($42.07 in chips) 
Seat 3: worker0k ($100 in chips) 
Seat 4: app1e_j@ck ($117.21 in chips) 
Seat 5: easy_sarcasm ($100 in chips) 
Seat 6: Alinyr ($152.55 in chips) 
worker0k: posts small blind $0.50
app1e_j@ck: posts big blind $1
*** HOLE CARDS ***
easy_sarcasm: folds 
Alinyr: folds 
Supermegopro: folds 
kevlarpapa: calls $1
worker0k: folds 
app1e_j@ck: checks 
*** FLOP *** [4c 3s Td]
app1e_j@ck: checks 
kevlarpapa: bets $1
app1e_j@ck: calls $1
*** TURN *** [4c 3s Td] [Kh]
app1e_j@ck: checks 
kevlarpapa: bets $1
app1e_j@ck: calls $1
*** RIVER *** [4c 3s Td Kh] [7h]
app1e_j@ck: checks 
kevlarpapa: bets $3.09
app1e_j@ck: folds 
Uncalled bet ($3.09) returned to kevlarpapa
kevlarpapa collected $6.18 from pot
kevlarpapa: doesn't show hand 
*** SUMMARY ***
Total pot $6.50 | Rake $0.32 
Board [4c 3s Td Kh 7h]
Seat 1: Supermegopro folded before Flop (didn't bet)
Seat 2: kevlarpapa (button) collected ($6.18)
Seat 3: worker0k (small blind) folded before Flop
Seat 4: app1e_j@ck (big blind) folded on the River
Seat 5: easy_sarcasm folded before Flop (didn't bet)
Seat 6: Alinyr folded before Flop (didn't bet)



PokerStars Hand #254596161037:  Hold'em No Limit ($0.50/$1.00 USD) - 2025/01/28 20:38:47 WET [2025/01/28 15:38:47 ET]
Table 'Oceax' 6-max Seat #3 is the button
Seat 1: Supermegopro ($107.95 in chips) 
Seat 2: kevlarpapa ($45.25 in chips) 
Seat 3: worker0k ($100 in chips) 
Seat 4: app1e_j@ck ($114.21 in chips) 
Seat 5: easy_sarcasm ($100 in chips) 
Seat 6: Alinyr ($152.55 in chips) 
app1e_j@ck: posts small blind $0.50
easy_sarcasm: posts big blind $1
*** HOLE CARDS ***
Alinyr: folds 
Supermegopro: raises $1.50 to $2.50
kevlarpapa: calls $2.50
worker0k: folds 
app1e_j@ck: folds 
easy_sarcasm: calls $1.50
*** FLOP *** [7s 3h 9s]
easy_sarcasm: checks 
Supermegopro: checks 
kevlarpapa: checks 
*** TURN *** [7s 3h 9s] [Ts]
easy_sarcasm: checks 
Supermegopro: bets $6
kevlarpapa: folds 
easy_sarcasm: folds 
Uncalled bet ($6) returned to Supermegopro
Supermegopro collected $7.60 from pot
Supermegopro: doesn't show hand 
*** SUMMARY ***
Total pot $8 | Rake $0.40 
Board [7s 3h 9s Ts]
Seat 1: Supermegopro collected ($7.60)
Seat 2: kevlarpapa folded on the Turn
Seat 3: worker0k (button) folded before Flop (didn't bet)
Seat 4: app1e_j@ck (small blind) folded before Flop
Seat 5: easy_sarcasm (big blind) folded on the Turn
Seat 6: Alinyr folded before Flop (didn't bet)



PokerStars Hand #254596171957:  Hold'em No Limit ($0.50/$1.00 USD) - 2025/01/28 20:39:22 WET [2025/01/28 15:39:22 ET]
Table 'Oceax' 6-max Seat #4 is the button
Seat 1: Supermegopro ($113.05 in chips) 
Seat 2: kevlarpapa ($42.75 in chips) 
Seat 3: worker0k ($100 in chips) 
Seat 4: app1e_j@ck ($113.71 in chips) 
Seat 5: easy_sarcasm ($100 in chips) 
Seat 6: Alinyr ($152.55 in chips) 
easy_sarcasm: posts small blind $0.50
Alinyr: posts big blind $1
*** HOLE CARDS ***
Supermegopro: folds 
kevlarpapa: calls $1
worker0k: folds 
app1e_j@ck: raises $3.50 to $4.50
easy_sarcasm: folds 
Alinyr: folds 
kevlarpapa: calls $3.50
*** FLOP *** [8h 2h 6h]
kevlarpapa: checks 
app1e_j@ck: checks 
*** TURN *** [8h 2h 6h] [Qc]
kevlarpapa: checks 
app1e_j@ck: checks 
*** RIVER *** [8h 2h 6h Qc] [Js]
kevlarpapa: checks 
app1e_j@ck: bets $6.65
kevlarpapa: calls $6.65
*** SHOW DOWN ***
app1e_j@ck: shows [9c 7c] (high card Queen)
kevlarpapa: shows [5s As] (high card Ace)
kevlarpapa collected $22.61 from pot
*** SUMMARY ***
Total pot $23.80 | Rake $1.19 
Board [8h 2h 6h Qc Js]
Seat 1: Supermegopro folded before Flop (didn't bet)
Seat 2: kevlarpapa showed [5s As] and won ($22.61) with high card Ace
Seat 3: worker0k folded before Flop (didn't bet)
Seat 4: app1e_j@ck (button) showed [9c 7c] and lost with high card Queen
Seat 5: easy_sarcasm (small blind) folded before Flop
Seat 6: Alinyr (big blind) folded before Flop



PokerStars Hand #254596191278:  Hold'em No Limit ($0.50/$1.00 USD) - 2025/01/28 20:40:25 WET [2025/01/28 15:40:25 ET]
Table 'Oceax' 6-max Seat #5 is the button
Seat 1: Supermegopro ($113.05 in chips) 
Seat 2: kevlarpapa ($54.21 in chips) 
Seat 3: worker0k ($100 in chips) 
Seat 4: app1e_j@ck ($102.56 in chips) 
Seat 5: easy_sarcasm ($100 in chips) 
Seat 6: Alinyr ($151.55 in chips) 
Alinyr: posts small blind $0.50
Supermegopro: posts big blind $1
*** HOLE CARDS ***
kevlarpapa: calls $1
worker0k: raises $2.50 to $3.50
app1e_j@ck: folds 
easy_sarcasm: folds 
Alinyr: folds 
Supermegopro: folds 
kevlarpapa: raises $50.71 to $54.21 and is all-in
worker0k: folds 
Uncalled bet ($50.71) returned to kevlarpapa
kevlarpapa collected $8.50 from pot
kevlarpapa: doesn't show hand 
*** SUMMARY ***
Total pot $8.50 | Rake $0 
Seat 1: Supermegopro (big blind) folded before Flop
Seat 2: kevlarpapa collected ($8.50)
Seat 3: worker0k folded before Flop
Seat 4: app1e_j@ck folded before Flop (didn't bet)
Seat 5: easy_sarcasm (button) folded before Flop (didn't bet)
Seat 6: Alinyr (small blind) folded before Flop



PokerStars Hand #254596201651:  Hold'em No Limit ($0.50/$1.00 USD) - 2025/01/28 20:40:58 WET [2025/01/28 15:40:58 ET]
Table 'Oceax' 6-max Seat #6 is the button
Seat 1: Supermegopro ($112.05 in chips) 
Seat 2: kevlarpapa ($59.21 in chips) 
Seat 3: worker0k ($100 in chips) 
Seat 4: app1e_j@ck ($102.56 in chips) 
Seat 5: easy_sarcasm ($100 in chips) 
Seat 6: Alinyr ($151.05 in chips) 
Supermegopro: posts small blind $0.50
kevlarpapa: posts big blind $1
*** HOLE CARDS ***
worker0k: folds 
app1e_j@ck: raises $1.50 to $2.50
easy_sarcasm: folds 
Alinyr: folds 
Supermegopro: folds 
kevlarpapa: calls $1.50
*** FLOP *** [7d 8s Jd]
kevlarpapa: checks 
app1e_j@ck: checks 
*** TURN *** [7d 8s Jd] [8h]
kevlarpapa: checks 
app1e_j@ck: bets $1.72
kevlarpapa: calls $1.72
*** RIVER *** [7d 8s Jd 8h] [9c]
kevlarpapa: checks 
app1e_j@ck: bets $6.37
kevlarpapa: calls $6.37
*** SHOW DOWN ***
app1e_j@ck: shows [Td Tc] (a straight, Seven to Jack)
kevlarpapa: mucks hand 
app1e_j@ck collected $20.60 from pot
*** SUMMARY ***
Total pot $21.68 | Rake $1.08 
Board [7d 8s Jd 8h 9c]
Seat 1: Supermegopro (small blind) folded before Flop
Seat 2: kevlarpapa (big blind) mucked
Seat 3: worker0k folded before Flop (didn't bet)
Seat 4: app1e_j@ck showed [Td Tc] and won ($20.60) with a straight, Seven to Jack
Seat 5: easy_sarcasm folded before Flop (didn't bet)
Seat 6: Alinyr (button) folded before Flop (didn't bet)



PokerStars Hand #254596216137:  Hold'em No Limit ($0.50/$1.00 USD) - 2025/01/28 20:41:44 WET [2025/01/28 15:41:44 ET]
Table 'Oceax' 6-max Seat #1 is the button
Seat 1: Supermegopro ($111.55 in chips) 
Seat 2: kevlarpapa ($48.62 in chips) 
Seat 3: worker0k ($100 in chips) 
Seat 4: app1e_j@ck ($112.57 in chips) 
Seat 5: easy_sarcasm ($100 in chips) 
Seat 6: Alinyr ($151.05 in chips) 
kevlarpapa: posts small blind $0.50
worker0k: posts big blind $1
*** HOLE CARDS ***
app1e_j@ck: raises $1.50 to $2.50
easy_sarcasm: folds 
Alinyr: folds 
Supermegopro: folds 
kevlarpapa: calls $2
worker0k: raises $10.50 to $13
app1e_j@ck: calls $10.50
kevlarpapa: folds 
*** FLOP *** [5h Qc Ac]
worker0k: checks 
app1e_j@ck: checks 
*** TURN *** [5h Qc Ac] [3h]
worker0k: checks 
app1e_j@ck: checks 
*** RIVER *** [5h Qc Ac 3h] [7c]
worker0k: checks 
app1e_j@ck: checks 
*** SHOW DOWN ***
worker0k: shows [Jh Jc] (a pair of Jacks)
app1e_j@ck: mucks hand 
worker0k collected $27.08 from pot
*** SUMMARY ***
Total pot $28.50 | Rake $1.42 
Board [5h Qc Ac 3h 7c]
Seat 1: Supermegopro (button) folded before Flop (didn't bet)
Seat 2: kevlarpapa (small blind) folded before Flop
Seat 3: worker0k (big blind) showed [Jh Jc] and won ($27.08) with a pair of Jacks
Seat 4: app1e_j@ck mucked
Seat 5: easy_sarcasm folded before Flop (didn't bet)
Seat 6: Alinyr folded before Flop (didn't bet)



PokerStars Hand #254596233645:  Hold'em No Limit ($0.50/$1.00 USD) - 2025/01/28 20:42:40 WET [2025/01/28 15:42:40 ET]
Table 'Oceax' 6-max Seat #2 is the button
Seat 1: Supermegopro ($111.55 in chips) 
Seat 2: kevlarpapa ($46.12 in chips) 
Seat 3: worker0k ($114.08 in chips) 
Seat 4: app1e_j@ck ($100 in chips) 
Seat 5: easy_sarcasm ($100 in chips) 
Seat 6: Alinyr ($151.05 in chips) 
worker0k: posts small blind $0.50
app1e_j@ck: posts big blind $1
*** HOLE CARDS ***
easy_sarcasm: folds 
Alinyr: folds 
Supermegopro: folds 
kevlarpapa: calls $1
worker0k: folds 
app1e_j@ck: checks 
*** FLOP *** [4s 8h Ts]
app1e_j@ck: bets $1.29
kevlarpapa: calls $1.29
*** TURN *** [4s 8h Ts] [6s]
app1e_j@ck: bets $3.62
kevlarpapa: folds 
Uncalled bet ($3.62) returned to app1e_j@ck
app1e_j@ck collected $4.83 from pot
app1e_j@ck: doesn't show hand 
*** SUMMARY ***
Total pot $5.08 | Rake $0.25 
Board [4s 8h Ts 6s]
Seat 1: Supermegopro folded before Flop (didn't bet)
Seat 2: kevlarpapa (button) folded on the Turn
Seat 3: worker0k (small blind) folded before Flop
Seat 4: app1e_j@ck (big blind) collected ($4.83)
Seat 5: easy_sarcasm folded before Flop (didn't bet)
Seat 6: Alinyr folded before Flop (didn't bet)



PokerStars Hand #254596247546:  Hold'em No Limit ($0.50/$1.00 USD) - 2025/01/28 20:43:24 WET [2025/01/28 15:43:24 ET]
Table 'Oceax' 6-max Seat #3 is the button
Seat 1: Supermegopro ($111.55 in chips) 
Seat 2: kevlarpapa ($43.83 in chips) 
Seat 3: worker0k ($113.58 in chips) 
Seat 4: app1e_j@ck ($102.54 in chips) 
Seat 5: easy_sarcasm ($100 in chips) 
Seat 6: Alinyr ($151.05 in chips) 
app1e_j@ck: posts small blind $0.50
easy_sarcasm: posts big blind $1
*** HOLE CARDS ***
Alinyr: folds 
Supermegopro: folds 
kevlarpapa: folds 
worker0k: raises $1.30 to $2.30
app1e_j@ck: folds 
easy_sarcasm: folds 
Uncalled bet ($1.30) returned to worker0k
worker0k collected $2.50 from pot
*** SUMMARY ***
Total pot $2.50 | Rake $0 
Seat 1: Supermegopro folded before Flop (didn't bet)
Seat 2: kevlarpapa folded before Flop (didn't bet)
Seat 3: worker0k (button) collected ($2.50)
Seat 4: app1e_j@ck (small blind) folded before Flop
Seat 5: easy_sarcasm (big blind) folded before Flop
Seat 6: Alinyr folded before Flop (didn't bet)



PokerStars Hand #254596250953:  Hold'em No Limit ($0.50/$1.00 USD) - 2025/01/28 20:43:35 WET [2025/01/28 15:43:35 ET]
Table 'Oceax' 6-max Seat #4 is the button
Seat 1: Supermegopro ($111.55 in chips) 
Seat 2: kevlarpapa ($43.83 in chips) 
Seat 3: worker0k ($115.08 in chips) 
Seat 4: app1e_j@ck ($102.04 in chips) 
Seat 5: easy_sarcasm ($100 in chips) 
Seat 6: Alinyr ($151.05 in chips) 
easy_sarcasm: posts small blind $0.50
Alinyr: posts big blind $1
*** HOLE CARDS ***
Supermegopro: folds 
kevlarpapa: calls $1
worker0k: raises $2.50 to $3.50
app1e_j@ck: folds 
easy_sarcasm: folds 
Alinyr: folds 
kevlarpapa: calls $2.50
*** FLOP *** [Qd 8c Td]
kevlarpapa: checks 
worker0k: bets $4.04
kevlarpapa: calls $4.04
*** TURN *** [Qd 8c Td] [7c]
kevlarpapa: checks 
worker0k: bets $107.54 and is all-in
kevlarpapa: folds 
Uncalled bet ($107.54) returned to worker0k
worker0k collected $15.75 from pot
*** SUMMARY ***
Total pot $16.58 | Rake $0.83 
Board [Qd 8c Td 7c]
Seat 1: Supermegopro folded before Flop (didn't bet)
Seat 2: kevlarpapa folded on the Turn
Seat 3: worker0k collected ($15.75)
Seat 4: app1e_j@ck (button) folded before Flop (didn't bet)
Seat 5: easy_sarcasm (small blind) folded before Flop
Seat 6: Alinyr (big blind) folded before Flop



PokerStars Hand #254596266791:  Hold'em No Limit ($0.50/$1.00 USD) - 2025/01/28 20:44:25 WET [2025/01/28 15:44:25 ET]
Table 'Oceax' 6-max Seat #5 is the button
Seat 1: Supermegopro ($111.55 in chips) 
Seat 2: kevlarpapa ($36.29 in chips) 
Seat 3: worker0k ($123.29 in chips) 
Seat 4: app1e_j@ck ($102.04 in chips) 
Seat 5: easy_sarcasm ($100 in chips) 
Seat 6: Alinyr ($150.05 in chips) 
Alinyr: posts small blind $0.50
Supermegopro: posts big blind $1
*** HOLE CARDS ***
kevlarpapa: folds 
kevlarpapa leaves the table
worker0k: folds 
app1e_j@ck: raises $1.50 to $2.50
easy_sarcasm: folds 
Alinyr: folds 
Supermegopro: folds 
Uncalled bet ($1.50) returned to app1e_j@ck
app1e_j@ck collected $2.50 from pot
app1e_j@ck: doesn't show hand 
*** SUMMARY ***
Total pot $2.50 | Rake $0 
Seat 1: Supermegopro (big blind) folded before Flop
Seat 2: kevlarpapa folded before Flop (didn't bet)
Seat 3: worker0k folded before Flop (didn't bet)
Seat 4: app1e_j@ck collected ($2.50)
Seat 5: easy_sarcasm (button) folded before Flop (didn't bet)
Seat 6: Alinyr (small blind) folded before Flop



PokerStars Hand #254596270718:  Hold'em No Limit ($0.50/$1.00 USD) - 2025/01/28 20:44:37 WET [2025/01/28 15:44:37 ET]
Table 'Oceax' 6-max Seat #6 is the button
Seat 1: Supermegopro ($110.55 in chips) 
Seat 3: worker0k ($123.29 in chips) 
Seat 4: app1e_j@ck ($103.54 in chips) 
Seat 5: easy_sarcasm ($100 in chips) 
Seat 6: Alinyr ($149.55 in chips) 
Supermegopro: posts small blind $0.50
worker0k: posts big blind $1
*** HOLE CARDS ***
Iseedora joins the table at seat #2 
app1e_j@ck: folds 
easy_sarcasm: raises $2 to $3
Alinyr: folds 
Supermegopro: folds 
worker0k: folds 
Uncalled bet ($2) returned to easy_sarcasm
easy_sarcasm collected $2.50 from pot
*** SUMMARY ***
Total pot $2.50 | Rake $0 
Seat 1: Supermegopro (small blind) folded before Flop
Seat 3: worker0k (big blind) folded before Flop
Seat 4: app1e_j@ck folded before Flop (didn't bet)
Seat 5: easy_sarcasm collected ($2.50)
Seat 6: Alinyr (button) folded before Flop (didn't bet)



PokerStars Hand #254596423877:  Hold'em No Limit ($0.50/$1.00 USD) - 2025/01/28 20:52:33 WET [2025/01/28 15:52:33 ET]
Table 'Oceax' 6-max Seat #4 is the button
Seat 1: PhoenixAssassin ($100 in chips) is sitting out
Seat 2: Seavus10 ($101.50 in chips) 
Seat 3: WatchTheBaby ($109 in chips) 
Seat 4: avstero ($100 in chips) 
Seat 5: tintin641 ($149.95 in chips) 
Seat 6: TBOIF19 ($71.81 in chips) 
tintin641: posts small blind $0.50
TBOIF19: posts big blind $1
PhoenixAssassin: sits out 
*** HOLE CARDS ***
Seavus10: folds 
WatchTheBaby: folds 
avstero: raises $1.20 to $2.20
tintin641: raises $8.80 to $11
TBOIF19: folds 
avstero: calls $8.80
*** FLOP *** [2h Ad 3h]
TBOIF19 leaves the table
PhoenixAssassin leaves the table
tintin641: bets $7.21
BoyLoc0 joins the table at seat #6 
BGS013 joins the table at seat #1 
avstero: calls $7.21
*** TURN *** [2h Ad 3h] [3d]
tintin641: checks 
BoyLoc0 leaves the table
Birdy318 joins the table at seat #6 
avstero: checks 
*** RIVER *** [2h Ad 3h 3d] [Js]
tintin641: checks 
avstero: checks 
*** SHOW DOWN ***
tintin641: shows [8c 8d] (two pair, Eights and Threes)
avstero: mucks hand 
tintin641 collected $35.55 from pot
*** SUMMARY ***
Total pot $37.42 | Rake $1.87 
Board [2h Ad 3h 3d Js]
Seat 1: PhoenixAssassin
Seat 2: Seavus10 folded before Flop (didn't bet)
Seat 3: WatchTheBaby folded before Flop (didn't bet)
Seat 4: avstero (button) mucked
Seat 5: tintin641 (small blind) showed [8c 8d] and won ($35.55) with two pair, Eights and Threes
Seat 6: TBOIF19 (big blind) folded before Flop



PokerStars Hand #254596460984:  Hold'em No Limit ($0.50/$1.00 USD) - 2025/01/28 20:54:27 WET [2025/01/28 15:54:27 ET]
Table 'Oceax' 6-max Seat #5 is the button
Seat 1: BGS013 ($100 in chips) is sitting out
Seat 6: Birdy318 ($100 in chips) is sitting out
Seat 2: Seavus10 ($101.50 in chips) 
Seat 3: WatchTheBaby ($109 in chips) 
Seat 4: avstero ($100 in chips) 
Seat 5: tintin641 ($167.29 in chips) 
Seavus10: posts small blind $0.50
WatchTheBaby: posts big blind $1
*** HOLE CARDS ***
avstero: folds 
tintin641: raises $1.50 to $2.50
Seavus10: folds 
WatchTheBaby: raises $5.50 to $8
tintin641: folds 
Uncalled bet ($5.50) returned to WatchTheBaby
WatchTheBaby collected $5.50 from pot
*** SUMMARY ***
Total pot $5.50 | Rake $0 
Seat 1: BGS013
Seat 6: Birdy318
Seat 2: Seavus10 (small blind) folded before Flop
Seat 3: WatchTheBaby (big blind) collected ($5.50)
Seat 4: avstero folded before Flop (didn't bet)
Seat 5: tintin641 (button) folded before Flop



PokerStars Hand #254596468394:  Hold'em No Limit ($0.50/$1.00 USD) - 2025/01/28 20:54:50 WET [2025/01/28 15:54:50 ET]
Table 'Oceax' 6-max Seat #2 is the button
Seat 1: BGS013 ($100 in chips) is sitting out
Seat 2: Seavus10 ($101 in chips) 
Seat 3: WatchTheBaby ($112 in chips) 
Seat 4: avstero ($100 in chips) 
Seat 5: tintin641 ($164.79 in chips) 
Seat 6: Birdy318 ($100 in chips) 
WatchTheBaby: posts small blind $0.50
avstero: posts big blind $1
Birdy318: posts big blind $1
BGS013: sits out 
*** HOLE CARDS ***
tintin641: folds 
Birdy318: checks 
Seavus10: folds 
WatchTheBaby: calls $0.50
avstero: raises $4.20 to $5.20
Birdy318: raises $10.80 to $16
WatchTheBaby: folds 
avstero: folds 
Uncalled bet ($10.80) returned to Birdy318
Birdy318 collected $11.40 from pot
*** SUMMARY ***
Total pot $11.40 | Rake $0 
Seat 1: BGS013
Seat 2: Seavus10 (button) folded before Flop (didn't bet)
Seat 3: WatchTheBaby (small blind) folded before Flop
Seat 4: avstero (big blind) folded before Flop
Seat 5: tintin641 folded before Flop (didn't bet)
Seat 6: Birdy318 collected ($11.40)



PokerStars Hand #254596479741:  Hold'em No Limit ($0.50/$1.00 USD) - 2025/01/28 20:55:34 WET [2025/01/28 15:55:34 ET]
Table 'Oceax' 6-max Seat #3 is the button
Seat 1: BGS013 ($100 in chips) is sitting out
Seat 2: Seavus10 ($101 in chips) 
Seat 3: WatchTheBaby ($111 in chips) 
Seat 4: avstero ($100 in chips) 
Seat 5: tintin641 ($164.79 in chips) 
Seat 6: Birdy318 ($106.20 in chips) 
avstero: posts small blind $0.50
tintin641: posts big blind $1
BGS013: sits out 
*** HOLE CARDS ***
Birdy318: folds 
Seavus10: folds 
WatchTheBaby: folds 
avstero: folds 
Uncalled bet ($0.50) returned to tintin641
tintin641 collected $1 from pot
tintin641: doesn't show hand 
*** SUMMARY ***
Total pot $1 | Rake $0 
Seat 1: BGS013
Seat 2: Seavus10 folded before Flop (didn't bet)
Seat 3: WatchTheBaby (button) folded before Flop (didn't bet)
Seat 4: avstero (small blind) folded before Flop
Seat 5: tintin641 (big blind) collected ($1)
Seat 6: Birdy318 folded before Flop (didn't bet)



PokerStars Hand #254596483939:  Hold'em No Limit ($0.50/$1.00 USD) - 2025/01/28 20:55:53 WET [2025/01/28 15:55:53 ET]
Table 'Oceax' 6-max Seat #4 is the button
Seat 1: BGS013 ($100 in chips) is sitting out
Seat 2: Seavus10 ($101 in chips) 
Seat 3: WatchTheBaby ($111 in chips) 
Seat 4: avstero ($99.50 in chips) 
Seat 5: tintin641 ($165.29 in chips) 
Seat 6: Birdy318 ($106.20 in chips) 
tintin641: posts small blind $0.50
Birdy318: posts big blind $1
BGS013: sits out 
*** HOLE CARDS ***
Seavus10: folds 
WatchTheBaby: folds 
avstero: folds 
tintin641: raises $2 to $3
Birdy318: folds 
Uncalled bet ($2) returned to tintin641
tintin641 collected $2 from pot
tintin641: doesn't show hand 
*** SUMMARY ***
Total pot $2 | Rake $0 
Seat 1: BGS013
Seat 2: Seavus10 folded before Flop (didn't bet)
Seat 3: WatchTheBaby folded before Flop (didn't bet)
Seat 4: avstero (button) folded before Flop (didn't bet)
Seat 5: tintin641 (small blind) collected ($2)
Seat 6: Birdy318 (big blind) folded before Flop



PokerStars Hand #254596490911:  Hold'em No Limit ($0.50/$1.00 USD) - 2025/01/28 20:56:23 WET [2025/01/28 15:56:23 ET]
Table 'Oceax' 6-max Seat #5 is the button
Seat 1: BGS013 ($100 in chips) 
Seat 2: Seavus10 ($101 in chips) 
Seat 3: WatchTheBaby ($111 in chips) 
Seat 4: avstero ($99.50 in chips) 
Seat 5: tintin641 ($166.29 in chips) 
Seat 6: Birdy318 ($105.20 in chips) 
Birdy318: posts small blind $0.50
BGS013: posts big blind $1
*** HOLE CARDS ***
Seavus10: folds 
WatchTheBaby: folds 
avstero: folds 
tintin641: folds 
Birdy318: folds 
Uncalled bet ($0.50) returned to BGS013
BGS013 collected $1 from pot
BGS013: doesn't show hand 
*** SUMMARY ***
Total pot $1 | Rake $0 
Seat 1: BGS013 (big blind) collected ($1)
Seat 2: Seavus10 folded before Flop (didn't bet)
Seat 3: WatchTheBaby folded before Flop (didn't bet)
Seat 4: avstero folded before Flop (didn't bet)
Seat 5: tintin641 (button) folded before Flop (didn't bet)
Seat 6: Birdy318 (small blind) folded before Flop



PokerStars Hand #254596494197:  Hold'em No Limit ($0.50/$1.00 USD) - 2025/01/28 20:56:37 WET [2025/01/28 15:56:37 ET]
Table 'Oceax' 6-max Seat #6 is the button
Seat 1: BGS013 ($100.50 in chips) 
Seat 2: Seavus10 ($101 in chips) 
Seat 3: WatchTheBaby ($111 in chips) 
Seat 4: avstero ($99.50 in chips) 
Seat 5: tintin641 ($166.29 in chips) 
Seat 6: Birdy318 ($104.70 in chips) 
BGS013: posts small blind $0.50
Seavus10: posts big blind $1
*** HOLE CARDS ***
WatchTheBaby: folds 
avstero: folds 
tintin641: folds 
Birdy318: folds 
BGS013: folds 
Uncalled bet ($0.50) returned to Seavus10
Seavus10 collected $1 from pot
Seavus10: doesn't show hand 
*** SUMMARY ***
Total pot $1 | Rake $0 
Seat 1: BGS013 (small blind) folded before Flop
Seat 2: Seavus10 (big blind) collected ($1)
Seat 3: WatchTheBaby folded before Flop (didn't bet)
Seat 4: avstero folded before Flop (didn't bet)
Seat 5: tintin641 folded before Flop (didn't bet)
Seat 6: Birdy318 (button) folded before Flop (didn't bet)



PokerStars Hand #254596497341:  Hold'em No Limit ($0.50/$1.00 USD) - 2025/01/28 20:56:51 WET [2025/01/28 15:56:51 ET]
Table 'Oceax' 6-max Seat #1 is the button
Seat 3: WatchTheBaby ($111 in chips) is sitting out
Seat 1: BGS013 ($100 in chips) 
Seat 2: Seavus10 ($101.50 in chips) 
Seat 4: avstero ($99.50 in chips) 
Seat 5: tintin641 ($166.29 in chips) 
Seat 6: Birdy318 ($104.70 in chips) 
Seavus10: posts small blind $0.50
avstero: posts big blind $1
*** HOLE CARDS ***
tintin641: folds 
Birdy318: folds 
BGS013: raises $1.50 to $2.50
Seavus10: folds 
avstero: folds 
Uncalled bet ($1.50) returned to BGS013
BGS013 collected $2.50 from pot
BGS013: doesn't show hand 
*** SUMMARY ***
Total pot $2.50 | Rake $0 
Seat 3: WatchTheBaby
Seat 1: BGS013 (button) collected ($2.50)
Seat 2: Seavus10 (small blind) folded before Flop
Seat 4: avstero (big blind) folded before Flop
Seat 5: tintin641 folded before Flop (didn't bet)
Seat 6: Birdy318 folded before Flop (didn't bet)



PokerStars Hand #254596501398:  Hold'em No Limit ($0.50/$1.00 USD) - 2025/01/28 20:57:08 WET [2025/01/28 15:57:08 ET]
Table 'Oceax' 6-max Seat #2 is the button
Seat 3: WatchTheBaby ($111 in chips) is sitting out
Seat 1: BGS013 ($101.50 in chips) 
Seat 2: Seavus10 ($101 in chips) 
Seat 4: avstero ($100 in chips) 
Seat 5: tintin641 ($166.29 in chips) 
Seat 6: Birdy318 ($104.70 in chips) 
avstero: posts small blind $0.50
tintin641: posts big blind $1
*** HOLE CARDS ***
Birdy318: raises $2 to $3
BGS013: folds 
Seavus10: folds 
avstero: folds 
tintin641: folds 
Uncalled bet ($2) returned to Birdy318
Birdy318 collected $2.50 from pot
*** SUMMARY ***
Total pot $2.50 | Rake $0 
Seat 3: WatchTheBaby
Seat 1: BGS013 folded before Flop (didn't bet)
Seat 2: Seavus10 (button) folded before Flop (didn't bet)
Seat 4: avstero (small blind) folded before Flop
Seat 5: tintin641 (big blind) folded before Flop
Seat 6: Birdy318 collected ($2.50)



PokerStars Hand #254596506243:  Hold'em No Limit ($0.50/$1.00 USD) - 2025/01/28 20:57:28 WET [2025/01/28 15:57:28 ET]
Table 'Oceax' 6-max Seat #4 is the button
Seat 3: WatchTheBaby ($111 in chips) is sitting out
Seat 1: BGS013 ($101.50 in chips) 
Seat 2: Seavus10 ($101 in chips) 
Seat 4: avstero ($99.50 in chips) 
Seat 5: tintin641 ($165.29 in chips) 
Seat 6: Birdy318 ($106.20 in chips) 
tintin641: posts small blind $0.50
Birdy318: posts big blind $1
*** HOLE CARDS ***
BGS013: folds 
Seavus10: folds 
avstero: raises $1.20 to $2.20
tintin641: folds 
Birdy318: calls $1.20
*** FLOP *** [Ac Jc 3s]
Birdy318: checks 
avstero: checks 
*** TURN *** [Ac Jc 3s] [3c]
Birdy318: bets $3
avstero: calls $3
*** RIVER *** [Ac Jc 3s 3c] [Kc]
Birdy318: checks 
avstero: checks 
*** SHOW DOWN ***
Birdy318: shows [9c Qc] (a flush, Ace high)
avstero: mucks hand 
Birdy318 collected $10.36 from pot
*** SUMMARY ***
Total pot $10.90 | Rake $0.54 
Board [Ac Jc 3s 3c Kc]
Seat 3: WatchTheBaby
Seat 1: BGS013 folded before Flop (didn't bet)
Seat 2: Seavus10 folded before Flop (didn't bet)
Seat 4: avstero (button) mucked
Seat 5: tintin641 (small blind) folded before Flop
Seat 6: Birdy318 (big blind) showed [9c Qc] and won ($10.36) with a flush, Ace high



PokerStars Hand #254596522692:  Hold'em No Limit ($0.50/$1.00 USD) - 2025/01/28 20:58:39 WET [2025/01/28 15:58:39 ET]
Table 'Oceax' 6-max Seat #5 is the button
Seat 3: WatchTheBaby ($111 in chips) is sitting out
Seat 1: BGS013 ($101.50 in chips) 
Seat 2: Seavus10 ($101 in chips) 
Seat 4: avstero ($100 in chips) 
Seat 5: tintin641 ($164.79 in chips) 
Seat 6: Birdy318 ($111.36 in chips) 
Birdy318: posts small blind $0.50
BGS013: posts big blind $1
*** HOLE CARDS ***
Seavus10: folds 
avstero: folds 
tintin641: folds 
Birdy318: calls $0.50
BGS013: raises $4 to $5
Birdy318: folds 
Uncalled bet ($4) returned to BGS013
BGS013 collected $2 from pot
BGS013: doesn't show hand 
*** SUMMARY ***
Total pot $2 | Rake $0 
Seat 3: WatchTheBaby
Seat 1: BGS013 (big blind) collected ($2)
Seat 2: Seavus10 folded before Flop (didn't bet)
Seat 4: avstero folded before Flop (didn't bet)
Seat 5: tintin641 (button) folded before Flop (didn't bet)
Seat 6: Birdy318 (small blind) folded before Flop



PokerStars Hand #254596531538:  Hold'em No Limit ($0.50/$1.00 USD) - 2025/01/28 20:59:17 WET [2025/01/28 15:59:17 ET]
Table 'Oceax' 6-max Seat #6 is the button
Seat 3: WatchTheBaby ($111 in chips) is sitting out
Seat 1: BGS013 ($102.50 in chips) 
Seat 2: Seavus10 ($101 in chips) 
Seat 4: avstero ($100 in chips) 
Seat 5: tintin641 ($164.79 in chips) 
Seat 6: Birdy318 ($110.36 in chips) 
BGS013: posts small blind $0.50
Seavus10: posts big blind $1
*** HOLE CARDS ***
avstero: raises $1.20 to $2.20
tintin641: folds 
Birdy318: folds 
BGS013: folds 
Seavus10: folds 
Uncalled bet ($1.20) returned to avstero
avstero collected $2.50 from pot
avstero: doesn't show hand 
*** SUMMARY ***
Total pot $2.50 | Rake $0 
Seat 3: WatchTheBaby
Seat 1: BGS013 (small blind) folded before Flop
Seat 2: Seavus10 (big blind) folded before Flop
Seat 4: avstero collected ($2.50)
Seat 5: tintin641 folded before Flop (didn't bet)
Seat 6: Birdy318 (button) folded before Flop (didn't bet)



PokerStars Hand #254596534337:  Hold'em No Limit ($0.50/$1.00 USD) - 2025/01/28 20:59:29 WET [2025/01/28 15:59:29 ET]
Table 'Oceax' 6-max Seat #1 is the button
Seat 3: WatchTheBaby ($111 in chips) is sitting out
Seat 1: BGS013 ($102 in chips) 
Seat 2: Seavus10 ($100 in chips) 
Seat 4: avstero ($101.50 in chips) 
Seat 5: tintin641 ($164.79 in chips) 
Seat 6: Birdy318 ($110.36 in chips) 
Seavus10: posts small blind $0.50
avstero: posts big blind $1
*** HOLE CARDS ***
tintin641: folds 
Birdy318: folds 
BGS013: raises $1.50 to $2.50
Seavus10: folds 
avstero: calls $1.50
*** FLOP *** [2d 6d 8c]
avstero: checks 
BGS013: bets $3.57
avstero: calls $3.57
*** TURN *** [2d 6d 8c] [8s]
avstero: checks 
BGS013: checks 
*** RIVER *** [2d 6d 8c 8s] [5h]
avstero: bets $3.90
BGS013: calls $3.90
*** SHOW DOWN ***
avstero: shows [9h Qd] (a pair of Eights)
BGS013: shows [4s 5s] (two pair, Eights and Fives)
BGS013 collected $19.42 from pot
*** SUMMARY ***
Total pot $20.44 | Rake $1.02 
Board [2d 6d 8c 8s 5h]
Seat 3: WatchTheBaby
Seat 1: BGS013 (button) showed [4s 5s] and won ($19.42) with two pair, Eights and Fives
Seat 2: Seavus10 (small blind) folded before Flop
Seat 4: avstero (big blind) showed [9h Qd] and lost with a pair of Eights
Seat 5: tintin641 folded before Flop (didn't bet)
Seat 6: Birdy318 folded before Flop (didn't bet)



PokerStars Hand #254596559909:  Hold'em No Limit ($0.50/$1.00 USD) - 2025/01/28 21:01:10 WET [2025/01/28 16:01:10 ET]
Table 'Oceax' 6-max Seat #2 is the button
Seat 3: WatchTheBaby ($111 in chips) is sitting out
Seat 1: BGS013 ($111.45 in chips) 
Seat 2: Seavus10 ($100 in chips) 
Seat 4: avstero ($100 in chips) 
Seat 5: tintin641 ($164.79 in chips) 
Seat 6: Birdy318 ($110.36 in chips) 
avstero: posts small blind $0.50
tintin641: posts big blind $1
*** HOLE CARDS ***
Birdy318: folds 
BGS013: folds 
Seavus10: raises $1.50 to $2.50
avstero: folds 
tintin641: folds 
Uncalled bet ($1.50) returned to Seavus10
Seavus10 collected $2.50 from pot
Seavus10: doesn't show hand 
*** SUMMARY ***
Total pot $2.50 | Rake $0 
Seat 3: WatchTheBaby
Seat 1: BGS013 folded before Flop (didn't bet)
Seat 2: Seavus10 (button) collected ($2.50)
Seat 4: avstero (small blind) folded before Flop
Seat 5: tintin641 (big blind) folded before Flop
Seat 6: Birdy318 folded before Flop (didn't bet)



PokerStars Hand #254596565917:  Hold'em No Limit ($0.50/$1.00 USD) - 2025/01/28 21:01:30 WET [2025/01/28 16:01:30 ET]
Table 'Oceax' 6-max Seat #4 is the button
Seat 3: WatchTheBaby ($111 in chips) is sitting out
Seat 1: BGS013 ($111.45 in chips) 
Seat 2: Seavus10 ($101.50 in chips) 
Seat 4: avstero ($99.50 in chips) 
Seat 5: tintin641 ($163.79 in chips) 
Seat 6: Birdy318 ($110.36 in chips) 
tintin641: posts small blind $0.50
Birdy318: posts big blind $1
WatchTheBaby: sits out 
*** HOLE CARDS ***
BGS013: folds 
Seavus10: folds 
avstero: raises $1.20 to $2.20
tintin641: folds 
Birdy318: calls $1.20
*** FLOP *** [Qc Jd 5h]
Birdy318: checks 
avstero: bets $3
Birdy318: folds 
Uncalled bet ($3) returned to avstero
avstero collected $4.66 from pot
avstero: doesn't show hand 
*** SUMMARY ***
Total pot $4.90 | Rake $0.24 
Board [Qc Jd 5h]
Seat 3: WatchTheBaby
Seat 1: BGS013 folded before Flop (didn't bet)
Seat 2: Seavus10 folded before Flop (didn't bet)
Seat 4: avstero (button) collected ($4.66)
Seat 5: tintin641 (small blind) folded before Flop
Seat 6: Birdy318 (big blind) folded on the Flop



PokerStars Hand #254596578370:  Hold'em No Limit ($0.50/$1.00 USD) - 2025/01/28 21:02:12 WET [2025/01/28 16:02:12 ET]
Table 'Oceax' 6-max Seat #5 is the button
Seat 3: WatchTheBaby ($111 in chips) is sitting out
Seat 1: BGS013 ($111.45 in chips) 
Seat 2: Seavus10 ($101.50 in chips) 
Seat 4: avstero ($101.96 in chips) 
Seat 5: tintin641 ($163.29 in chips) 
Seat 6: Birdy318 ($108.16 in chips) 
Birdy318: posts small blind $0.50
BGS013: posts big blind $1
WatchTheBaby: sits out 
*** HOLE CARDS ***
Seavus10: folds 
avstero: raises $1.20 to $2.20
tintin641: raises $5.30 to $7.50
Birdy318: folds 
BGS013: folds 
avstero: folds 
Uncalled bet ($5.30) returned to tintin641
tintin641 collected $5.90 from pot
tintin641: doesn't show hand 
*** SUMMARY ***
Total pot $5.90 | Rake $0 
Seat 3: WatchTheBaby
Seat 1: BGS013 (big blind) folded before Flop
Seat 2: Seavus10 folded before Flop (didn't bet)
Seat 4: avstero folded before Flop
Seat 5: tintin641 (button) collected ($5.90)
Seat 6: Birdy318 (small blind) folded before Flop



PokerStars Hand #254596585203:  Hold'em No Limit ($0.50/$1.00 USD) - 2025/01/28 21:02:34 WET [2025/01/28 16:02:34 ET]
Table 'Oceax' 6-max Seat #6 is the button
Seat 3: WatchTheBaby ($111 in chips) is sitting out
Seat 1: BGS013 ($110.45 in chips) 
Seat 2: Seavus10 ($101.50 in chips) 
Seat 4: avstero ($99.76 in chips) 
Seat 5: tintin641 ($166.99 in chips) 
Seat 6: Birdy318 ($107.66 in chips) 
BGS013: posts small blind $0.50
Seavus10: posts big blind $1
WatchTheBaby: sits out 
*** HOLE CARDS ***
avstero: folds 
tintin641: folds 
Birdy318: raises $2 to $3
BGS013: folds 
Seavus10: folds 
Uncalled bet ($2) returned to Birdy318
Birdy318 collected $2.50 from pot
*** SUMMARY ***
Total pot $2.50 | Rake $0 
Seat 3: WatchTheBaby
Seat 1: BGS013 (small blind) folded before Flop
Seat 2: Seavus10 (big blind) folded before Flop
Seat 4: avstero folded before Flop (didn't bet)
Seat 5: tintin641 folded before Flop (didn't bet)
Seat 6: Birdy318 (button) collected ($2.50)



PokerStars Hand #254596594259:  Hold'em No Limit ($0.50/$1.00 USD) - 2025/01/28 21:03:02 WET [2025/01/28 16:03:02 ET]
Table 'Oceax' 6-max Seat #1 is the button
Seat 1: BGS013 ($109.95 in chips) 
Seat 2: Seavus10 ($100.50 in chips) 
Seat 3: WatchTheBaby ($111 in chips) 
Seat 4: avstero ($99.76 in chips) 
Seat 5: tintin641 ($166.99 in chips) 
Seat 6: Birdy318 ($109.16 in chips) 
Seavus10: posts small blind $0.50
WatchTheBaby: posts big blind $1
*** HOLE CARDS ***
avstero: folds 
tintin641: raises $1.50 to $2.50
Birdy318: folds 
BGS013: folds 
Seavus10: folds 
WatchTheBaby: calls $1.50
*** FLOP *** [2c 8d 2s]
WatchTheBaby: checks 
tintin641: bets $1.72
WatchTheBaby: folds 
Uncalled bet ($1.72) returned to tintin641
tintin641 collected $5.22 from pot
tintin641: doesn't show hand 
*** SUMMARY ***
Total pot $5.50 | Rake $0.28 
Board [2c 8d 2s]
Seat 1: BGS013 (button) folded before Flop (didn't bet)
Seat 2: Seavus10 (small blind) folded before Flop
Seat 3: WatchTheBaby (big blind) folded on the Flop
Seat 4: avstero folded before Flop (didn't bet)
Seat 5: tintin641 collected ($5.22)
Seat 6: Birdy318 folded before Flop (didn't bet)



PokerStars Hand #254596607311:  Hold'em No Limit ($0.50/$1.00 USD) - 2025/01/28 21:03:42 WET [2025/01/28 16:03:42 ET]
Table 'Oceax' 6-max Seat #2 is the button
Seat 1: BGS013 ($109.95 in chips) 
Seat 2: Seavus10 ($100 in chips) 
Seat 3: WatchTheBaby ($108.50 in chips) 
Seat 4: avstero ($99.76 in chips) 
Seat 5: tintin641 ($169.71 in chips) 
Seat 6: Birdy318 ($109.16 in chips) 
WatchTheBaby: posts small blind $0.50
avstero: posts big blind $1
*** HOLE CARDS ***
tintin641: raises $1.50 to $2.50
Birdy318: folds 
BGS013: folds 
Seavus10: raises $5 to $7.50
WatchTheBaby: raises $18.50 to $26
avstero: folds 
tintin641: folds 
Seavus10: folds 
Uncalled bet ($18.50) returned to WatchTheBaby
WatchTheBaby collected $18.50 from pot
*** SUMMARY ***
Total pot $18.50 | Rake $0 
Seat 1: BGS013 folded before Flop (didn't bet)
Seat 2: Seavus10 (button) folded before Flop
Seat 3: WatchTheBaby (small blind) collected ($18.50)
Seat 4: avstero (big blind) folded before Flop
Seat 5: tintin641 folded before Flop
Seat 6: Birdy318 folded before Flop (didn't bet)



PokerStars Hand #254596615939:  Hold'em No Limit ($0.50/$1.00 USD) - 2025/01/28 21:04:08 WET [2025/01/28 16:04:08 ET]
Table 'Oceax' 6-max Seat #3 is the button
Seat 1: BGS013 ($109.95 in chips) 
Seat 2: Seavus10 ($100 in chips) 
Seat 3: WatchTheBaby ($119.50 in chips) 
Seat 4: avstero ($100 in chips) 
Seat 5: tintin641 ($167.21 in chips) 
Seat 6: Birdy318 ($109.16 in chips) 
avstero: posts small blind $0.50
tintin641: posts big blind $1
*** HOLE CARDS ***
Birdy318: raises $2 to $3
BGS013: folds 
Seavus10: folds 
WatchTheBaby: folds 
avstero: folds 
tintin641: folds 
Uncalled bet ($2) returned to Birdy318
Birdy318 collected $2.50 from pot
*** SUMMARY ***
Total pot $2.50 | Rake $0 
Seat 1: BGS013 folded before Flop (didn't bet)
Seat 2: Seavus10 folded before Flop (didn't bet)
Seat 3: WatchTheBaby (button) folded before Flop (didn't bet)
Seat 4: avstero (small blind) folded before Flop
Seat 5: tintin641 (big blind) folded before Flop
Seat 6: Birdy318 collected ($2.50)



PokerStars Hand #254596622888:  Hold'em No Limit ($0.50/$1.00 USD) - 2025/01/28 21:04:29 WET [2025/01/28 16:04:29 ET]
Table 'Oceax' 6-max Seat #4 is the button
Seat 1: BGS013 ($109.95 in chips) 
Seat 2: Seavus10 ($100 in chips) 
Seat 3: WatchTheBaby ($119.50 in chips) 
Seat 4: avstero ($99.50 in chips) 
Seat 5: tintin641 ($166.21 in chips) 
Seat 6: Birdy318 ($110.66 in chips) 
tintin641: posts small blind $0.50
Birdy318: posts big blind $1
*** HOLE CARDS ***
BGS013: folds 
Seavus10: folds 
WatchTheBaby: folds 
avstero: folds 
tintin641: folds 
Uncalled bet ($0.50) returned to Birdy318
Birdy318 collected $1 from pot
*** SUMMARY ***
Total pot $1 | Rake $0 
Seat 1: BGS013 folded before Flop (didn't bet)
Seat 2: Seavus10 folded before Flop (didn't bet)
Seat 3: WatchTheBaby folded before Flop (didn't bet)
Seat 4: avstero (button) folded before Flop (didn't bet)
Seat 5: tintin641 (small blind) folded before Flop
Seat 6: Birdy318 (big blind) collected ($1)



PokerStars Hand #254596629889:  Hold'em No Limit ($0.50/$1.00 USD) - 2025/01/28 21:04:51 WET [2025/01/28 16:04:51 ET]
Table 'Oceax' 6-max Seat #5 is the button
Seat 1: BGS013 ($109.95 in chips) 
Seat 2: Seavus10 ($100 in chips) 
Seat 3: WatchTheBaby ($119.50 in chips) 
Seat 4: avstero ($99.50 in chips) 
Seat 5: tintin641 ($165.71 in chips) 
Seat 6: Birdy318 ($111.16 in chips) 
Birdy318: posts small blind $0.50
BGS013: posts big blind $1
*** HOLE CARDS ***
Seavus10: folds 
WatchTheBaby: raises $1 to $2
avstero: folds 
tintin641: folds 
Birdy318: folds 
BGS013: folds 
Uncalled bet ($1) returned to WatchTheBaby
WatchTheBaby collected $2.50 from pot
*** SUMMARY ***
Total pot $2.50 | Rake $0 
Seat 1: BGS013 (big blind) folded before Flop
Seat 2: Seavus10 folded before Flop (didn't bet)
Seat 3: WatchTheBaby collected ($2.50)
Seat 4: avstero folded before Flop (didn't bet)
Seat 5: tintin641 (button) folded before Flop (didn't bet)
Seat 6: Birdy318 (small blind) folded before Flop



PokerStars Hand #254596635975:  Hold'em No Limit ($0.50/$1.00 USD) - 2025/01/28 21:05:09 WET [2025/01/28 16:05:09 ET]
Table 'Oceax' 6-max Seat #6 is the button
Seat 1: BGS013 ($108.95 in chips) 
Seat 2: Seavus10 ($100 in chips) 
Seat 3: WatchTheBaby ($121 in chips) 
Seat 4: avstero ($99.50 in chips) 
Seat 5: tintin641 ($165.71 in chips) 
Seat 6: Birdy318 ($110.66 in chips) 
BGS013: posts small blind $0.50
Seavus10: posts big blind $1
*** HOLE CARDS ***
WatchTheBaby: raises $1 to $2
avstero: folds 
tintin641: folds 
Birdy318: folds 
BGS013: folds 
Seavus10: folds 
Uncalled bet ($1) returned to WatchTheBaby
WatchTheBaby collected $2.50 from pot
*** SUMMARY ***
Total pot $2.50 | Rake $0 
Seat 1: BGS013 (small blind) folded before Flop
Seat 2: Seavus10 (big blind) folded before Flop
Seat 3: WatchTheBaby collected ($2.50)
Seat 4: avstero folded before Flop (didn't bet)
Seat 5: tintin641 folded before Flop (didn't bet)
Seat 6: Birdy318 (button) folded before Flop (didn't bet)



PokerStars Hand #254596641972:  Hold'em No Limit ($0.50/$1.00 USD) - 2025/01/28 21:05:27 WET [2025/01/28 16:05:27 ET]
Table 'Oceax' 6-max Seat #1 is the button
Seat 1: BGS013 ($108.45 in chips) 
Seat 2: Seavus10 ($100 in chips) 
Seat 3: WatchTheBaby ($122.50 in chips) 
Seat 4: avstero ($99.50 in chips) 
Seat 5: tintin641 ($165.71 in chips) 
Seat 6: Birdy318 ($110.66 in chips) 
Seavus10: posts small blind $0.50
WatchTheBaby: posts big blind $1
*** HOLE CARDS ***
avstero: folds 
tintin641: raises $1.50 to $2.50
Birdy318: calls $2.50
BGS013: folds 
Seavus10: folds 
WatchTheBaby: folds 
*** FLOP *** [9h 9s Ah]
tintin641: checks 
Birdy318: bets $2
tintin641: calls $2
*** TURN *** [9h 9s Ah] [3c]
tintin641: checks 
Birdy318: bets $7
tintin641: calls $7
*** RIVER *** [9h 9s Ah 3c] [Jc]
tintin641: checks 
Birdy318: checks 
*** SHOW DOWN ***
tintin641: shows [8d Ad] (two pair, Aces and Nines)
Birdy318: mucks hand 
tintin641 collected $23.28 from pot
*** SUMMARY ***
Total pot $24.50 | Rake $1.22 
Board [9h 9s Ah 3c Jc]
Seat 1: BGS013 (button) folded before Flop (didn't bet)
Seat 2: Seavus10 (small blind) folded before Flop
Seat 3: WatchTheBaby (big blind) folded before Flop
Seat 4: avstero folded before Flop (didn't bet)
Seat 5: tintin641 showed [8d Ad] and won ($23.28) with two pair, Aces and Nines
Seat 6: Birdy318 mucked



PokerStars Hand #254596665225:  Hold'em No Limit ($0.50/$1.00 USD) - 2025/01/28 21:06:39 WET [2025/01/28 16:06:39 ET]
Table 'Oceax' 6-max Seat #2 is the button
Seat 1: BGS013 ($108.45 in chips) 
Seat 2: Seavus10 ($100 in chips) 
Seat 3: WatchTheBaby ($121.50 in chips) 
Seat 4: avstero ($99.50 in chips) 
Seat 5: tintin641 ($177.49 in chips) 
Seat 6: Birdy318 ($100 in chips) 
WatchTheBaby: posts small blind $0.50
avstero: posts big blind $1
*** HOLE CARDS ***
tintin641: folds 
Birdy318: folds 
BGS013: folds 
Seavus10: folds 
WatchTheBaby: folds 
Uncalled bet ($0.50) returned to avstero
avstero collected $1 from pot
avstero: doesn't show hand 
*** SUMMARY ***
Total pot $1 | Rake $0 
Seat 1: BGS013 folded before Flop (didn't bet)
Seat 2: Seavus10 (button) folded before Flop (didn't bet)
Seat 3: WatchTheBaby (small blind) folded before Flop
Seat 4: avstero (big blind) collected ($1)
Seat 5: tintin641 folded before Flop (didn't bet)
Seat 6: Birdy318 folded before Flop (didn't bet)



PokerStars Hand #254596673410:  Hold'em No Limit ($0.50/$1.00 USD) - 2025/01/28 21:07:03 WET [2025/01/28 16:07:03 ET]
Table 'Oceax' 6-max Seat #3 is the button
Seat 1: BGS013 ($108.45 in chips) 
Seat 2: Seavus10 ($100 in chips) 
Seat 3: WatchTheBaby ($121 in chips) 
Seat 4: avstero ($100 in chips) 
Seat 5: tintin641 ($177.49 in chips) 
Seat 6: Birdy318 ($100 in chips) 
avstero: posts small blind $0.50
tintin641: posts big blind $1
*** HOLE CARDS ***
Birdy318: folds 
BGS013: raises $1 to $2
Seavus10: folds 
WatchTheBaby: folds 
avstero: folds 
tintin641: folds 
Uncalled bet ($1) returned to BGS013
BGS013 collected $2.50 from pot
BGS013: doesn't show hand 
*** SUMMARY ***
Total pot $2.50 | Rake $0 
Seat 1: BGS013 collected ($2.50)
Seat 2: Seavus10 folded before Flop (didn't bet)
Seat 3: WatchTheBaby (button) folded before Flop (didn't bet)
Seat 4: avstero (small blind) folded before Flop
Seat 5: tintin641 (big blind) folded before Flop
Seat 6: Birdy318 folded before Flop (didn't bet)



PokerStars Hand #254596678608:  Hold'em No Limit ($0.50/$1.00 USD) - 2025/01/28 21:07:19 WET [2025/01/28 16:07:19 ET]
Table 'Oceax' 6-max Seat #4 is the button
Seat 1: BGS013 ($109.95 in chips) 
Seat 2: Seavus10 ($100 in chips) 
Seat 3: WatchTheBaby ($121 in chips) 
Seat 4: avstero ($99.50 in chips) 
Seat 5: tintin641 ($176.49 in chips) 
Seat 6: Birdy318 ($100 in chips) 
tintin641: posts small blind $0.50
Birdy318: posts big blind $1
*** HOLE CARDS ***
BGS013: raises $1 to $2
Seavus10: folds 
WatchTheBaby: folds 
avstero: raises $5 to $7
tintin641: folds 
Birdy318: raises $13 to $20
BGS013: folds 
avstero: folds 
Uncalled bet ($13) returned to Birdy318
Birdy318 collected $16.50 from pot
*** SUMMARY ***
Total pot $16.50 | Rake $0 
Seat 1: BGS013 folded before Flop
Seat 2: Seavus10 folded before Flop (didn't bet)
Seat 3: WatchTheBaby folded before Flop (didn't bet)
Seat 4: avstero (button) folded before Flop
Seat 5: tintin641 (small blind) folded before Flop
Seat 6: Birdy318 (big blind) collected ($16.50)



PokerStars Hand #254596695635:  Hold'em No Limit ($0.50/$1.00 USD) - 2025/01/28 21:08:10 WET [2025/01/28 16:08:10 ET]
Table 'Oceax' 6-max Seat #5 is the button
Seat 1: BGS013 ($107.95 in chips) 
Seat 2: Seavus10 ($100 in chips) 
Seat 3: WatchTheBaby ($121 in chips) 
Seat 4: avstero ($100 in chips) 
Seat 5: tintin641 ($175.99 in chips) 
Seat 6: Birdy318 ($109.50 in chips) 
Birdy318: posts small blind $0.50
BGS013: posts big blind $1
*** HOLE CARDS ***
Seavus10: folds 
WatchTheBaby: folds 
avstero: raises $1.20 to $2.20
tintin641: folds 
Birdy318: folds 
Seavus10 leaves the table
BGS013: calls $1.20
*** FLOP *** [9d Th 2c]
BGS013: checks 
Oli3579 joins the table at seat #2 
avstero: checks 
*** TURN *** [9d Th 2c] [Kd]
BGS013: checks 
avstero: bets $3.12
BGS013: calls $3.12
*** RIVER *** [9d Th 2c Kd] [Qc]
BGS013: bets $5.82
avstero: folds 
Uncalled bet ($5.82) returned to BGS013
BGS013 collected $10.58 from pot
BGS013: doesn't show hand 
*** SUMMARY ***
Total pot $11.14 | Rake $0.56 
Board [9d Th 2c Kd Qc]
Seat 1: BGS013 (big blind) collected ($10.58)
Seat 2: Seavus10 folded before Flop (didn't bet)
Seat 3: WatchTheBaby folded before Flop (didn't bet)
Seat 4: avstero folded on the River
Seat 5: tintin641 (button) folded before Flop (didn't bet)
Seat 6: Birdy318 (small blind) folded before Flop



PokerStars Hand #254596723458:  Hold'em No Limit ($0.50/$1.00 USD) - 2025/01/28 21:09:35 WET [2025/01/28 16:09:35 ET]
Table 'Oceax' 6-max Seat #6 is the button
Seat 1: BGS013 ($113.21 in chips) 
Seat 2: Oli3579 ($100 in chips) 
Seat 3: WatchTheBaby ($121 in chips) 
Seat 4: avstero ($100 in chips) 
Seat 5: tintin641 ($175.99 in chips) 
Seat 6: Birdy318 ($109 in chips) 
BGS013: posts small blind $0.50
Oli3579: posts big blind $1
*** HOLE CARDS ***
WatchTheBaby: folds 
avstero: folds 
tintin641: folds 
Birdy318: folds 
BGS013: folds 
Uncalled bet ($0.50) returned to Oli3579
Oli3579 collected $1 from pot
Oli3579: doesn't show hand 
*** SUMMARY ***
Total pot $1 | Rake $0 
Seat 1: BGS013 (small blind) folded before Flop
Seat 2: Oli3579 (big blind) collected ($1)
Seat 3: WatchTheBaby folded before Flop (didn't bet)
Seat 4: avstero folded before Flop (didn't bet)
Seat 5: tintin641 folded before Flop (didn't bet)
Seat 6: Birdy318 (button) folded before Flop (didn't bet)



PokerStars Hand #254596727224:  Hold'em No Limit ($0.50/$1.00 USD) - 2025/01/28 21:09:46 WET [2025/01/28 16:09:46 ET]
Table 'Oceax' 6-max Seat #1 is the button
Seat 1: BGS013 ($112.71 in chips) 
Seat 2: Oli3579 ($100.50 in chips) 
Seat 3: WatchTheBaby ($121 in chips) 
Seat 4: avstero ($100 in chips) 
Seat 5: tintin641 ($175.99 in chips) 
Seat 6: Birdy318 ($109 in chips) 
Oli3579: posts small blind $0.50
WatchTheBaby: posts big blind $1
*** HOLE CARDS ***
avstero: folds 
tintin641: folds 
Birdy318: folds 
BGS013: raises $1.50 to $2.50
Oli3579: folds 
WatchTheBaby: folds 
Uncalled bet ($1.50) returned to BGS013
BGS013 collected $2.50 from pot
BGS013: doesn't show hand 
*** SUMMARY ***
Total pot $2.50 | Rake $0 
Seat 1: BGS013 (button) collected ($2.50)
Seat 2: Oli3579 (small blind) folded before Flop
Seat 3: WatchTheBaby (big blind) folded before Flop
Seat 4: avstero folded before Flop (didn't bet)
Seat 5: tintin641 folded before Flop (didn't bet)
Seat 6: Birdy318 folded before Flop (didn't bet)



PokerStars Hand #254596731563:  Hold'em No Limit ($0.50/$1.00 USD) - 2025/01/28 21:10:00 WET [2025/01/28 16:10:00 ET]
Table 'Oceax' 6-max Seat #2 is the button
Seat 1: BGS013 ($114.21 in chips) 
Seat 2: Oli3579 ($100 in chips) 
Seat 3: WatchTheBaby ($120 in chips) 
Seat 4: avstero ($100 in chips) 
Seat 5: tintin641 ($175.99 in chips) 
Seat 6: Birdy318 ($109 in chips) 
WatchTheBaby: posts small blind $0.50
avstero: posts big blind $1
*** HOLE CARDS ***
tintin641: folds 
Birdy318: folds 
BGS013: raises $1.50 to $2.50
Oli3579: folds 
WatchTheBaby: folds 
avstero: folds 
Uncalled bet ($1.50) returned to BGS013
BGS013 collected $2.50 from pot
BGS013: doesn't show hand 
*** SUMMARY ***
Total pot $2.50 | Rake $0 
Seat 1: BGS013 collected ($2.50)
Seat 2: Oli3579 (button) folded before Flop (didn't bet)
Seat 3: WatchTheBaby (small blind) folded before Flop
Seat 4: avstero (big blind) folded before Flop
Seat 5: tintin641 folded before Flop (didn't bet)
Seat 6: Birdy318 folded before Flop (didn't bet)



PokerStars Hand #254596736998:  Hold'em No Limit ($0.50/$1.00 USD) - 2025/01/28 21:10:16 WET [2025/01/28 16:10:16 ET]
Table 'Oceax' 6-max Seat #3 is the button
Seat 1: BGS013 ($115.71 in chips) 
Seat 2: Oli3579 ($100 in chips) 
Seat 3: WatchTheBaby ($119.50 in chips) 
Seat 4: avstero ($99 in chips) 
Seat 5: tintin641 ($175.99 in chips) 
Seat 6: Birdy318 ($109 in chips) 
avstero: posts small blind $0.50
tintin641: posts big blind $1
*** HOLE CARDS ***
Birdy318: folds 
BGS013: folds 
Oli3579: folds 
WatchTheBaby: folds 
avstero: folds 
Uncalled bet ($0.50) returned to tintin641
tintin641 collected $1 from pot
tintin641: doesn't show hand 
*** SUMMARY ***
Total pot $1 | Rake $0 
Seat 1: BGS013 folded before Flop (didn't bet)
Seat 2: Oli3579 folded before Flop (didn't bet)
Seat 3: WatchTheBaby (button) folded before Flop (didn't bet)
Seat 4: avstero (small blind) folded before Flop
Seat 5: tintin641 (big blind) collected ($1)
Seat 6: Birdy318 folded before Flop (didn't bet)



PokerStars Hand #254596744148:  Hold'em No Limit ($0.50/$1.00 USD) - 2025/01/28 21:10:37 WET [2025/01/28 16:10:37 ET]
Table 'Oceax' 6-max Seat #4 is the button
Seat 1: BGS013 ($115.71 in chips) 
Seat 2: Oli3579 ($100 in chips) 
Seat 3: WatchTheBaby ($119.50 in chips) 
Seat 4: avstero ($100 in chips) 
Seat 5: tintin641 ($176.49 in chips) 
Seat 6: Birdy318 ($109 in chips) 
tintin641: posts small blind $0.50
Birdy318: posts big blind $1
*** HOLE CARDS ***
BGS013: folds 
Oli3579: folds 
WatchTheBaby: folds 
avstero: raises $1.20 to $2.20
tintin641: folds 
Birdy318: folds 
Uncalled bet ($1.20) returned to avstero
avstero collected $2.50 from pot
avstero: doesn't show hand 
*** SUMMARY ***
Total pot $2.50 | Rake $0 
Seat 1: BGS013 folded before Flop (didn't bet)
Seat 2: Oli3579 folded before Flop (didn't bet)
Seat 3: WatchTheBaby folded before Flop (didn't bet)
Seat 4: avstero (button) collected ($2.50)
Seat 5: tintin641 (small blind) folded before Flop
Seat 6: Birdy318 (big blind) folded before Flop



PokerStars Hand #254596754725:  Hold'em No Limit ($0.50/$1.00 USD) - 2025/01/28 21:11:08 WET [2025/01/28 16:11:08 ET]
Table 'Oceax' 6-max Seat #5 is the button
Seat 1: BGS013 ($115.71 in chips) 
Seat 2: Oli3579 ($100 in chips) 
Seat 3: WatchTheBaby ($119.50 in chips) 
Seat 4: avstero ($101.50 in chips) 
Seat 5: tintin641 ($175.99 in chips) 
Seat 6: Birdy318 ($108 in chips) 
Birdy318: posts small blind $0.50
BGS013: posts big blind $1
*** HOLE CARDS ***
Oli3579: folds 
WatchTheBaby: folds 
avstero: folds 
tintin641: folds 
Birdy318: raises $2 to $3
BGS013: calls $2
*** FLOP *** [Qc 6d Ac]
Birdy318: bets $2
BGS013: folds 
Uncalled bet ($2) returned to Birdy318
Birdy318 collected $5.70 from pot
*** SUMMARY ***
Total pot $6 | Rake $0.30 
Board [Qc 6d Ac]
Seat 1: BGS013 (big blind) folded on the Flop
Seat 2: Oli3579 folded before Flop (didn't bet)
Seat 3: WatchTheBaby folded before Flop (didn't bet)
Seat 4: avstero folded before Flop (didn't bet)
Seat 5: tintin641 (button) folded before Flop (didn't bet)
Seat 6: Birdy318 (small blind) collected ($5.70)



PokerStars Hand #254596770682:  Hold'em No Limit ($0.50/$1.00 USD) - 2025/01/28 21:11:56 WET [2025/01/28 16:11:56 ET]
Table 'Oceax' 6-max Seat #6 is the button
Seat 1: BGS013 ($112.71 in chips) 
Seat 2: Oli3579 ($100 in chips) 
Seat 3: WatchTheBaby ($119.50 in chips) 
Seat 4: avstero ($101.50 in chips) 
Seat 5: tintin641 ($175.99 in chips) 
Seat 6: Birdy318 ($110.70 in chips) 
BGS013: posts small blind $0.50
Oli3579: posts big blind $1
*** HOLE CARDS ***
WatchTheBaby: folds 
WatchTheBaby leaves the table
avstero: folds 
tintin641: raises $1.50 to $2.50
Birdy318: folds 
BGS013: folds 
Oli3579: folds 
Uncalled bet ($1.50) returned to tintin641
tintin641 collected $2.50 from pot
tintin641: doesn't show hand 
*** SUMMARY ***
Total pot $2.50 | Rake $0 
Seat 1: BGS013 (small blind) folded before Flop
Seat 2: Oli3579 (big blind) folded before Flop
Seat 3: WatchTheBaby folded before Flop (didn't bet)
Seat 4: avstero folded before Flop (didn't bet)
Seat 5: tintin641 collected ($2.50)
Seat 6: Birdy318 (button) folded before Flop (didn't bet)



PokerStars Hand #254596776892:  Hold'em No Limit ($0.50/$1.00 USD) - 2025/01/28 21:12:14 WET [2025/01/28 16:12:14 ET]
Table 'Oceax' 6-max Seat #1 is the button
Seat 1: BGS013 ($112.21 in chips) 
Seat 2: Oli3579 ($100 in chips) 
Seat 4: avstero ($101.50 in chips) 
Seat 5: tintin641 ($177.49 in chips) 
Seat 6: Birdy318 ($110.70 in chips) 
Oli3579: posts small blind $0.50
avstero: posts big blind $1
*** HOLE CARDS ***
tintin641: folds 
Birdy318: folds 
BGS013: raises $1.50 to $2.50
henri789 joins the table at seat #3 
Oli3579: raises $8.50 to $11
avstero: folds 
BGS013: folds 
Uncalled bet ($8.50) returned to Oli3579
Oli3579 collected $6 from pot
Oli3579: doesn't show hand 
*** SUMMARY ***
Total pot $6 | Rake $0 
Seat 1: BGS013 (button) folded before Flop
Seat 2: Oli3579 (small blind) collected ($6)
Seat 4: avstero (big blind) folded before Flop
Seat 5: tintin641 folded before Flop (didn't bet)
Seat 6: Birdy318 folded before Flop (didn't bet)



PokerStars Hand #254596784837:  Hold'em No Limit ($0.50/$1.00 USD) - 2025/01/28 21:12:38 WET [2025/01/28 16:12:38 ET]
Table 'Oceax' 6-max Seat #2 is the button
Seat 3: henri789 ($100 in chips) is sitting out
Seat 1: BGS013 ($109.71 in chips) 
Seat 2: Oli3579 ($103.50 in chips) 
Seat 4: avstero ($100.50 in chips) 
Seat 5: tintin641 ($177.49 in chips) 
Seat 6: Birdy318 ($110.70 in chips) 
avstero: posts small blind $0.50
tintin641: posts big blind $1
*** HOLE CARDS ***
Birdy318: raises $2 to $3
BGS013: folds 
Oli3579: folds 
avstero: folds 
tintin641: folds 
Uncalled bet ($2) returned to Birdy318
Birdy318 collected $2.50 from pot
*** SUMMARY ***
Total pot $2.50 | Rake $0 
Seat 3: henri789
Seat 1: BGS013 folded before Flop (didn't bet)
Seat 2: Oli3579 (button) folded before Flop (didn't bet)
Seat 4: avstero (small blind) folded before Flop
Seat 5: tintin641 (big blind) folded before Flop
Seat 6: Birdy318 collected ($2.50)



PokerStars Hand #254596792077:  Hold'em No Limit ($0.50/$1.00 USD) - 2025/01/28 21:12:59 WET [2025/01/28 16:12:59 ET]
Table 'Oceax' 6-max Seat #4 is the button
Seat 3: henri789 ($100 in chips) is sitting out
Seat 1: BGS013 ($109.71 in chips) 
Seat 2: Oli3579 ($103.50 in chips) 
Seat 4: avstero ($100 in chips) 
Seat 5: tintin641 ($176.49 in chips) 
Seat 6: Birdy318 ($112.20 in chips) 
tintin641: posts small blind $0.50
Birdy318: posts big blind $1
henri789: sits out 
*** HOLE CARDS ***
BGS013: folds 
Oli3579: folds 
avstero: folds 
tintin641: folds 
Uncalled bet ($0.50) returned to Birdy318
Birdy318 collected $1 from pot
*** SUMMARY ***
Total pot $1 | Rake $0 
Seat 3: henri789
Seat 1: BGS013 folded before Flop (didn't bet)
Seat 2: Oli3579 folded before Flop (didn't bet)
Seat 4: avstero (button) folded before Flop (didn't bet)
Seat 5: tintin641 (small blind) folded before Flop
Seat 6: Birdy318 (big blind) collected ($1)



PokerStars Hand #254596796877:  Hold'em No Limit ($0.50/$1.00 USD) - 2025/01/28 21:13:13 WET [2025/01/28 16:13:13 ET]
Table 'Oceax' 6-max Seat #5 is the button
Seat 3: henri789 ($100 in chips) is sitting out
Seat 1: BGS013 ($109.71 in chips) 
Seat 2: Oli3579 ($103.50 in chips) 
Seat 4: avstero ($100 in chips) 
Seat 5: tintin641 ($175.99 in chips) 
Seat 6: Birdy318 ($112.70 in chips) 
Birdy318: posts small blind $0.50
BGS013: posts big blind $1
henri789: sits out 
*** HOLE CARDS ***
Oli3579: folds 
avstero: raises $1.20 to $2.20
tintin641: folds 
Birdy318: folds 
BGS013: raises $9.80 to $12
avstero: folds 
Uncalled bet ($9.80) returned to BGS013
BGS013 collected $4.90 from pot
BGS013: doesn't show hand 
*** SUMMARY ***
Total pot $4.90 | Rake $0 
Seat 3: henri789
Seat 1: BGS013 (big blind) collected ($4.90)
Seat 2: Oli3579 folded before Flop (didn't bet)
Seat 4: avstero folded before Flop
Seat 5: tintin641 (button) folded before Flop (didn't bet)
Seat 6: Birdy318 (small blind) folded before Flop



PokerStars Hand #254596803346:  Hold'em No Limit ($0.50/$1.00 USD) - 2025/01/28 21:13:32 WET [2025/01/28 16:13:32 ET]
Table 'Oceax' 6-max Seat #6 is the button
Seat 3: henri789 ($100 in chips) is sitting out
Seat 1: BGS013 ($112.41 in chips) 
Seat 2: Oli3579 ($103.50 in chips) 
Seat 4: avstero ($100 in chips) 
Seat 5: tintin641 ($175.99 in chips) 
Seat 6: Birdy318 ($112.20 in chips) 
BGS013: posts small blind $0.50
Oli3579: posts big blind $1
henri789: sits out 
*** HOLE CARDS ***
avstero: folds 
tintin641: folds 
Birdy318: raises $2 to $3
BGS013: folds 
Oli3579: folds 
Uncalled bet ($2) returned to Birdy318
Birdy318 collected $2.50 from pot
*** SUMMARY ***
Total pot $2.50 | Rake $0 
Seat 3: henri789
Seat 1: BGS013 (small blind) folded before Flop
Seat 2: Oli3579 (big blind) folded before Flop
Seat 4: avstero folded before Flop (didn't bet)
Seat 5: tintin641 folded before Flop (didn't bet)
Seat 6: Birdy318 (button) collected ($2.50)



PokerStars Hand #254596809001:  Hold'em No Limit ($0.50/$1.00 USD) - 2025/01/28 21:13:49 WET [2025/01/28 16:13:49 ET]
Table 'Oceax' 6-max Seat #1 is the button
Seat 1: BGS013 ($111.91 in chips) 
Seat 2: Oli3579 ($102.50 in chips) 
Seat 3: henri789 ($100 in chips) 
Seat 4: avstero ($100 in chips) 
Seat 5: tintin641 ($175.99 in chips) 
Seat 6: Birdy318 ($113.70 in chips) 
Oli3579: posts small blind $0.50
henri789: posts big blind $1
*** HOLE CARDS ***
avstero: folds 
tintin641: folds 
Birdy318: folds 
BGS013: folds 
Oli3579: folds 
Uncalled bet ($0.50) returned to henri789
henri789 collected $1 from pot
henri789: doesn't show hand 
*** SUMMARY ***
Total pot $1 | Rake $0 
Seat 1: BGS013 (button) folded before Flop (didn't bet)
Seat 2: Oli3579 (small blind) folded before Flop
Seat 3: henri789 (big blind) collected ($1)
Seat 4: avstero folded before Flop (didn't bet)
Seat 5: tintin641 folded before Flop (didn't bet)
Seat 6: Birdy318 folded before Flop (didn't bet)



PokerStars Hand #254596811473:  Hold'em No Limit ($0.50/$1.00 USD) - 2025/01/28 21:13:57 WET [2025/01/28 16:13:57 ET]
Table 'Oceax' 6-max Seat #2 is the button
Seat 1: BGS013 ($111.91 in chips) 
Seat 2: Oli3579 ($102 in chips) 
Seat 3: henri789 ($100.50 in chips) 
Seat 4: avstero ($100 in chips) 
Seat 5: tintin641 ($175.99 in chips) 
Seat 6: Birdy318 ($113.70 in chips) 
henri789: posts small blind $0.50
avstero: posts big blind $1
*** HOLE CARDS ***
tintin641: folds 
Birdy318: folds 
BGS013: folds 
Oli3579: raises $1.25 to $2.25
henri789: raises $9.75 to $12
avstero: folds 
Oli3579: calls $9.75
*** FLOP *** [2s Js 6c]
henri789: bets $11.88
Oli3579: folds 
Uncalled bet ($11.88) returned to henri789
henri789 collected $23.75 from pot
henri789: doesn't show hand 
*** SUMMARY ***
Total pot $25 | Rake $1.25 
Board [2s Js 6c]
Seat 1: BGS013 folded before Flop (didn't bet)
Seat 2: Oli3579 (button) folded on the Flop
Seat 3: henri789 (small blind) collected ($23.75)
Seat 4: avstero (big blind) folded before Flop
Seat 5: tintin641 folded before Flop (didn't bet)
Seat 6: Birdy318 folded before Flop (didn't bet)



PokerStars Hand #254596829743:  Hold'em No Limit ($0.50/$1.00 USD) - 2025/01/28 21:14:51 WET [2025/01/28 16:14:51 ET]
Table 'Oceax' 6-max Seat #3 is the button
Seat 1: BGS013 ($111.91 in chips) 
Seat 2: Oli3579 ($100 in chips) 
Seat 3: henri789 ($112.25 in chips) 
Seat 4: avstero ($99 in chips) 
Seat 5: tintin641 ($175.99 in chips) 
Seat 6: Birdy318 ($113.70 in chips) 
avstero: posts small blind $0.50
tintin641: posts big blind $1
*** HOLE CARDS ***
Birdy318: raises $2 to $3
BGS013: folds 
Oli3579: folds 
henri789: folds 
avstero: folds 
tintin641: folds 
Uncalled bet ($2) returned to Birdy318
Birdy318 collected $2.50 from pot
*** SUMMARY ***
Total pot $2.50 | Rake $0 
Seat 1: BGS013 folded before Flop (didn't bet)
Seat 2: Oli3579 folded before Flop (didn't bet)
Seat 3: henri789 (button) folded before Flop (didn't bet)
Seat 4: avstero (small blind) folded before Flop
Seat 5: tintin641 (big blind) folded before Flop
Seat 6: Birdy318 collected ($2.50)



PokerStars Hand #254596835876:  Hold'em No Limit ($0.50/$1.00 USD) - 2025/01/28 21:15:09 WET [2025/01/28 16:15:09 ET]
Table 'Oceax' 6-max Seat #4 is the button
Seat 1: BGS013 ($111.91 in chips) 
Seat 2: Oli3579 ($100 in chips) 
Seat 3: henri789 ($112.25 in chips) 
Seat 4: avstero ($100 in chips) 
Seat 5: tintin641 ($174.99 in chips) 
Seat 6: Birdy318 ($115.20 in chips) 
tintin641: posts small blind $0.50
Birdy318: posts big blind $1
*** HOLE CARDS ***
BGS013: folds 
Oli3579: folds 
henri789: folds 
avstero: folds 
tintin641: folds 
Uncalled bet ($0.50) returned to Birdy318
Birdy318 collected $1 from pot
*** SUMMARY ***
Total pot $1 | Rake $0 
Seat 1: BGS013 folded before Flop (didn't bet)
Seat 2: Oli3579 folded before Flop (didn't bet)
Seat 3: henri789 folded before Flop (didn't bet)
Seat 4: avstero (button) folded before Flop (didn't bet)
Seat 5: tintin641 (small blind) folded before Flop
Seat 6: Birdy318 (big blind) collected ($1)



PokerStars Hand #254596838977:  Hold'em No Limit ($0.50/$1.00 USD) - 2025/01/28 21:15:19 WET [2025/01/28 16:15:19 ET]
Table 'Oceax' 6-max Seat #5 is the button
Seat 1: BGS013 ($111.91 in chips) 
Seat 2: Oli3579 ($100 in chips) 
Seat 3: henri789 ($112.25 in chips) 
Seat 4: avstero ($100 in chips) 
Seat 5: tintin641 ($174.49 in chips) 
Seat 6: Birdy318 ($115.70 in chips) 
Birdy318: posts small blind $0.50
BGS013: posts big blind $1
*** HOLE CARDS ***
Oli3579: folds 
henri789: folds 
avstero: folds 
tintin641: raises $1.50 to $2.50
Birdy318: folds 
BGS013: calls $1.50
*** FLOP *** [4c 3d 6h]
BGS013: checks 
tintin641: checks 
*** TURN *** [4c 3d 6h] [Kh]
BGS013: checks 
tintin641: bets $1.72
BGS013: calls $1.72
*** RIVER *** [4c 3d 6h Kh] [Ad]
BGS013: checks 
tintin641: checks 
*** SHOW DOWN ***
BGS013: shows [Kc 9s] (a pair of Kings)
tintin641: mucks hand 
BGS013 collected $8.49 from pot
*** SUMMARY ***
Total pot $8.94 | Rake $0.45 
Board [4c 3d 6h Kh Ad]
Seat 1: BGS013 (big blind) showed [Kc 9s] and won ($8.49) with a pair of Kings
Seat 2: Oli3579 folded before Flop (didn't bet)
Seat 3: henri789 folded before Flop (didn't bet)
Seat 4: avstero folded before Flop (didn't bet)
Seat 5: tintin641 (button) mucked
Seat 6: Birdy318 (small blind) folded before Flop



PokerStars Hand #254596862917:  Hold'em No Limit ($0.50/$1.00 USD) - 2025/01/28 21:16:30 WET [2025/01/28 16:16:30 ET]
Table 'Oceax' 6-max Seat #6 is the button
Seat 1: BGS013 ($116.18 in chips) 
Seat 2: Oli3579 ($100 in chips) 
Seat 3: henri789 ($112.25 in chips) 
Seat 4: avstero ($100 in chips) 
Seat 5: tintin641 ($170.27 in chips) 
Seat 6: Birdy318 ($115.20 in chips) 
BGS013: posts small blind $0.50
Oli3579: posts big blind $1
*** HOLE CARDS ***
henri789: folds 
avstero: folds 
tintin641: raises $1.50 to $2.50
Birdy318: folds 
BGS013: folds 
Oli3579: folds 
Uncalled bet ($1.50) returned to tintin641
tintin641 collected $2.50 from pot
tintin641: doesn't show hand 
*** SUMMARY ***
Total pot $2.50 | Rake $0 
Seat 1: BGS013 (small blind) folded before Flop
Seat 2: Oli3579 (big blind) folded before Flop
Seat 3: henri789 folded before Flop (didn't bet)
Seat 4: avstero folded before Flop (didn't bet)
Seat 5: tintin641 collected ($2.50)
Seat 6: Birdy318 (button) folded before Flop (didn't bet)



PokerStars Hand #254596868815:  Hold'em No Limit ($0.50/$1.00 USD) - 2025/01/28 21:16:47 WET [2025/01/28 16:16:47 ET]
Table 'Oceax' 6-max Seat #1 is the button
Seat 1: BGS013 ($115.68 in chips) 
Seat 2: Oli3579 ($100 in chips) 
Seat 3: henri789 ($112.25 in chips) 
Seat 4: avstero ($100 in chips) 
Seat 5: tintin641 ($171.77 in chips) 
Seat 6: Birdy318 ($115.20 in chips) 
Oli3579: posts small blind $0.50
henri789: posts big blind $1
*** HOLE CARDS ***
avstero: folds 
tintin641: folds 
Birdy318: raises $2 to $3
BGS013: raises $5 to $8
Oli3579: folds 
henri789: folds 
Birdy318: folds 
Uncalled bet ($5) returned to BGS013
BGS013 collected $7.50 from pot
BGS013: doesn't show hand 
*** SUMMARY ***
Total pot $7.50 | Rake $0 
Seat 1: BGS013 (button) collected ($7.50)
Seat 2: Oli3579 (small blind) folded before Flop
Seat 3: henri789 (big blind) folded before Flop
Seat 4: avstero folded before Flop (didn't bet)
Seat 5: tintin641 folded before Flop (didn't bet)
Seat 6: Birdy318 folded before Flop



PokerStars Hand #254596877242:  Hold'em No Limit ($0.50/$1.00 USD) - 2025/01/28 21:17:12 WET [2025/01/28 16:17:12 ET]
Table 'Oceax' 6-max Seat #2 is the button
Seat 1: BGS013 ($120.18 in chips) 
Seat 2: Oli3579 ($100 in chips) 
Seat 3: henri789 ($111.25 in chips) 
Seat 4: avstero ($100 in chips) 
Seat 5: tintin641 ($171.77 in chips) 
Seat 6: Birdy318 ($112.20 in chips) 
henri789: posts small blind $0.50
avstero: posts big blind $1
*** HOLE CARDS ***
tintin641: folds 
Birdy318: folds 
BGS013: folds 
Oli3579: raises $1.25 to $2.25
henri789: folds 
avstero: folds 
Uncalled bet ($1.25) returned to Oli3579
Oli3579 collected $2.50 from pot
Oli3579: doesn't show hand 
*** SUMMARY ***
Total pot $2.50 | Rake $0 
Seat 1: BGS013 folded before Flop (didn't bet)
Seat 2: Oli3579 (button) collected ($2.50)
Seat 3: henri789 (small blind) folded before Flop
Seat 4: avstero (big blind) folded before Flop
Seat 5: tintin641 folded before Flop (didn't bet)
Seat 6: Birdy318 folded before Flop (didn't bet)



PokerStars Hand #254596882583:  Hold'em No Limit ($0.50/$1.00 USD) - 2025/01/28 21:17:28 WET [2025/01/28 16:17:28 ET]
Table 'Oceax' 6-max Seat #3 is the button
Seat 1: BGS013 ($120.18 in chips) 
Seat 2: Oli3579 ($101.50 in chips) 
Seat 3: henri789 ($110.75 in chips) 
Seat 4: avstero ($99 in chips) 
Seat 5: tintin641 ($171.77 in chips) 
Seat 6: Birdy318 ($112.20 in chips) 
avstero: posts small blind $0.50
tintin641: posts big blind $1
*** HOLE CARDS ***
Birdy318: folds 
BGS013: folds 
Oli3579: raises $1.25 to $2.25
henri789: folds 
avstero: folds 
tintin641: folds 
Uncalled bet ($1.25) returned to Oli3579
Oli3579 collected $2.50 from pot
Oli3579: doesn't show hand 
*** SUMMARY ***
Total pot $2.50 | Rake $0 
Seat 1: BGS013 folded before Flop (didn't bet)
Seat 2: Oli3579 collected ($2.50)
Seat 3: henri789 (button) folded before Flop (didn't bet)
Seat 4: avstero (small blind) folded before Flop
Seat 5: tintin641 (big blind) folded before Flop
Seat 6: Birdy318 folded before Flop (didn't bet)



PokerStars Hand #254596886196:  Hold'em No Limit ($0.50/$1.00 USD) - 2025/01/28 21:17:38 WET [2025/01/28 16:17:38 ET]
Table 'Oceax' 6-max Seat #4 is the button
Seat 1: BGS013 ($120.18 in chips) 
Seat 2: Oli3579 ($103 in chips) 
Seat 3: henri789 ($110.75 in chips) 
Seat 4: avstero ($100 in chips) 
Seat 5: tintin641 ($170.77 in chips) 
Seat 6: Birdy318 ($112.20 in chips) 
tintin641: posts small blind $0.50
Birdy318: posts big blind $1
*** HOLE CARDS ***
BGS013: folds 
Oli3579: folds 
henri789: folds 
avstero: folds 
tintin641: raises $2 to $3
Birdy318: calls $2
*** FLOP *** [9d Ks 3h]
tintin641: bets $1.88
Birdy318: calls $1.88
*** TURN *** [9d Ks 3h] [8c]
tintin641: bets $3.06
Birdy318: calls $3.06
*** RIVER *** [9d Ks 3h 8c] [4h]
tintin641: checks 
Birdy318: checks 
*** SHOW DOWN ***
tintin641: shows [Ts Qh] (high card King)
Birdy318: shows [Th As] (high card Ace)
Birdy318 collected $15.09 from pot
*** SUMMARY ***
Total pot $15.88 | Rake $0.79 
Board [9d Ks 3h 8c 4h]
Seat 1: BGS013 folded before Flop (didn't bet)
Seat 2: Oli3579 folded before Flop (didn't bet)
Seat 3: henri789 folded before Flop (didn't bet)
Seat 4: avstero (button) folded before Flop (didn't bet)
Seat 5: tintin641 (small blind) showed [Ts Qh] and lost with high card King
Seat 6: Birdy318 (big blind) showed [Th As] and won ($15.09) with high card Ace



PokerStars Hand #254596913707:  Hold'em No Limit ($0.50/$1.00 USD) - 2025/01/28 21:18:59 WET [2025/01/28 16:18:59 ET]
Table 'Oceax' 6-max Seat #5 is the button
Seat 1: BGS013 ($120.18 in chips) 
Seat 2: Oli3579 ($103 in chips) 
Seat 3: henri789 ($110.75 in chips) 
Seat 4: avstero ($100 in chips) 
Seat 5: tintin641 ($162.83 in chips) 
Seat 6: Birdy318 ($119.35 in chips) 
Birdy318: posts small blind $0.50
BGS013: posts big blind $1
*** HOLE CARDS ***
Oli3579: folds 
henri789: folds 
avstero: folds 
tintin641: folds 
Birdy318: raises $2 to $3
BGS013: folds 
Uncalled bet ($2) returned to Birdy318
Birdy318 collected $2 from pot
*** SUMMARY ***
Total pot $2 | Rake $0 
Seat 1: BGS013 (big blind) folded before Flop
Seat 2: Oli3579 folded before Flop (didn't bet)
Seat 3: henri789 folded before Flop (didn't bet)
Seat 4: avstero folded before Flop (didn't bet)
Seat 5: tintin641 (button) folded before Flop (didn't bet)
Seat 6: Birdy318 (small blind) collected ($2)



PokerStars Hand #254596919560:  Hold'em No Limit ($0.50/$1.00 USD) - 2025/01/28 21:19:17 WET [2025/01/28 16:19:17 ET]
Table 'Oceax' 6-max Seat #6 is the button
Seat 1: BGS013 ($119.18 in chips) 
Seat 2: Oli3579 ($103 in chips) 
Seat 3: henri789 ($110.75 in chips) 
Seat 4: avstero ($100 in chips) 
Seat 5: tintin641 ($162.83 in chips) 
Seat 6: Birdy318 ($120.35 in chips) 
BGS013: posts small blind $0.50
Oli3579: posts big blind $1
*** HOLE CARDS ***
henri789: folds 
avstero: raises $1.20 to $2.20
tintin641: folds 
Birdy318: calls $2.20
BGS013: folds 
Oli3579: folds 
*** FLOP *** [5s 3c Qh]
avstero: checks 
Birdy318: bets $2
avstero: calls $2
*** TURN *** [5s 3c Qh] [8c]
avstero: checks 
Birdy318: checks 
*** RIVER *** [5s 3c Qh 8c] [2s]
avstero: checks 
Birdy318: checks 
*** SHOW DOWN ***
avstero: shows [Kd 5d] (a pair of Fives)
Birdy318: mucks hand 
avstero collected $9.40 from pot
*** SUMMARY ***
Total pot $9.90 | Rake $0.50 
Board [5s 3c Qh 8c 2s]
Seat 1: BGS013 (small blind) folded before Flop
Seat 2: Oli3579 (big blind) folded before Flop
Seat 3: henri789 folded before Flop (didn't bet)
Seat 4: avstero showed [Kd 5d] and won ($9.40) with a pair of Fives
Seat 5: tintin641 folded before Flop (didn't bet)
Seat 6: Birdy318 (button) mucked



PokerStars Hand #254596945883:  Hold'em No Limit ($0.50/$1.00 USD) - 2025/01/28 21:20:35 WET [2025/01/28 16:20:35 ET]
Table 'Oceax' 6-max Seat #1 is the button
Seat 1: BGS013 ($118.68 in chips) 
Seat 2: Oli3579 ($102 in chips) 
Seat 3: henri789 ($110.75 in chips) 
Seat 4: avstero ($105.20 in chips) 
Seat 5: tintin641 ($162.83 in chips) 
Seat 6: Birdy318 ($116.15 in chips) 
Oli3579: posts small blind $0.50
henri789: posts big blind $1
*** HOLE CARDS ***
avstero: folds 
tintin641: folds 
Birdy318: folds 
BGS013: raises $1.50 to $2.50
Oli3579: folds 
henri789: raises $9.50 to $12
BGS013: folds 
Uncalled bet ($9.50) returned to henri789
henri789 collected $5.50 from pot
henri789: doesn't show hand 
*** SUMMARY ***
Total pot $5.50 | Rake $0 
Seat 1: BGS013 (button) folded before Flop
Seat 2: Oli3579 (small blind) folded before Flop
Seat 3: henri789 (big blind) collected ($5.50)
Seat 4: avstero folded before Flop (didn't bet)
Seat 5: tintin641 folded before Flop (didn't bet)
Seat 6: Birdy318 folded before Flop (didn't bet)



PokerStars Hand #254596956762:  Hold'em No Limit ($0.50/$1.00 USD) - 2025/01/28 21:21:07 WET [2025/01/28 16:21:07 ET]
Table 'Oceax' 6-max Seat #2 is the button
Seat 1: BGS013 ($116.18 in chips) 
Seat 2: Oli3579 ($101.50 in chips) 
Seat 3: henri789 ($113.75 in chips) 
Seat 4: avstero ($105.20 in chips) 
Seat 5: tintin641 ($162.83 in chips) 
Seat 6: Birdy318 ($116.15 in chips) 
henri789: posts small blind $0.50
avstero: posts big blind $1
*** HOLE CARDS ***
tintin641: folds 
Birdy318: folds 
BGS013: raises $1.50 to $2.50
Oli3579: folds 
henri789: folds 
avstero: folds 
Uncalled bet ($1.50) returned to BGS013
BGS013 collected $2.50 from pot
BGS013: doesn't show hand 
*** SUMMARY ***
Total pot $2.50 | Rake $0 
Seat 1: BGS013 collected ($2.50)
Seat 2: Oli3579 (button) folded before Flop (didn't bet)
Seat 3: henri789 (small blind) folded before Flop
Seat 4: avstero (big blind) folded before Flop
Seat 5: tintin641 folded before Flop (didn't bet)
Seat 6: Birdy318 folded before Flop (didn't bet)



PokerStars Hand #254596961680:  Hold'em No Limit ($0.50/$1.00 USD) - 2025/01/28 21:21:22 WET [2025/01/28 16:21:22 ET]
Table 'Oceax' 6-max Seat #3 is the button
Seat 5: tintin641 ($162.83 in chips) is sitting out
Seat 1: BGS013 ($117.68 in chips) 
Seat 2: Oli3579 ($101.50 in chips) 
Seat 3: henri789 ($113.25 in chips) 
Seat 4: avstero ($104.20 in chips) 
Seat 6: Birdy318 ($116.15 in chips) 
avstero: posts small blind $0.50
tintin641: is sitting out 
Birdy318: posts big blind $1
*** HOLE CARDS ***
tintin641 leaves the table
BGS013: folds 
Oli3579: folds 
henri789: folds 
avstero: folds 
Uncalled bet ($0.50) returned to Birdy318
Birdy318 collected $1 from pot
*** SUMMARY ***
Total pot $1 | Rake $0 
Seat 5: tintin641
Seat 1: BGS013 folded before Flop (didn't bet)
Seat 2: Oli3579 folded before Flop (didn't bet)
Seat 3: henri789 (button) folded before Flop (didn't bet)
Seat 4: avstero (small blind) folded before Flop
Seat 6: Birdy318 (big blind) collected ($1)



PokerStars Hand #254596967958:  Hold'em No Limit ($0.50/$1.00 USD) - 2025/01/28 21:21:41 WET [2025/01/28 16:21:41 ET]
Table 'Oceax' 6-max Seat #4 is the button
Seat 1: BGS013 ($117.68 in chips) 
Seat 2: Oli3579 ($101.50 in chips) 
Seat 3: henri789 ($113.25 in chips) 
Seat 4: avstero ($103.70 in chips) 
Seat 6: Birdy318 ($116.65 in chips) 
Birdy318: posts small blind $0.50
BGS013: posts big blind $1
*** HOLE CARDS ***
kvcsszblcs joins the table at seat #5 
Oli3579: folds 
henri789: folds 
avstero: folds 
Birdy318: folds 
Uncalled bet ($0.50) returned to BGS013
BGS013 collected $1 from pot
BGS013: doesn't show hand 
*** SUMMARY ***
Total pot $1 | Rake $0 
Seat 1: BGS013 (big blind) collected ($1)
Seat 2: Oli3579 folded before Flop (didn't bet)
Seat 3: henri789 folded before Flop (didn't bet)
Seat 4: avstero (button) folded before Flop (didn't bet)
Seat 6: Birdy318 (small blind) folded before Flop



PokerStars Hand #254596972956:  Hold'em No Limit ($0.50/$1.00 USD) - 2025/01/28 21:21:55 WET [2025/01/28 16:21:55 ET]
Table 'Oceax' 6-max Seat #6 is the button
Seat 5: kvcsszblcs ($100 in chips) is sitting out
Seat 1: BGS013 ($118.18 in chips) 
Seat 2: Oli3579 ($101.50 in chips) 
Seat 3: henri789 ($113.25 in chips) 
Seat 4: avstero ($103.70 in chips) 
Seat 6: Birdy318 ($116.15 in chips) 
BGS013: posts small blind $0.50
Oli3579: posts big blind $1
kvcsszblcs: sits out 
*** HOLE CARDS ***
henri789: folds 
avstero: folds 
Birdy318: folds 
BGS013: folds 
Uncalled bet ($0.50) returned to Oli3579
Oli3579 collected $1 from pot
Oli3579: doesn't show hand 
*** SUMMARY ***
Total pot $1 | Rake $0 
Seat 5: kvcsszblcs
Seat 1: BGS013 (small blind) folded before Flop
Seat 2: Oli3579 (big blind) collected ($1)
Seat 3: henri789 folded before Flop (didn't bet)
Seat 4: avstero folded before Flop (didn't bet)
Seat 6: Birdy318 (button) folded before Flop (didn't bet)



PokerStars Hand #254596976080:  Hold'em No Limit ($0.50/$1.00 USD) - 2025/01/28 21:22:04 WET [2025/01/28 16:22:04 ET]
Table 'Oceax' 6-max Seat #1 is the button
Seat 5: kvcsszblcs ($100 in chips) is sitting out
Seat 1: BGS013 ($117.68 in chips) 
Seat 2: Oli3579 ($102 in chips) 
Seat 3: henri789 ($113.25 in chips) 
Seat 4: avstero ($103.70 in chips) 
Seat 6: Birdy318 ($116.15 in chips) 
Oli3579: posts small blind $0.50
henri789: posts big blind $1
kvcsszblcs: sits out 
*** HOLE CARDS ***
avstero: folds 
Birdy318: folds 
BGS013: raises $1.50 to $2.50
Oli3579: folds 
henri789: calls $1.50
*** FLOP *** [4s Tc 3s]
henri789: checks 
BGS013: bets $3
henri789: calls $3
*** TURN *** [4s Tc 3s] [Td]
henri789: checks 
BGS013: bets $8.52
henri789: calls $8.52
*** RIVER *** [4s Tc 3s Td] [3c]
henri789: checks 
BGS013: checks 
*** SHOW DOWN ***
henri789: shows [Qs Th] (a full house, Tens full of Threes)
BGS013: mucks hand 
henri789 collected $27.11 from pot
*** SUMMARY ***
Total pot $28.54 | Rake $1.43 
Board [4s Tc 3s Td 3c]
Seat 5: kvcsszblcs
Seat 1: BGS013 (button) mucked
Seat 2: Oli3579 (small blind) folded before Flop
Seat 3: henri789 (big blind) showed [Qs Th] and won ($27.11) with a full house, Tens full of Threes
Seat 4: avstero folded before Flop (didn't bet)
Seat 6: Birdy318 folded before Flop (didn't bet)



PokerStars Hand #254597010848:  Hold'em No Limit ($0.50/$1.00 USD) - 2025/01/28 21:23:48 WET [2025/01/28 16:23:48 ET]
Table 'Oceax' 6-max Seat #2 is the button
Seat 5: kvcsszblcs ($100 in chips) is sitting out
Seat 1: BGS013 ($103.66 in chips) 
Seat 2: Oli3579 ($101.50 in chips) 
Seat 3: henri789 ($126.34 in chips) 
Seat 4: avstero ($103.70 in chips) 
Seat 6: Birdy318 ($116.15 in chips) 
henri789: posts small blind $0.50
avstero: posts big blind $1
kvcsszblcs: sits out 
*** HOLE CARDS ***
Birdy318: raises $2 to $3
BGS013: folds 
Oli3579: folds 
henri789: folds 
avstero: folds 
Uncalled bet ($2) returned to Birdy318
Birdy318 collected $2.50 from pot
*** SUMMARY ***
Total pot $2.50 | Rake $0 
Seat 5: kvcsszblcs
Seat 1: BGS013 folded before Flop (didn't bet)
Seat 2: Oli3579 (button) folded before Flop (didn't bet)
Seat 3: henri789 (small blind) folded before Flop
Seat 4: avstero (big blind) folded before Flop
Seat 6: Birdy318 collected ($2.50)



PokerStars Hand #254597016763:  Hold'em No Limit ($0.50/$1.00 USD) - 2025/01/28 21:24:06 WET [2025/01/28 16:24:06 ET]
Table 'Oceax' 6-max Seat #3 is the button
Seat 1: BGS013 ($103.66 in chips) 
Seat 2: Oli3579 ($101.50 in chips) 
Seat 3: henri789 ($125.84 in chips) 
Seat 4: avstero ($102.70 in chips) 
Seat 5: kvcsszblcs ($100 in chips) 
Seat 6: Birdy318 ($117.65 in chips) 
avstero: posts small blind $0.50
kvcsszblcs: posts big blind $1
*** HOLE CARDS ***
Birdy318: raises $2 to $3
BGS013: raises $5 to $8
Oli3579: folds 
henri789: folds 
avstero: folds 
kvcsszblcs: folds 
Birdy318: calls $5
*** FLOP *** [7h 9s 8h]
Birdy318: checks 
BGS013: bets $4.32
Birdy318: calls $4.32
*** TURN *** [7h 9s 8h] [5d]
Birdy318: bets $10
BGS013: calls $10
*** RIVER *** [7h 9s 8h 5d] [4h]
Birdy318: bets $25
BGS013: folds 
Uncalled bet ($25) returned to Birdy318
Birdy318 collected $43.83 from pot
*** SUMMARY ***
Total pot $46.14 | Rake $2.31 
Board [7h 9s 8h 5d 4h]
Seat 1: BGS013 folded on the River
Seat 2: Oli3579 folded before Flop (didn't bet)
Seat 3: henri789 (button) folded before Flop (didn't bet)
Seat 4: avstero (small blind) folded before Flop
Seat 5: kvcsszblcs (big blind) folded before Flop
Seat 6: Birdy318 collected ($43.83)



PokerStars Hand #254597057504:  Hold'em No Limit ($0.50/$1.00 USD) - 2025/01/28 21:26:07 WET [2025/01/28 16:26:07 ET]
Table 'Oceax' 6-max Seat #4 is the button
Seat 1: BGS013 ($100 in chips) 
Seat 2: Oli3579 ($101.50 in chips) 
Seat 3: henri789 ($125.84 in chips) 
Seat 4: avstero ($102.20 in chips) 
Seat 5: kvcsszblcs ($100 in chips) 
Seat 6: Birdy318 ($139.16 in chips) 
kvcsszblcs: posts small blind $0.50
Birdy318: posts big blind $1
*** HOLE CARDS ***
BGS013: raises $1 to $2
Oli3579: folds 
henri789: folds 
avstero: folds 
kvcsszblcs: folds 
Birdy318: folds 
Uncalled bet ($1) returned to BGS013
BGS013 collected $2.50 from pot
BGS013: doesn't show hand 
*** SUMMARY ***
Total pot $2.50 | Rake $0 
Seat 1: BGS013 collected ($2.50)
Seat 2: Oli3579 folded before Flop (didn't bet)
Seat 3: henri789 folded before Flop (didn't bet)
Seat 4: avstero (button) folded before Flop (didn't bet)
Seat 5: kvcsszblcs (small blind) folded before Flop
Seat 6: Birdy318 (big blind) folded before Flop



PokerStars Hand #254597061224:  Hold'em No Limit ($0.50/$1.00 USD) - 2025/01/28 21:26:18 WET [2025/01/28 16:26:18 ET]
Table 'Oceax' 6-max Seat #5 is the button
Seat 1: BGS013 ($101.50 in chips) 
Seat 2: Oli3579 ($101.50 in chips) 
Seat 3: henri789 ($125.84 in chips) 
Seat 4: avstero ($102.20 in chips) 
Seat 5: kvcsszblcs ($100 in chips) 
Seat 6: Birdy318 ($138.16 in chips) 
Birdy318: posts small blind $0.50
BGS013: posts big blind $1
*** HOLE CARDS ***
Oli3579: folds 
henri789: folds 
avstero: folds 
kvcsszblcs: folds 
Birdy318: folds 
Uncalled bet ($0.50) returned to BGS013
BGS013 collected $1 from pot
BGS013: doesn't show hand 
*** SUMMARY ***
Total pot $1 | Rake $0 
Seat 1: BGS013 (big blind) collected ($1)
Seat 2: Oli3579 folded before Flop (didn't bet)
Seat 3: henri789 folded before Flop (didn't bet)
Seat 4: avstero folded before Flop (didn't bet)
Seat 5: kvcsszblcs (button) folded before Flop (didn't bet)
Seat 6: Birdy318 (small blind) folded before Flop



PokerStars Hand #254597065744:  Hold'em No Limit ($0.50/$1.00 USD) - 2025/01/28 21:26:32 WET [2025/01/28 16:26:32 ET]
Table 'Oceax' 6-max Seat #6 is the button
Seat 1: BGS013 ($102 in chips) 
Seat 2: Oli3579 ($101.50 in chips) 
Seat 3: henri789 ($125.84 in chips) 
Seat 4: avstero ($102.20 in chips) 
Seat 5: kvcsszblcs ($100 in chips) 
Seat 6: Birdy318 ($137.66 in chips) 
BGS013: posts small blind $0.50
Oli3579: posts big blind $1
*** HOLE CARDS ***
henri789: folds 
avstero: folds 
kvcsszblcs: folds 
Birdy318: folds 
BGS013: folds 
Uncalled bet ($0.50) returned to Oli3579
Oli3579 collected $1 from pot
Oli3579: doesn't show hand 
*** SUMMARY ***
Total pot $1 | Rake $0 
Seat 1: BGS013 (small blind) folded before Flop
Seat 2: Oli3579 (big blind) collected ($1)
Seat 3: henri789 folded before Flop (didn't bet)
Seat 4: avstero folded before Flop (didn't bet)
Seat 5: kvcsszblcs folded before Flop (didn't bet)
Seat 6: Birdy318 (button) folded before Flop (didn't bet)



PokerStars Hand #254597070034:  Hold'em No Limit ($0.50/$1.00 USD) - 2025/01/28 21:26:45 WET [2025/01/28 16:26:45 ET]
Table 'Oceax' 6-max Seat #1 is the button
Seat 1: BGS013 ($101.50 in chips) 
Seat 2: Oli3579 ($102 in chips) 
Seat 3: henri789 ($125.84 in chips) 
Seat 4: avstero ($102.20 in chips) 
Seat 5: kvcsszblcs ($100 in chips) 
Seat 6: Birdy318 ($137.66 in chips) 
Oli3579: posts small blind $0.50
henri789: posts big blind $1
*** HOLE CARDS ***
avstero: folds 
kvcsszblcs: folds 
Birdy318: folds 
BGS013: folds 
Oli3579: raises $2 to $3
henri789: calls $2
*** FLOP *** [Tc 4d Ks]
Oli3579: bets $1.88
henri789: folds 
Uncalled bet ($1.88) returned to Oli3579
Oli3579 collected $5.70 from pot
Oli3579: doesn't show hand 
*** SUMMARY ***
Total pot $6 | Rake $0.30 
Board [Tc 4d Ks]
Seat 1: BGS013 (button) folded before Flop (didn't bet)
Seat 2: Oli3579 (small blind) collected ($5.70)
Seat 3: henri789 (big blind) folded on the Flop
Seat 4: avstero folded before Flop (didn't bet)
Seat 5: kvcsszblcs folded before Flop (didn't bet)
Seat 6: Birdy318 folded before Flop (didn't bet)



PokerStars Hand #254597081093:  Hold'em No Limit ($0.50/$1.00 USD) - 2025/01/28 21:27:17 WET [2025/01/28 16:27:17 ET]
Table 'Oceax' 6-max Seat #2 is the button
Seat 1: BGS013 ($101.50 in chips) 
Seat 2: Oli3579 ($104.70 in chips) 
Seat 3: henri789 ($122.84 in chips) 
Seat 4: avstero ($102.20 in chips) 
Seat 5: kvcsszblcs ($100 in chips) 
Seat 6: Birdy318 ($137.66 in chips) 
henri789: posts small blind $0.50
avstero: posts big blind $1
*** HOLE CARDS ***
kvcsszblcs: folds 
Birdy318: folds 
BGS013: folds 
Oli3579: raises $1.25 to $2.25
henri789: folds 
avstero: folds 
Uncalled bet ($1.25) returned to Oli3579
Oli3579 collected $2.50 from pot
Oli3579: doesn't show hand 
*** SUMMARY ***
Total pot $2.50 | Rake $0 
Seat 1: BGS013 folded before Flop (didn't bet)
Seat 2: Oli3579 (button) collected ($2.50)
Seat 3: henri789 (small blind) folded before Flop
Seat 4: avstero (big blind) folded before Flop
Seat 5: kvcsszblcs folded before Flop (didn't bet)
Seat 6: Birdy318 folded before Flop (didn't bet)



PokerStars Hand #254597090598:  Hold'em No Limit ($0.50/$1.00 USD) - 2025/01/28 21:27:46 WET [2025/01/28 16:27:46 ET]
Table 'Oceax' 6-max Seat #3 is the button
Seat 1: BGS013 ($101.50 in chips) 
Seat 2: Oli3579 ($106.20 in chips) 
Seat 3: henri789 ($122.34 in chips) 
Seat 4: avstero ($101.20 in chips) 
Seat 5: kvcsszblcs ($100 in chips) 
Seat 6: Birdy318 ($137.66 in chips) 
avstero: posts small blind $0.50
kvcsszblcs: posts big blind $1
*** HOLE CARDS ***
Birdy318: folds 
BGS013: folds 
Oli3579: folds 
henri789: folds 
avstero: raises $1.80 to $2.80
kvcsszblcs: folds 
Uncalled bet ($1.80) returned to avstero
avstero collected $2 from pot
avstero: doesn't show hand 
*** SUMMARY ***
Total pot $2 | Rake $0 
Seat 1: BGS013 folded before Flop (didn't bet)
Seat 2: Oli3579 folded before Flop (didn't bet)
Seat 3: henri789 (button) folded before Flop (didn't bet)
Seat 4: avstero (small blind) collected ($2)
Seat 5: kvcsszblcs (big blind) folded before Flop
Seat 6: Birdy318 folded before Flop (didn't bet)



PokerStars Hand #254597096915:  Hold'em No Limit ($0.50/$1.00 USD) - 2025/01/28 21:28:05 WET [2025/01/28 16:28:05 ET]
Table 'Oceax' 6-max Seat #4 is the button
Seat 1: BGS013 ($101.50 in chips) 
Seat 2: Oli3579 ($106.20 in chips) 
Seat 3: henri789 ($122.34 in chips) 
Seat 4: avstero ($102.20 in chips) 
Seat 5: kvcsszblcs ($100 in chips) 
Seat 6: Birdy318 ($137.66 in chips) 
kvcsszblcs: posts small blind $0.50
Birdy318: posts big blind $1
*** HOLE CARDS ***
BGS013: folds 
Oli3579: folds 
henri789: raises $1.20 to $2.20
avstero: folds 
kvcsszblcs: folds 
Birdy318: folds 
Uncalled bet ($1.20) returned to henri789
henri789 collected $2.50 from pot
henri789: doesn't show hand 
*** SUMMARY ***
Total pot $2.50 | Rake $0 
Seat 1: BGS013 folded before Flop (didn't bet)
Seat 2: Oli3579 folded before Flop (didn't bet)
Seat 3: henri789 collected ($2.50)
Seat 4: avstero (button) folded before Flop (didn't bet)
Seat 5: kvcsszblcs (small blind) folded before Flop
Seat 6: Birdy318 (big blind) folded before Flop



PokerStars Hand #254597101403:  Hold'em No Limit ($0.50/$1.00 USD) - 2025/01/28 21:28:19 WET [2025/01/28 16:28:19 ET]
Table 'Oceax' 6-max Seat #5 is the button
Seat 1: BGS013 ($101.50 in chips) 
Seat 2: Oli3579 ($106.20 in chips) 
Seat 3: henri789 ($123.84 in chips) 
Seat 4: avstero ($102.20 in chips) 
Seat 5: kvcsszblcs ($100 in chips) 
Seat 6: Birdy318 ($136.66 in chips) 
Birdy318: posts small blind $0.50
BGS013: posts big blind $1
*** HOLE CARDS ***
Oli3579: folds 
henri789: raises $1.20 to $2.20
avstero: raises $5 to $7.20
kvcsszblcs: folds 
Birdy318: folds 
BGS013: folds 
henri789: folds 
Uncalled bet ($5) returned to avstero
avstero collected $5.90 from pot
avstero: doesn't show hand 
*** SUMMARY ***
Total pot $5.90 | Rake $0 
Seat 1: BGS013 (big blind) folded before Flop
Seat 2: Oli3579 folded before Flop (didn't bet)
Seat 3: henri789 folded before Flop
Seat 4: avstero collected ($5.90)
Seat 5: kvcsszblcs (button) folded before Flop (didn't bet)
Seat 6: Birdy318 (small blind) folded before Flop



PokerStars Hand #254597115399:  Hold'em No Limit ($0.50/$1.00 USD) - 2025/01/28 21:29:00 WET [2025/01/28 16:29:00 ET]
Table 'Oceax' 6-max Seat #6 is the button
Seat 1: BGS013 ($100.50 in chips) 
Seat 2: Oli3579 ($106.20 in chips) 
Seat 3: henri789 ($121.64 in chips) 
Seat 4: avstero ($105.90 in chips) 
Seat 5: kvcsszblcs ($100 in chips) 
Seat 6: Birdy318 ($136.16 in chips) 
BGS013: posts small blind $0.50
Oli3579: posts big blind $1
*** HOLE CARDS ***
henri789: folds 
avstero: folds 
kvcsszblcs: raises $1 to $2
Birdy318: folds 
BGS013: folds 
Oli3579: folds 
Uncalled bet ($1) returned to kvcsszblcs
kvcsszblcs collected $2.50 from pot
kvcsszblcs: doesn't show hand 
*** SUMMARY ***
Total pot $2.50 | Rake $0 
Seat 1: BGS013 (small blind) folded before Flop
Seat 2: Oli3579 (big blind) folded before Flop
Seat 3: henri789 folded before Flop (didn't bet)
Seat 4: avstero folded before Flop (didn't bet)
Seat 5: kvcsszblcs collected ($2.50)
Seat 6: Birdy318 (button) folded before Flop (didn't bet)



PokerStars Hand #254597121651:  Hold'em No Limit ($0.50/$1.00 USD) - 2025/01/28 21:29:19 WET [2025/01/28 16:29:19 ET]
Table 'Oceax' 6-max Seat #1 is the button
Seat 1: BGS013 ($100 in chips) 
Seat 2: Oli3579 ($105.20 in chips) 
Seat 3: henri789 ($121.64 in chips) 
Seat 4: avstero ($105.90 in chips) 
Seat 5: kvcsszblcs ($101.50 in chips) 
Seat 6: Birdy318 ($136.16 in chips) 
Oli3579: posts small blind $0.50
henri789: posts big blind $1
*** HOLE CARDS ***
avstero: folds 
kvcsszblcs: folds 
Birdy318: folds 
BGS013: raises $1.50 to $2.50
Oli3579: raises $8.50 to $11
henri789: folds 
BGS013: calls $8.50
*** FLOP *** [3h Jc Ks]
Oli3579: bets $7.21
BGS013: folds 
Uncalled bet ($7.21) returned to Oli3579
Oli3579 collected $21.85 from pot
Oli3579: doesn't show hand 
*** SUMMARY ***
Total pot $23 | Rake $1.15 
Board [3h Jc Ks]
Seat 1: BGS013 (button) folded on the Flop
Seat 2: Oli3579 (small blind) collected ($21.85)
Seat 3: henri789 (big blind) folded before Flop
Seat 4: avstero folded before Flop (didn't bet)
Seat 5: kvcsszblcs folded before Flop (didn't bet)
Seat 6: Birdy318 folded before Flop (didn't bet)



