PokerStars Hand #254590860659:  Hold'em No Limit ($0.50/$1.00 USD) - 2025/01/28 6:55:23 WET [2025/01/28 1:55:23 ET]
Table 'Vigdis IV' 6-max Seat #2 is the button
Seat 1: valmble ($10 in chips) 
Seat 2: Nosebleed4rollz ($100 in chips) 
Nosebleed4rollz: posts small blind $0.50
valmble: posts big blind $1
*** HOLE CARDS ***
Nosebleed4rollz: folds 
Uncalled bet ($0.50) returned to valmble
valmble collected $1 from pot
valmble: doesn't show hand 
*** SUMMARY ***
Total pot $1 | Rake $0 
Seat 1: valmble (big blind) collected ($1)
Seat 2: Nosebleed4rollz (button) (small blind) folded before Flop



PokerStars Hand #254590909751:  Hold'em No Limit ($0.50/$1.00 USD) - 2025/01/28 7:07:55 WET [2025/01/28 2:07:55 ET]
Table 'Vigdis IV' 6-max Seat #4 is the button
Seat 1: KeR888 ($100 in chips) 
Seat 2: ptolejmus ($10 in chips) 
Seat 4: Dalila200 ($15.45 in chips) 
Seat 5: B1GBankroll ($100 in chips) 
B1GBankroll: posts small blind $0.50
KeR888: posts big blind $1
*** HOLE CARDS ***
ptolejmus: folds 
Dalila200: folds 
B1GBankroll: raises $2 to $3
KeR888: calls $2
*** FLOP *** [4s 9c 2h]
B1GBankroll: bets $2.79
KeR888: folds 
Uncalled bet ($2.79) returned to B1GBankroll
B1GBankroll collected $5.70 from pot
B1GBankroll: doesn't show hand 
*** SUMMARY ***
Total pot $6 | Rake $0.30 
Board [4s 9c 2h]
Seat 1: KeR888 (big blind) folded on the Flop
Seat 2: ptolejmus folded before Flop (didn't bet)
Seat 4: Dalila200 (button) folded before Flop (didn't bet)
Seat 5: B1GBankroll (small blind) collected ($5.70)



PokerStars Hand #254590911703:  Hold'em No Limit ($0.50/$1.00 USD) - 2025/01/28 7:08:24 WET [2025/01/28 2:08:24 ET]
Table 'Vigdis IV' 6-max Seat #5 is the button
Seat 1: KeR888 ($100 in chips) 
Seat 2: ptolejmus ($10 in chips) 
Seat 4: Dalila200 ($15.45 in chips) 
Seat 5: B1GBankroll ($102.70 in chips) 
KeR888: posts small blind $0.50
ptolejmus: posts big blind $1
*** HOLE CARDS ***
Dalila200: calls $1
B1GBankroll: folds 
KeR888: calls $0.50
ptolejmus: checks 
*** FLOP *** [9s 7h Tc]
KeR888: checks 
ptolejmus: checks 
Dalila200: checks 
*** TURN *** [9s 7h Tc] [4c]
KeR888: checks 
ptolejmus: checks 
Dalila200: checks 
*** RIVER *** [9s 7h Tc 4c] [Ks]
KeR888: checks 
ptolejmus: checks 
Dalila200: bets $4
4ikkiBamBoni joins the table at seat #6 
KeR888: folds 
ptolejmus: folds 
Uncalled bet ($4) returned to Dalila200
Dalila200 collected $2.85 from pot
*** SUMMARY ***
Total pot $3 | Rake $0.15 
Board [9s 7h Tc 4c Ks]
Seat 1: KeR888 (small blind) folded on the River
Seat 2: ptolejmus (big blind) folded on the River
Seat 4: Dalila200 collected ($2.85)
Seat 5: B1GBankroll (button) folded before Flop (didn't bet)



PokerStars Hand #254590915930:  Hold'em No Limit ($0.50/$1.00 USD) - 2025/01/28 7:09:26 WET [2025/01/28 2:09:26 ET]
Table 'Vigdis IV' 6-max Seat #1 is the button
Seat 6: 4ikkiBamBoni ($100 in chips) is sitting out
Seat 1: KeR888 ($100 in chips) 
Seat 2: ptolejmus ($10 in chips) 
Seat 4: Dalila200 ($17.30 in chips) 
Seat 5: B1GBankroll ($102.70 in chips) 
ptolejmus: posts small blind $0.50
Dalila200: posts big blind $1
4ikkiBamBoni: sits out 
*** HOLE CARDS ***
B1GBankroll: folds 
KeR888: folds 
ptolejmus: folds 
Uncalled bet ($0.50) returned to Dalila200
Dalila200 collected $1 from pot
*** SUMMARY ***
Total pot $1 | Rake $0 
Seat 6: 4ikkiBamBoni
Seat 1: KeR888 (button) folded before Flop (didn't bet)
Seat 2: ptolejmus (small blind) folded before Flop
Seat 4: Dalila200 (big blind) collected ($1)
Seat 5: B1GBankroll folded before Flop (didn't bet)



PokerStars Hand #254590917039:  Hold'em No Limit ($0.50/$1.00 USD) - 2025/01/28 7:09:42 WET [2025/01/28 2:09:42 ET]
Table 'Vigdis IV' 6-max Seat #2 is the button
Seat 6: 4ikkiBamBoni ($100 in chips) is sitting out
Seat 1: KeR888 ($100 in chips) 
Seat 2: ptolejmus ($10 in chips) 
Seat 4: Dalila200 ($17.80 in chips) 
Seat 5: B1GBankroll ($102.70 in chips) 
Dalila200: posts small blind $0.50
B1GBankroll: posts big blind $1
4ikkiBamBoni: sits out 
*** HOLE CARDS ***
KeR888: folds 
ptolejmus: folds 
Dalila200: calls $0.50
B1GBankroll: checks 
*** FLOP *** [4d Kd 9d]
Dalila200: checks 
B1GBankroll: bets $1
Dalila200: calls $1
*** TURN *** [4d Kd 9d] [Th]
Dalila200: checks 
B1GBankroll: checks 
*** RIVER *** [4d Kd 9d Th] [9h]
Dalila200: checks 
B1GBankroll: bets $2.81
Dalila200: folds 
Uncalled bet ($2.81) returned to B1GBankroll
B1GBankroll collected $3.80 from pot
B1GBankroll: doesn't show hand 
*** SUMMARY ***
Total pot $4 | Rake $0.20 
Board [4d Kd 9d Th 9h]
Seat 6: 4ikkiBamBoni
Seat 1: KeR888 folded before Flop (didn't bet)
Seat 2: ptolejmus (button) folded before Flop (didn't bet)
Seat 4: Dalila200 (small blind) folded on the River
Seat 5: B1GBankroll (big blind) collected ($3.80)



PokerStars Hand #254590920983:  Hold'em No Limit ($0.50/$1.00 USD) - 2025/01/28 7:10:39 WET [2025/01/28 2:10:39 ET]
Table 'Vigdis IV' 6-max Seat #4 is the button
Seat 1: KeR888 ($100 in chips) 
Seat 2: ptolejmus ($10 in chips) 
Seat 4: Dalila200 ($15.80 in chips) 
Seat 5: B1GBankroll ($104.50 in chips) 
Seat 6: 4ikkiBamBoni ($100 in chips) 
B1GBankroll: posts small blind $0.50
4ikkiBamBoni: posts big blind $1
*** HOLE CARDS ***
KeR888: raises $1.20 to $2.20
ptolejmus: folds 
Dalila200: calls $2.20
B1GBankroll: folds 
4ikkiBamBoni: folds 
*** FLOP *** [Qd 5h 4c]
KeR888: checks 
Dalila200: bets $3
KeR888: calls $3
*** TURN *** [Qd 5h 4c] [2c]
KeR888: checks 
Dalila200: checks 
*** RIVER *** [Qd 5h 4c 2c] [7h]
KeR888: checks 
Dalila200: checks 
*** SHOW DOWN ***
KeR888: shows [Ad Td] (high card Ace)
Dalila200: shows [Kd Ah] (high card Ace - King kicker)
Dalila200 collected $11.30 from pot
*** SUMMARY ***
Total pot $11.90 | Rake $0.60 
Board [Qd 5h 4c 2c 7h]
Seat 1: KeR888 showed [Ad Td] and lost with high card Ace
Seat 2: ptolejmus folded before Flop (didn't bet)
Seat 4: Dalila200 (button) showed [Kd Ah] and won ($11.30) with high card Ace
Seat 5: B1GBankroll (small blind) folded before Flop
Seat 6: 4ikkiBamBoni (big blind) folded before Flop



PokerStars Hand #254590924307:  Hold'em No Limit ($0.50/$1.00 USD) - 2025/01/28 7:11:28 WET [2025/01/28 2:11:28 ET]
Table 'Vigdis IV' 6-max Seat #5 is the button
Seat 1: KeR888 ($100 in chips) 
Seat 2: ptolejmus ($10 in chips) 
Seat 4: Dalila200 ($21.90 in chips) 
Seat 5: B1GBankroll ($104 in chips) 
Seat 6: 4ikkiBamBoni ($100 in chips) 
4ikkiBamBoni: posts small blind $0.50
KeR888: posts big blind $1
*** HOLE CARDS ***
ptolejmus: folds 
Dalila200: calls $1
B1GBankroll: raises $3 to $4
4ikkiBamBoni: folds 
KeR888: folds 
Dalila200: folds 
Uncalled bet ($3) returned to B1GBankroll
B1GBankroll collected $3.50 from pot
B1GBankroll: doesn't show hand 
*** SUMMARY ***
Total pot $3.50 | Rake $0 
Seat 1: KeR888 (big blind) folded before Flop
Seat 2: ptolejmus folded before Flop (didn't bet)
Seat 4: Dalila200 folded before Flop
Seat 5: B1GBankroll (button) collected ($3.50)
Seat 6: 4ikkiBamBoni (small blind) folded before Flop



PokerStars Hand #254590925631:  Hold'em No Limit ($0.50/$1.00 USD) - 2025/01/28 7:11:47 WET [2025/01/28 2:11:47 ET]
Table 'Vigdis IV' 6-max Seat #6 is the button
Seat 2: ptolejmus ($10 in chips) is sitting out
Seat 1: KeR888 ($100 in chips) 
Seat 4: Dalila200 ($20.90 in chips) 
Seat 5: B1GBankroll ($106.50 in chips) 
Seat 6: 4ikkiBamBoni ($100 in chips) 
KeR888: posts small blind $0.50
ptolejmus: is sitting out 
Dalila200: posts big blind $1
*** HOLE CARDS ***
B1GBankroll: raises $1.50 to $2.50
4ikkiBamBoni: folds 
KeR888: folds 
Dalila200: folds 
Uncalled bet ($1.50) returned to B1GBankroll
B1GBankroll collected $2.50 from pot
B1GBankroll: doesn't show hand 
*** SUMMARY ***
Total pot $2.50 | Rake $0 
Seat 2: ptolejmus
Seat 1: KeR888 (small blind) folded before Flop
Seat 4: Dalila200 (big blind) folded before Flop
Seat 5: B1GBankroll collected ($2.50)
Seat 6: 4ikkiBamBoni (button) folded before Flop (didn't bet)



PokerStars Hand #254590926649:  Hold'em No Limit ($0.50/$1.00 USD) - 2025/01/28 7:12:02 WET [2025/01/28 2:12:02 ET]
Table 'Vigdis IV' 6-max Seat #1 is the button
Seat 2: ptolejmus ($10 in chips) is sitting out
Seat 1: KeR888 ($100 in chips) 
Seat 4: Dalila200 ($19.90 in chips) 
Seat 5: B1GBankroll ($108 in chips) 
Seat 6: 4ikkiBamBoni ($100 in chips) 
Dalila200: posts small blind $0.50
B1GBankroll: posts big blind $1
*** HOLE CARDS ***
4ikkiBamBoni: raises $1.45 to $2.45
KeR888: folds 
Dalila200: folds 
ptolejmus leaves the table
B1GBankroll: calls $1.45
*** FLOP *** [8h 6h Qd]
B1GBankroll: checks 
4ikkiBamBoni: bets $1.69
B1GBankroll: calls $1.69
*** TURN *** [8h 6h Qd] [8s]
B1GBankroll: checks 
4ikkiBamBoni: checks 
*** RIVER *** [8h 6h Qd 8s] [3s]
MaRKiToScoK joins the table at seat #2 
B1GBankroll: bets $6.17
4ikkiBamBoni: folds 
Uncalled bet ($6.17) returned to B1GBankroll
B1GBankroll collected $8.34 from pot
B1GBankroll: doesn't show hand 
*** SUMMARY ***
Total pot $8.78 | Rake $0.44 
Board [8h 6h Qd 8s 3s]
Seat 2: ptolejmus
Seat 1: KeR888 (button) folded before Flop (didn't bet)
Seat 4: Dalila200 (small blind) folded before Flop
Seat 5: B1GBankroll (big blind) collected ($8.34)
Seat 6: 4ikkiBamBoni folded on the River



PokerStars Hand #254590929989:  Hold'em No Limit ($0.50/$1.00 USD) - 2025/01/28 7:12:51 WET [2025/01/28 2:12:51 ET]
Table 'Vigdis IV' 6-max Seat #4 is the button
Seat 2: MaRKiToScoK ($100 in chips) is sitting out
Seat 1: KeR888 ($100 in chips) 
Seat 4: Dalila200 ($19.40 in chips) 
Seat 5: B1GBankroll ($112.20 in chips) 
Seat 6: 4ikkiBamBoni ($100 in chips) 
B1GBankroll: posts small blind $0.50
4ikkiBamBoni: posts big blind $1
MaRKiToScoK: sits out 
*** HOLE CARDS ***
KeR888: folds 
Dalila200: folds 
B1GBankroll: raises $2 to $3
4ikkiBamBoni: calls $2
*** FLOP *** [9s 4c 5s]
B1GBankroll: bets $5.07
4ikkiBamBoni: calls $5.07
*** TURN *** [9s 4c 5s] [6c]
B1GBankroll: bets $13.64
4ikkiBamBoni: calls $13.64
*** RIVER *** [9s 4c 5s 6c] [Kd]
B1GBankroll: checks 
4ikkiBamBoni: bets $31.82
B1GBankroll: calls $31.82
*** SHOW DOWN ***
4ikkiBamBoni: shows [6h 9h] (two pair, Nines and Sixes)
B1GBankroll: shows [4h 4s] (three of a kind, Fours)
B1GBankroll collected $106.06 from pot
*** SUMMARY ***
Total pot $107.06 | Rake $1 
Board [9s 4c 5s 6c Kd]
Seat 2: MaRKiToScoK
Seat 1: KeR888 folded before Flop (didn't bet)
Seat 4: Dalila200 (button) folded before Flop (didn't bet)
Seat 5: B1GBankroll (small blind) showed [4h 4s] and won ($106.06) with three of a kind, Fours
Seat 6: 4ikkiBamBoni (big blind) showed [6h 9h] and lost with two pair, Nines and Sixes



PokerStars Hand #254590935690:  Hold'em No Limit ($0.50/$1.00 USD) - 2025/01/28 7:14:14 WET [2025/01/28 2:14:14 ET]
Table 'Vigdis IV' 6-max Seat #5 is the button
Seat 2: MaRKiToScoK ($100 in chips) is sitting out
Seat 1: KeR888 ($100 in chips) 
Seat 4: Dalila200 ($19.40 in chips) 
Seat 5: B1GBankroll ($164.73 in chips) 
Seat 6: 4ikkiBamBoni ($100 in chips) 
4ikkiBamBoni: posts small blind $0.50
KeR888: posts big blind $1
MaRKiToScoK: sits out 
*** HOLE CARDS ***
Dalila200: folds 
B1GBankroll: raises $1.50 to $2.50
4ikkiBamBoni: folds 
KeR888: folds 
Uncalled bet ($1.50) returned to B1GBankroll
B1GBankroll collected $2.50 from pot
B1GBankroll: doesn't show hand 
*** SUMMARY ***
Total pot $2.50 | Rake $0 
Seat 2: MaRKiToScoK
Seat 1: KeR888 (big blind) folded before Flop
Seat 4: Dalila200 folded before Flop (didn't bet)
Seat 5: B1GBankroll (button) collected ($2.50)
Seat 6: 4ikkiBamBoni (small blind) folded before Flop



PokerStars Hand #254590937204:  Hold'em No Limit ($0.50/$1.00 USD) - 2025/01/28 7:14:37 WET [2025/01/28 2:14:37 ET]
Table 'Vigdis IV' 6-max Seat #6 is the button
Seat 1: KeR888 ($100 in chips) 
Seat 2: MaRKiToScoK ($100 in chips) 
Seat 4: Dalila200 ($19.40 in chips) 
Seat 5: B1GBankroll ($166.23 in chips) 
Seat 6: 4ikkiBamBoni ($100 in chips) 
KeR888: posts small blind $0.50
MaRKiToScoK: posts big blind $1
*** HOLE CARDS ***
Dalila200: folds 
B1GBankroll: folds 
4ikkiBamBoni: folds 
KeR888: folds 
Uncalled bet ($0.50) returned to MaRKiToScoK
MaRKiToScoK collected $1 from pot
*** SUMMARY ***
Total pot $1 | Rake $0 
Seat 1: KeR888 (small blind) folded before Flop
Seat 2: MaRKiToScoK (big blind) collected ($1)
Seat 4: Dalila200 folded before Flop (didn't bet)
Seat 5: B1GBankroll folded before Flop (didn't bet)
Seat 6: 4ikkiBamBoni (button) folded before Flop (didn't bet)



PokerStars Hand #254590937964:  Hold'em No Limit ($0.50/$1.00 USD) - 2025/01/28 7:14:48 WET [2025/01/28 2:14:48 ET]
Table 'Vigdis IV' 6-max Seat #1 is the button
Seat 1: KeR888 ($100 in chips) 
Seat 2: MaRKiToScoK ($100.50 in chips) 
Seat 4: Dalila200 ($19.40 in chips) 
Seat 5: B1GBankroll ($166.23 in chips) 
Seat 6: 4ikkiBamBoni ($100 in chips) 
MaRKiToScoK: posts small blind $0.50
Dalila200: posts big blind $1
*** HOLE CARDS ***
B1GBankroll: folds 
4ikkiBamBoni: raises $1.45 to $2.45
KeR888: folds 
MaRKiToScoK: folds 
Dalila200: folds 
Uncalled bet ($1.45) returned to 4ikkiBamBoni
4ikkiBamBoni collected $2.50 from pot
4ikkiBamBoni: doesn't show hand 
*** SUMMARY ***
Total pot $2.50 | Rake $0 
Seat 1: KeR888 (button) folded before Flop (didn't bet)
Seat 2: MaRKiToScoK (small blind) folded before Flop
Seat 4: Dalila200 (big blind) folded before Flop
Seat 5: B1GBankroll folded before Flop (didn't bet)
Seat 6: 4ikkiBamBoni collected ($2.50)



PokerStars Hand #254590939177:  Hold'em No Limit ($0.50/$1.00 USD) - 2025/01/28 7:15:05 WET [2025/01/28 2:15:05 ET]
Table 'Vigdis IV' 6-max Seat #2 is the button
Seat 1: KeR888 ($100 in chips) 
Seat 2: MaRKiToScoK ($100 in chips) 
Seat 4: Dalila200 ($18.40 in chips) 
Seat 5: B1GBankroll ($166.23 in chips) 
Seat 6: 4ikkiBamBoni ($101.50 in chips) 
Dalila200: posts small blind $0.50
B1GBankroll: posts big blind $1
*** HOLE CARDS ***
4ikkiBamBoni: folds 
KeR888: raises $1.50 to $2.50
MaRKiToScoK: folds 
Dalila200: folds 
B1GBankroll: folds 
Uncalled bet ($1.50) returned to KeR888
KeR888 collected $2.50 from pot
KeR888: doesn't show hand 
*** SUMMARY ***
Total pot $2.50 | Rake $0 
Seat 1: KeR888 collected ($2.50)
Seat 2: MaRKiToScoK (button) folded before Flop (didn't bet)
Seat 4: Dalila200 (small blind) folded before Flop
Seat 5: B1GBankroll (big blind) folded before Flop
Seat 6: 4ikkiBamBoni folded before Flop (didn't bet)



PokerStars Hand #254590940143:  Hold'em No Limit ($0.50/$1.00 USD) - 2025/01/28 7:15:19 WET [2025/01/28 2:15:19 ET]
Table 'Vigdis IV' 6-max Seat #4 is the button
Seat 1: KeR888 ($101.50 in chips) 
Seat 2: MaRKiToScoK ($100 in chips) 
Seat 4: Dalila200 ($17.90 in chips) 
Seat 5: B1GBankroll ($165.23 in chips) 
Seat 6: 4ikkiBamBoni ($101.50 in chips) 
B1GBankroll: posts small blind $0.50
4ikkiBamBoni: posts big blind $1
*** HOLE CARDS ***
KeR888: folds 
MaRKiToScoK: raises $1.25 to $2.25
Dalila200: folds 
B1GBankroll: raises $7.88 to $10.13
4ikkiBamBoni: folds 
MaRKiToScoK: calls $7.88
*** FLOP *** [5s 7s 6d]
B1GBankroll: checks 
janarr5 joins the table at seat #3 
MaRKiToScoK: bets $5
B1GBankroll: calls $5
*** TURN *** [5s 7s 6d] [4d]
B1GBankroll: checks 
MaRKiToScoK: bets $17.82
B1GBankroll: folds 
Uncalled bet ($17.82) returned to MaRKiToScoK
MaRKiToScoK collected $29.70 from pot
*** SUMMARY ***
Total pot $31.26 | Rake $1.56 
Board [5s 7s 6d 4d]
Seat 1: KeR888 folded before Flop (didn't bet)
Seat 2: MaRKiToScoK collected ($29.70)
Seat 4: Dalila200 (button) folded before Flop (didn't bet)
Seat 5: B1GBankroll (small blind) folded on the Turn
Seat 6: 4ikkiBamBoni (big blind) folded before Flop



PokerStars Hand #254590945286:  Hold'em No Limit ($0.50/$1.00 USD) - 2025/01/28 7:16:32 WET [2025/01/28 2:16:32 ET]
Table 'Vigdis IV' 6-max Seat #5 is the button
Seat 3: janarr5 ($100 in chips) is sitting out
Seat 1: KeR888 ($101.50 in chips) 
Seat 2: MaRKiToScoK ($114.57 in chips) 
Seat 4: Dalila200 ($17.90 in chips) 
Seat 5: B1GBankroll ($150.10 in chips) 
Seat 6: 4ikkiBamBoni ($100.50 in chips) 
4ikkiBamBoni: posts small blind $0.50
KeR888: posts big blind $1
janarr5: sits out 
*** HOLE CARDS ***
MaRKiToScoK: folds 
Dalila200: calls $1
B1GBankroll: folds 
4ikkiBamBoni: folds 
KeR888: checks 
*** FLOP *** [Qc Qd 8c]
KeR888: bets $1
Dalila200: calls $1
*** TURN *** [Qc Qd 8c] [2c]
KeR888: bets $2.14
Dalila200: calls $2.14
*** RIVER *** [Qc Qd 8c 2c] [5d]
KeR888: checks 
Dalila200: checks 
*** SHOW DOWN ***
KeR888: shows [9c Th] (a pair of Queens)
Dalila200: shows [Ac Ad] (two pair, Aces and Queens)
Dalila200 collected $8.34 from pot
*** SUMMARY ***
Total pot $8.78 | Rake $0.44 
Board [Qc Qd 8c 2c 5d]
Seat 3: janarr5
Seat 1: KeR888 (big blind) showed [9c Th] and lost with a pair of Queens
Seat 2: MaRKiToScoK folded before Flop (didn't bet)
Seat 4: Dalila200 showed [Ac Ad] and won ($8.34) with two pair, Aces and Queens
Seat 5: B1GBankroll (button) folded before Flop (didn't bet)
Seat 6: 4ikkiBamBoni (small blind) folded before Flop



PokerStars Hand #254590948308:  Hold'em No Limit ($0.50/$1.00 USD) - 2025/01/28 7:17:15 WET [2025/01/28 2:17:15 ET]
Table 'Vigdis IV' 6-max Seat #6 is the button
Seat 3: janarr5 ($100 in chips) is sitting out
Seat 1: KeR888 ($100 in chips) 
Seat 2: MaRKiToScoK ($114.57 in chips) 
Seat 4: Dalila200 ($22.10 in chips) 
Seat 5: B1GBankroll ($150.10 in chips) 
Seat 6: 4ikkiBamBoni ($100 in chips) 
KeR888: posts small blind $0.50
MaRKiToScoK: posts big blind $1
janarr5: sits out 
*** HOLE CARDS ***
Dalila200: folds 
B1GBankroll: folds 
4ikkiBamBoni: raises $1.20 to $2.20
KeR888: folds 
MaRKiToScoK: folds 
Uncalled bet ($1.20) returned to 4ikkiBamBoni
4ikkiBamBoni collected $2.50 from pot
4ikkiBamBoni: doesn't show hand 
*** SUMMARY ***
Total pot $2.50 | Rake $0 
Seat 3: janarr5
Seat 1: KeR888 (small blind) folded before Flop
Seat 2: MaRKiToScoK (big blind) folded before Flop
Seat 4: Dalila200 folded before Flop (didn't bet)
Seat 5: B1GBankroll folded before Flop (didn't bet)
Seat 6: 4ikkiBamBoni (button) collected ($2.50)



PokerStars Hand #254590949355:  Hold'em No Limit ($0.50/$1.00 USD) - 2025/01/28 7:17:30 WET [2025/01/28 2:17:30 ET]
Table 'Vigdis IV' 6-max Seat #1 is the button
Seat 1: KeR888 ($100 in chips) 
Seat 2: MaRKiToScoK ($113.57 in chips) 
Seat 3: janarr5 ($100 in chips) 
Seat 4: Dalila200 ($22.10 in chips) 
Seat 5: B1GBankroll ($150.10 in chips) 
Seat 6: 4ikkiBamBoni ($101.50 in chips) 
MaRKiToScoK: posts small blind $0.50
janarr5: posts big blind $1
*** HOLE CARDS ***
Dalila200: folds 
B1GBankroll: folds 
4ikkiBamBoni: folds 
KeR888: raises $1.50 to $2.50
MaRKiToScoK: folds 
janarr5: calls $1.50
*** FLOP *** [Th 2s Ts]
janarr5: checks 
KeR888: bets $1.57
janarr5: raises $4.18 to $5.75
KeR888: folds 
Uncalled bet ($4.18) returned to janarr5
janarr5 collected $8.21 from pot
janarr5: doesn't show hand 
*** SUMMARY ***
Total pot $8.64 | Rake $0.43 
Board [Th 2s Ts]
Seat 1: KeR888 (button) folded on the Flop
Seat 2: MaRKiToScoK (small blind) folded before Flop
Seat 3: janarr5 (big blind) collected ($8.21)
Seat 4: Dalila200 folded before Flop (didn't bet)
Seat 5: B1GBankroll folded before Flop (didn't bet)
Seat 6: 4ikkiBamBoni folded before Flop (didn't bet)



PokerStars Hand #254590951395:  Hold'em No Limit ($0.50/$1.00 USD) - 2025/01/28 7:18:00 WET [2025/01/28 2:18:00 ET]
Table 'Vigdis IV' 6-max Seat #2 is the button
Seat 1: KeR888 ($100 in chips) 
Seat 2: MaRKiToScoK ($113.07 in chips) 
Seat 3: janarr5 ($104.14 in chips) 
Seat 4: Dalila200 ($22.10 in chips) 
Seat 5: B1GBankroll ($150.10 in chips) 
Seat 6: 4ikkiBamBoni ($101.50 in chips) 
janarr5: posts small blind $0.50
Dalila200: posts big blind $1
*** HOLE CARDS ***
B1GBankroll: raises $1.50 to $2.50
4ikkiBamBoni: folds 
KeR888: folds 
MaRKiToScoK: raises $5 to $7.50
janarr5: folds 
Dalila200: folds 
B1GBankroll: folds 
Uncalled bet ($5) returned to MaRKiToScoK
MaRKiToScoK collected $6.50 from pot
*** SUMMARY ***
Total pot $6.50 | Rake $0 
Seat 1: KeR888 folded before Flop (didn't bet)
Seat 2: MaRKiToScoK (button) collected ($6.50)
Seat 3: janarr5 (small blind) folded before Flop
Seat 4: Dalila200 (big blind) folded before Flop
Seat 5: B1GBankroll folded before Flop
Seat 6: 4ikkiBamBoni folded before Flop (didn't bet)



PokerStars Hand #254590954429:  Hold'em No Limit ($0.50/$1.00 USD) - 2025/01/28 7:18:43 WET [2025/01/28 2:18:43 ET]
Table 'Vigdis IV' 6-max Seat #3 is the button
Seat 5: B1GBankroll ($147.60 in chips) is sitting out
Seat 1: KeR888 ($100 in chips) 
Seat 2: MaRKiToScoK ($117.07 in chips) 
Seat 3: janarr5 ($103.64 in chips) 
Seat 4: Dalila200 ($21.10 in chips) 
Seat 6: 4ikkiBamBoni ($101.50 in chips) 
Dalila200: posts small blind $0.50
B1GBankroll: is sitting out 
4ikkiBamBoni: posts big blind $1
*** HOLE CARDS ***
B1GBankroll leaves the table
KeR888: folds 
MaRKiToScoK: folds 
janarr5: raises $1.50 to $2.50
Pon4uk.ua joins the table at seat #5 
Dalila200: folds 
4ikkiBamBoni: calls $1.50
*** FLOP *** [2h 7c Td]
4ikkiBamBoni: checks 
janarr5: bets $1.72
4ikkiBamBoni: calls $1.72
*** TURN *** [2h 7c Td] [Ah]
4ikkiBamBoni: checks 
janarr5: checks 
*** RIVER *** [2h 7c Td Ah] [2s]
4ikkiBamBoni: checks 
janarr5: checks 
*** SHOW DOWN ***
4ikkiBamBoni: shows [8d 7d] (two pair, Sevens and Deuces)
janarr5: mucks hand 
4ikkiBamBoni collected $8.49 from pot
*** SUMMARY ***
Total pot $8.94 | Rake $0.45 
Board [2h 7c Td Ah 2s]
Seat 5: B1GBankroll
Seat 1: KeR888 folded before Flop (didn't bet)
Seat 2: MaRKiToScoK folded before Flop (didn't bet)
Seat 3: janarr5 (button) mucked
Seat 4: Dalila200 (small blind) folded before Flop
Seat 6: 4ikkiBamBoni (big blind) showed [8d 7d] and won ($8.49) with two pair, Sevens and Deuces



PokerStars Hand #254590958775:  Hold'em No Limit ($0.50/$1.00 USD) - 2025/01/28 7:19:46 WET [2025/01/28 2:19:46 ET]
Table 'Vigdis IV' 6-max Seat #4 is the button
Seat 5: Pon4uk.ua ($100 in chips) is sitting out
Seat 1: KeR888 ($100 in chips) 
Seat 2: MaRKiToScoK ($117.07 in chips) 
Seat 3: janarr5 ($100 in chips) 
Seat 4: Dalila200 ($20.60 in chips) 
Seat 6: 4ikkiBamBoni ($105.77 in chips) 
4ikkiBamBoni: posts small blind $0.50
KeR888: posts big blind $1
*** HOLE CARDS ***
MaRKiToScoK: folds 
janarr5: folds 
Dalila200: calls $1
4ikkiBamBoni: folds 
KeR888: checks 
*** FLOP *** [5s 8h 5d]
KeR888: bets $1.79
Dalila200: calls $1.79
*** TURN *** [5s 8h 5d] [7c]
KeR888: bets $4.50
Dalila200: folds 
Uncalled bet ($4.50) returned to KeR888
KeR888 collected $5.78 from pot
KeR888: doesn't show hand 
*** SUMMARY ***
Total pot $6.08 | Rake $0.30 
Board [5s 8h 5d 7c]
Seat 5: Pon4uk.ua
Seat 1: KeR888 (big blind) collected ($5.78)
Seat 2: MaRKiToScoK folded before Flop (didn't bet)
Seat 3: janarr5 folded before Flop (didn't bet)
Seat 4: Dalila200 (button) folded on the Turn
Seat 6: 4ikkiBamBoni (small blind) folded before Flop



PokerStars Hand #254590960970:  Hold'em No Limit ($0.50/$1.00 USD) - 2025/01/28 7:20:19 WET [2025/01/28 2:20:19 ET]
Table 'Vigdis IV' 6-max Seat #6 is the button
Seat 5: Pon4uk.ua ($100 in chips) is sitting out
Seat 1: KeR888 ($102.99 in chips) 
Seat 2: MaRKiToScoK ($117.07 in chips) 
Seat 3: janarr5 ($100 in chips) 
Seat 4: Dalila200 ($17.81 in chips) 
Seat 6: 4ikkiBamBoni ($105.27 in chips) 
KeR888: posts small blind $0.50
MaRKiToScoK: posts big blind $1
Pon4uk.ua: sits out 
*** HOLE CARDS ***
janarr5: folds 
Dalila200: folds 
4ikkiBamBoni: folds 
KeR888: folds 
Uncalled bet ($0.50) returned to MaRKiToScoK
MaRKiToScoK collected $1 from pot
*** SUMMARY ***
Total pot $1 | Rake $0 
Seat 5: Pon4uk.ua
Seat 1: KeR888 (small blind) folded before Flop
Seat 2: MaRKiToScoK (big blind) collected ($1)
Seat 3: janarr5 folded before Flop (didn't bet)
Seat 4: Dalila200 folded before Flop (didn't bet)
Seat 6: 4ikkiBamBoni (button) folded before Flop (didn't bet)



PokerStars Hand #254590962053:  Hold'em No Limit ($0.50/$1.00 USD) - 2025/01/28 7:20:34 WET [2025/01/28 2:20:34 ET]
Table 'Vigdis IV' 6-max Seat #1 is the button
Seat 5: Pon4uk.ua ($100 in chips) is sitting out
Seat 1: KeR888 ($102.49 in chips) 
Seat 2: MaRKiToScoK ($117.57 in chips) 
Seat 3: janarr5 ($100 in chips) 
Seat 4: Dalila200 ($17.81 in chips) 
Seat 6: 4ikkiBamBoni ($105.27 in chips) 
MaRKiToScoK: posts small blind $0.50
janarr5: posts big blind $1
Pon4uk.ua: sits out 
*** HOLE CARDS ***
Dalila200: calls $1
4ikkiBamBoni: folds 
KeR888: folds 
MaRKiToScoK: calls $0.50
janarr5: checks 
*** FLOP *** [3h 8d Ts]
MaRKiToScoK: checks 
janarr5: checks 
Dalila200: bets $1
MaRKiToScoK: folds 
janarr5: folds 
Uncalled bet ($1) returned to Dalila200
Dalila200 collected $2.85 from pot
*** SUMMARY ***
Total pot $3 | Rake $0.15 
Board [3h 8d Ts]
Seat 5: Pon4uk.ua
Seat 1: KeR888 (button) folded before Flop (didn't bet)
Seat 2: MaRKiToScoK (small blind) folded on the Flop
Seat 3: janarr5 (big blind) folded on the Flop
Seat 4: Dalila200 collected ($2.85)
Seat 6: 4ikkiBamBoni folded before Flop (didn't bet)



PokerStars Hand #254590965201:  Hold'em No Limit ($0.50/$1.00 USD) - 2025/01/28 7:21:21 WET [2025/01/28 2:21:21 ET]
Table 'Vigdis IV' 6-max Seat #2 is the button
Seat 5: Pon4uk.ua ($100 in chips) is sitting out
Seat 1: KeR888 ($102.49 in chips) 
Seat 2: MaRKiToScoK ($116.57 in chips) 
Seat 3: janarr5 ($100 in chips) 
Seat 4: Dalila200 ($19.66 in chips) 
Seat 6: 4ikkiBamBoni ($105.27 in chips) 
janarr5: posts small blind $0.50
Dalila200: posts big blind $1
Pon4uk.ua: sits out 
*** HOLE CARDS ***
4ikkiBamBoni: raises $1.55 to $2.55
KeR888: folds 
MaRKiToScoK: folds 
janarr5: folds 
Dalila200: folds 
Uncalled bet ($1.55) returned to 4ikkiBamBoni
4ikkiBamBoni collected $2.50 from pot
4ikkiBamBoni: doesn't show hand 
*** SUMMARY ***
Total pot $2.50 | Rake $0 
Seat 5: Pon4uk.ua
Seat 1: KeR888 folded before Flop (didn't bet)
Seat 2: MaRKiToScoK (button) folded before Flop (didn't bet)
Seat 3: janarr5 (small blind) folded before Flop
Seat 4: Dalila200 (big blind) folded before Flop
Seat 6: 4ikkiBamBoni collected ($2.50)



PokerStars Hand #254590966126:  Hold'em No Limit ($0.50/$1.00 USD) - 2025/01/28 7:21:35 WET [2025/01/28 2:21:35 ET]
Table 'Vigdis IV' 6-max Seat #3 is the button
Seat 1: KeR888 ($102.49 in chips) 
Seat 2: MaRKiToScoK ($116.57 in chips) 
Seat 3: janarr5 ($100 in chips) 
Seat 4: Dalila200 ($18.66 in chips) 
Seat 5: Pon4uk.ua ($100 in chips) 
Seat 6: 4ikkiBamBoni ($106.77 in chips) 
Dalila200: posts small blind $0.50
Pon4uk.ua: posts big blind $1
*** HOLE CARDS ***
4ikkiBamBoni: folds 
KeR888: folds 
MaRKiToScoK: raises $1.25 to $2.25
janarr5: folds 
Dalila200: folds 
Pon4uk.ua: folds 
Uncalled bet ($1.25) returned to MaRKiToScoK
MaRKiToScoK collected $2.50 from pot
*** SUMMARY ***
Total pot $2.50 | Rake $0 
Seat 1: KeR888 folded before Flop (didn't bet)
Seat 2: MaRKiToScoK collected ($2.50)
Seat 3: janarr5 (button) folded before Flop (didn't bet)
Seat 4: Dalila200 (small blind) folded before Flop
Seat 5: Pon4uk.ua (big blind) folded before Flop
Seat 6: 4ikkiBamBoni folded before Flop (didn't bet)



PokerStars Hand #254590967828:  Hold'em No Limit ($0.50/$1.00 USD) - 2025/01/28 7:22:01 WET [2025/01/28 2:22:01 ET]
Table 'Vigdis IV' 6-max Seat #4 is the button
Seat 1: KeR888 ($102.49 in chips) 
Seat 2: MaRKiToScoK ($118.07 in chips) 
Seat 3: janarr5 ($100 in chips) 
Seat 4: Dalila200 ($18.16 in chips) 
Seat 5: Pon4uk.ua ($100 in chips) 
Seat 6: 4ikkiBamBoni ($106.77 in chips) 
Pon4uk.ua: posts small blind $0.50
4ikkiBamBoni: posts big blind $1
*** HOLE CARDS ***
KeR888: folds 
MaRKiToScoK: folds 
janarr5: folds 
Dalila200: folds 
Pon4uk.ua: folds 
Uncalled bet ($0.50) returned to 4ikkiBamBoni
4ikkiBamBoni collected $1 from pot
4ikkiBamBoni: doesn't show hand 
*** SUMMARY ***
Total pot $1 | Rake $0 
Seat 1: KeR888 folded before Flop (didn't bet)
Seat 2: MaRKiToScoK folded before Flop (didn't bet)
Seat 3: janarr5 folded before Flop (didn't bet)
Seat 4: Dalila200 (button) folded before Flop (didn't bet)
Seat 5: Pon4uk.ua (small blind) folded before Flop
Seat 6: 4ikkiBamBoni (big blind) collected ($1)



PokerStars Hand #254590968661:  Hold'em No Limit ($0.50/$1.00 USD) - 2025/01/28 7:22:12 WET [2025/01/28 2:22:12 ET]
Table 'Vigdis IV' 6-max Seat #5 is the button
Seat 1: KeR888 ($102.49 in chips) 
Seat 2: MaRKiToScoK ($118.07 in chips) 
Seat 3: janarr5 ($100 in chips) 
Seat 4: Dalila200 ($18.16 in chips) 
Seat 5: Pon4uk.ua ($100 in chips) 
Seat 6: 4ikkiBamBoni ($107.27 in chips) 
4ikkiBamBoni: posts small blind $0.50
KeR888: posts big blind $1
*** HOLE CARDS ***
MaRKiToScoK: raises $1 to $2
janarr5: folds 
Dalila200: folds 
Pon4uk.ua: folds 
4ikkiBamBoni: folds 
KeR888: folds 
Uncalled bet ($1) returned to MaRKiToScoK
MaRKiToScoK collected $2.50 from pot
*** SUMMARY ***
Total pot $2.50 | Rake $0 
Seat 1: KeR888 (big blind) folded before Flop
Seat 2: MaRKiToScoK collected ($2.50)
Seat 3: janarr5 folded before Flop (didn't bet)
Seat 4: Dalila200 folded before Flop (didn't bet)
Seat 5: Pon4uk.ua (button) folded before Flop (didn't bet)
Seat 6: 4ikkiBamBoni (small blind) folded before Flop



PokerStars Hand #254590969686:  Hold'em No Limit ($0.50/$1.00 USD) - 2025/01/28 7:22:27 WET [2025/01/28 2:22:27 ET]
Table 'Vigdis IV' 6-max Seat #6 is the button
Seat 1: KeR888 ($101.49 in chips) 
Seat 2: MaRKiToScoK ($119.57 in chips) 
Seat 3: janarr5 ($100 in chips) 
Seat 4: Dalila200 ($18.16 in chips) 
Seat 5: Pon4uk.ua ($100 in chips) 
Seat 6: 4ikkiBamBoni ($106.77 in chips) 
KeR888: posts small blind $0.50
MaRKiToScoK: posts big blind $1
*** HOLE CARDS ***
janarr5: folds 
Dalila200: folds 
Pon4uk.ua: folds 
4ikkiBamBoni: raises $1.20 to $2.20
KeR888: raises $8.80 to $11
MaRKiToScoK: folds 
4ikkiBamBoni: calls $8.80
*** FLOP *** [5h 9c Kh]
KeR888: bets $5.46
4ikkiBamBoni: raises $10.54 to $16
KeR888: raises $74.49 to $90.49 and is all-in
4ikkiBamBoni: calls $74.49
*** TURN *** [5h 9c Kh] [Th]
*** RIVER *** [5h 9c Kh Th] [6d]
*** SHOW DOWN ***
KeR888: shows [Kd Ad] (a pair of Kings)
4ikkiBamBoni: shows [5c 5s] (three of a kind, Fives)
4ikkiBamBoni collected $201.48 from pot
*** SUMMARY ***
Total pot $203.98 | Rake $2.50 
Board [5h 9c Kh Th 6d]
Seat 1: KeR888 (small blind) showed [Kd Ad] and lost with a pair of Kings
Seat 2: MaRKiToScoK (big blind) folded before Flop
Seat 3: janarr5 folded before Flop (didn't bet)
Seat 4: Dalila200 folded before Flop (didn't bet)
Seat 5: Pon4uk.ua folded before Flop (didn't bet)
Seat 6: 4ikkiBamBoni (button) showed [5c 5s] and won ($201.48) with three of a kind, Fives



PokerStars Hand #254590973997:  Hold'em No Limit ($0.50/$1.00 USD) - 2025/01/28 7:23:29 WET [2025/01/28 2:23:29 ET]
Table 'Vigdis IV' 6-max Seat #1 is the button
Seat 1: KeR888 ($100 in chips) 
Seat 2: MaRKiToScoK ($118.57 in chips) 
Seat 3: janarr5 ($100 in chips) 
Seat 4: Dalila200 ($18.16 in chips) 
Seat 5: Pon4uk.ua ($100 in chips) 
Seat 6: 4ikkiBamBoni ($206.76 in chips) 
MaRKiToScoK: posts small blind $0.50
janarr5: posts big blind $1
*** HOLE CARDS ***
Dalila200: folds 
Pon4uk.ua: folds 
4ikkiBamBoni: raises $1.45 to $2.45
KeR888: raises $5.05 to $7.50
MaRKiToScoK: folds 
janarr5: folds 
4ikkiBamBoni: calls $5.05
*** FLOP *** [As 6d 5s]
4ikkiBamBoni: checks 
KeR888: bets $4.70
4ikkiBamBoni: folds 
Uncalled bet ($4.70) returned to KeR888
KeR888 collected $15.68 from pot
KeR888: doesn't show hand 
*** SUMMARY ***
Total pot $16.50 | Rake $0.82 
Board [As 6d 5s]
Seat 1: KeR888 (button) collected ($15.68)
Seat 2: MaRKiToScoK (small blind) folded before Flop
Seat 3: janarr5 (big blind) folded before Flop
Seat 4: Dalila200 folded before Flop (didn't bet)
Seat 5: Pon4uk.ua folded before Flop (didn't bet)
Seat 6: 4ikkiBamBoni folded on the Flop



PokerStars Hand #254590976012:  Hold'em No Limit ($0.50/$1.00 USD) - 2025/01/28 7:23:59 WET [2025/01/28 2:23:59 ET]
Table 'Vigdis IV' 6-max Seat #2 is the button
Seat 1: KeR888 ($108.18 in chips) 
Seat 2: MaRKiToScoK ($118.07 in chips) 
Seat 3: janarr5 ($100 in chips) 
Seat 4: Dalila200 ($18.16 in chips) 
Seat 5: Pon4uk.ua ($100 in chips) 
Seat 6: 4ikkiBamBoni ($199.26 in chips) 
janarr5: posts small blind $0.50
Dalila200: posts big blind $1
*** HOLE CARDS ***
Pon4uk.ua: folds 
4ikkiBamBoni: folds 
KeR888: folds 
MaRKiToScoK: raises $1.50 to $2.50
janarr5: folds 
Dalila200: calls $1.50
*** FLOP *** [6d Qs 4h]
Dalila200: checks 
MaRKiToScoK: bets $1.72
Dalila200: calls $1.72
*** TURN *** [6d Qs 4h] [7c]
Dalila200: checks 
MaRKiToScoK: checks 
*** RIVER *** [6d Qs 4h 7c] [Tc]
Dalila200: bets $3
MaRKiToScoK: folds 
Uncalled bet ($3) returned to Dalila200
Dalila200 collected $8.49 from pot
*** SUMMARY ***
Total pot $8.94 | Rake $0.45 
Board [6d Qs 4h 7c Tc]
Seat 1: KeR888 folded before Flop (didn't bet)
Seat 2: MaRKiToScoK (button) folded on the River
Seat 3: janarr5 (small blind) folded before Flop
Seat 4: Dalila200 (big blind) collected ($8.49)
Seat 5: Pon4uk.ua folded before Flop (didn't bet)
Seat 6: 4ikkiBamBoni folded before Flop (didn't bet)



PokerStars Hand #254590979633:  Hold'em No Limit ($0.50/$1.00 USD) - 2025/01/28 7:24:52 WET [2025/01/28 2:24:52 ET]
Table 'Vigdis IV' 6-max Seat #3 is the button
Seat 1: KeR888 ($108.18 in chips) 
Seat 2: MaRKiToScoK ($113.85 in chips) 
Seat 3: janarr5 ($100 in chips) 
Seat 4: Dalila200 ($22.43 in chips) 
Seat 5: Pon4uk.ua ($100 in chips) 
Seat 6: 4ikkiBamBoni ($199.26 in chips) 
Dalila200: posts small blind $0.50
Pon4uk.ua: posts big blind $1
*** HOLE CARDS ***
4ikkiBamBoni: folds 
KeR888: folds 
MaRKiToScoK: folds 
janarr5: raises $1.50 to $2.50
Dalila200: calls $2
Pon4uk.ua: folds 
*** FLOP *** [2c Th 9c]
Dalila200: checks 
janarr5: bets $1.88
Dalila200: folds 
Uncalled bet ($1.88) returned to janarr5
janarr5 collected $5.70 from pot
janarr5: doesn't show hand 
*** SUMMARY ***
Total pot $6 | Rake $0.30 
Board [2c Th 9c]
Seat 1: KeR888 folded before Flop (didn't bet)
Seat 2: MaRKiToScoK folded before Flop (didn't bet)
Seat 3: janarr5 (button) collected ($5.70)
Seat 4: Dalila200 (small blind) folded on the Flop
Seat 5: Pon4uk.ua (big blind) folded before Flop
Seat 6: 4ikkiBamBoni folded before Flop (didn't bet)



PokerStars Hand #254590982188:  Hold'em No Limit ($0.50/$1.00 USD) - 2025/01/28 7:25:30 WET [2025/01/28 2:25:30 ET]
Table 'Vigdis IV' 6-max Seat #4 is the button
Seat 1: KeR888 ($108.18 in chips) is sitting out
Seat 6: 4ikkiBamBoni ($199.26 in chips) is sitting out
Seat 2: MaRKiToScoK ($113.85 in chips) 
Seat 3: janarr5 ($103.20 in chips) 
Seat 4: Dalila200 ($19.93 in chips) 
Seat 5: Pon4uk.ua ($100 in chips) 
Pon4uk.ua: posts small blind $0.50
4ikkiBamBoni: is sitting out 
KeR888: is sitting out 
MaRKiToScoK: posts big blind $1
*** HOLE CARDS ***
KeR888 leaves the table
janarr5: raises $1.25 to $2.25
Dalila200: folds 
Pon4uk.ua: folds 
4ikkiBamBoni leaves the table
MaRKiToScoK: folds 
Uncalled bet ($1.25) returned to janarr5
janarr5 collected $2.50 from pot
janarr5: doesn't show hand 
*** SUMMARY ***
Total pot $2.50 | Rake $0 
Seat 1: KeR888
Seat 6: 4ikkiBamBoni
Seat 2: MaRKiToScoK (big blind) folded before Flop
Seat 3: janarr5 collected ($2.50)
Seat 4: Dalila200 (button) folded before Flop (didn't bet)
Seat 5: Pon4uk.ua (small blind) folded before Flop



PokerStars Hand #254590983286:  Hold'em No Limit ($0.50/$1.00 USD) - 2025/01/28 7:25:45 WET [2025/01/28 2:25:45 ET]
Table 'Vigdis IV' 6-max Seat #5 is the button
Seat 2: MaRKiToScoK ($112.85 in chips) 
Seat 3: janarr5 ($104.70 in chips) 
Seat 4: Dalila200 ($19.93 in chips) 
Seat 5: Pon4uk.ua ($100 in chips) 
MaRKiToScoK: posts small blind $0.50
janarr5: posts big blind $1
*** HOLE CARDS ***
raketkasix joins the table at seat #6 
Dalila200: folds 
Pon4uk.ua: folds 
ptolejmus joins the table at seat #1 
MaRKiToScoK: folds 
Uncalled bet ($0.50) returned to janarr5
janarr5 collected $1 from pot
janarr5: doesn't show hand 
*** SUMMARY ***
Total pot $1 | Rake $0 
Seat 2: MaRKiToScoK (small blind) folded before Flop
Seat 3: janarr5 (big blind) collected ($1)
Seat 4: Dalila200 folded before Flop (didn't bet)
Seat 5: Pon4uk.ua (button) folded before Flop (didn't bet)



PokerStars Hand #254590984960:  Hold'em No Limit ($0.50/$1.00 USD) - 2025/01/28 7:26:10 WET [2025/01/28 2:26:10 ET]
Table 'Vigdis IV' 6-max Seat #2 is the button
Seat 1: ptolejmus ($10 in chips) is sitting out
Seat 6: raketkasix ($100 in chips) is sitting out
Seat 2: MaRKiToScoK ($112.35 in chips) 
Seat 3: janarr5 ($105.20 in chips) 
Seat 4: Dalila200 ($19.93 in chips) 
Seat 5: Pon4uk.ua ($100 in chips) 
janarr5: posts small blind $0.50
Dalila200: posts big blind $1
raketkasix: sits out 
ptolejmus: sits out 
*** HOLE CARDS ***
Pon4uk.ua: folds 
MaRKiToScoK: raises $1.50 to $2.50
janarr5: folds 
Dalila200: folds 
Uncalled bet ($1.50) returned to MaRKiToScoK
MaRKiToScoK collected $2.50 from pot
*** SUMMARY ***
Total pot $2.50 | Rake $0 
Seat 1: ptolejmus
Seat 6: raketkasix
Seat 2: MaRKiToScoK (button) collected ($2.50)
Seat 3: janarr5 (small blind) folded before Flop
Seat 4: Dalila200 (big blind) folded before Flop
Seat 5: Pon4uk.ua folded before Flop (didn't bet)



PokerStars Hand #254590985821:  Hold'em No Limit ($0.50/$1.00 USD) - 2025/01/28 7:26:23 WET [2025/01/28 2:26:23 ET]
Table 'Vigdis IV' 6-max Seat #3 is the button
Seat 1: ptolejmus ($10 in chips) is sitting out
Seat 6: raketkasix ($100 in chips) is sitting out
Seat 2: MaRKiToScoK ($113.85 in chips) 
Seat 3: janarr5 ($104.70 in chips) 
Seat 4: Dalila200 ($18.93 in chips) 
Seat 5: Pon4uk.ua ($100 in chips) 
Dalila200: posts small blind $0.50
Pon4uk.ua: posts big blind $1
raketkasix: sits out 
ptolejmus: sits out 
*** HOLE CARDS ***
MaRKiToScoK: folds 
janarr5: raises $1.50 to $2.50
Dalila200: folds 
Pon4uk.ua: folds 
Uncalled bet ($1.50) returned to janarr5
janarr5 collected $2.50 from pot
janarr5: doesn't show hand 
*** SUMMARY ***
Total pot $2.50 | Rake $0 
Seat 1: ptolejmus
Seat 6: raketkasix
Seat 2: MaRKiToScoK folded before Flop (didn't bet)
Seat 3: janarr5 (button) collected ($2.50)
Seat 4: Dalila200 (small blind) folded before Flop
Seat 5: Pon4uk.ua (big blind) folded before Flop



PokerStars Hand #254590987315:  Hold'em No Limit ($0.50/$1.00 USD) - 2025/01/28 7:26:45 WET [2025/01/28 2:26:45 ET]
Table 'Vigdis IV' 6-max Seat #4 is the button
Seat 1: ptolejmus ($10 in chips) is sitting out
Seat 2: MaRKiToScoK ($113.85 in chips) 
Seat 3: janarr5 ($106.20 in chips) 
Seat 4: Dalila200 ($18.43 in chips) 
Seat 5: Pon4uk.ua ($100 in chips) 
Seat 6: raketkasix ($100 in chips) 
Pon4uk.ua: posts small blind $0.50
raketkasix: posts big blind $1
ptolejmus: sits out 
*** HOLE CARDS ***
MaRKiToScoK: raises $1 to $2
janarr5: folds 
Dalila200: folds 
Pon4uk.ua: folds 
raketkasix: calls $1
*** FLOP *** [5c 6s 3h]
raketkasix: checks 
MaRKiToScoK: bets $4.50
raketkasix: raises $11.50 to $16
MaRKiToScoK: folds 
Uncalled bet ($11.50) returned to raketkasix
raketkasix collected $12.82 from pot
raketkasix: doesn't show hand 
*** SUMMARY ***
Total pot $13.50 | Rake $0.68 
Board [5c 6s 3h]
Seat 1: ptolejmus
Seat 2: MaRKiToScoK folded on the Flop
Seat 3: janarr5 folded before Flop (didn't bet)
Seat 4: Dalila200 (button) folded before Flop (didn't bet)
Seat 5: Pon4uk.ua (small blind) folded before Flop
Seat 6: raketkasix (big blind) collected ($12.82)



PokerStars Hand #254590993185:  Hold'em No Limit ($0.50/$1.00 USD) - 2025/01/28 7:28:10 WET [2025/01/28 2:28:10 ET]
Table 'Vigdis IV' 6-max Seat #5 is the button
Seat 1: ptolejmus ($10 in chips) 
Seat 2: MaRKiToScoK ($107.35 in chips) 
Seat 3: janarr5 ($106.20 in chips) 
Seat 4: Dalila200 ($18.43 in chips) 
Seat 5: Pon4uk.ua ($100 in chips) 
Seat 6: raketkasix ($106.32 in chips) 
raketkasix: posts small blind $0.50
ptolejmus: posts big blind $1
*** HOLE CARDS ***
MaRKiToScoK: raises $1 to $2
janarr5: folds 
Dalila200: folds 
Pon4uk.ua: folds 
raketkasix: folds 
ptolejmus: calls $1
*** FLOP *** [2h Ks Ac]
ptolejmus: checks 
MaRKiToScoK: bets $1.41
ptolejmus: folds 
Uncalled bet ($1.41) returned to MaRKiToScoK
MaRKiToScoK collected $4.28 from pot
*** SUMMARY ***
Total pot $4.50 | Rake $0.22 
Board [2h Ks Ac]
Seat 1: ptolejmus (big blind) folded on the Flop
Seat 2: MaRKiToScoK collected ($4.28)
Seat 3: janarr5 folded before Flop (didn't bet)
Seat 4: Dalila200 folded before Flop (didn't bet)
Seat 5: Pon4uk.ua (button) folded before Flop (didn't bet)
Seat 6: raketkasix (small blind) folded before Flop



PokerStars Hand #254590995531:  Hold'em No Limit ($0.50/$1.00 USD) - 2025/01/28 7:28:44 WET [2025/01/28 2:28:44 ET]
Table 'Vigdis IV' 6-max Seat #6 is the button
Seat 1: ptolejmus ($10 in chips) 
Seat 2: MaRKiToScoK ($109.63 in chips) 
Seat 3: janarr5 ($106.20 in chips) 
Seat 4: Dalila200 ($18.43 in chips) 
Seat 5: Pon4uk.ua ($100 in chips) 
Seat 6: raketkasix ($105.82 in chips) 
ptolejmus: posts small blind $0.50
MaRKiToScoK: posts big blind $1
*** HOLE CARDS ***
janarr5: folds 
Dalila200: folds 
Pon4uk.ua: raises $1.50 to $2.50
raketkasix: raises $5 to $7.50
ptolejmus: raises $2.50 to $10 and is all-in
MaRKiToScoK: folds 
Pon4uk.ua: folds 
raketkasix: calls $2.50
*** FLOP *** [Ks 8c Td]
*** TURN *** [Ks 8c Td] [Js]
*** RIVER *** [Ks 8c Td Js] [Qh]
*** SHOW DOWN ***
ptolejmus: shows [As Qd] (a straight, Ten to Ace)
raketkasix: shows [Ah Jh] (a straight, Ten to Ace)
ptolejmus collected $11.16 from pot
raketkasix collected $11.16 from pot
*** SUMMARY ***
Total pot $23.50 | Rake $1.18 
Board [Ks 8c Td Js Qh]
Seat 1: ptolejmus (small blind) showed [As Qd] and won ($11.16) with a straight, Ten to Ace
Seat 2: MaRKiToScoK (big blind) folded before Flop
Seat 3: janarr5 folded before Flop (didn't bet)
Seat 4: Dalila200 folded before Flop (didn't bet)
Seat 5: Pon4uk.ua folded before Flop
Seat 6: raketkasix (button) showed [Ah Jh] and won ($11.16) with a straight, Ten to Ace



PokerStars Hand #254590998930:  Hold'em No Limit ($0.50/$1.00 USD) - 2025/01/28 7:29:35 WET [2025/01/28 2:29:35 ET]
Table 'Vigdis IV' 6-max Seat #1 is the button
Seat 1: ptolejmus ($11.16 in chips) 
Seat 2: MaRKiToScoK ($108.63 in chips) 
Seat 3: janarr5 ($106.20 in chips) 
Seat 4: Dalila200 ($18.43 in chips) 
Seat 5: Pon4uk.ua ($100 in chips) 
Seat 6: raketkasix ($106.98 in chips) 
MaRKiToScoK: posts small blind $0.50
janarr5: posts big blind $1
*** HOLE CARDS ***
Dalila200: folds 
Pon4uk.ua: raises $1 to $2
raketkasix: folds 
ptolejmus: folds 
MaRKiToScoK: folds 
janarr5: folds 
Uncalled bet ($1) returned to Pon4uk.ua
Pon4uk.ua collected $2.50 from pot
Pon4uk.ua: doesn't show hand 
*** SUMMARY ***
Total pot $2.50 | Rake $0 
Seat 1: ptolejmus (button) folded before Flop (didn't bet)
Seat 2: MaRKiToScoK (small blind) folded before Flop
Seat 3: janarr5 (big blind) folded before Flop
Seat 4: Dalila200 folded before Flop (didn't bet)
Seat 5: Pon4uk.ua collected ($2.50)
Seat 6: raketkasix folded before Flop (didn't bet)



PokerStars Hand #254591000139:  Hold'em No Limit ($0.50/$1.00 USD) - 2025/01/28 7:29:53 WET [2025/01/28 2:29:53 ET]
Table 'Vigdis IV' 6-max Seat #2 is the button
Seat 1: ptolejmus ($11.16 in chips) 
Seat 2: MaRKiToScoK ($108.13 in chips) 
Seat 3: janarr5 ($105.20 in chips) 
Seat 4: Dalila200 ($18.43 in chips) 
Seat 5: Pon4uk.ua ($101.50 in chips) 
Seat 6: raketkasix ($106.98 in chips) 
janarr5: posts small blind $0.50
Dalila200: posts big blind $1
*** HOLE CARDS ***
Pon4uk.ua: folds 
Pon4uk.ua leaves the table
raketkasix: folds 
ptolejmus: folds 
MrP1usovoy joins the table at seat #5 
MaRKiToScoK: raises $1.50 to $2.50
janarr5: raises $7.50 to $10
Dalila200: folds 
MaRKiToScoK: raises $12.50 to $22.50
janarr5: folds 
Uncalled bet ($12.50) returned to MaRKiToScoK
janarr5 leaves the table
MaRKiToScoK collected $21 from pot
*** SUMMARY ***
Total pot $21 | Rake $0 
Seat 1: ptolejmus folded before Flop (didn't bet)
Seat 2: MaRKiToScoK (button) collected ($21)
Seat 3: janarr5 (small blind) folded before Flop
Seat 4: Dalila200 (big blind) folded before Flop
Seat 5: Pon4uk.ua folded before Flop (didn't bet)
Seat 6: raketkasix folded before Flop (didn't bet)



PokerStars Hand #254591002686:  Hold'em No Limit ($0.50/$1.00 USD) - 2025/01/28 7:30:30 WET [2025/01/28 2:30:30 ET]
Table 'Vigdis IV' 6-max Seat #4 is the button
Seat 1: ptolejmus ($11.16 in chips) is sitting out
Seat 5: MrP1usovoy ($100 in chips) is sitting out
Seat 2: MaRKiToScoK ($119.13 in chips) 
Seat 4: Dalila200 ($17.43 in chips) 
Seat 6: raketkasix ($106.98 in chips) 
raketkasix: posts small blind $0.50
ptolejmus: is sitting out 
MaRKiToScoK: posts big blind $1
*** HOLE CARDS ***
Dalila200: calls $1
raketkasix: folds 
MaRKiToScoK: checks 
*** FLOP *** [8h Td Kc]
MaRKiToScoK: checks 
Dalila200: checks 
*** TURN *** [8h Td Kc] [9h]
MaRKiToScoK: checks 
Dalila200: checks 
*** RIVER *** [8h Td Kc 9h] [9s]
MaRKiToScoK: bets $1.78
Dalila200: calls $1.78
*** SHOW DOWN ***
MaRKiToScoK: shows [9d 4c] (three of a kind, Nines)
Dalila200: mucks hand 
MaRKiToScoK collected $5.76 from pot
*** SUMMARY ***
Total pot $6.06 | Rake $0.30 
Board [8h Td Kc 9h 9s]
Seat 1: ptolejmus
Seat 5: MrP1usovoy
Seat 2: MaRKiToScoK (big blind) showed [9d 4c] and won ($5.76) with three of a kind, Nines
Seat 4: Dalila200 (button) mucked
Seat 6: raketkasix (small blind) folded before Flop



PokerStars Hand #254591005104:  Hold'em No Limit ($0.50/$1.00 USD) - 2025/01/28 7:31:05 WET [2025/01/28 2:31:05 ET]
Table 'Vigdis IV' 6-max Seat #6 is the button
Seat 1: ptolejmus ($11.16 in chips) is sitting out
Seat 5: MrP1usovoy ($100 in chips) is sitting out
Seat 2: MaRKiToScoK ($122.11 in chips) 
Seat 4: Dalila200 ($14.65 in chips) 
Seat 6: raketkasix ($106.48 in chips) 
MaRKiToScoK: posts small blind $0.50
Dalila200: posts big blind $1
MrP1usovoy: sits out 
*** HOLE CARDS ***
raketkasix: folds 
MaRKiToScoK: raises $1.50 to $2.50
Dalila200: folds 
Uncalled bet ($1.50) returned to MaRKiToScoK
MaRKiToScoK collected $2 from pot
*** SUMMARY ***
Total pot $2 | Rake $0 
Seat 1: ptolejmus
Seat 5: MrP1usovoy
Seat 2: MaRKiToScoK (small blind) collected ($2)
Seat 4: Dalila200 (big blind) folded before Flop
Seat 6: raketkasix (button) folded before Flop (didn't bet)



PokerStars Hand #254591006558:  Hold'em No Limit ($0.50/$1.00 USD) - 2025/01/28 7:31:25 WET [2025/01/28 2:31:25 ET]
Table 'Vigdis IV' 6-max Seat #2 is the button
Seat 1: ptolejmus ($11.16 in chips) is sitting out
Seat 2: MaRKiToScoK ($123.11 in chips) 
Seat 4: Dalila200 ($13.65 in chips) 
Seat 5: MrP1usovoy ($100 in chips) 
Seat 6: raketkasix ($106.48 in chips) 
Dalila200: posts small blind $0.50
MrP1usovoy: posts big blind $1
*** HOLE CARDS ***
raketkasix: folds 
MaRKiToScoK: folds 
Dalila200: folds 
Uncalled bet ($0.50) returned to MrP1usovoy
MrP1usovoy collected $1 from pot
MrP1usovoy: doesn't show hand 
*** SUMMARY ***
Total pot $1 | Rake $0 
Seat 1: ptolejmus
Seat 2: MaRKiToScoK (button) folded before Flop (didn't bet)
Seat 4: Dalila200 (small blind) folded before Flop
Seat 5: MrP1usovoy (big blind) collected ($1)
Seat 6: raketkasix folded before Flop (didn't bet)



PokerStars Hand #254591008056:  Hold'em No Limit ($0.50/$1.00 USD) - 2025/01/28 7:31:47 WET [2025/01/28 2:31:47 ET]
Table 'Vigdis IV' 6-max Seat #4 is the button
Seat 1: ptolejmus ($11.16 in chips) is sitting out
Seat 6: raketkasix ($106.48 in chips) is sitting out
Seat 2: MaRKiToScoK ($123.11 in chips) 
Seat 4: Dalila200 ($13.15 in chips) 
Seat 5: MrP1usovoy ($100.50 in chips) 
MrP1usovoy: posts small blind $0.50
raketkasix: is sitting out 
MaRKiToScoK: posts big blind $1
*** HOLE CARDS ***
Dalila200: folds 
raketkasix leaves the table
MrP1usovoy: raises $2 to $3
MaRKiToScoK: calls $2
*** FLOP *** [6h 4h 7c]
MrP1usovoy: checks 
MaRKiToScoK: bets $4.28
MrP1usovoy: calls $4.28
*** TURN *** [6h 4h 7c] [9d]
MrP1usovoy: checks 
MaRKiToScoK: bets $19.50
MrP1usovoy: folds 
Uncalled bet ($19.50) returned to MaRKiToScoK
MaRKiToScoK collected $13.83 from pot
*** SUMMARY ***
Total pot $14.56 | Rake $0.73 
Board [6h 4h 7c 9d]
Seat 1: ptolejmus
Seat 6: raketkasix
Seat 2: MaRKiToScoK (big blind) collected ($13.83)
Seat 4: Dalila200 (button) folded before Flop (didn't bet)
Seat 5: MrP1usovoy (small blind) folded on the Turn



PokerStars Hand #254591011283:  Hold'em No Limit ($0.50/$1.00 USD) - 2025/01/28 7:32:34 WET [2025/01/28 2:32:34 ET]
Table 'Vigdis IV' 6-max Seat #5 is the button
Seat 1: ptolejmus ($11.16 in chips) is sitting out
Seat 2: MaRKiToScoK ($129.66 in chips) 
Seat 4: Dalila200 ($13.15 in chips) 
Seat 5: MrP1usovoy ($100 in chips) 
MaRKiToScoK: posts small blind $0.50
Dalila200: posts big blind $1
*** HOLE CARDS ***
MrP1usovoy: folds 
MaRKiToScoK: raises $1.50 to $2.50
Dalila200: folds 
Uncalled bet ($1.50) returned to MaRKiToScoK
MrP1usovoy leaves the table
MaRKiToScoK collected $2 from pot
*** SUMMARY ***
Total pot $2 | Rake $0 
Seat 1: ptolejmus
Seat 2: MaRKiToScoK (small blind) collected ($2)
Seat 4: Dalila200 (big blind) folded before Flop
Seat 5: MrP1usovoy (button) folded before Flop (didn't bet)



PokerStars Hand #254591012226:  Hold'em No Limit ($0.50/$1.00 USD) - 2025/01/28 7:32:48 WET [2025/01/28 2:32:48 ET]
Table 'Vigdis IV' 6-max Seat #4 is the button
Seat 1: ptolejmus ($11.16 in chips) is sitting out
Seat 2: MaRKiToScoK ($130.66 in chips) 
Seat 4: Dalila200 ($12.15 in chips) 
Dalila200: posts small blind $0.50
MaRKiToScoK: posts big blind $1
*** HOLE CARDS ***
Dalila200: folds 
Uncalled bet ($0.50) returned to MaRKiToScoK
MaRKiToScoK collected $1 from pot
*** SUMMARY ***
Total pot $1 | Rake $0 
Seat 1: ptolejmus
Seat 2: MaRKiToScoK (big blind) collected ($1)
Seat 4: Dalila200 (button) (small blind) folded before Flop



PokerStars Hand #254591012770:  Hold'em No Limit ($0.50/$1.00 USD) - 2025/01/28 7:32:56 WET [2025/01/28 2:32:56 ET]
Table 'Vigdis IV' 6-max Seat #2 is the button
Seat 1: ptolejmus ($11.16 in chips) is sitting out
Seat 2: MaRKiToScoK ($131.16 in chips) 
Seat 4: Dalila200 ($11.65 in chips) 
MaRKiToScoK: posts small blind $0.50
Dalila200: posts big blind $1
*** HOLE CARDS ***
MaRKiToScoK: folds 
Uncalled bet ($0.50) returned to Dalila200
Dalila200 collected $1 from pot
*** SUMMARY ***
Total pot $1 | Rake $0 
Seat 1: ptolejmus
Seat 2: MaRKiToScoK (button) (small blind) folded before Flop
Seat 4: Dalila200 (big blind) collected ($1)



PokerStars Hand #254591013207:  Hold'em No Limit ($0.50/$1.00 USD) - 2025/01/28 7:33:02 WET [2025/01/28 2:33:02 ET]
Table 'Vigdis IV' 6-max Seat #4 is the button
Seat 1: ptolejmus ($11.16 in chips) is sitting out
Seat 2: MaRKiToScoK ($130.66 in chips) 
Seat 4: Dalila200 ($12.15 in chips) 
Dalila200: posts small blind $0.50
MaRKiToScoK: posts big blind $1
*** HOLE CARDS ***
Dalila200: calls $0.50
MaRKiToScoK: raises $1 to $2
Dalila200: calls $1
*** FLOP *** [3d Kd Qh]
MaRKiToScoK: checks 
Dalila200: checks 
*** TURN *** [3d Kd Qh] [Jh]
MaRKiToScoK: bets $128.66 and is all-in
Dalila200: folds 
Uncalled bet ($128.66) returned to MaRKiToScoK
MaRKiToScoK collected $3.80 from pot
*** SUMMARY ***
Total pot $4 | Rake $0.20 
Board [3d Kd Qh Jh]
Seat 1: ptolejmus
Seat 2: MaRKiToScoK (big blind) collected ($3.80)
Seat 4: Dalila200 (button) (small blind) folded on the Turn



PokerStars Hand #254591016207:  Hold'em No Limit ($0.50/$1.00 USD) - 2025/01/28 7:33:46 WET [2025/01/28 2:33:46 ET]
Table 'Vigdis IV' 6-max Seat #2 is the button
Seat 1: ptolejmus ($11.16 in chips) is sitting out
Seat 2: MaRKiToScoK ($132.46 in chips) 
Seat 4: Dalila200 ($10.15 in chips) 
MaRKiToScoK: posts small blind $0.50
Dalila200: posts big blind $1
*** HOLE CARDS ***
MaRKiToScoK: raises $1.50 to $2.50
Dalila200: calls $1.50
*** FLOP *** [As 8s 5c]
Dalila200: checks 
MaRKiToScoK: bets $1.57
Dalila200: folds 
Uncalled bet ($1.57) returned to MaRKiToScoK
MaRKiToScoK collected $4.75 from pot
*** SUMMARY ***
Total pot $5 | Rake $0.25 
Board [As 8s 5c]
Seat 1: ptolejmus
Seat 2: MaRKiToScoK (button) (small blind) collected ($4.75)
Seat 4: Dalila200 (big blind) folded on the Flop



