PokerStars Hand #254599759330:  Hold'em No Limit ($0.50/$1.00 USD) - 2025/01/28 23:32:08 WET [2025/01/28 18:32:08 ET]
Table 'Gallia' 6-max Seat #5 is the button
Seat 1: nikalas22 ($100 in chips) 
Seat 2: pr0tecto ($100 in chips) 
Seat 3: Manifestorr ($100 in chips) 
Seat 4: XneferX ($100 in chips) 
Seat 5: valmble ($10 in chips) 
Seat 6: Espada Fish ($102.50 in chips) 
Espada Fish: posts small blind $0.50
nikalas22: posts big blind $1
*** HOLE CARDS ***
pr0tecto: folds 
Manifestorr: raises $1.20 to $2.20
XneferX: folds 
valmble: folds 
Espada Fish: folds 
nikalas22: calls $1.20
*** FLOP *** [4h 9d 9c]
nikalas22: checks 
Manifestorr: checks 
*** TURN *** [4h 9d 9c] [Jh]
nikalas22: checks 
Manifestorr: bets $1.54
nikalas22: folds 
Uncalled bet ($1.54) returned to Manifestorr
Manifestorr collected $4.66 from pot
*** SUMMARY ***
Total pot $4.90 | Rake $0.24 
Board [4h 9d 9c Jh]
Seat 1: nikalas22 (big blind) folded on the Turn
Seat 2: pr0tecto folded before Flop (didn't bet)
Seat 3: Manifestorr collected ($4.66)
Seat 4: XneferX folded before Flop (didn't bet)
Seat 5: valmble (button) folded before Flop (didn't bet)
Seat 6: Espada Fish (small blind) folded before Flop



PokerStars Hand #254599771472:  Hold'em No Limit ($0.50/$1.00 USD) - 2025/01/28 23:32:56 WET [2025/01/28 18:32:56 ET]
Table 'Gallia' 6-max Seat #6 is the button
Seat 1: nikalas22 ($100 in chips) 
Seat 2: pr0tecto ($100 in chips) 
Seat 3: Manifestorr ($102.46 in chips) 
Seat 4: XneferX ($100 in chips) 
Seat 5: valmble ($10 in chips) 
Seat 6: Espada Fish ($102 in chips) 
nikalas22: posts small blind $0.50
pr0tecto: posts big blind $1
*** HOLE CARDS ***
Manifestorr: folds 
XneferX: folds 
valmble: folds 
Espada Fish: raises $1.50 to $2.50
nikalas22: folds 
pr0tecto: calls $1.50
*** FLOP *** [Qc Jd Ts]
pr0tecto: checks 
Espada Fish: checks 
*** TURN *** [Qc Jd Ts] [2s]
pr0tecto: bets $2.66
Espada Fish: calls $2.66
*** RIVER *** [Qc Jd Ts 2s] [2c]
pr0tecto: bets $7.71
Espada Fish: folds 
Uncalled bet ($7.71) returned to pr0tecto
pr0tecto collected $10.28 from pot
pr0tecto: doesn't show hand 
*** SUMMARY ***
Total pot $10.82 | Rake $0.54 
Board [Qc Jd Ts 2s 2c]
Seat 1: nikalas22 (small blind) folded before Flop
Seat 2: pr0tecto (big blind) collected ($10.28)
Seat 3: Manifestorr folded before Flop (didn't bet)
Seat 4: XneferX folded before Flop (didn't bet)
Seat 5: valmble folded before Flop (didn't bet)
Seat 6: Espada Fish (button) folded on the River



PokerStars Hand #254599788466:  Hold'em No Limit ($0.50/$1.00 USD) - 2025/01/28 23:34:04 WET [2025/01/28 18:34:04 ET]
Table 'Gallia' 6-max Seat #1 is the button
Seat 1: nikalas22 ($100 in chips) 
Seat 2: pr0tecto ($105.12 in chips) 
Seat 3: Manifestorr ($102.46 in chips) 
Seat 4: XneferX ($100 in chips) 
Seat 5: valmble ($10 in chips) 
Seat 6: Espada Fish ($100 in chips) 
pr0tecto: posts small blind $0.50
Manifestorr: posts big blind $1
*** HOLE CARDS ***
XneferX: folds 
valmble: folds 
Espada Fish: folds 
nikalas22: folds 
pr0tecto: folds 
Uncalled bet ($0.50) returned to Manifestorr
Manifestorr collected $1 from pot
*** SUMMARY ***
Total pot $1 | Rake $0 
Seat 1: nikalas22 (button) folded before Flop (didn't bet)
Seat 2: pr0tecto (small blind) folded before Flop
Seat 3: Manifestorr (big blind) collected ($1)
Seat 4: XneferX folded before Flop (didn't bet)
Seat 5: valmble folded before Flop (didn't bet)
Seat 6: Espada Fish folded before Flop (didn't bet)



PokerStars Hand #254599794759:  Hold'em No Limit ($0.50/$1.00 USD) - 2025/01/28 23:34:29 WET [2025/01/28 18:34:29 ET]
Table 'Gallia' 6-max Seat #2 is the button
Seat 1: nikalas22 ($100 in chips) 
Seat 2: pr0tecto ($104.62 in chips) 
Seat 3: Manifestorr ($102.96 in chips) 
Seat 4: XneferX ($100 in chips) 
Seat 5: valmble ($10 in chips) 
Seat 6: Espada Fish ($100 in chips) 
Manifestorr: posts small blind $0.50
XneferX: posts big blind $1
*** HOLE CARDS ***
valmble: folds 
Espada Fish: folds 
nikalas22: raises $1.50 to $2.50
pr0tecto: folds 
Manifestorr: raises $8.50 to $11
XneferX: folds 
nikalas22: raises $13 to $24
Manifestorr: raises $78.96 to $102.96 and is all-in
nikalas22: calls $76 and is all-in
Uncalled bet ($2.96) returned to Manifestorr
*** FIRST FLOP *** [8s 2c 5s]
*** FIRST TURN *** [8s 2c 5s] [Th]
*** FIRST RIVER *** [8s 2c 5s Th] [2h]
*** SECOND FLOP *** [9c 6d 3s]
*** SECOND TURN *** [9c 6d 3s] [8c]
*** SECOND RIVER *** [9c 6d 3s 8c] [6h]
*** FIRST SHOW DOWN ***
Manifestorr: shows [Kc As] (a pair of Deuces)
nikalas22: shows [Ad Kd] (a pair of Deuces)
Manifestorr collected $49.63 from pot
nikalas22 collected $49.62 from pot
*** SECOND SHOW DOWN ***
Manifestorr: shows [Kc As] (a pair of Sixes)
nikalas22: shows [Ad Kd] (a pair of Sixes)
Manifestorr collected $49.63 from pot
nikalas22 collected $49.62 from pot
*** SUMMARY ***
Total pot $201 | Rake $2.50 
Hand was run twice
FIRST Board [8s 2c 5s Th 2h]
SECOND Board [9c 6d 3s 8c 6h]
Seat 1: nikalas22 showed [Ad Kd] and won ($49.62) with a pair of Deuces, and won ($49.62) with a pair of Sixes
Seat 2: pr0tecto (button) folded before Flop (didn't bet)
Seat 3: Manifestorr (small blind) showed [Kc As] and won ($49.63) with a pair of Deuces, and won ($49.63) with a pair of Sixes
Seat 4: XneferX (big blind) folded before Flop
Seat 5: valmble folded before Flop (didn't bet)
Seat 6: Espada Fish folded before Flop (didn't bet)



PokerStars Hand #254599805670:  Hold'em No Limit ($0.50/$1.00 USD) - 2025/01/28 23:35:13 WET [2025/01/28 18:35:13 ET]
Table 'Gallia' 6-max Seat #3 is the button
Seat 5: valmble ($10 in chips) is sitting out
Seat 1: nikalas22 ($100 in chips) 
Seat 2: pr0tecto ($104.62 in chips) 
Seat 3: Manifestorr ($102.22 in chips) 
Seat 4: XneferX ($100 in chips) 
Seat 6: Espada Fish ($100 in chips) 
XneferX: posts small blind $0.50
valmble: is sitting out 
Espada Fish: posts big blind $1
*** HOLE CARDS ***
nikalas22: raises $1.50 to $2.50
pr0tecto: folds 
Manifestorr: folds 
XneferX: folds 
Espada Fish: folds 
Uncalled bet ($1.50) returned to nikalas22
Espada Fish leaves the table
nikalas22 collected $2.50 from pot
nikalas22: doesn't show hand 
*** SUMMARY ***
Total pot $2.50 | Rake $0 
Seat 5: valmble
Seat 1: nikalas22 collected ($2.50)
Seat 2: pr0tecto folded before Flop (didn't bet)
Seat 3: Manifestorr (button) folded before Flop (didn't bet)
Seat 4: XneferX (small blind) folded before Flop
Seat 6: Espada Fish (big blind) folded before Flop



PokerStars Hand #254599812624:  Hold'em No Limit ($0.50/$1.00 USD) - 2025/01/28 23:35:40 WET [2025/01/28 18:35:40 ET]
Table 'Gallia' 6-max Seat #4 is the button
Seat 5: valmble ($10 in chips) is sitting out
Seat 1: nikalas22 ($101.50 in chips) 
Seat 2: pr0tecto ($104.62 in chips) 
Seat 3: Manifestorr ($102.22 in chips) 
Seat 4: XneferX ($100 in chips) 
nikalas22: posts small blind $0.50
pr0tecto: posts big blind $1
*** HOLE CARDS ***
Manifestorr: raises $1.20 to $2.20
XneferX: folds 
nikalas22: folds 
pr0tecto: calls $1.20
*** FLOP *** [Qd 9c 3c]
pr0tecto: checks 
Manifestorr: checks 
*** TURN *** [Qd 9c 3c] [Ts]
pr0tecto: checks 
Manifestorr: checks 
*** RIVER *** [Qd 9c 3c Ts] [6h]
pr0tecto: checks 
Manifestorr: checks 
*** SHOW DOWN ***
pr0tecto: shows [Ah 7h] (high card Ace)
Manifestorr: mucks hand 
pr0tecto collected $4.66 from pot
*** SUMMARY ***
Total pot $4.90 | Rake $0.24 
Board [Qd 9c 3c Ts 6h]
Seat 5: valmble
Seat 1: nikalas22 (small blind) folded before Flop
Seat 2: pr0tecto (big blind) showed [Ah 7h] and won ($4.66) with high card Ace
Seat 3: Manifestorr mucked
Seat 4: XneferX (button) folded before Flop (didn't bet)



