PokerStars Hand #254589851344:  Hold'em No Limit ($0.50/$1.00 USD) - 2025/01/28 3:35:24 WET [2025/01/27 22:35:24 ET]
Table 'Neva III' 6-max Seat #5 is the button
Seat 1: DarrenKinsellaa ($119.91 in chips) 
Seat 2: steepfell ($136.88 in chips) 
Seat 3: 50CandyJoe ($100 in chips) 
Seat 4: 7bekon7 ($103.70 in chips) 
Seat 5: reeqar ($106.50 in chips) 
Seat 6: joaquin612 ($104.89 in chips) 
joaquin612: posts small blind $0.50
DarrenKinsellaa: posts big blind $1
*** HOLE CARDS ***
steepfell: folds 
50CandyJoe: folds 
7bekon7: raises $3 to $4
reeqar: raises $8 to $12
joaquin612: folds 
DarrenKinsellaa: calls $11
7bekon7: calls $8
*** FLOP *** [8h Jd 3c]
DarrenKinsellaa: checks 
7bekon7: checks 
reeqar: bets $11.44
DarrenKinsellaa: raises $13.56 to $25
7bekon7: calls $25
reeqar: calls $13.56
*** TURN *** [8h Jd 3c] [Ts]
DarrenKinsellaa: checks 
7bekon7: bets $25
reeqar: folds 
DarrenKinsellaa: calls $25
*** RIVER *** [8h Jd 3c Ts] [Qh]
DarrenKinsellaa: bets $57.91 and is all-in
7bekon7: calls $41.70 and is all-in
Uncalled bet ($16.21) returned to DarrenKinsellaa
*** SHOW DOWN ***
DarrenKinsellaa: shows [Ad Ks] (a straight, Ten to Ace)
7bekon7: shows [3s 3d] (three of a kind, Threes)
DarrenKinsellaa collected $242.40 from pot
*** SUMMARY ***
Total pot $244.90 | Rake $2.50 
Board [8h Jd 3c Ts Qh]
Seat 1: DarrenKinsellaa (big blind) showed [Ad Ks] and won ($242.40) with a straight, Ten to Ace
Seat 2: steepfell folded before Flop (didn't bet)
Seat 3: 50CandyJoe folded before Flop (didn't bet)
Seat 4: 7bekon7 showed [3s 3d] and lost with three of a kind, Threes
Seat 5: reeqar (button) folded on the Turn
Seat 6: joaquin612 (small blind) folded before Flop



PokerStars Hand #254589871607:  Hold'em No Limit ($0.50/$1.00 USD) - 2025/01/28 3:38:20 WET [2025/01/27 22:38:20 ET]
Table 'Neva III' 6-max Seat #6 is the button
Seat 1: DarrenKinsellaa ($258.61 in chips) 
Seat 2: steepfell ($136.88 in chips) 
Seat 3: 50CandyJoe ($100 in chips) 
Seat 4: 7bekon7 ($100 in chips) 
Seat 5: reeqar ($100 in chips) 
Seat 6: joaquin612 ($104.39 in chips) 
DarrenKinsellaa: posts small blind $0.50
steepfell: posts big blind $1
*** HOLE CARDS ***
50CandyJoe: folds 
7bekon7: folds 
reeqar: folds 
joaquin612: folds 
DarrenKinsellaa: folds 
Uncalled bet ($0.50) returned to steepfell
steepfell collected $1 from pot
steepfell: doesn't show hand 
*** SUMMARY ***
Total pot $1 | Rake $0 
Seat 1: DarrenKinsellaa (small blind) folded before Flop
Seat 2: steepfell (big blind) collected ($1)
Seat 3: 50CandyJoe folded before Flop (didn't bet)
Seat 4: 7bekon7 folded before Flop (didn't bet)
Seat 5: reeqar folded before Flop (didn't bet)
Seat 6: joaquin612 (button) folded before Flop (didn't bet)



PokerStars Hand #254589873941:  Hold'em No Limit ($0.50/$1.00 USD) - 2025/01/28 3:38:41 WET [2025/01/27 22:38:41 ET]
Table 'Neva III' 6-max Seat #1 is the button
Seat 1: DarrenKinsellaa ($258.11 in chips) 
Seat 2: steepfell ($137.38 in chips) 
Seat 3: 50CandyJoe ($100 in chips) 
Seat 4: 7bekon7 ($100 in chips) 
Seat 5: reeqar ($100 in chips) 
Seat 6: joaquin612 ($104.39 in chips) 
steepfell: posts small blind $0.50
50CandyJoe: posts big blind $1
*** HOLE CARDS ***
7bekon7: folds 
reeqar: folds 
joaquin612: folds 
DarrenKinsellaa: calls $1
steepfell: folds 
50CandyJoe: checks 
*** FLOP *** [7h 4d As]
50CandyJoe: bets $1
DarrenKinsellaa: calls $1
*** TURN *** [7h 4d As] [3c]
50CandyJoe: bets $1.41
DarrenKinsellaa: folds 
Uncalled bet ($1.41) returned to 50CandyJoe
50CandyJoe collected $4.28 from pot
50CandyJoe: doesn't show hand 
*** SUMMARY ***
Total pot $4.50 | Rake $0.22 
Board [7h 4d As 3c]
Seat 1: DarrenKinsellaa (button) folded on the Turn
Seat 2: steepfell (small blind) folded before Flop
Seat 3: 50CandyJoe (big blind) collected ($4.28)
Seat 4: 7bekon7 folded before Flop (didn't bet)
Seat 5: reeqar folded before Flop (didn't bet)
Seat 6: joaquin612 folded before Flop (didn't bet)



PokerStars Hand #254589877423:  Hold'em No Limit ($0.50/$1.00 USD) - 2025/01/28 3:39:12 WET [2025/01/27 22:39:12 ET]
Table 'Neva III' 6-max Seat #2 is the button
Seat 1: DarrenKinsellaa ($256.11 in chips) 
Seat 2: steepfell ($136.88 in chips) 
Seat 3: 50CandyJoe ($102.28 in chips) 
Seat 4: 7bekon7 ($100 in chips) 
Seat 5: reeqar ($100 in chips) 
Seat 6: joaquin612 ($104.39 in chips) 
50CandyJoe: posts small blind $0.50
7bekon7: posts big blind $1
*** HOLE CARDS ***
reeqar: raises $1.50 to $2.50
joaquin612: folds 
DarrenKinsellaa: folds 
steepfell: folds 
50CandyJoe: folds 
7bekon7: folds 
Uncalled bet ($1.50) returned to reeqar
reeqar collected $2.50 from pot
reeqar: doesn't show hand 
*** SUMMARY ***
Total pot $2.50 | Rake $0 
Seat 1: DarrenKinsellaa folded before Flop (didn't bet)
Seat 2: steepfell (button) folded before Flop (didn't bet)
Seat 3: 50CandyJoe (small blind) folded before Flop
Seat 4: 7bekon7 (big blind) folded before Flop
Seat 5: reeqar collected ($2.50)
Seat 6: joaquin612 folded before Flop (didn't bet)



PokerStars Hand #254589879978:  Hold'em No Limit ($0.50/$1.00 USD) - 2025/01/28 3:39:35 WET [2025/01/27 22:39:35 ET]
Table 'Neva III' 6-max Seat #3 is the button
Seat 1: DarrenKinsellaa ($256.11 in chips) 
Seat 2: steepfell ($136.88 in chips) 
Seat 3: 50CandyJoe ($101.78 in chips) 
Seat 4: 7bekon7 ($100 in chips) 
Seat 5: reeqar ($101.50 in chips) 
Seat 6: joaquin612 ($104.39 in chips) 
7bekon7: posts small blind $0.50
reeqar: posts big blind $1
*** HOLE CARDS ***
joaquin612: folds 
DarrenKinsellaa: raises $1 to $2
steepfell: folds 
50CandyJoe: folds 
7bekon7: folds 
reeqar: raises $8 to $10
DarrenKinsellaa: calls $8
*** FLOP *** [Th Qc 8h]
reeqar: bets $14.61
DarrenKinsellaa: calls $14.61
*** TURN *** [Th Qc 8h] [5d]
reeqar: checks 
DarrenKinsellaa: bets $51
reeqar: raises $25.89 to $76.89 and is all-in
DarrenKinsellaa: calls $25.89
*** RIVER *** [Th Qc 8h 5d] [Qh]
*** SHOW DOWN ***
reeqar: shows [Td Qd] (a full house, Queens full of Tens)
DarrenKinsellaa: shows [Ah 5h] (a flush, Ace high)
reeqar collected $201 from pot
*** SUMMARY ***
Total pot $203.50 | Rake $2.50 
Board [Th Qc 8h 5d Qh]
Seat 1: DarrenKinsellaa showed [Ah 5h] and lost with a flush, Ace high
Seat 2: steepfell folded before Flop (didn't bet)
Seat 3: 50CandyJoe (button) folded before Flop (didn't bet)
Seat 4: 7bekon7 (small blind) folded before Flop
Seat 5: reeqar (big blind) showed [Td Qd] and won ($201) with a full house, Queens full of Tens
Seat 6: joaquin612 folded before Flop (didn't bet)



PokerStars Hand #254589887239:  Hold'em No Limit ($0.50/$1.00 USD) - 2025/01/28 3:40:39 WET [2025/01/27 22:40:39 ET]
Table 'Neva III' 6-max Seat #4 is the button
Seat 1: DarrenKinsellaa ($154.61 in chips) 
Seat 2: steepfell ($136.88 in chips) 
Seat 3: 50CandyJoe ($101.78 in chips) 
Seat 4: 7bekon7 ($100 in chips) 
Seat 5: reeqar ($201 in chips) 
Seat 6: joaquin612 ($104.39 in chips) 
reeqar: posts small blind $0.50
joaquin612: posts big blind $1
*** HOLE CARDS ***
DarrenKinsellaa: folds 
steepfell: folds 
50CandyJoe: folds 
7bekon7: raises $1.25 to $2.25
reeqar: folds 
joaquin612: calls $1.25
*** FLOP *** [Tc 6c Kd]
joaquin612: checks 
7bekon7: checks 
*** TURN *** [Tc 6c Kd] [5s]
joaquin612: checks 
7bekon7: bets $1.19
joaquin612: calls $1.19
*** RIVER *** [Tc 6c Kd 5s] [5d]
joaquin612: bets $1.50
7bekon7: calls $1.50
*** SHOW DOWN ***
joaquin612: shows [9c Ts] (two pair, Tens and Fives)
7bekon7: shows [9d Th] (two pair, Tens and Fives)
joaquin612 collected $4.93 from pot
7bekon7 collected $4.93 from pot
*** SUMMARY ***
Total pot $10.38 | Rake $0.52 
Board [Tc 6c Kd 5s 5d]
Seat 1: DarrenKinsellaa folded before Flop (didn't bet)
Seat 2: steepfell folded before Flop (didn't bet)
Seat 3: 50CandyJoe folded before Flop (didn't bet)
Seat 4: 7bekon7 (button) showed [9d Th] and won ($4.93) with two pair, Tens and Fives
Seat 5: reeqar (small blind) folded before Flop
Seat 6: joaquin612 (big blind) showed [9c Ts] and won ($4.93) with two pair, Tens and Fives



PokerStars Hand #254589893192:  Hold'em No Limit ($0.50/$1.00 USD) - 2025/01/28 3:41:31 WET [2025/01/27 22:41:31 ET]
Table 'Neva III' 6-max Seat #5 is the button
Seat 1: DarrenKinsellaa ($154.61 in chips) 
Seat 2: steepfell ($136.88 in chips) 
Seat 3: 50CandyJoe ($101.78 in chips) 
Seat 4: 7bekon7 ($100 in chips) 
Seat 5: reeqar ($200.50 in chips) 
Seat 6: joaquin612 ($104.38 in chips) 
joaquin612: posts small blind $0.50
DarrenKinsellaa: posts big blind $1
*** HOLE CARDS ***
steepfell: folds 
50CandyJoe: raises $1.20 to $2.20
7bekon7: folds 
reeqar: folds 
joaquin612: folds 
DarrenKinsellaa: folds 
Uncalled bet ($1.20) returned to 50CandyJoe
50CandyJoe collected $2.50 from pot
50CandyJoe: doesn't show hand 
*** SUMMARY ***
Total pot $2.50 | Rake $0 
Seat 1: DarrenKinsellaa (big blind) folded before Flop
Seat 2: steepfell folded before Flop (didn't bet)
Seat 3: 50CandyJoe collected ($2.50)
Seat 4: 7bekon7 folded before Flop (didn't bet)
Seat 5: reeqar (button) folded before Flop (didn't bet)
Seat 6: joaquin612 (small blind) folded before Flop



PokerStars Hand #254589895662:  Hold'em No Limit ($0.50/$1.00 USD) - 2025/01/28 3:41:53 WET [2025/01/27 22:41:53 ET]
Table 'Neva III' 6-max Seat #6 is the button
Seat 1: DarrenKinsellaa ($153.61 in chips) 
Seat 2: steepfell ($136.88 in chips) 
Seat 3: 50CandyJoe ($103.28 in chips) 
Seat 4: 7bekon7 ($100 in chips) 
Seat 5: reeqar ($200.50 in chips) 
Seat 6: joaquin612 ($103.88 in chips) 
DarrenKinsellaa: posts small blind $0.50
steepfell: posts big blind $1
*** HOLE CARDS ***
50CandyJoe: folds 
7bekon7: folds 
reeqar: folds 
joaquin612: folds 
DarrenKinsellaa: calls $0.50
steepfell: raises $3 to $4
DarrenKinsellaa: calls $3
*** FLOP *** [5c Jc Jd]
DarrenKinsellaa: checks 
steepfell: bets $2.51
DarrenKinsellaa: calls $2.51
*** TURN *** [5c Jc Jd] [Ad]
DarrenKinsellaa: checks 
steepfell: checks 
*** RIVER *** [5c Jc Jd Ad] [3c]
DarrenKinsellaa: checks 
steepfell: checks 
*** SHOW DOWN ***
DarrenKinsellaa: shows [3d 2d] (two pair, Jacks and Threes)
steepfell: mucks hand 
DarrenKinsellaa collected $12.37 from pot
*** SUMMARY ***
Total pot $13.02 | Rake $0.65 
Board [5c Jc Jd Ad 3c]
Seat 1: DarrenKinsellaa (small blind) showed [3d 2d] and won ($12.37) with two pair, Jacks and Threes
Seat 2: steepfell (big blind) mucked
Seat 3: 50CandyJoe folded before Flop (didn't bet)
Seat 4: 7bekon7 folded before Flop (didn't bet)
Seat 5: reeqar folded before Flop (didn't bet)
Seat 6: joaquin612 (button) folded before Flop (didn't bet)



PokerStars Hand #254589900603:  Hold'em No Limit ($0.50/$1.00 USD) - 2025/01/28 3:42:37 WET [2025/01/27 22:42:37 ET]
Table 'Neva III' 6-max Seat #1 is the button
Seat 1: DarrenKinsellaa ($159.47 in chips) 
Seat 2: steepfell ($130.37 in chips) 
Seat 3: 50CandyJoe ($103.28 in chips) 
Seat 4: 7bekon7 ($100 in chips) 
Seat 5: reeqar ($200.50 in chips) 
Seat 6: joaquin612 ($103.88 in chips) 
steepfell: posts small blind $0.50
50CandyJoe: posts big blind $1
*** HOLE CARDS ***
7bekon7: folds 
reeqar: folds 
joaquin612: raises $1.50 to $2.50
DarrenKinsellaa: calls $2.50
steepfell: folds 
50CandyJoe: folds 
*** FLOP *** [Td 6d Th]
joaquin612: bets $2.04
DarrenKinsellaa: raises $3.04 to $5.08
joaquin612: raises $7.42 to $12.50
DarrenKinsellaa: folds 
Uncalled bet ($7.42) returned to joaquin612
joaquin612 collected $15.83 from pot
joaquin612: doesn't show hand 
*** SUMMARY ***
Total pot $16.66 | Rake $0.83 
Board [Td 6d Th]
Seat 1: DarrenKinsellaa (button) folded on the Flop
Seat 2: steepfell (small blind) folded before Flop
Seat 3: 50CandyJoe (big blind) folded before Flop
Seat 4: 7bekon7 folded before Flop (didn't bet)
Seat 5: reeqar folded before Flop (didn't bet)
Seat 6: joaquin612 collected ($15.83)



PokerStars Hand #254589905544:  Hold'em No Limit ($0.50/$1.00 USD) - 2025/01/28 3:43:21 WET [2025/01/27 22:43:21 ET]
Table 'Neva III' 6-max Seat #2 is the button
Seat 1: DarrenKinsellaa ($151.89 in chips) 
Seat 2: steepfell ($129.87 in chips) 
Seat 3: 50CandyJoe ($102.28 in chips) 
Seat 4: 7bekon7 ($100 in chips) 
Seat 5: reeqar ($200.50 in chips) 
Seat 6: joaquin612 ($112.13 in chips) 
50CandyJoe: posts small blind $0.50
7bekon7: posts big blind $1
*** HOLE CARDS ***
reeqar: folds 
joaquin612: folds 
DarrenKinsellaa: calls $1
steepfell: folds 
50CandyJoe: folds 
7bekon7: raises $4 to $5
DarrenKinsellaa: calls $4
*** FLOP *** [7s Ad Td]
7bekon7: checks 
DarrenKinsellaa: bets $7
7bekon7: calls $7
*** TURN *** [7s Ad Td] [Ts]
7bekon7: checks 
DarrenKinsellaa: bets $12
7bekon7: raises $23.64 to $35.64
DarrenKinsellaa: calls $23.64
*** RIVER *** [7s Ad Td Ts] [8s]
7bekon7: bets $52.36 and is all-in
DarrenKinsellaa: folds 
Uncalled bet ($52.36) returned to 7bekon7
7bekon7 collected $93.28 from pot
7bekon7: doesn't show hand 
*** SUMMARY ***
Total pot $95.78 | Rake $2.50 
Board [7s Ad Td Ts 8s]
Seat 1: DarrenKinsellaa folded on the River
Seat 2: steepfell (button) folded before Flop (didn't bet)
Seat 3: 50CandyJoe (small blind) folded before Flop
Seat 4: 7bekon7 (big blind) collected ($93.28)
Seat 5: reeqar folded before Flop (didn't bet)
Seat 6: joaquin612 folded before Flop (didn't bet)



PokerStars Hand #254589913287:  Hold'em No Limit ($0.50/$1.00 USD) - 2025/01/28 3:44:32 WET [2025/01/27 22:44:32 ET]
Table 'Neva III' 6-max Seat #3 is the button
Seat 1: DarrenKinsellaa ($104.25 in chips) 
Seat 2: steepfell ($129.87 in chips) 
Seat 3: 50CandyJoe ($101.78 in chips) 
Seat 4: 7bekon7 ($145.64 in chips) 
Seat 5: reeqar ($200.50 in chips) 
Seat 6: joaquin612 ($112.13 in chips) 
7bekon7: posts small blind $0.50
reeqar: posts big blind $1
*** HOLE CARDS ***
joaquin612: folds 
DarrenKinsellaa: calls $1
joaquin612 leaves the table
steepfell: folds 
50CandyJoe: raises $2.50 to $3.50
7bekon7: folds 
reeqar: folds 
DarrenKinsellaa: calls $2.50
*** FLOP *** [As 2c 4d]
DarrenKinsellaa: checks 
50CandyJoe: bets $2.67
DarrenKinsellaa: folds 
Uncalled bet ($2.67) returned to 50CandyJoe
50CandyJoe collected $8.08 from pot
50CandyJoe: doesn't show hand 
*** SUMMARY ***
Total pot $8.50 | Rake $0.42 
Board [As 2c 4d]
Seat 1: DarrenKinsellaa folded on the Flop
Seat 2: steepfell folded before Flop (didn't bet)
Seat 3: 50CandyJoe (button) collected ($8.08)
Seat 4: 7bekon7 (small blind) folded before Flop
Seat 5: reeqar (big blind) folded before Flop
Seat 6: joaquin612 folded before Flop (didn't bet)



PokerStars Hand #254589916550:  Hold'em No Limit ($0.50/$1.00 USD) - 2025/01/28 3:45:01 WET [2025/01/27 22:45:01 ET]
Table 'Neva III' 6-max Seat #4 is the button
Seat 1: DarrenKinsellaa ($100.75 in chips) 
Seat 2: steepfell ($129.87 in chips) 
Seat 3: 50CandyJoe ($106.36 in chips) 
Seat 4: 7bekon7 ($145.14 in chips) 
Seat 5: reeqar ($199.50 in chips) 
reeqar: posts small blind $0.50
DarrenKinsellaa: posts big blind $1
*** HOLE CARDS ***
steepfell: folds 
50CandyJoe: folds 
7bekon7: folds 
reeqar: folds 
Uncalled bet ($0.50) returned to DarrenKinsellaa
DarrenKinsellaa collected $1 from pot
*** SUMMARY ***
Total pot $1 | Rake $0 
Seat 1: DarrenKinsellaa (big blind) collected ($1)
Seat 2: steepfell folded before Flop (didn't bet)
Seat 3: 50CandyJoe folded before Flop (didn't bet)
Seat 4: 7bekon7 (button) folded before Flop (didn't bet)
Seat 5: reeqar (small blind) folded before Flop



PokerStars Hand #254589919026:  Hold'em No Limit ($0.50/$1.00 USD) - 2025/01/28 3:45:23 WET [2025/01/27 22:45:23 ET]
Table 'Neva III' 6-max Seat #5 is the button
Seat 1: DarrenKinsellaa ($101.25 in chips) 
Seat 2: steepfell ($129.87 in chips) 
Seat 3: 50CandyJoe ($106.36 in chips) 
Seat 4: 7bekon7 ($145.14 in chips) 
Seat 5: reeqar ($199 in chips) 
DarrenKinsellaa: posts small blind $0.50
steepfell: posts big blind $1
*** HOLE CARDS ***
50CandyJoe: raises $1.20 to $2.20
CashfishT joins the table at seat #6 
7bekon7: folds 
reeqar: folds 
DarrenKinsellaa: calls $1.70
steepfell: folds 
*** FLOP *** [Ac 7d 7h]
DarrenKinsellaa: bets $4
50CandyJoe: raises $4 to $8
DarrenKinsellaa: folds 
Uncalled bet ($4) returned to 50CandyJoe
50CandyJoe collected $12.73 from pot
50CandyJoe: doesn't show hand 
*** SUMMARY ***
Total pot $13.40 | Rake $0.67 
Board [Ac 7d 7h]
Seat 1: DarrenKinsellaa (small blind) folded on the Flop
Seat 2: steepfell (big blind) folded before Flop
Seat 3: 50CandyJoe collected ($12.73)
Seat 4: 7bekon7 folded before Flop (didn't bet)
Seat 5: reeqar (button) folded before Flop (didn't bet)



PokerStars Hand #254589922775:  Hold'em No Limit ($0.50/$1.00 USD) - 2025/01/28 3:45:57 WET [2025/01/27 22:45:57 ET]
Table 'Neva III' 6-max Seat #1 is the button
Seat 6: CashfishT ($100 in chips) is sitting out
Seat 1: DarrenKinsellaa ($95.05 in chips) 
Seat 2: steepfell ($128.87 in chips) 
Seat 3: 50CandyJoe ($112.89 in chips) 
Seat 4: 7bekon7 ($145.14 in chips) 
Seat 5: reeqar ($199 in chips) 
steepfell: posts small blind $0.50
50CandyJoe: posts big blind $1
CashfishT: sits out 
*** HOLE CARDS ***
7bekon7: folds 
reeqar: folds 
DarrenKinsellaa: folds 
DarrenKinsellaa leaves the table
steepfell: folds 
Uncalled bet ($0.50) returned to 50CandyJoe
50CandyJoe collected $1 from pot
50CandyJoe: doesn't show hand 
*** SUMMARY ***
Total pot $1 | Rake $0 
Seat 6: CashfishT
Seat 1: DarrenKinsellaa (button) folded before Flop (didn't bet)
Seat 2: steepfell (small blind) folded before Flop
Seat 3: 50CandyJoe (big blind) collected ($1)
Seat 4: 7bekon7 folded before Flop (didn't bet)
Seat 5: reeqar folded before Flop (didn't bet)



PokerStars Hand #254589924424:  Hold'em No Limit ($0.50/$1.00 USD) - 2025/01/28 3:46:12 WET [2025/01/27 22:46:12 ET]
Table 'Neva III' 6-max Seat #2 is the button
Seat 6: CashfishT ($100 in chips) is sitting out
Seat 2: steepfell ($128.37 in chips) 
Seat 3: 50CandyJoe ($113.39 in chips) 
Seat 4: 7bekon7 ($145.14 in chips) 
Seat 5: reeqar ($199 in chips) 
50CandyJoe: posts small blind $0.50
7bekon7: posts big blind $1
CashfishT: sits out 
*** HOLE CARDS ***
reeqar: folds 
steepfell: raises $1.50 to $2.50
50CandyJoe: folds 
CashfishT leaves the table
7bekon7: folds 
Uncalled bet ($1.50) returned to steepfell
steepfell collected $2.50 from pot
steepfell: doesn't show hand 
*** SUMMARY ***
Total pot $2.50 | Rake $0 
Seat 6: CashfishT
Seat 2: steepfell (button) collected ($2.50)
Seat 3: 50CandyJoe (small blind) folded before Flop
Seat 4: 7bekon7 (big blind) folded before Flop
Seat 5: reeqar folded before Flop (didn't bet)



PokerStars Hand #254589926200:  Hold'em No Limit ($0.50/$1.00 USD) - 2025/01/28 3:46:28 WET [2025/01/27 22:46:28 ET]
Table 'Neva III' 6-max Seat #4 is the button
Seat 2: steepfell ($129.87 in chips) is sitting out
Seat 5: reeqar ($199 in chips) is sitting out
Seat 3: 50CandyJoe ($112.89 in chips) 
Seat 4: 7bekon7 ($144.14 in chips) 
7bekon7: posts small blind $0.50
reeqar: is sitting out 
steepfell: is sitting out 
50CandyJoe: posts big blind $1
*** HOLE CARDS ***
7bekon7: raises $2 to $3
steepfell leaves the table
50CandyJoe: raises $9.50 to $12.50
7bekon7: calls $9.50
*** FLOP *** [Kc Jc 5s]
50CandyJoe: checks 
7bekon7: checks 
*** TURN *** [Kc Jc 5s] [6d]
reeqar leaves the table
50CandyJoe: checks 
7bekon7: checks 
*** RIVER *** [Kc Jc 5s 6d] [2s]
50CandyJoe: checks 
7bekon7: bets $24
50CandyJoe: calls $24
*** SHOW DOWN ***
7bekon7: shows [2d 2c] (three of a kind, Deuces)
50CandyJoe: mucks hand 
7bekon7 collected $72 from pot
*** SUMMARY ***
Total pot $73 | Rake $1 
Board [Kc Jc 5s 6d 2s]
Seat 2: steepfell
Seat 5: reeqar
Seat 3: 50CandyJoe (big blind) mucked
Seat 4: 7bekon7 (button) (small blind) showed [2d 2c] and won ($72) with three of a kind, Deuces



