PokerStars Hand #254596126801:  Hold'em No Limit ($0.50/$1.00 USD) - 2025/01/28 20:36:57 WET [2025/01/28 15:36:57 ET]
Table 'Struveana' 6-max Seat #2 is the button
Seat 2: AlexPinsk1 ($100 in chips) 
Seat 5: Manifestorr ($100 in chips) 
AlexPinsk1: posts small blind $0.50
Manifestorr: posts big blind $1
*** HOLE CARDS ***
AlexPinsk1: raises $1.50 to $2.50
Manifestorr: folds 
Uncalled bet ($1.50) returned to AlexPinsk1
AlexPinsk1 collected $2 from pot
AlexPinsk1: doesn't show hand 
*** SUMMARY ***
Total pot $2 | Rake $0 
Seat 2: AlexPinsk1 (button) (small blind) collected ($2)
Seat 5: Manifestorr (big blind) folded before Flop



PokerStars Hand #254596128722:  Hold'em No Limit ($0.50/$1.00 USD) - 2025/01/28 20:37:04 WET [2025/01/28 15:37:04 ET]
Table 'Struveana' 6-max Seat #5 is the button
Seat 2: AlexPinsk1 ($101 in chips) 
Seat 5: Manifestorr ($100 in chips) 
Manifestorr: posts small blind $0.50
AlexPinsk1: posts big blind $1
*** HOLE CARDS ***
Manifestorr: raises $1 to $2
AlexPinsk1: calls $1
*** FLOP *** [Ks 8d Td]
AlexPinsk1: checks 
Manifestorr: bets $5.13
AlexPinsk1: folds 
Uncalled bet ($5.13) returned to Manifestorr
Manifestorr collected $3.80 from pot
*** SUMMARY ***
Total pot $4 | Rake $0.20 
Board [Ks 8d Td]
Seat 2: AlexPinsk1 (big blind) folded on the Flop
Seat 5: Manifestorr (button) (small blind) collected ($3.80)



PokerStars Hand #254596134823:  Hold'em No Limit ($0.50/$1.00 USD) - 2025/01/28 20:37:23 WET [2025/01/28 15:37:23 ET]
Table 'Struveana' 6-max Seat #2 is the button
Seat 2: AlexPinsk1 ($100 in chips) 
Seat 5: Manifestorr ($101.80 in chips) 
AlexPinsk1: posts small blind $0.50
Manifestorr: posts big blind $1
*** HOLE CARDS ***
AlexPinsk1: raises $1 to $2
Manifestorr: calls $1
*** FLOP *** [5h Ah Qh]
Manifestorr: checks 
AlexPinsk1: checks 
*** TURN *** [5h Ah Qh] [3d]
Manifestorr: checks 
AlexPinsk1: checks 
*** RIVER *** [5h Ah Qh 3d] [Td]
Manifestorr: checks 
AlexPinsk1: checks 
*** SHOW DOWN ***
Manifestorr: shows [8s Jc] (high card Ace)
AlexPinsk1: shows [9s 3s] (a pair of Threes)
AlexPinsk1 collected $3.80 from pot
*** SUMMARY ***
Total pot $4 | Rake $0.20 
Board [5h Ah Qh 3d Td]
Seat 2: AlexPinsk1 (button) (small blind) showed [9s 3s] and won ($3.80) with a pair of Threes
Seat 5: Manifestorr (big blind) showed [8s Jc] and lost with high card Ace



PokerStars Hand #254596144765:  Hold'em No Limit ($0.50/$1.00 USD) - 2025/01/28 20:37:55 WET [2025/01/28 15:37:55 ET]
Table 'Struveana' 6-max Seat #5 is the button
Seat 2: AlexPinsk1 ($101.80 in chips) 
Seat 5: Manifestorr ($100 in chips) 
Manifestorr: posts small blind $0.50
AlexPinsk1: posts big blind $1
*** HOLE CARDS ***
Manifestorr: folds 
Uncalled bet ($0.50) returned to AlexPinsk1
AlexPinsk1 collected $1 from pot
AlexPinsk1: doesn't show hand 
*** SUMMARY ***
Total pot $1 | Rake $0 
Seat 2: AlexPinsk1 (big blind) collected ($1)
Seat 5: Manifestorr (button) (small blind) folded before Flop



PokerStars Hand #254596249912:  Hold'em No Limit ($0.50/$1.00 USD) - 2025/01/28 20:43:32 WET [2025/01/28 15:43:32 ET]
Table 'Struveana' 6-max Seat #2 is the button
Seat 2: AlexPinsk1 ($102.30 in chips) 
Seat 4: Supermegopro ($100 in chips) 
Seat 5: Manifestorr ($100 in chips) 
Supermegopro: posts small blind $0.50
Manifestorr: posts big blind $1
*** HOLE CARDS ***
AlexPinsk1: folds 
Supermegopro: raises $2 to $3
Manifestorr: raises $6 to $9
Supermegopro: folds 
Uncalled bet ($6) returned to Manifestorr
Manifestorr collected $6 from pot
*** SUMMARY ***
Total pot $6 | Rake $0 
Seat 2: AlexPinsk1 (button) folded before Flop (didn't bet)
Seat 4: Supermegopro (small blind) folded before Flop
Seat 5: Manifestorr (big blind) collected ($6)



PokerStars Hand #254596256138:  Hold'em No Limit ($0.50/$1.00 USD) - 2025/01/28 20:43:51 WET [2025/01/28 15:43:51 ET]
Table 'Struveana' 6-max Seat #4 is the button
Seat 2: AlexPinsk1 ($102.30 in chips) 
Seat 4: Supermegopro ($100 in chips) 
Seat 5: Manifestorr ($103 in chips) 
Manifestorr: posts small blind $0.50
AlexPinsk1: posts big blind $1
*** HOLE CARDS ***
XneferX joins the table at seat #1 
Supermegopro: raises $2 to $3
Manifestorr: folds 
AlexPinsk1: calls $2
*** FLOP *** [5h 3d Kd]
AlexPinsk1: checks 
Supermegopro: checks 
*** TURN *** [5h 3d Kd] [4s]
AlexPinsk1: checks 
EFKAS-4- joins the table at seat #3 
EFKAS-4- is disconnected 
Supermegopro: checks 
*** RIVER *** [5h 3d Kd 4s] [Qc]
tintin641 joins the table at seat #6 
AlexPinsk1: checks 
Supermegopro: bets $2.04
AlexPinsk1: folds 
Uncalled bet ($2.04) returned to Supermegopro
Supermegopro collected $6.18 from pot
Supermegopro: doesn't show hand 
*** SUMMARY ***
Total pot $6.50 | Rake $0.32 
Board [5h 3d Kd 4s Qc]
Seat 2: AlexPinsk1 (big blind) folded on the River
Seat 4: Supermegopro (button) collected ($6.18)
Seat 5: Manifestorr (small blind) folded before Flop



PokerStars Hand #254596276208:  Hold'em No Limit ($0.50/$1.00 USD) - 2025/01/28 20:44:55 WET [2025/01/28 15:44:55 ET]
Table 'Struveana' 6-max Seat #5 is the button
Seat 1: XneferX ($100 in chips) is sitting out
Seat 6: tintin641 ($100 in chips) is sitting out
Seat 2: AlexPinsk1 ($100 in chips) 
Seat 3: EFKAS-4- ($52.69 in chips) 
Seat 4: Supermegopro ($103.18 in chips) 
Seat 5: Manifestorr ($102.50 in chips) 
AlexPinsk1: posts small blind $0.50
EFKAS-4-: posts big blind $1
*** HOLE CARDS ***
Supermegopro: folds 
Manifestorr: folds 
AlexPinsk1: raises $2 to $3
EFKAS-4-: folds 
Uncalled bet ($2) returned to AlexPinsk1
AlexPinsk1 collected $2 from pot
AlexPinsk1: doesn't show hand 
*** SUMMARY ***
Total pot $2 | Rake $0 
Seat 1: XneferX
Seat 6: tintin641
Seat 2: AlexPinsk1 (small blind) collected ($2)
Seat 3: EFKAS-4- (big blind) folded before Flop
Seat 4: Supermegopro folded before Flop (didn't bet)
Seat 5: Manifestorr (button) folded before Flop (didn't bet)



PokerStars Hand #254596427667:  Hold'em No Limit ($0.50/$1.00 USD) - 2025/01/28 20:52:45 WET [2025/01/28 15:52:45 ET]
Table 'Struveana' 6-max Seat #1 is the button
Seat 1: XneferX ($100 in chips) 
Seat 2: AlexPinsk1 ($116.98 in chips) 
Seat 3: EFKAS-4- ($32.69 in chips) 
Seat 4: Supermegopro ($106.92 in chips) 
Seat 5: Manifestorr ($102.35 in chips) 
Seat 6: tintin641 ($105.88 in chips) 
AlexPinsk1: posts small blind $0.50
EFKAS-4-: posts big blind $1
*** HOLE CARDS ***
Supermegopro: raises $1.50 to $2.50
Manifestorr: folds 
tintin641: folds 
XneferX: folds 
AlexPinsk1: folds 
EFKAS-4-: folds 
Uncalled bet ($1.50) returned to Supermegopro
Supermegopro collected $2.50 from pot
Supermegopro: doesn't show hand 
*** SUMMARY ***
Total pot $2.50 | Rake $0 
Seat 1: XneferX (button) folded before Flop (didn't bet)
Seat 2: AlexPinsk1 (small blind) folded before Flop
Seat 3: EFKAS-4- (big blind) folded before Flop
Seat 4: Supermegopro collected ($2.50)
Seat 5: Manifestorr folded before Flop (didn't bet)
Seat 6: tintin641 folded before Flop (didn't bet)



PokerStars Hand #254596437062:  Hold'em No Limit ($0.50/$1.00 USD) - 2025/01/28 20:53:14 WET [2025/01/28 15:53:14 ET]
Table 'Struveana' 6-max Seat #2 is the button
Seat 1: XneferX ($100 in chips) 
Seat 2: AlexPinsk1 ($116.48 in chips) 
Seat 3: EFKAS-4- ($31.69 in chips) 
Seat 4: Supermegopro ($108.42 in chips) 
Seat 5: Manifestorr ($102.35 in chips) 
Seat 6: tintin641 ($105.88 in chips) 
EFKAS-4-: posts small blind $0.50
Supermegopro: posts big blind $1
*** HOLE CARDS ***
Manifestorr: folds 
tintin641: raises $1.50 to $2.50
XneferX: folds 
AlexPinsk1: raises $5 to $7.50
EFKAS-4-: folds 
Supermegopro: folds 
tintin641: folds 
Uncalled bet ($5) returned to AlexPinsk1
AlexPinsk1 collected $6.50 from pot
AlexPinsk1: doesn't show hand 
*** SUMMARY ***
Total pot $6.50 | Rake $0 
Seat 1: XneferX folded before Flop (didn't bet)
Seat 2: AlexPinsk1 (button) collected ($6.50)
Seat 3: EFKAS-4- (small blind) folded before Flop
Seat 4: Supermegopro (big blind) folded before Flop
Seat 5: Manifestorr folded before Flop (didn't bet)
Seat 6: tintin641 folded before Flop



PokerStars Hand #254596449401:  Hold'em No Limit ($0.50/$1.00 USD) - 2025/01/28 20:53:51 WET [2025/01/28 15:53:51 ET]
Table 'Struveana' 6-max Seat #3 is the button
Seat 1: XneferX ($100 in chips) 
Seat 2: AlexPinsk1 ($120.48 in chips) 
Seat 3: EFKAS-4- ($31.19 in chips) 
Seat 4: Supermegopro ($107.42 in chips) 
Seat 5: Manifestorr ($102.35 in chips) 
Seat 6: tintin641 ($103.38 in chips) 
Supermegopro: posts small blind $0.50
Manifestorr: posts big blind $1
*** HOLE CARDS ***
tintin641: folds 
XneferX: raises $1.10 to $2.10
AlexPinsk1: raises $4.90 to $7
EFKAS-4-: folds 
Supermegopro: folds 
Manifestorr: folds 
XneferX: folds 
Uncalled bet ($4.90) returned to AlexPinsk1
AlexPinsk1 collected $5.70 from pot
AlexPinsk1: doesn't show hand 
*** SUMMARY ***
Total pot $5.70 | Rake $0 
Seat 1: XneferX folded before Flop
Seat 2: AlexPinsk1 collected ($5.70)
Seat 3: EFKAS-4- (button) folded before Flop (didn't bet)
Seat 4: Supermegopro (small blind) folded before Flop
Seat 5: Manifestorr (big blind) folded before Flop
Seat 6: tintin641 folded before Flop (didn't bet)



PokerStars Hand #254596462341:  Hold'em No Limit ($0.50/$1.00 USD) - 2025/01/28 20:54:31 WET [2025/01/28 15:54:31 ET]
Table 'Struveana' 6-max Seat #4 is the button
Seat 1: XneferX ($100 in chips) 
Seat 2: AlexPinsk1 ($124.08 in chips) 
Seat 3: EFKAS-4- ($31.19 in chips) 
Seat 4: Supermegopro ($106.92 in chips) 
Seat 5: Manifestorr ($101.35 in chips) 
Seat 6: tintin641 ($103.38 in chips) 
Manifestorr: posts small blind $0.50
tintin641: posts big blind $1
*** HOLE CARDS ***
XneferX: folds 
AlexPinsk1: folds 
EFKAS-4-: folds 
Supermegopro: folds 
Manifestorr: folds 
Uncalled bet ($0.50) returned to tintin641
tintin641 collected $1 from pot
tintin641: doesn't show hand 
*** SUMMARY ***
Total pot $1 | Rake $0 
Seat 1: XneferX folded before Flop (didn't bet)
Seat 2: AlexPinsk1 folded before Flop (didn't bet)
Seat 3: EFKAS-4- folded before Flop (didn't bet)
Seat 4: Supermegopro (button) folded before Flop (didn't bet)
Seat 5: Manifestorr (small blind) folded before Flop
Seat 6: tintin641 (big blind) collected ($1)



PokerStars Hand #254596467502:  Hold'em No Limit ($0.50/$1.00 USD) - 2025/01/28 20:54:47 WET [2025/01/28 15:54:47 ET]
Table 'Struveana' 6-max Seat #5 is the button
Seat 1: XneferX ($100 in chips) is sitting out
Seat 2: AlexPinsk1 ($124.08 in chips) 
Seat 3: EFKAS-4- ($31.19 in chips) 
Seat 4: Supermegopro ($106.92 in chips) 
Seat 5: Manifestorr ($100.85 in chips) 
Seat 6: tintin641 ($103.88 in chips) 
tintin641: posts small blind $0.50
XneferX: is sitting out 
AlexPinsk1: posts big blind $1
*** HOLE CARDS ***
XneferX leaves the table
EFKAS-4-: calls $1
Supermegopro: folds 
Manifestorr: folds 
tintin641: folds 
AlexPinsk1: checks 
*** FLOP *** [6h 6s 2s]
AlexPinsk1: checks 
EFKAS-4-: checks 
*** TURN *** [6h 6s 2s] [Jh]
AlexPinsk1: checks 
EFKAS-4-: checks 
*** RIVER *** [6h 6s 2s Jh] [2h]
chinokevin13 joins the table at seat #1 
AlexPinsk1: checks 
EFKAS-4-: checks 
*** SHOW DOWN ***
AlexPinsk1: shows [4c 7s] (two pair, Sixes and Deuces)
EFKAS-4-: shows [Ts Kh] (two pair, Sixes and Deuces - King kicker)
EFKAS-4- collected $2.38 from pot
*** SUMMARY ***
Total pot $2.50 | Rake $0.12 
Board [6h 6s 2s Jh 2h]
Seat 1: XneferX
Seat 2: AlexPinsk1 (big blind) showed [4c 7s] and lost with two pair, Sixes and Deuces
Seat 3: EFKAS-4- showed [Ts Kh] and won ($2.38) with two pair, Sixes and Deuces
Seat 4: Supermegopro folded before Flop (didn't bet)
Seat 5: Manifestorr (button) folded before Flop (didn't bet)
Seat 6: tintin641 (small blind) folded before Flop



PokerStars Hand #254596476586:  Hold'em No Limit ($0.50/$1.00 USD) - 2025/01/28 20:55:20 WET [2025/01/28 15:55:20 ET]
Table 'Struveana' 6-max Seat #6 is the button
Seat 1: chinokevin13 ($100 in chips) is sitting out
Seat 2: AlexPinsk1 ($123.08 in chips) 
Seat 3: EFKAS-4- ($32.57 in chips) 
Seat 4: Supermegopro ($106.92 in chips) 
Seat 5: Manifestorr ($100.85 in chips) 
Seat 6: tintin641 ($103.38 in chips) 
AlexPinsk1: posts small blind $0.50
EFKAS-4-: posts big blind $1
*** HOLE CARDS ***
Supermegopro: folds 
Manifestorr: raises $1.20 to $2.20
tintin641: raises $5.30 to $7.50
AlexPinsk1: folds 
EFKAS-4-: folds 
Manifestorr: calls $5.30
*** FLOP *** [9s 3d 8d]
Manifestorr: bets $7.84
tintin641: folds 
Uncalled bet ($7.84) returned to Manifestorr
Manifestorr collected $15.68 from pot
*** SUMMARY ***
Total pot $16.50 | Rake $0.82 
Board [9s 3d 8d]
Seat 1: chinokevin13
Seat 2: AlexPinsk1 (small blind) folded before Flop
Seat 3: EFKAS-4- (big blind) folded before Flop
Seat 4: Supermegopro folded before Flop (didn't bet)
Seat 5: Manifestorr collected ($15.68)
Seat 6: tintin641 (button) folded on the Flop



PokerStars Hand #254596488175:  Hold'em No Limit ($0.50/$1.00 USD) - 2025/01/28 20:56:11 WET [2025/01/28 15:56:11 ET]
Table 'Struveana' 6-max Seat #2 is the button
Seat 1: chinokevin13 ($100 in chips) is sitting out
Seat 4: Supermegopro ($106.92 in chips) is sitting out
Seat 2: AlexPinsk1 ($122.58 in chips) 
Seat 3: EFKAS-4- ($31.57 in chips) 
Seat 5: Manifestorr ($109.03 in chips) 
Seat 6: tintin641 ($100 in chips) 
EFKAS-4-: posts small blind $0.50
Supermegopro: is sitting out 
Manifestorr: posts big blind $1
chinokevin13: sits out 
*** HOLE CARDS ***
tintin641: folds 
Supermegopro leaves the table
AlexPinsk1: folds 
EFKAS-4-: calls $0.50
Manifestorr: checks 
*** FLOP *** [Ac Kc 4s]
BoyLoc0 joins the table at seat #4 
EFKAS-4-: checks 
Manifestorr: checks 
*** TURN *** [Ac Kc 4s] [3d]
EFKAS-4-: checks 
Manifestorr: bets $2.57
EFKAS-4-: folds 
Uncalled bet ($2.57) returned to Manifestorr
Manifestorr collected $1.90 from pot
*** SUMMARY ***
Total pot $2 | Rake $0.10 
Board [Ac Kc 4s 3d]
Seat 1: chinokevin13
Seat 4: Supermegopro
Seat 2: AlexPinsk1 (button) folded before Flop (didn't bet)
Seat 3: EFKAS-4- (small blind) folded on the Turn
Seat 5: Manifestorr (big blind) collected ($1.90)
Seat 6: tintin641 folded before Flop (didn't bet)



PokerStars Hand #254596497164:  Hold'em No Limit ($0.50/$1.00 USD) - 2025/01/28 20:56:50 WET [2025/01/28 15:56:50 ET]
Table 'Struveana' 6-max Seat #3 is the button
Seat 1: chinokevin13 ($100 in chips) is sitting out
Seat 4: BoyLoc0 ($100 in chips) is sitting out
Seat 2: AlexPinsk1 ($122.58 in chips) 
Seat 3: EFKAS-4- ($30.57 in chips) 
Seat 5: Manifestorr ($109.93 in chips) 
Seat 6: tintin641 ($100 in chips) 
Manifestorr: posts small blind $0.50
tintin641: posts big blind $1
chinokevin13: sits out 
*** HOLE CARDS ***
AlexPinsk1: folds 
EFKAS-4-: calls $1
Manifestorr: folds 
tintin641: checks 
*** FLOP *** [3c 9c 2s]
tintin641: checks 
EFKAS-4-: checks 
*** TURN *** [3c 9c 2s] [7s]
tintin641: bets $1
EFKAS-4-: calls $1
*** RIVER *** [3c 9c 2s 7s] [8d]
tintin641: bets $1.41
EFKAS-4-: calls $1.41
*** SHOW DOWN ***
tintin641: shows [4h 6h] (high card Nine)
EFKAS-4-: shows [Ah 7d] (a pair of Sevens)
EFKAS-4- collected $6.95 from pot
*** SUMMARY ***
Total pot $7.32 | Rake $0.37 
Board [3c 9c 2s 7s 8d]
Seat 1: chinokevin13
Seat 4: BoyLoc0
Seat 2: AlexPinsk1 folded before Flop (didn't bet)
Seat 3: EFKAS-4- (button) showed [Ah 7d] and won ($6.95) with a pair of Sevens
Seat 5: Manifestorr (small blind) folded before Flop
Seat 6: tintin641 (big blind) showed [4h 6h] and lost with high card Nine



PokerStars Hand #254596512217:  Hold'em No Limit ($0.50/$1.00 USD) - 2025/01/28 20:57:54 WET [2025/01/28 15:57:54 ET]
Table 'Struveana' 6-max Seat #5 is the button
Seat 4: BoyLoc0 ($100 in chips) is sitting out
Seat 1: chinokevin13 ($100 in chips) 
Seat 2: AlexPinsk1 ($122.58 in chips) 
Seat 3: EFKAS-4- ($34.11 in chips) 
Seat 5: Manifestorr ($109.43 in chips) 
Seat 6: tintin641 ($100 in chips) 
tintin641: posts small blind $0.50
chinokevin13: posts big blind $1
BoyLoc0: sits out 
*** HOLE CARDS ***
AlexPinsk1: folds 
EFKAS-4-: folds 
Manifestorr: folds 
tintin641: folds 
Uncalled bet ($0.50) returned to chinokevin13
chinokevin13 collected $1 from pot
chinokevin13: doesn't show hand 
*** SUMMARY ***
Total pot $1 | Rake $0 
Seat 4: BoyLoc0
Seat 1: chinokevin13 (big blind) collected ($1)
Seat 2: AlexPinsk1 folded before Flop (didn't bet)
Seat 3: EFKAS-4- folded before Flop (didn't bet)
Seat 5: Manifestorr (button) folded before Flop (didn't bet)
Seat 6: tintin641 (small blind) folded before Flop



PokerStars Hand #254596515369:  Hold'em No Limit ($0.50/$1.00 USD) - 2025/01/28 20:58:08 WET [2025/01/28 15:58:08 ET]
Table 'Struveana' 6-max Seat #6 is the button
Seat 4: BoyLoc0 ($100 in chips) is sitting out
Seat 1: chinokevin13 ($100.50 in chips) 
Seat 2: AlexPinsk1 ($122.58 in chips) 
Seat 3: EFKAS-4- ($34.11 in chips) 
Seat 5: Manifestorr ($109.43 in chips) 
Seat 6: tintin641 ($100 in chips) 
chinokevin13: posts small blind $0.50
AlexPinsk1: posts big blind $1
BoyLoc0: sits out 
*** HOLE CARDS ***
EFKAS-4-: folds 
Manifestorr: folds 
tintin641: raises $1.50 to $2.50
chinokevin13: folds 
AlexPinsk1: calls $1.50
*** FLOP *** [3h 9d 6c]
AlexPinsk1: checks 
tintin641: bets $3.92
AlexPinsk1: calls $3.92
*** TURN *** [3h 9d 6c] [8d]
AlexPinsk1: checks 
tintin641: bets $9.50
AlexPinsk1: calls $9.50
*** RIVER *** [3h 9d 6c 8d] [2s]
AlexPinsk1: checks 
tintin641: bets $23.04
AlexPinsk1: folds 
Uncalled bet ($23.04) returned to tintin641
tintin641 collected $30.72 from pot
tintin641: doesn't show hand 
*** SUMMARY ***
Total pot $32.34 | Rake $1.62 
Board [3h 9d 6c 8d 2s]
Seat 4: BoyLoc0
Seat 1: chinokevin13 (small blind) folded before Flop
Seat 2: AlexPinsk1 (big blind) folded on the River
Seat 3: EFKAS-4- folded before Flop (didn't bet)
Seat 5: Manifestorr folded before Flop (didn't bet)
Seat 6: tintin641 (button) collected ($30.72)



PokerStars Hand #254596545961:  Hold'em No Limit ($0.50/$1.00 USD) - 2025/01/28 21:00:17 WET [2025/01/28 16:00:17 ET]
Table 'Struveana' 6-max Seat #1 is the button
Seat 4: BoyLoc0 ($100 in chips) is sitting out
Seat 1: chinokevin13 ($100 in chips) 
Seat 2: AlexPinsk1 ($106.66 in chips) 
Seat 3: EFKAS-4- ($34.11 in chips) 
Seat 5: Manifestorr ($109.43 in chips) 
Seat 6: tintin641 ($114.80 in chips) 
AlexPinsk1: posts small blind $0.50
EFKAS-4-: posts big blind $1
BoyLoc0: sits out 
*** HOLE CARDS ***
Manifestorr: folds 
tintin641: folds 
chinokevin13: raises $1.50 to $2.50
AlexPinsk1: raises $7.50 to $10
EFKAS-4-: folds 
chinokevin13: folds 
Uncalled bet ($7.50) returned to AlexPinsk1
AlexPinsk1 collected $6 from pot
AlexPinsk1: doesn't show hand 
*** SUMMARY ***
Total pot $6 | Rake $0 
Seat 4: BoyLoc0
Seat 1: chinokevin13 (button) folded before Flop
Seat 2: AlexPinsk1 (small blind) collected ($6)
Seat 3: EFKAS-4- (big blind) folded before Flop
Seat 5: Manifestorr folded before Flop (didn't bet)
Seat 6: tintin641 folded before Flop (didn't bet)



PokerStars Hand #254596552755:  Hold'em No Limit ($0.50/$1.00 USD) - 2025/01/28 21:00:44 WET [2025/01/28 16:00:44 ET]
Table 'Struveana' 6-max Seat #2 is the button
Seat 1: chinokevin13 ($100 in chips) 
Seat 2: AlexPinsk1 ($110.16 in chips) 
Seat 3: EFKAS-4- ($33.11 in chips) 
Seat 4: BoyLoc0 ($100 in chips) 
Seat 5: Manifestorr ($109.43 in chips) 
Seat 6: tintin641 ($114.80 in chips) 
EFKAS-4-: posts small blind $0.50
BoyLoc0: posts big blind $1
*** HOLE CARDS ***
Manifestorr: folds 
tintin641: folds 
chinokevin13: folds 
AlexPinsk1: folds 
EFKAS-4-: calls $0.50
BoyLoc0: raises $2 to $3
EFKAS-4-: calls $2
*** FLOP *** [6h Ac 8d]
EFKAS-4-: checks 
BoyLoc0: bets $1.88
EFKAS-4-: calls $1.88
*** TURN *** [6h Ac 8d] [Jd]
EFKAS-4-: checks 
BoyLoc0: checks 
*** RIVER *** [6h Ac 8d Jd] [9d]
EFKAS-4-: checks 
BoyLoc0: checks 
*** SHOW DOWN ***
EFKAS-4-: shows [Ts 7s] (a straight, Seven to Jack)
BoyLoc0: mucks hand 
EFKAS-4- collected $9.27 from pot
*** SUMMARY ***
Total pot $9.76 | Rake $0.49 
Board [6h Ac 8d Jd 9d]
Seat 1: chinokevin13 folded before Flop (didn't bet)
Seat 2: AlexPinsk1 (button) folded before Flop (didn't bet)
Seat 3: EFKAS-4- (small blind) showed [Ts 7s] and won ($9.27) with a straight, Seven to Jack
Seat 4: BoyLoc0 (big blind) mucked
Seat 5: Manifestorr folded before Flop (didn't bet)
Seat 6: tintin641 folded before Flop (didn't bet)



PokerStars Hand #254596563543:  Hold'em No Limit ($0.50/$1.00 USD) - 2025/01/28 21:01:22 WET [2025/01/28 16:01:22 ET]
Table 'Struveana' 6-max Seat #3 is the button
Seat 1: chinokevin13 ($100 in chips) 
Seat 2: AlexPinsk1 ($110.16 in chips) 
Seat 3: EFKAS-4- ($37.50 in chips) 
Seat 4: BoyLoc0 ($100 in chips) 
Seat 5: Manifestorr ($109.43 in chips) 
Seat 6: tintin641 ($114.80 in chips) 
BoyLoc0: posts small blind $0.50
Manifestorr: posts big blind $1
*** HOLE CARDS ***
tintin641: folds 
chinokevin13: folds 
AlexPinsk1: raises $1.50 to $2.50
EFKAS-4-: calls $2.50
BoyLoc0: folds 
Manifestorr: folds 
*** FLOP *** [3h Jh 4d]
AlexPinsk1: bets $3.09
EFKAS-4-: folds 
Uncalled bet ($3.09) returned to AlexPinsk1
AlexPinsk1 collected $6.18 from pot
AlexPinsk1: doesn't show hand 
*** SUMMARY ***
Total pot $6.50 | Rake $0.32 
Board [3h Jh 4d]
Seat 1: chinokevin13 folded before Flop (didn't bet)
Seat 2: AlexPinsk1 collected ($6.18)
Seat 3: EFKAS-4- (button) folded on the Flop
Seat 4: BoyLoc0 (small blind) folded before Flop
Seat 5: Manifestorr (big blind) folded before Flop
Seat 6: tintin641 folded before Flop (didn't bet)



PokerStars Hand #254596575521:  Hold'em No Limit ($0.50/$1.00 USD) - 2025/01/28 21:02:02 WET [2025/01/28 16:02:02 ET]
Table 'Struveana' 6-max Seat #4 is the button
Seat 1: chinokevin13 ($100 in chips) 
Seat 2: AlexPinsk1 ($113.84 in chips) 
Seat 3: EFKAS-4- ($35 in chips) 
Seat 4: BoyLoc0 ($100 in chips) 
Seat 5: Manifestorr ($108.43 in chips) 
Seat 6: tintin641 ($114.80 in chips) 
Manifestorr: posts small blind $0.50
tintin641: posts big blind $1
*** HOLE CARDS ***
chinokevin13: raises $1.20 to $2.20
AlexPinsk1: folds 
EFKAS-4-: folds 
BoyLoc0: folds 
Manifestorr: folds 
tintin641: raises $9.80 to $12
chinokevin13: folds 
Uncalled bet ($9.80) returned to tintin641
tintin641 collected $4.90 from pot
tintin641: doesn't show hand 
*** SUMMARY ***
Total pot $4.90 | Rake $0 
Seat 1: chinokevin13 folded before Flop
Seat 2: AlexPinsk1 folded before Flop (didn't bet)
Seat 3: EFKAS-4- folded before Flop (didn't bet)
Seat 4: BoyLoc0 (button) folded before Flop (didn't bet)
Seat 5: Manifestorr (small blind) folded before Flop
Seat 6: tintin641 (big blind) collected ($4.90)



PokerStars Hand #254596587283:  Hold'em No Limit ($0.50/$1.00 USD) - 2025/01/28 21:02:40 WET [2025/01/28 16:02:40 ET]
Table 'Struveana' 6-max Seat #5 is the button
Seat 1: chinokevin13 ($100 in chips) 
Seat 2: AlexPinsk1 ($113.84 in chips) 
Seat 3: EFKAS-4- ($35 in chips) 
Seat 4: BoyLoc0 ($100 in chips) 
Seat 5: Manifestorr ($107.93 in chips) 
Seat 6: tintin641 ($117.50 in chips) 
tintin641: posts small blind $0.50
chinokevin13: posts big blind $1
*** HOLE CARDS ***
AlexPinsk1: folds 
EFKAS-4-: raises $2 to $3
BoyLoc0: folds 
Manifestorr: folds 
tintin641: folds 
chinokevin13: folds 
Uncalled bet ($2) returned to EFKAS-4-
EFKAS-4- collected $2.50 from pot
*** SUMMARY ***
Total pot $2.50 | Rake $0 
Seat 1: chinokevin13 (big blind) folded before Flop
Seat 2: AlexPinsk1 folded before Flop (didn't bet)
Seat 3: EFKAS-4- collected ($2.50)
Seat 4: BoyLoc0 folded before Flop (didn't bet)
Seat 5: Manifestorr (button) folded before Flop (didn't bet)
Seat 6: tintin641 (small blind) folded before Flop



PokerStars Hand #254596595107:  Hold'em No Limit ($0.50/$1.00 USD) - 2025/01/28 21:03:05 WET [2025/01/28 16:03:05 ET]
Table 'Struveana' 6-max Seat #6 is the button
Seat 1: chinokevin13 ($100 in chips) 
Seat 2: AlexPinsk1 ($113.84 in chips) 
Seat 3: EFKAS-4- ($36.50 in chips) 
Seat 4: BoyLoc0 ($100 in chips) 
Seat 5: Manifestorr ($107.93 in chips) 
Seat 6: tintin641 ($117 in chips) 
chinokevin13: posts small blind $0.50
AlexPinsk1: posts big blind $1
*** HOLE CARDS ***
EFKAS-4-: calls $1
BoyLoc0: folds 
Manifestorr: folds 
tintin641: folds 
chinokevin13: folds 
AlexPinsk1: checks 
*** FLOP *** [Ks 3c 4c]
AlexPinsk1: checks 
EFKAS-4-: checks 
*** TURN *** [Ks 3c 4c] [8c]
AlexPinsk1: bets $1
EFKAS-4-: folds 
Uncalled bet ($1) returned to AlexPinsk1
AlexPinsk1 collected $2.38 from pot
AlexPinsk1: doesn't show hand 
*** SUMMARY ***
Total pot $2.50 | Rake $0.12 
Board [Ks 3c 4c 8c]
Seat 1: chinokevin13 (small blind) folded before Flop
Seat 2: AlexPinsk1 (big blind) collected ($2.38)
Seat 3: EFKAS-4- folded on the Turn
Seat 4: BoyLoc0 folded before Flop (didn't bet)
Seat 5: Manifestorr folded before Flop (didn't bet)
Seat 6: tintin641 (button) folded before Flop (didn't bet)



PokerStars Hand #254596607119:  Hold'em No Limit ($0.50/$1.00 USD) - 2025/01/28 21:03:41 WET [2025/01/28 16:03:41 ET]
Table 'Struveana' 6-max Seat #1 is the button
Seat 1: chinokevin13 ($100 in chips) 
Seat 2: AlexPinsk1 ($115.22 in chips) 
Seat 3: EFKAS-4- ($35.50 in chips) 
Seat 4: BoyLoc0 ($100 in chips) 
Seat 5: Manifestorr ($107.93 in chips) 
Seat 6: tintin641 ($117 in chips) 
AlexPinsk1: posts small blind $0.50
EFKAS-4-: posts big blind $1
*** HOLE CARDS ***
BoyLoc0: folds 
Manifestorr: folds 
tintin641: folds 
chinokevin13: raises $1.50 to $2.50
AlexPinsk1: folds 
EFKAS-4-: calls $1.50
*** FLOP *** [Ts 9c Qc]
EFKAS-4-: checks 
chinokevin13: bets $1.72
EFKAS-4-: calls $1.72
*** TURN *** [Ts 9c Qc] [2s]
EFKAS-4-: bets $3
chinokevin13: folds 
Uncalled bet ($3) returned to EFKAS-4-
EFKAS-4- collected $8.49 from pot
*** SUMMARY ***
Total pot $8.94 | Rake $0.45 
Board [Ts 9c Qc 2s]
Seat 1: chinokevin13 (button) folded on the Turn
Seat 2: AlexPinsk1 (small blind) folded before Flop
Seat 3: EFKAS-4- (big blind) collected ($8.49)
Seat 4: BoyLoc0 folded before Flop (didn't bet)
Seat 5: Manifestorr folded before Flop (didn't bet)
Seat 6: tintin641 folded before Flop (didn't bet)



PokerStars Hand #254596627476:  Hold'em No Limit ($0.50/$1.00 USD) - 2025/01/28 21:04:44 WET [2025/01/28 16:04:44 ET]
Table 'Struveana' 6-max Seat #2 is the button
Seat 1: chinokevin13 ($100 in chips) 
Seat 2: AlexPinsk1 ($114.72 in chips) 
Seat 3: EFKAS-4- ($39.77 in chips) 
Seat 4: BoyLoc0 ($100 in chips) 
Seat 5: Manifestorr ($107.93 in chips) 
Seat 6: tintin641 ($117 in chips) 
EFKAS-4-: posts small blind $0.50
BoyLoc0: posts big blind $1
*** HOLE CARDS ***
Manifestorr: folds 
tintin641: raises $1.50 to $2.50
chinokevin13: folds 
AlexPinsk1: folds 
EFKAS-4-: calls $2
BoyLoc0: calls $1.50
*** FLOP *** [Kc 4s 6s]
EFKAS-4-: checks 
BoyLoc0: checks 
tintin641: checks 
*** TURN *** [Kc 4s 6s] [2h]
EFKAS-4-: checks 
BoyLoc0: checks 
tintin641: checks 
*** RIVER *** [Kc 4s 6s 2h] [7h]
EFKAS-4-: checks 
BoyLoc0: bets $5.34
tintin641: folds 
EFKAS-4-: folds 
Uncalled bet ($5.34) returned to BoyLoc0
BoyLoc0 collected $7.12 from pot
BoyLoc0: doesn't show hand 
*** SUMMARY ***
Total pot $7.50 | Rake $0.38 
Board [Kc 4s 6s 2h 7h]
Seat 1: chinokevin13 folded before Flop (didn't bet)
Seat 2: AlexPinsk1 (button) folded before Flop (didn't bet)
Seat 3: EFKAS-4- (small blind) folded on the River
Seat 4: BoyLoc0 (big blind) collected ($7.12)
Seat 5: Manifestorr folded before Flop (didn't bet)
Seat 6: tintin641 folded on the River



PokerStars Hand #254596650151:  Hold'em No Limit ($0.50/$1.00 USD) - 2025/01/28 21:05:52 WET [2025/01/28 16:05:52 ET]
Table 'Struveana' 6-max Seat #3 is the button
Seat 5: Manifestorr ($107.93 in chips) is sitting out
Seat 1: chinokevin13 ($100 in chips) 
Seat 2: AlexPinsk1 ($114.72 in chips) 
Seat 3: EFKAS-4- ($37.27 in chips) 
Seat 4: BoyLoc0 ($104.62 in chips) 
Seat 6: tintin641 ($114.50 in chips) 
BoyLoc0: posts small blind $0.50
Manifestorr: is sitting out 
tintin641: posts big blind $1
*** HOLE CARDS ***
Manifestorr leaves the table
chinokevin13: folds 
AlexPinsk1: folds 
EFKAS-4-: calls $1
BoyLoc0: folds 
tintin641: checks 
*** FLOP *** [3h 6s 7c]
tintin641: checks 
EFKAS-4-: checks 
*** TURN *** [3h 6s 7c] [Ah]
tintin641: checks 
henri789 joins the table at seat #5 
EFKAS-4-: bets $1
tintin641: calls $1
*** RIVER *** [3h 6s 7c Ah] [Tc]
tintin641: checks 
EFKAS-4-: bets $3
tintin641: calls $3
*** SHOW DOWN ***
EFKAS-4-: shows [9d Th] (a pair of Tens)
tintin641: mucks hand 
EFKAS-4- collected $9.98 from pot
*** SUMMARY ***
Total pot $10.50 | Rake $0.52 
Board [3h 6s 7c Ah Tc]
Seat 5: Manifestorr
Seat 1: chinokevin13 folded before Flop (didn't bet)
Seat 2: AlexPinsk1 folded before Flop (didn't bet)
Seat 3: EFKAS-4- (button) showed [9d Th] and won ($9.98) with a pair of Tens
Seat 4: BoyLoc0 (small blind) folded before Flop
Seat 6: tintin641 (big blind) mucked



PokerStars Hand #254596669996:  Hold'em No Limit ($0.50/$1.00 USD) - 2025/01/28 21:06:53 WET [2025/01/28 16:06:53 ET]
Table 'Struveana' 6-max Seat #4 is the button
Seat 5: henri789 ($100 in chips) is sitting out
Seat 1: chinokevin13 ($100 in chips) 
Seat 2: AlexPinsk1 ($114.72 in chips) 
Seat 3: EFKAS-4- ($42.25 in chips) 
Seat 4: BoyLoc0 ($104.12 in chips) 
Seat 6: tintin641 ($109.50 in chips) 
tintin641: posts small blind $0.50
chinokevin13: posts big blind $1
*** HOLE CARDS ***
AlexPinsk1: raises $1.50 to $2.50
EFKAS-4-: raises $1.50 to $4
BoyLoc0: folds 
tintin641: folds 
chinokevin13: folds 
AlexPinsk1: calls $1.50
*** FLOP *** [Qd 9s Js]
AlexPinsk1: checks 
EFKAS-4-: bets $4
AlexPinsk1: calls $4
*** TURN *** [Qd 9s Js] [Td]
AlexPinsk1: checks 
EFKAS-4-: checks 
*** RIVER *** [Qd 9s Js Td] [3c]
AlexPinsk1: checks 
EFKAS-4-: checks 
*** SHOW DOWN ***
AlexPinsk1: shows [Th Ah] (a pair of Tens)
EFKAS-4-: shows [Qs Qh] (three of a kind, Queens)
EFKAS-4- collected $16.62 from pot
*** SUMMARY ***
Total pot $17.50 | Rake $0.88 
Board [Qd 9s Js Td 3c]
Seat 5: henri789
Seat 1: chinokevin13 (big blind) folded before Flop
Seat 2: AlexPinsk1 showed [Th Ah] and lost with a pair of Tens
Seat 3: EFKAS-4- showed [Qs Qh] and won ($16.62) with three of a kind, Queens
Seat 4: BoyLoc0 (button) folded before Flop (didn't bet)
Seat 6: tintin641 (small blind) folded before Flop



PokerStars Hand #254596690193:  Hold'em No Limit ($0.50/$1.00 USD) - 2025/01/28 21:07:54 WET [2025/01/28 16:07:54 ET]
Table 'Struveana' 6-max Seat #6 is the button
Seat 2: AlexPinsk1 ($106.72 in chips) is sitting out
Seat 5: henri789 ($100 in chips) is sitting out
Seat 1: chinokevin13 ($100 in chips) 
Seat 3: EFKAS-4- ($50.87 in chips) 
Seat 4: BoyLoc0 ($104.12 in chips) 
Seat 6: tintin641 ($109 in chips) 
chinokevin13: posts small blind $0.50
AlexPinsk1: is sitting out 
EFKAS-4-: posts big blind $1
henri789: sits out 
*** HOLE CARDS ***
BoyLoc0: raises $1.50 to $2.50
tintin641: folds 
chinokevin13: folds 
EFKAS-4-: folds 
Uncalled bet ($1.50) returned to BoyLoc0
BoyLoc0 collected $2.50 from pot
BoyLoc0: doesn't show hand 
*** SUMMARY ***
Total pot $2.50 | Rake $0 
Seat 2: AlexPinsk1
Seat 5: henri789
Seat 1: chinokevin13 (small blind) folded before Flop
Seat 3: EFKAS-4- (big blind) folded before Flop
Seat 4: BoyLoc0 collected ($2.50)
Seat 6: tintin641 (button) folded before Flop (didn't bet)



PokerStars Hand #254596699946:  Hold'em No Limit ($0.50/$1.00 USD) - 2025/01/28 21:08:23 WET [2025/01/28 16:08:23 ET]
Table 'Struveana' 6-max Seat #1 is the button
Seat 2: AlexPinsk1 ($106.72 in chips) is sitting out
Seat 5: henri789 ($100 in chips) is sitting out
Seat 1: chinokevin13 ($100 in chips) 
Seat 3: EFKAS-4- ($49.87 in chips) 
Seat 4: BoyLoc0 ($105.62 in chips) 
Seat 6: tintin641 ($109 in chips) 
EFKAS-4-: posts small blind $0.50
BoyLoc0: posts big blind $1
henri789: sits out 
*** HOLE CARDS ***
tintin641: folds 
chinokevin13: folds 
EFKAS-4-: calls $0.50
BoyLoc0: checks 
*** FLOP *** [2c 7d Jh]
EFKAS-4-: checks 
BoyLoc0: checks 
*** TURN *** [2c 7d Jh] [Qd]
EFKAS-4-: bets $2
BoyLoc0: folds 
Uncalled bet ($2) returned to EFKAS-4-
EFKAS-4- collected $1.90 from pot
*** SUMMARY ***
Total pot $2 | Rake $0.10 
Board [2c 7d Jh Qd]
Seat 2: AlexPinsk1
Seat 5: henri789
Seat 1: chinokevin13 (button) folded before Flop (didn't bet)
Seat 3: EFKAS-4- (small blind) collected ($1.90)
Seat 4: BoyLoc0 (big blind) folded on the Turn
Seat 6: tintin641 folded before Flop (didn't bet)



PokerStars Hand #254596716439:  Hold'em No Limit ($0.50/$1.00 USD) - 2025/01/28 21:09:13 WET [2025/01/28 16:09:13 ET]
Table 'Struveana' 6-max Seat #3 is the button
Seat 2: AlexPinsk1 ($106.72 in chips) is sitting out
Seat 1: chinokevin13 ($100 in chips) 
Seat 3: EFKAS-4- ($50.77 in chips) 
Seat 4: BoyLoc0 ($104.62 in chips) 
Seat 5: henri789 ($100 in chips) 
Seat 6: tintin641 ($109 in chips) 
BoyLoc0: posts small blind $0.50
henri789: posts big blind $1
*** HOLE CARDS ***
tintin641: folds 
chinokevin13: folds 
EFKAS-4-: raises $1 to $2
BoyLoc0: folds 
henri789: folds 
Uncalled bet ($1) returned to EFKAS-4-
EFKAS-4- collected $2.50 from pot
*** SUMMARY ***
Total pot $2.50 | Rake $0 
Seat 2: AlexPinsk1
Seat 1: chinokevin13 folded before Flop (didn't bet)
Seat 3: EFKAS-4- (button) collected ($2.50)
Seat 4: BoyLoc0 (small blind) folded before Flop
Seat 5: henri789 (big blind) folded before Flop
Seat 6: tintin641 folded before Flop (didn't bet)



PokerStars Hand #254596722165:  Hold'em No Limit ($0.50/$1.00 USD) - 2025/01/28 21:09:31 WET [2025/01/28 16:09:31 ET]
Table 'Struveana' 6-max Seat #4 is the button
Seat 2: AlexPinsk1 ($106.72 in chips) is sitting out
Seat 1: chinokevin13 ($100 in chips) 
Seat 3: EFKAS-4- ($52.27 in chips) 
Seat 4: BoyLoc0 ($104.12 in chips) 
Seat 5: henri789 ($100 in chips) 
Seat 6: tintin641 ($109 in chips) 
henri789: posts small blind $0.50
tintin641: posts big blind $1
*** HOLE CARDS ***
chinokevin13: raises $1.20 to $2.20
EFKAS-4-: calls $2.20
BoyLoc0: raises $6.80 to $9
henri789: folds 
tintin641: folds 
chinokevin13: folds 
EFKAS-4-: calls $6.80
*** FLOP *** [3c 5d 2d]
EFKAS-4-: checks 
BoyLoc0: bets $10.31
EFKAS-4-: calls $10.31
*** TURN *** [3c 5d 2d] [Jd]
EFKAS-4-: checks 
BoyLoc0: bets $34
EFKAS-4-: calls $32.96 and is all-in
Uncalled bet ($1.04) returned to BoyLoc0
*** RIVER *** [3c 5d 2d Jd] [Th]
*** SHOW DOWN ***
EFKAS-4-: shows [8d 8s] (a pair of Eights)
BoyLoc0: shows [Jh Kh] (a pair of Jacks)
BoyLoc0 collected $105.74 from pot
*** SUMMARY ***
Total pot $108.24 | Rake $2.50 
Board [3c 5d 2d Jd Th]
Seat 2: AlexPinsk1
Seat 1: chinokevin13 folded before Flop
Seat 3: EFKAS-4- showed [8d 8s] and lost with a pair of Eights
Seat 4: BoyLoc0 (button) showed [Jh Kh] and won ($105.74) with a pair of Jacks
Seat 5: henri789 (small blind) folded before Flop
Seat 6: tintin641 (big blind) folded before Flop



PokerStars Hand #254596746857:  Hold'em No Limit ($0.50/$1.00 USD) - 2025/01/28 21:10:45 WET [2025/01/28 16:10:45 ET]
Table 'Struveana' 6-max Seat #5 is the button
Seat 2: AlexPinsk1 ($106.72 in chips) is sitting out
Seat 3: EFKAS-4- ($0 in chips) is sitting out
Seat 1: chinokevin13 ($100 in chips) 
Seat 4: BoyLoc0 ($157.59 in chips) 
Seat 5: henri789 ($100 in chips) 
Seat 6: tintin641 ($108 in chips) 
tintin641: posts small blind $0.50
chinokevin13: posts big blind $1
*** HOLE CARDS ***
BoyLoc0: folds 
EFKAS-4- is disconnected 
henri789: folds 
tintin641: raises $2 to $3
chinokevin13: raises $6 to $9
tintin641: raises $11 to $20
chinokevin13: folds 
Uncalled bet ($11) returned to tintin641
tintin641 collected $18 from pot
tintin641: doesn't show hand 
*** SUMMARY ***
Total pot $18 | Rake $0 
Seat 2: AlexPinsk1
Seat 3: EFKAS-4-
Seat 1: chinokevin13 (big blind) folded before Flop
Seat 4: BoyLoc0 folded before Flop (didn't bet)
Seat 5: henri789 (button) folded before Flop (didn't bet)
Seat 6: tintin641 (small blind) collected ($18)



PokerStars Hand #254596757396:  Hold'em No Limit ($0.50/$1.00 USD) - 2025/01/28 21:11:17 WET [2025/01/28 16:11:17 ET]
Table 'Struveana' 6-max Seat #6 is the button
Seat 2: AlexPinsk1 ($106.72 in chips) is sitting out
Seat 3: EFKAS-4- ($0 in chips) is sitting out
Seat 1: chinokevin13 ($100 in chips) 
Seat 4: BoyLoc0 ($157.59 in chips) 
Seat 5: henri789 ($100 in chips) 
Seat 6: tintin641 ($117 in chips) 
chinokevin13: posts small blind $0.50
BoyLoc0: posts big blind $1
*** HOLE CARDS ***
henri789: folds 
tintin641: raises $1.50 to $2.50
chinokevin13: raises $8.50 to $11
BoyLoc0: folds 
tintin641: folds 
Uncalled bet ($8.50) returned to chinokevin13
chinokevin13 collected $6 from pot
chinokevin13: doesn't show hand 
*** SUMMARY ***
Total pot $6 | Rake $0 
Seat 2: AlexPinsk1
Seat 3: EFKAS-4-
Seat 1: chinokevin13 (small blind) collected ($6)
Seat 4: BoyLoc0 (big blind) folded before Flop
Seat 5: henri789 folded before Flop (didn't bet)
Seat 6: tintin641 (button) folded before Flop



PokerStars Hand #254596767439:  Hold'em No Limit ($0.50/$1.00 USD) - 2025/01/28 21:11:46 WET [2025/01/28 16:11:46 ET]
Table 'Struveana' 6-max Seat #1 is the button
Seat 2: AlexPinsk1 ($106.72 in chips) is sitting out
Seat 3: EFKAS-4- ($0 in chips) is sitting out
Seat 1: chinokevin13 ($103.50 in chips) 
Seat 4: BoyLoc0 ($156.59 in chips) 
Seat 5: henri789 ($100 in chips) 
Seat 6: tintin641 ($114.50 in chips) 
BoyLoc0: posts small blind $0.50
henri789: posts big blind $1
*** HOLE CARDS ***
tintin641: folds 
chinokevin13: folds 
BoyLoc0: folds 
Uncalled bet ($0.50) returned to henri789
henri789 collected $1 from pot
henri789: doesn't show hand 
*** SUMMARY ***
Total pot $1 | Rake $0 
Seat 2: AlexPinsk1
Seat 3: EFKAS-4-
Seat 1: chinokevin13 (button) folded before Flop (didn't bet)
Seat 4: BoyLoc0 (small blind) folded before Flop
Seat 5: henri789 (big blind) collected ($1)
Seat 6: tintin641 folded before Flop (didn't bet)



PokerStars Hand #254596775363:  Hold'em No Limit ($0.50/$1.00 USD) - 2025/01/28 21:12:10 WET [2025/01/28 16:12:10 ET]
Table 'Struveana' 6-max Seat #5 is the button
Seat 1: chinokevin13 ($103.50 in chips) is sitting out
Seat 2: AlexPinsk1 ($106.72 in chips) is sitting out
Seat 3: EFKAS-4- ($0 in chips) is sitting out
Seat 6: tintin641 ($114.50 in chips) is sitting out
Seat 4: BoyLoc0 ($156.09 in chips) 
Seat 5: henri789 ($100.50 in chips) 
henri789: posts small blind $0.50
tintin641: is sitting out 
chinokevin13: is sitting out 
BoyLoc0: posts big blind $1
*** HOLE CARDS ***
tintin641 leaves the table
chinokevin13 leaves the table
henri789: raises $1.50 to $2.50
BoyLoc0: calls $1.50
*** FLOP *** [Qh Ah Td]
BoyLoc0: checks 
coeeeelho joins the table at seat #6 
henri789: bets $1.57
BoyLoc0: calls $1.57
*** TURN *** [Qh Ah Td] [9s]
BoyLoc0: checks 
henri789: checks 
*** RIVER *** [Qh Ah Td 9s] [8d]
BoyLoc0: bets $11.60
henri789: folds 
Uncalled bet ($11.60) returned to BoyLoc0
henri789 leaves the table
BoyLoc0 collected $7.73 from pot
BoyLoc0: doesn't show hand 
*** SUMMARY ***
Total pot $8.14 | Rake $0.41 
Board [Qh Ah Td 9s 8d]
Seat 1: chinokevin13
Seat 2: AlexPinsk1
Seat 3: EFKAS-4-
Seat 6: tintin641
Seat 4: BoyLoc0 (big blind) collected ($7.73)
Seat 5: henri789 (button) (small blind) folded on the River



PokerStars Hand #254596799975:  Hold'em No Limit ($0.50/$1.00 USD) - 2025/01/28 21:13:23 WET [2025/01/28 16:13:23 ET]
Table 'Struveana' 6-max Seat #4 is the button
Seat 2: AlexPinsk1 ($106.72 in chips) is sitting out
Seat 3: EFKAS-4- ($0 in chips) is sitting out
Seat 4: BoyLoc0 ($159.75 in chips) 
Seat 6: coeeeelho ($100 in chips) 
BoyLoc0: posts small blind $0.50
coeeeelho: posts big blind $1
*** HOLE CARDS ***
BoyLoc0: folds 
Uncalled bet ($0.50) returned to coeeeelho
BoyLoc0 leaves the table
coeeeelho collected $1 from pot
*** SUMMARY ***
Total pot $1 | Rake $0 
Seat 2: AlexPinsk1
Seat 3: EFKAS-4-
Seat 4: BoyLoc0 (button) (small blind) folded before Flop
Seat 6: coeeeelho (big blind) collected ($1)



