PokerStars Hand #254590343701:  Hold'em No Limit ($0.50/$1.00 USD) - 2025/01/28 5:01:08 WET [2025/01/28 0:01:08 ET]
Table 'Helene IV' 6-max Seat #4 is the button
Seat 1: steepfell ($101.50 in chips) 
Seat 2: steelNike ($9 in chips) 
Seat 3: ptolejmus ($10 in chips) 
Seat 4: Manifestorr ($100 in chips) 
Seat 5: ponchua ($103.88 in chips) 
Seat 6: tarif77 ($49.63 in chips) 
ponchua: posts small blind $0.50
tarif77: posts big blind $1
*** HOLE CARDS ***
steepfell: folds 
steelNike: raises $8 to $9 and is all-in
ptolejmus: folds 
Manifestorr: folds 
ponchua: folds 
tarif77: folds 
Uncalled bet ($8) returned to steelNike
steelNike collected $2.50 from pot
*** SUMMARY ***
Total pot $2.50 | Rake $0 
Seat 1: steepfell folded before Flop (didn't bet)
Seat 2: steelNike collected ($2.50)
Seat 3: ptolejmus folded before Flop (didn't bet)
Seat 4: Manifestorr (button) folded before Flop (didn't bet)
Seat 5: ponchua (small blind) folded before Flop
Seat 6: tarif77 (big blind) folded before Flop



PokerStars Hand #254590345493:  Hold'em No Limit ($0.50/$1.00 USD) - 2025/01/28 5:01:29 WET [2025/01/28 0:01:29 ET]
Table 'Helene IV' 6-max Seat #5 is the button
Seat 1: steepfell ($101.50 in chips) 
Seat 2: steelNike ($10.50 in chips) 
Seat 3: ptolejmus ($10 in chips) 
Seat 4: Manifestorr ($100 in chips) 
Seat 5: ponchua ($103.38 in chips) 
Seat 6: tarif77 ($48.63 in chips) 
tarif77: posts small blind $0.50
steepfell: posts big blind $1
*** HOLE CARDS ***
steelNike: raises $9.50 to $10.50 and is all-in
ptolejmus: folds 
Manifestorr: folds 
ponchua: folds 
tarif77: folds 
steepfell: folds 
Uncalled bet ($9.50) returned to steelNike
steelNike collected $2.50 from pot
*** SUMMARY ***
Total pot $2.50 | Rake $0 
Seat 1: steepfell (big blind) folded before Flop
Seat 2: steelNike collected ($2.50)
Seat 3: ptolejmus folded before Flop (didn't bet)
Seat 4: Manifestorr folded before Flop (didn't bet)
Seat 5: ponchua (button) folded before Flop (didn't bet)
Seat 6: tarif77 (small blind) folded before Flop



PokerStars Hand #254590347625:  Hold'em No Limit ($0.50/$1.00 USD) - 2025/01/28 5:01:56 WET [2025/01/28 0:01:56 ET]
Table 'Helene IV' 6-max Seat #6 is the button
Seat 1: steepfell ($100.50 in chips) 
Seat 2: steelNike ($12 in chips) 
Seat 3: ptolejmus ($10 in chips) 
Seat 4: Manifestorr ($100 in chips) 
Seat 5: ponchua ($103.38 in chips) 
Seat 6: tarif77 ($48.13 in chips) 
steepfell: posts small blind $0.50
steelNike: posts big blind $1
*** HOLE CARDS ***
ptolejmus: folds 
Manifestorr: raises $1.20 to $2.20
ponchua: folds 
tarif77: folds 
steepfell: folds 
steelNike: calls $1.20
*** FLOP *** [5c 3s 2d]
steelNike: checks 
Manifestorr: checks 
*** TURN *** [5c 3s 2d] [3h]
steelNike: bets $2.33
Manifestorr: folds 
Uncalled bet ($2.33) returned to steelNike
steelNike collected $4.66 from pot
*** SUMMARY ***
Total pot $4.90 | Rake $0.24 
Board [5c 3s 2d 3h]
Seat 1: steepfell (small blind) folded before Flop
Seat 2: steelNike (big blind) collected ($4.66)
Seat 3: ptolejmus folded before Flop (didn't bet)
Seat 4: Manifestorr folded on the Turn
Seat 5: ponchua folded before Flop (didn't bet)
Seat 6: tarif77 (button) folded before Flop (didn't bet)



PokerStars Hand #254590353396:  Hold'em No Limit ($0.50/$1.00 USD) - 2025/01/28 5:03:08 WET [2025/01/28 0:03:08 ET]
Table 'Helene IV' 6-max Seat #1 is the button
Seat 1: steepfell ($100 in chips) 
Seat 2: steelNike ($14.46 in chips) 
Seat 3: ptolejmus ($10 in chips) 
Seat 4: Manifestorr ($100 in chips) 
Seat 5: ponchua ($103.38 in chips) 
Seat 6: tarif77 ($48.13 in chips) 
steelNike: posts small blind $0.50
ptolejmus: posts big blind $1
*** HOLE CARDS ***
Manifestorr: folds 
ponchua: folds 
tarif77: calls $1
steepfell: folds 
steelNike: calls $0.50
ptolejmus: checks 
*** FLOP *** [6h 5h Qd]
steelNike: checks 
ptolejmus: checks 
tarif77: checks 
*** TURN *** [6h 5h Qd] [7d]
steelNike: checks 
ptolejmus: checks 
tarif77: checks 
*** RIVER *** [6h 5h Qd 7d] [7h]
steelNike: bets $2.14
ptolejmus: folds 
tarif77: folds 
Uncalled bet ($2.14) returned to steelNike
steelNike collected $2.85 from pot
*** SUMMARY ***
Total pot $3 | Rake $0.15 
Board [6h 5h Qd 7d 7h]
Seat 1: steepfell (button) folded before Flop (didn't bet)
Seat 2: steelNike (small blind) collected ($2.85)
Seat 3: ptolejmus (big blind) folded on the River
Seat 4: Manifestorr folded before Flop (didn't bet)
Seat 5: ponchua folded before Flop (didn't bet)
Seat 6: tarif77 folded on the River



PokerStars Hand #254590362402:  Hold'em No Limit ($0.50/$1.00 USD) - 2025/01/28 5:04:56 WET [2025/01/28 0:04:56 ET]
Table 'Helene IV' 6-max Seat #2 is the button
Seat 1: steepfell ($100 in chips) 
Seat 2: steelNike ($16.31 in chips) 
Seat 3: ptolejmus ($10 in chips) 
Seat 4: Manifestorr ($100 in chips) 
Seat 5: ponchua ($103.38 in chips) 
Seat 6: tarif77 ($47.13 in chips) 
ptolejmus: posts small blind $0.50
Manifestorr: posts big blind $1
*** HOLE CARDS ***
ponchua: folds 
tarif77: calls $1
steepfell: folds 
steelNike: folds 
ptolejmus: raises $9 to $10 and is all-in
Manifestorr: folds 
tarif77: calls $9
*** FLOP *** [As 5s Qs]
*** TURN *** [As 5s Qs] [Ts]
*** RIVER *** [As 5s Qs Ts] [6h]
*** SHOW DOWN ***
ptolejmus: shows [Js Jh] (a flush, Ace high)
tarif77: shows [Ks 4d] (a flush, Ace high - King higher)
tarif77 collected $19.95 from pot
*** SUMMARY ***
Total pot $21 | Rake $1.05 
Board [As 5s Qs Ts 6h]
Seat 1: steepfell folded before Flop (didn't bet)
Seat 2: steelNike (button) folded before Flop (didn't bet)
Seat 3: ptolejmus (small blind) showed [Js Jh] and lost with a flush, Ace high
Seat 4: Manifestorr (big blind) folded before Flop
Seat 5: ponchua folded before Flop (didn't bet)
Seat 6: tarif77 showed [Ks 4d] and won ($19.95) with a flush, Ace high



PokerStars Hand #254590364925:  Hold'em No Limit ($0.50/$1.00 USD) - 2025/01/28 5:05:26 WET [2025/01/28 0:05:26 ET]
Table 'Helene IV' 6-max Seat #3 is the button
Seat 1: steepfell ($100 in chips) 
Seat 2: steelNike ($16.31 in chips) 
Seat 3: ptolejmus ($10 in chips) 
Seat 4: Manifestorr ($100 in chips) 
Seat 5: ponchua ($103.38 in chips) 
Seat 6: tarif77 ($57.08 in chips) 
Manifestorr: posts small blind $0.50
ponchua: posts big blind $1
*** HOLE CARDS ***
tarif77: folds 
steepfell: folds 
steelNike: folds 
ptolejmus: folds 
Manifestorr: raises $2 to $3
ponchua: raises $6 to $9
Manifestorr: folds 
Uncalled bet ($6) returned to ponchua
ponchua collected $6 from pot
ponchua: doesn't show hand 
*** SUMMARY ***
Total pot $6 | Rake $0 
Seat 1: steepfell folded before Flop (didn't bet)
Seat 2: steelNike folded before Flop (didn't bet)
Seat 3: ptolejmus (button) folded before Flop (didn't bet)
Seat 4: Manifestorr (small blind) folded before Flop
Seat 5: ponchua (big blind) collected ($6)
Seat 6: tarif77 folded before Flop (didn't bet)



PokerStars Hand #254590369302:  Hold'em No Limit ($0.50/$1.00 USD) - 2025/01/28 5:06:18 WET [2025/01/28 0:06:18 ET]
Table 'Helene IV' 6-max Seat #4 is the button
Seat 1: steepfell ($100 in chips) 
Seat 2: steelNike ($16.31 in chips) 
Seat 3: ptolejmus ($10 in chips) 
Seat 4: Manifestorr ($100 in chips) 
Seat 5: ponchua ($106.38 in chips) 
Seat 6: tarif77 ($57.08 in chips) 
ponchua: posts small blind $0.50
tarif77: posts big blind $1
*** HOLE CARDS ***
steepfell: folds 
steelNike: folds 
ptolejmus: folds 
Manifestorr: raises $1.20 to $2.20
ponchua: folds 
tarif77: calls $1.20
*** FLOP *** [Ac Ts 6h]
tarif77: bets $1
Manifestorr: calls $1
*** TURN *** [Ac Ts 6h] [9s]
tarif77: bets $1
Manifestorr: calls $1
*** RIVER *** [Ac Ts 6h 9s] [2d]
tarif77: checks 
Manifestorr: checks 
*** SHOW DOWN ***
tarif77: shows [Jh Ks] (high card Ace)
Manifestorr: shows [3c Tc] (a pair of Tens)
Manifestorr collected $8.46 from pot
*** SUMMARY ***
Total pot $8.90 | Rake $0.44 
Board [Ac Ts 6h 9s 2d]
Seat 1: steepfell folded before Flop (didn't bet)
Seat 2: steelNike folded before Flop (didn't bet)
Seat 3: ptolejmus folded before Flop (didn't bet)
Seat 4: Manifestorr (button) showed [3c Tc] and won ($8.46) with a pair of Tens
Seat 5: ponchua (small blind) folded before Flop
Seat 6: tarif77 (big blind) showed [Jh Ks] and lost with high card Ace



PokerStars Hand #254590372302:  Hold'em No Limit ($0.50/$1.00 USD) - 2025/01/28 5:06:54 WET [2025/01/28 0:06:54 ET]
Table 'Helene IV' 6-max Seat #5 is the button
Seat 1: steepfell ($100 in chips) 
Seat 2: steelNike ($16.31 in chips) 
Seat 3: ptolejmus ($10 in chips) 
Seat 4: Manifestorr ($104.26 in chips) 
Seat 5: ponchua ($105.88 in chips) 
Seat 6: tarif77 ($52.88 in chips) 
tarif77: posts small blind $0.50
steepfell: posts big blind $1
*** HOLE CARDS ***
steelNike: folds 
steelNike leaves the table
ptolejmus: folds 
akihabara18 joins the table at seat #2 
akihabara18 is disconnected 
Manifestorr: folds 
ponchua: folds 
tarif77: calls $0.50
steepfell: checks 
*** FLOP *** [6d 7d Ac]
tarif77: checks 
steepfell: checks 
*** TURN *** [6d 7d Ac] [9d]
tarif77: checks 
steepfell: bets $1
tarif77: folds 
Uncalled bet ($1) returned to steepfell
steepfell collected $1.90 from pot
steepfell: doesn't show hand 
*** SUMMARY ***
Total pot $2 | Rake $0.10 
Board [6d 7d Ac 9d]
Seat 1: steepfell (big blind) collected ($1.90)
Seat 2: steelNike folded before Flop (didn't bet)
Seat 3: ptolejmus folded before Flop (didn't bet)
Seat 4: Manifestorr folded before Flop (didn't bet)
Seat 5: ponchua (button) folded before Flop (didn't bet)
Seat 6: tarif77 (small blind) folded on the Turn



PokerStars Hand #254590376324:  Hold'em No Limit ($0.50/$1.00 USD) - 2025/01/28 5:07:41 WET [2025/01/28 0:07:41 ET]
Table 'Helene IV' 6-max Seat #6 is the button
Seat 1: steepfell ($100.90 in chips) 
Seat 2: akihabara18 ($10 in chips) 
Seat 3: ptolejmus ($10 in chips) 
Seat 4: Manifestorr ($104.26 in chips) 
Seat 5: ponchua ($105.88 in chips) 
Seat 6: tarif77 ($51.88 in chips) 
steepfell: posts small blind $0.50
akihabara18: posts big blind $1
*** HOLE CARDS ***
ptolejmus: folds 
Manifestorr: folds 
ponchua: folds 
tarif77: calls $1
steepfell: folds 
akihabara18: raises $9 to $10 and is all-in
tarif77: folds 
Uncalled bet ($9) returned to akihabara18
akihabara18 collected $2.50 from pot
*** SUMMARY ***
Total pot $2.50 | Rake $0 
Seat 1: steepfell (small blind) folded before Flop
Seat 2: akihabara18 (big blind) collected ($2.50)
Seat 3: ptolejmus folded before Flop (didn't bet)
Seat 4: Manifestorr folded before Flop (didn't bet)
Seat 5: ponchua folded before Flop (didn't bet)
Seat 6: tarif77 (button) folded before Flop



PokerStars Hand #254590377684:  Hold'em No Limit ($0.50/$1.00 USD) - 2025/01/28 5:07:58 WET [2025/01/28 0:07:58 ET]
Table 'Helene IV' 6-max Seat #1 is the button
Seat 1: steepfell ($100.40 in chips) 
Seat 2: akihabara18 ($11.50 in chips) 
Seat 3: ptolejmus ($10 in chips) 
Seat 4: Manifestorr ($104.26 in chips) 
Seat 5: ponchua ($105.88 in chips) 
Seat 6: tarif77 ($50.88 in chips) 
akihabara18: posts small blind $0.50
ptolejmus: posts big blind $1
*** HOLE CARDS ***
Manifestorr: raises $1.20 to $2.20
ponchua: folds 
tarif77: folds 
steepfell: folds 
akihabara18: folds 
ptolejmus: folds 
Uncalled bet ($1.20) returned to Manifestorr
Manifestorr collected $2.50 from pot
*** SUMMARY ***
Total pot $2.50 | Rake $0 
Seat 1: steepfell (button) folded before Flop (didn't bet)
Seat 2: akihabara18 (small blind) folded before Flop
Seat 3: ptolejmus (big blind) folded before Flop
Seat 4: Manifestorr collected ($2.50)
Seat 5: ponchua folded before Flop (didn't bet)
Seat 6: tarif77 folded before Flop (didn't bet)



PokerStars Hand #254590378828:  Hold'em No Limit ($0.50/$1.00 USD) - 2025/01/28 5:08:12 WET [2025/01/28 0:08:12 ET]
Table 'Helene IV' 6-max Seat #2 is the button
Seat 1: steepfell ($100.40 in chips) 
Seat 2: akihabara18 ($11 in chips) 
Seat 3: ptolejmus ($10 in chips) 
Seat 4: Manifestorr ($105.76 in chips) 
Seat 5: ponchua ($105.88 in chips) 
Seat 6: tarif77 ($50.88 in chips) 
ptolejmus: posts small blind $0.50
Manifestorr: posts big blind $1
*** HOLE CARDS ***
ponchua: folds 
tarif77: calls $1
steepfell: folds 
akihabara18: folds 
ptolejmus: raises $9 to $10 and is all-in
Manifestorr: folds 
tarif77: calls $9
*** FLOP *** [Kd 5h 4d]
*** TURN *** [Kd 5h 4d] [6d]
*** RIVER *** [Kd 5h 4d 6d] [Qc]
*** SHOW DOWN ***
ptolejmus: shows [6h As] (a pair of Sixes)
tarif77: shows [5d Jc] (a pair of Fives)
ptolejmus collected $19.95 from pot
*** SUMMARY ***
Total pot $21 | Rake $1.05 
Board [Kd 5h 4d 6d Qc]
Seat 1: steepfell folded before Flop (didn't bet)
Seat 2: akihabara18 (button) folded before Flop (didn't bet)
Seat 3: ptolejmus (small blind) showed [6h As] and won ($19.95) with a pair of Sixes
Seat 4: Manifestorr (big blind) folded before Flop
Seat 5: ponchua folded before Flop (didn't bet)
Seat 6: tarif77 showed [5d Jc] and lost with a pair of Fives



PokerStars Hand #254590381388:  Hold'em No Limit ($0.50/$1.00 USD) - 2025/01/28 5:08:43 WET [2025/01/28 0:08:43 ET]
Table 'Helene IV' 6-max Seat #3 is the button
Seat 1: steepfell ($100.40 in chips) 
Seat 2: akihabara18 ($11 in chips) 
Seat 3: ptolejmus ($19.95 in chips) 
Seat 4: Manifestorr ($104.76 in chips) 
Seat 5: ponchua ($105.88 in chips) 
Seat 6: tarif77 ($40.88 in chips) 
Manifestorr: posts small blind $0.50
ponchua: posts big blind $1
*** HOLE CARDS ***
tarif77: calls $1
steepfell: folds 
akihabara18: folds 
ptolejmus: folds 
Manifestorr: raises $4 to $5
ponchua: folds 
tarif77: calls $4
*** FLOP *** [Ah 2d 9c]
Manifestorr: checks 
tarif77: bets $5
Manifestorr: folds 
Uncalled bet ($5) returned to tarif77
tarif77 collected $10.45 from pot
*** SUMMARY ***
Total pot $11 | Rake $0.55 
Board [Ah 2d 9c]
Seat 1: steepfell folded before Flop (didn't bet)
Seat 2: akihabara18 folded before Flop (didn't bet)
Seat 3: ptolejmus (button) folded before Flop (didn't bet)
Seat 4: Manifestorr (small blind) folded on the Flop
Seat 5: ponchua (big blind) folded before Flop
Seat 6: tarif77 collected ($10.45)



PokerStars Hand #254590384293:  Hold'em No Limit ($0.50/$1.00 USD) - 2025/01/28 5:09:17 WET [2025/01/28 0:09:17 ET]
Table 'Helene IV' 6-max Seat #4 is the button
Seat 1: steepfell ($100.40 in chips) 
Seat 2: akihabara18 ($11 in chips) 
Seat 3: ptolejmus ($19.95 in chips) 
Seat 4: Manifestorr ($100 in chips) 
Seat 5: ponchua ($104.88 in chips) 
Seat 6: tarif77 ($46.33 in chips) 
ponchua: posts small blind $0.50
tarif77: posts big blind $1
*** HOLE CARDS ***
steepfell: folds 
akihabara18: folds 
ptolejmus: folds 
Manifestorr: folds 
ponchua: folds 
Uncalled bet ($0.50) returned to tarif77
tarif77 collected $1 from pot
*** SUMMARY ***
Total pot $1 | Rake $0 
Seat 1: steepfell folded before Flop (didn't bet)
Seat 2: akihabara18 folded before Flop (didn't bet)
Seat 3: ptolejmus folded before Flop (didn't bet)
Seat 4: Manifestorr (button) folded before Flop (didn't bet)
Seat 5: ponchua (small blind) folded before Flop
Seat 6: tarif77 (big blind) collected ($1)



PokerStars Hand #254590385391:  Hold'em No Limit ($0.50/$1.00 USD) - 2025/01/28 5:09:30 WET [2025/01/28 0:09:30 ET]
Table 'Helene IV' 6-max Seat #5 is the button
Seat 1: steepfell ($100.40 in chips) 
Seat 2: akihabara18 ($11 in chips) 
Seat 3: ptolejmus ($19.95 in chips) 
Seat 4: Manifestorr ($100 in chips) 
Seat 5: ponchua ($104.38 in chips) 
Seat 6: tarif77 ($46.83 in chips) 
tarif77: posts small blind $0.50
steepfell: posts big blind $1
*** HOLE CARDS ***
akihabara18: folds 
ptolejmus: folds 
Manifestorr: folds 
ponchua: folds 
tarif77: calls $0.50
steepfell: raises $3 to $4
tarif77: folds 
Uncalled bet ($3) returned to steepfell
steepfell collected $2 from pot
steepfell: doesn't show hand 
*** SUMMARY ***
Total pot $2 | Rake $0 
Seat 1: steepfell (big blind) collected ($2)
Seat 2: akihabara18 folded before Flop (didn't bet)
Seat 3: ptolejmus folded before Flop (didn't bet)
Seat 4: Manifestorr folded before Flop (didn't bet)
Seat 5: ponchua (button) folded before Flop (didn't bet)
Seat 6: tarif77 (small blind) folded before Flop



PokerStars Hand #254590388185:  Hold'em No Limit ($0.50/$1.00 USD) - 2025/01/28 5:10:04 WET [2025/01/28 0:10:04 ET]
Table 'Helene IV' 6-max Seat #6 is the button
Seat 1: steepfell ($101.40 in chips) 
Seat 2: akihabara18 ($11 in chips) 
Seat 3: ptolejmus ($19.95 in chips) 
Seat 4: Manifestorr ($100 in chips) 
Seat 5: ponchua ($104.38 in chips) 
Seat 6: tarif77 ($45.83 in chips) 
steepfell: posts small blind $0.50
akihabara18: posts big blind $1
*** HOLE CARDS ***
ptolejmus: raises $1 to $2
Manifestorr: folds 
ponchua: folds 
tarif77: folds 
steepfell: folds 
akihabara18: calls $1
*** FLOP *** [Kd Ts 3c]
akihabara18: checks 
ptolejmus: bets $1.16
akihabara18: folds 
Uncalled bet ($1.16) returned to ptolejmus
ptolejmus collected $4.28 from pot
*** SUMMARY ***
Total pot $4.50 | Rake $0.22 
Board [Kd Ts 3c]
Seat 1: steepfell (small blind) folded before Flop
Seat 2: akihabara18 (big blind) folded on the Flop
Seat 3: ptolejmus collected ($4.28)
Seat 4: Manifestorr folded before Flop (didn't bet)
Seat 5: ponchua folded before Flop (didn't bet)
Seat 6: tarif77 (button) folded before Flop (didn't bet)



PokerStars Hand #254590391827:  Hold'em No Limit ($0.50/$1.00 USD) - 2025/01/28 5:10:47 WET [2025/01/28 0:10:47 ET]
Table 'Helene IV' 6-max Seat #1 is the button
Seat 1: steepfell ($100.90 in chips) 
Seat 2: akihabara18 ($10 in chips) 
Seat 3: ptolejmus ($22.23 in chips) 
Seat 4: Manifestorr ($100 in chips) 
Seat 5: ponchua ($104.38 in chips) 
Seat 6: tarif77 ($45.83 in chips) 
akihabara18: posts small blind $0.50
ptolejmus: posts big blind $1
*** HOLE CARDS ***
Manifestorr: folds 
ponchua: folds 
tarif77: calls $1
steepfell: folds 
akihabara18: folds 
ptolejmus: raises $21.23 to $22.23 and is all-in
tarif77: calls $21.23
akihabara18 leaves the table
*** FLOP *** [5d Kd 2s]
*** TURN *** [5d Kd 2s] [8h]
*** RIVER *** [5d Kd 2s 8h] [2c]
*** SHOW DOWN ***
ptolejmus: shows [Qh Ad] (a pair of Deuces)
tarif77: shows [7d 7c] (two pair, Sevens and Deuces)
tarif77 collected $42.71 from pot
*** SUMMARY ***
Total pot $44.96 | Rake $2.25 
Board [5d Kd 2s 8h 2c]
Seat 1: steepfell (button) folded before Flop (didn't bet)
Seat 2: akihabara18 (small blind) folded before Flop
Seat 3: ptolejmus (big blind) showed [Qh Ad] and lost with a pair of Deuces
Seat 4: Manifestorr folded before Flop (didn't bet)
Seat 5: ponchua folded before Flop (didn't bet)
Seat 6: tarif77 showed [7d 7c] and won ($42.71) with two pair, Sevens and Deuces



PokerStars Hand #254590393983:  Hold'em No Limit ($0.50/$1.00 USD) - 2025/01/28 5:11:13 WET [2025/01/28 0:11:13 ET]
Table 'Helene IV' 6-max Seat #3 is the button
Seat 1: steepfell ($100.90 in chips) 
Seat 3: ptolejmus ($10 in chips) 
Seat 4: Manifestorr ($100 in chips) 
Seat 5: ponchua ($104.38 in chips) 
Seat 6: tarif77 ($66.31 in chips) 
Manifestorr: posts small blind $0.50
ponchua: posts big blind $1
*** HOLE CARDS ***
shootingGRID joins the table at seat #2 
tarif77: calls $1
steepfell: folds 
ptolejmus: folds 
Manifestorr: folds 
ponchua: checks 
*** FLOP *** [Qh 9d 3s]
ponchua: checks 
tarif77: checks 
*** TURN *** [Qh 9d 3s] [4d]
ponchua: bets $1.74
tarif77: folds 
Uncalled bet ($1.74) returned to ponchua
ponchua collected $2.38 from pot
ponchua: doesn't show hand 
*** SUMMARY ***
Total pot $2.50 | Rake $0.12 
Board [Qh 9d 3s 4d]
Seat 1: steepfell folded before Flop (didn't bet)
Seat 3: ptolejmus (button) folded before Flop (didn't bet)
Seat 4: Manifestorr (small blind) folded before Flop
Seat 5: ponchua (big blind) collected ($2.38)
Seat 6: tarif77 folded on the Turn



PokerStars Hand #254590396084:  Hold'em No Limit ($0.50/$1.00 USD) - 2025/01/28 5:11:38 WET [2025/01/28 0:11:38 ET]
Table 'Helene IV' 6-max Seat #4 is the button
Seat 2: shootingGRID ($100 in chips) is sitting out
Seat 1: steepfell ($100.90 in chips) 
Seat 3: ptolejmus ($10 in chips) 
Seat 4: Manifestorr ($100 in chips) 
Seat 5: ponchua ($105.76 in chips) 
Seat 6: tarif77 ($65.31 in chips) 
ponchua: posts small blind $0.50
tarif77: posts big blind $1
shootingGRID: sits out 
*** HOLE CARDS ***
steepfell: folds 
ptolejmus: folds 
Manifestorr: raises $1.20 to $2.20
ponchua: folds 
tarif77: folds 
Uncalled bet ($1.20) returned to Manifestorr
Manifestorr collected $2.50 from pot
*** SUMMARY ***
Total pot $2.50 | Rake $0 
Seat 2: shootingGRID
Seat 1: steepfell folded before Flop (didn't bet)
Seat 3: ptolejmus folded before Flop (didn't bet)
Seat 4: Manifestorr (button) collected ($2.50)
Seat 5: ponchua (small blind) folded before Flop
Seat 6: tarif77 (big blind) folded before Flop



PokerStars Hand #254590396993:  Hold'em No Limit ($0.50/$1.00 USD) - 2025/01/28 5:11:49 WET [2025/01/28 0:11:49 ET]
Table 'Helene IV' 6-max Seat #5 is the button
Seat 2: shootingGRID ($100 in chips) is sitting out
Seat 1: steepfell ($100.90 in chips) 
Seat 3: ptolejmus ($10 in chips) 
Seat 4: Manifestorr ($101.50 in chips) 
Seat 5: ponchua ($105.26 in chips) 
Seat 6: tarif77 ($64.31 in chips) 
tarif77: posts small blind $0.50
steepfell: posts big blind $1
shootingGRID: sits out 
*** HOLE CARDS ***
ptolejmus: folds 
Manifestorr: raises $1.20 to $2.20
ponchua: raises $4.80 to $7
tarif77: folds 
steepfell: folds 
Manifestorr: folds 
Uncalled bet ($4.80) returned to ponchua
ponchua collected $5.90 from pot
ponchua: doesn't show hand 
*** SUMMARY ***
Total pot $5.90 | Rake $0 
Seat 2: shootingGRID
Seat 1: steepfell (big blind) folded before Flop
Seat 3: ptolejmus folded before Flop (didn't bet)
Seat 4: Manifestorr folded before Flop
Seat 5: ponchua (button) collected ($5.90)
Seat 6: tarif77 (small blind) folded before Flop



PokerStars Hand #254590399675:  Hold'em No Limit ($0.50/$1.00 USD) - 2025/01/28 5:12:20 WET [2025/01/28 0:12:20 ET]
Table 'Helene IV' 6-max Seat #6 is the button
Seat 1: steepfell ($100 in chips) 
Seat 2: shootingGRID ($100 in chips) 
Seat 3: ptolejmus ($10 in chips) 
Seat 4: Manifestorr ($100 in chips) 
Seat 5: ponchua ($108.96 in chips) 
Seat 6: tarif77 ($63.81 in chips) 
steepfell: posts small blind $0.50
shootingGRID: posts big blind $1
*** HOLE CARDS ***
ptolejmus: folds 
Manifestorr: folds 
ponchua: folds 
tarif77: calls $1
steepfell: folds 
shootingGRID: checks 
*** FLOP *** [4d Ah Qd]
shootingGRID: checks 
tarif77: checks 
*** TURN *** [4d Ah Qd] [5h]
shootingGRID: bets $1
tarif77: calls $1
*** RIVER *** [4d Ah Qd 5h] [9c]
shootingGRID: bets $1
tarif77: folds 
Uncalled bet ($1) returned to shootingGRID
shootingGRID collected $4.28 from pot
*** SUMMARY ***
Total pot $4.50 | Rake $0.22 
Board [4d Ah Qd 5h 9c]
Seat 1: steepfell (small blind) folded before Flop
Seat 2: shootingGRID (big blind) collected ($4.28)
Seat 3: ptolejmus folded before Flop (didn't bet)
Seat 4: Manifestorr folded before Flop (didn't bet)
Seat 5: ponchua folded before Flop (didn't bet)
Seat 6: tarif77 (button) folded on the River



PokerStars Hand #254590402477:  Hold'em No Limit ($0.50/$1.00 USD) - 2025/01/28 5:12:54 WET [2025/01/28 0:12:54 ET]
Table 'Helene IV' 6-max Seat #1 is the button
Seat 1: steepfell ($100 in chips) 
Seat 2: shootingGRID ($102.28 in chips) 
Seat 3: ptolejmus ($10 in chips) 
Seat 4: Manifestorr ($100 in chips) 
Seat 5: ponchua ($108.96 in chips) 
Seat 6: tarif77 ($61.81 in chips) 
shootingGRID: posts small blind $0.50
ptolejmus: posts big blind $1
*** HOLE CARDS ***
Manifestorr: folds 
ponchua: folds 
tarif77: calls $1
steepfell: folds 
shootingGRID: raises $3.50 to $4.50
ptolejmus: folds 
tarif77: folds 
Uncalled bet ($3.50) returned to shootingGRID
shootingGRID collected $3 from pot
*** SUMMARY ***
Total pot $3 | Rake $0 
Seat 1: steepfell (button) folded before Flop (didn't bet)
Seat 2: shootingGRID (small blind) collected ($3)
Seat 3: ptolejmus (big blind) folded before Flop
Seat 4: Manifestorr folded before Flop (didn't bet)
Seat 5: ponchua folded before Flop (didn't bet)
Seat 6: tarif77 folded before Flop



PokerStars Hand #254590406042:  Hold'em No Limit ($0.50/$1.00 USD) - 2025/01/28 5:13:38 WET [2025/01/28 0:13:38 ET]
Table 'Helene IV' 6-max Seat #2 is the button
Seat 1: steepfell ($100 in chips) 
Seat 2: shootingGRID ($104.28 in chips) 
Seat 3: ptolejmus ($10 in chips) 
Seat 4: Manifestorr ($100 in chips) 
Seat 5: ponchua ($108.96 in chips) 
Seat 6: tarif77 ($60.81 in chips) 
ptolejmus: posts small blind $0.50
Manifestorr: posts big blind $1
*** HOLE CARDS ***
ponchua: folds 
tarif77: calls $1
steepfell: folds 
shootingGRID: raises $2.50 to $3.50
ptolejmus: raises $6.50 to $10 and is all-in
Manifestorr: folds 
tarif77: calls $9
shootingGRID: folds 
*** FLOP *** [As 8h Jd]
*** TURN *** [As 8h Jd] [2h]
*** RIVER *** [As 8h Jd 2h] [9h]
*** SHOW DOWN ***
ptolejmus: shows [7h 7c] (a pair of Sevens)
tarif77: shows [5c Kc] (high card Ace)
ptolejmus collected $23.28 from pot
*** SUMMARY ***
Total pot $24.50 | Rake $1.22 
Board [As 8h Jd 2h 9h]
Seat 1: steepfell folded before Flop (didn't bet)
Seat 2: shootingGRID (button) folded before Flop
Seat 3: ptolejmus (small blind) showed [7h 7c] and won ($23.28) with a pair of Sevens
Seat 4: Manifestorr (big blind) folded before Flop
Seat 5: ponchua folded before Flop (didn't bet)
Seat 6: tarif77 showed [5c Kc] and lost with high card Ace



PokerStars Hand #254590411209:  Hold'em No Limit ($0.50/$1.00 USD) - 2025/01/28 5:14:40 WET [2025/01/28 0:14:40 ET]
Table 'Helene IV' 6-max Seat #3 is the button
Seat 1: steepfell ($100 in chips) 
Seat 2: shootingGRID ($100.78 in chips) 
Seat 3: ptolejmus ($23.28 in chips) 
Seat 4: Manifestorr ($100 in chips) 
Seat 5: ponchua ($108.96 in chips) 
Seat 6: tarif77 ($50.81 in chips) 
Manifestorr: posts small blind $0.50
ponchua: posts big blind $1
*** HOLE CARDS ***
tarif77: raises $1 to $2
steepfell: folds 
shootingGRID: folds 
ptolejmus: folds 
Manifestorr: folds 
ponchua: calls $1
*** FLOP *** [9d Jh Kd]
ponchua: checks 
tarif77: bets $1
ponchua: calls $1
*** TURN *** [9d Jh Kd] [Qc]
ponchua: checks 
tarif77: bets $1
ponchua: calls $1
*** RIVER *** [9d Jh Kd Qc] [Tc]
ponchua: bets $6.06
tarif77: raises $40.75 to $46.81 and is all-in
ponchua: calls $40.75
*** SHOW DOWN ***
tarif77: shows [Ah 7c] (a straight, Ten to Ace)
ponchua: shows [Ad 8s] (a straight, Ten to Ace)
ponchua collected $49.81 from pot
tarif77 collected $49.81 from pot
*** SUMMARY ***
Total pot $102.12 | Rake $2.50 
Board [9d Jh Kd Qc Tc]
Seat 1: steepfell folded before Flop (didn't bet)
Seat 2: shootingGRID folded before Flop (didn't bet)
Seat 3: ptolejmus (button) folded before Flop (didn't bet)
Seat 4: Manifestorr (small blind) folded before Flop
Seat 5: ponchua (big blind) showed [Ad 8s] and won ($49.81) with a straight, Ten to Ace
Seat 6: tarif77 showed [Ah 7c] and won ($49.81) with a straight, Ten to Ace



PokerStars Hand #254590415894:  Hold'em No Limit ($0.50/$1.00 USD) - 2025/01/28 5:15:37 WET [2025/01/28 0:15:37 ET]
Table 'Helene IV' 6-max Seat #4 is the button
Seat 1: steepfell ($100 in chips) 
Seat 2: shootingGRID ($100.78 in chips) 
Seat 3: ptolejmus ($23.28 in chips) 
Seat 4: Manifestorr ($100 in chips) 
Seat 5: ponchua ($107.96 in chips) 
Seat 6: tarif77 ($49.81 in chips) 
ponchua: posts small blind $0.50
tarif77: posts big blind $1
*** HOLE CARDS ***
steepfell: folds 
shootingGRID: folds 
ptolejmus: folds 
Manifestorr: folds 
ponchua: raises $1.50 to $2.50
tarif77: calls $1.50
*** FLOP *** [2s 3h Qc]
ponchua: bets $1.47
tarif77: raises $1.47 to $2.94
ponchua: folds 
Uncalled bet ($1.47) returned to tarif77
tarif77 collected $7.54 from pot
*** SUMMARY ***
Total pot $7.94 | Rake $0.40 
Board [2s 3h Qc]
Seat 1: steepfell folded before Flop (didn't bet)
Seat 2: shootingGRID folded before Flop (didn't bet)
Seat 3: ptolejmus folded before Flop (didn't bet)
Seat 4: Manifestorr (button) folded before Flop (didn't bet)
Seat 5: ponchua (small blind) folded on the Flop
Seat 6: tarif77 (big blind) collected ($7.54)



PokerStars Hand #254590418177:  Hold'em No Limit ($0.50/$1.00 USD) - 2025/01/28 5:16:05 WET [2025/01/28 0:16:05 ET]
Table 'Helene IV' 6-max Seat #5 is the button
Seat 1: steepfell ($100 in chips) 
Seat 2: shootingGRID ($100.78 in chips) 
Seat 3: ptolejmus ($23.28 in chips) 
Seat 4: Manifestorr ($100 in chips) 
Seat 5: ponchua ($103.99 in chips) 
Seat 6: tarif77 ($53.38 in chips) 
tarif77: posts small blind $0.50
steepfell: posts big blind $1
*** HOLE CARDS ***
shootingGRID: folds 
ptolejmus: raises $1 to $2
Manifestorr: folds 
ponchua: folds 
tarif77: calls $1.50
steepfell: folds 
*** FLOP *** [6s Kc Th]
tarif77: checks 
ptolejmus: bets $2.42
tarif77: raises $8.42 to $10.84
ptolejmus: raises $10.44 to $21.28 and is all-in
tarif77: calls $10.44
*** TURN *** [6s Kc Th] [7s]
*** RIVER *** [6s Kc Th 7s] [2h]
*** SHOW DOWN ***
tarif77: shows [Qh 6h] (a pair of Sixes)
ptolejmus: shows [Ac Ah] (a pair of Aces)
ptolejmus collected $45.18 from pot
*** SUMMARY ***
Total pot $47.56 | Rake $2.38 
Board [6s Kc Th 7s 2h]
Seat 1: steepfell (big blind) folded before Flop
Seat 2: shootingGRID folded before Flop (didn't bet)
Seat 3: ptolejmus showed [Ac Ah] and won ($45.18) with a pair of Aces
Seat 4: Manifestorr folded before Flop (didn't bet)
Seat 5: ponchua (button) folded before Flop (didn't bet)
Seat 6: tarif77 (small blind) showed [Qh 6h] and lost with a pair of Sixes



PokerStars Hand #254590422503:  Hold'em No Limit ($0.50/$1.00 USD) - 2025/01/28 5:16:57 WET [2025/01/28 0:16:57 ET]
Table 'Helene IV' 6-max Seat #6 is the button
Seat 1: steepfell ($100 in chips) 
Seat 2: shootingGRID ($100.78 in chips) 
Seat 3: ptolejmus ($45.18 in chips) 
Seat 4: Manifestorr ($100 in chips) 
Seat 5: ponchua ($103.99 in chips) 
Seat 6: tarif77 ($30.10 in chips) 
steepfell: posts small blind $0.50
shootingGRID: posts big blind $1
*** HOLE CARDS ***
ptolejmus: folds 
Manifestorr: folds 
ponchua: folds 
tarif77: calls $1
steepfell: folds 
shootingGRID: raises $4 to $5
tarif77: calls $4
*** FLOP *** [Qs 8c 3c]
shootingGRID: bets $3.29
tarif77: raises $21.81 to $25.10 and is all-in
shootingGRID: calls $21.81
*** TURN *** [Qs 8c 3c] [4d]
*** RIVER *** [Qs 8c 3c 4d] [6d]
*** SHOW DOWN ***
shootingGRID: shows [8h 8s] (three of a kind, Eights)
tarif77: shows [Qd 9d] (a pair of Queens)
shootingGRID collected $58.20 from pot
*** SUMMARY ***
Total pot $60.70 | Rake $2.50 
Board [Qs 8c 3c 4d 6d]
Seat 1: steepfell (small blind) folded before Flop
Seat 2: shootingGRID (big blind) showed [8h 8s] and won ($58.20) with three of a kind, Eights
Seat 3: ptolejmus folded before Flop (didn't bet)
Seat 4: Manifestorr folded before Flop (didn't bet)
Seat 5: ponchua folded before Flop (didn't bet)
Seat 6: tarif77 (button) showed [Qd 9d] and lost with a pair of Queens



PokerStars Hand #254590425958:  Hold'em No Limit ($0.50/$1.00 USD) - 2025/01/28 5:17:40 WET [2025/01/28 0:17:40 ET]
Table 'Helene IV' 6-max Seat #1 is the button
Seat 3: ptolejmus ($45.18 in chips) is sitting out
Seat 6: tarif77 ($0 in chips) is sitting out
Seat 1: steepfell ($100 in chips) 
Seat 2: shootingGRID ($128.88 in chips) 
Seat 4: Manifestorr ($100 in chips) 
Seat 5: ponchua ($103.99 in chips) 
shootingGRID: posts small blind $0.50
ptolejmus: is sitting out 
Manifestorr: posts big blind $1
*** HOLE CARDS ***
ponchua: folds 
ptolejmus leaves the table
steepfell: raises $1.50 to $2.50
tarif77 leaves the table
shootingGRID: raises $9.50 to $12
Manifestorr: folds 
steepfell: calls $9.50
*** FLOP *** [5c Kd 4s]
shootingGRID: bets $7.92
steepfell: calls $7.92
*** TURN *** [5c Kd 4s] [8c]
shootingGRID: checks 
steepfell: checks 
*** RIVER *** [5c Kd 4s 8c] [2d]
shootingGRID: checks 
steepfell: checks 
*** SHOW DOWN ***
shootingGRID: shows [Jc Tc] (high card King)
steepfell: shows [Qc Ad] (high card Ace)
steepfell collected $39.84 from pot
*** SUMMARY ***
Total pot $40.84 | Rake $1 
Board [5c Kd 4s 8c 2d]
Seat 3: ptolejmus
Seat 6: tarif77
Seat 1: steepfell (button) showed [Qc Ad] and won ($39.84) with high card Ace
Seat 2: shootingGRID (small blind) showed [Jc Tc] and lost with high card King
Seat 4: Manifestorr (big blind) folded before Flop
Seat 5: ponchua folded before Flop (didn't bet)



PokerStars Hand #254590431976:  Hold'em No Limit ($0.50/$1.00 USD) - 2025/01/28 5:18:53 WET [2025/01/28 0:18:53 ET]
Table 'Helene IV' 6-max Seat #2 is the button
Seat 1: steepfell ($119.92 in chips) 
Seat 2: shootingGRID ($108.96 in chips) 
Seat 4: Manifestorr ($100 in chips) 
Seat 5: ponchua ($103.99 in chips) 
Manifestorr: posts small blind $0.50
ponchua: posts big blind $1
*** HOLE CARDS ***
steepfell: raises $1.50 to $2.50
shootingGRID: folds 
philippk751 joins the table at seat #6 
philippk751 is disconnected 
Manifestorr: folds 
7bekon7 joins the table at seat #3 
ponchua: raises $9.50 to $12
steepfell: folds 
Uncalled bet ($9.50) returned to ponchua
ponchua collected $5.50 from pot
ponchua: doesn't show hand 
*** SUMMARY ***
Total pot $5.50 | Rake $0 
Seat 1: steepfell folded before Flop
Seat 2: shootingGRID (button) folded before Flop (didn't bet)
Seat 4: Manifestorr (small blind) folded before Flop
Seat 5: ponchua (big blind) collected ($5.50)



PokerStars Hand #254590434164:  Hold'em No Limit ($0.50/$1.00 USD) - 2025/01/28 5:19:20 WET [2025/01/28 0:19:20 ET]
Table 'Helene IV' 6-max Seat #4 is the button
Seat 3: 7bekon7 ($100 in chips) is sitting out
Seat 1: steepfell ($117.42 in chips) 
Seat 2: shootingGRID ($108.96 in chips) 
Seat 4: Manifestorr ($100 in chips) 
Seat 5: ponchua ($106.99 in chips) 
Seat 6: philippk751 ($49.93 in chips) 
ponchua: posts small blind $0.50
philippk751: posts big blind $1
7bekon7: sits out 
*** HOLE CARDS ***
steepfell: folds 
shootingGRID: raises $1.25 to $2.25
Manifestorr: folds 
ponchua: folds 
philippk751: calls $1.25
*** FLOP *** [7d Ts 9h]
philippk751: checks 
shootingGRID: bets $2.38
philippk751: calls $2.38
*** TURN *** [7d Ts 9h] [3c]
philippk751: checks 
shootingGRID: checks 
*** RIVER *** [7d Ts 9h 3c] [4h]
philippk751: bets $2
shootingGRID: calls $2
*** SHOW DOWN ***
philippk751: shows [Ks 7s] (a pair of Sevens)
shootingGRID: mucks hand 
philippk751 collected $12.90 from pot
*** SUMMARY ***
Total pot $13.76 | Rake $0.86 
Board [7d Ts 9h 3c 4h]
Seat 3: 7bekon7
Seat 1: steepfell folded before Flop (didn't bet)
Seat 2: shootingGRID mucked
Seat 4: Manifestorr (button) folded before Flop (didn't bet)
Seat 5: ponchua (small blind) folded before Flop
Seat 6: philippk751 (big blind) showed [Ks 7s] and won ($12.90) with a pair of Sevens



PokerStars Hand #254590438908:  Hold'em No Limit ($0.50/$1.00 USD) - 2025/01/28 5:20:19 WET [2025/01/28 0:20:19 ET]
Table 'Helene IV' 6-max Seat #5 is the button
Seat 1: steepfell ($117.42 in chips) is sitting out
Seat 3: 7bekon7 ($100 in chips) is sitting out
Seat 2: shootingGRID ($102.33 in chips) 
Seat 4: Manifestorr ($100 in chips) 
Seat 5: ponchua ($106.49 in chips) 
Seat 6: philippk751 ($56.20 in chips) 
philippk751: posts small blind $0.50
steepfell: is sitting out 
shootingGRID: posts big blind $1
7bekon7: sits out 
*** HOLE CARDS ***
Manifestorr: raises $1.20 to $2.20
steepfell leaves the table
ponchua: folds 
philippk751: calls $1.70
shootingGRID: calls $1.20
*** FLOP *** [8h Ks 3d]
philippk751: checks 
shootingGRID: checks 
Manifestorr: bets $2.07
philippk751: folds 
MaRKiToScoK joins the table at seat #1 
shootingGRID: calls $2.07
*** TURN *** [8h Ks 3d] [9d]
shootingGRID: checks 
Manifestorr: bets $13.77
shootingGRID: folds 
Uncalled bet ($13.77) returned to Manifestorr
Manifestorr collected $10.20 from pot
*** SUMMARY ***
Total pot $10.74 | Rake $0.54 
Board [8h Ks 3d 9d]
Seat 1: steepfell
Seat 3: 7bekon7
Seat 2: shootingGRID (big blind) folded on the Turn
Seat 4: Manifestorr collected ($10.20)
Seat 5: ponchua (button) folded before Flop (didn't bet)
Seat 6: philippk751 (small blind) folded on the Flop



PokerStars Hand #254590444985:  Hold'em No Limit ($0.50/$1.00 USD) - 2025/01/28 5:21:35 WET [2025/01/28 0:21:35 ET]
Table 'Helene IV' 6-max Seat #6 is the button
Seat 1: MaRKiToScoK ($100 in chips) is sitting out
Seat 2: shootingGRID ($100 in chips) 
Seat 3: 7bekon7 ($100 in chips) 
Seat 4: Manifestorr ($105.93 in chips) 
Seat 5: ponchua ($106.49 in chips) 
Seat 6: philippk751 ($54 in chips) 
shootingGRID: posts small blind $0.50
7bekon7: posts big blind $1
*** HOLE CARDS ***
Manifestorr: folds 
ponchua: folds 
philippk751: folds 
shootingGRID: raises $2 to $3
7bekon7: calls $2
*** FLOP *** [Jc 3d 6s]
shootingGRID: bets $1.88
7bekon7: calls $1.88
*** TURN *** [Jc 3d 6s] [3c]
shootingGRID: checks 
7bekon7: bets $4.64
shootingGRID has timed out
shootingGRID: folds 
Uncalled bet ($4.64) returned to 7bekon7
7bekon7 collected $9.27 from pot
7bekon7: doesn't show hand 
*** SUMMARY ***
Total pot $9.76 | Rake $0.49 
Board [Jc 3d 6s 3c]
Seat 1: MaRKiToScoK
Seat 2: shootingGRID (small blind) folded on the Turn
Seat 3: 7bekon7 (big blind) collected ($9.27)
Seat 4: Manifestorr folded before Flop (didn't bet)
Seat 5: ponchua folded before Flop (didn't bet)
Seat 6: philippk751 (button) folded before Flop (didn't bet)



PokerStars Hand #254590451132:  Hold'em No Limit ($0.50/$1.00 USD) - 2025/01/28 5:22:52 WET [2025/01/28 0:22:52 ET]
Table 'Helene IV' 6-max Seat #2 is the button
Seat 1: MaRKiToScoK ($100 in chips) is sitting out
Seat 2: shootingGRID ($100 in chips) 
Seat 3: 7bekon7 ($104.39 in chips) 
Seat 4: Manifestorr ($105.93 in chips) 
Seat 5: ponchua ($106.49 in chips) 
Seat 6: philippk751 ($54 in chips) 
7bekon7: posts small blind $0.50
Manifestorr: posts big blind $1
MaRKiToScoK: sits out 
*** HOLE CARDS ***
ponchua: folds 
philippk751: folds 
shootingGRID: raises $1.50 to $2.50
7bekon7: folds 
Manifestorr: calls $1.50
*** FLOP *** [3s Jc 3h]
Manifestorr: checks 
shootingGRID: bets $1.72
Manifestorr: folds 
Uncalled bet ($1.72) returned to shootingGRID
shootingGRID collected $5.22 from pot
*** SUMMARY ***
Total pot $5.50 | Rake $0.28 
Board [3s Jc 3h]
Seat 1: MaRKiToScoK
Seat 2: shootingGRID (button) collected ($5.22)
Seat 3: 7bekon7 (small blind) folded before Flop
Seat 4: Manifestorr (big blind) folded on the Flop
Seat 5: ponchua folded before Flop (didn't bet)
Seat 6: philippk751 folded before Flop (didn't bet)



PokerStars Hand #254590453426:  Hold'em No Limit ($0.50/$1.00 USD) - 2025/01/28 5:23:21 WET [2025/01/28 0:23:21 ET]
Table 'Helene IV' 6-max Seat #3 is the button
Seat 1: MaRKiToScoK ($100 in chips) is sitting out
Seat 2: shootingGRID ($102.72 in chips) 
Seat 3: 7bekon7 ($103.89 in chips) 
Seat 4: Manifestorr ($103.43 in chips) 
Seat 5: ponchua ($106.49 in chips) 
Seat 6: philippk751 ($54 in chips) 
Manifestorr: posts small blind $0.50
ponchua: posts big blind $1
MaRKiToScoK: sits out 
*** HOLE CARDS ***
philippk751: calls $1
shootingGRID: folds 
7bekon7: folds 
Manifestorr: folds 
ponchua: checks 
*** FLOP *** [Jh Jd 6c]
ponchua: checks 
philippk751: checks 
*** TURN *** [Jh Jd 6c] [3c]
ponchua: checks 
philippk751: bets $1
ponchua: folds 
Uncalled bet ($1) returned to philippk751
philippk751 collected $2.35 from pot
*** SUMMARY ***
Total pot $2.50 | Rake $0.15 
Board [Jh Jd 6c 3c]
Seat 1: MaRKiToScoK
Seat 2: shootingGRID folded before Flop (didn't bet)
Seat 3: 7bekon7 (button) folded before Flop (didn't bet)
Seat 4: Manifestorr (small blind) folded before Flop
Seat 5: ponchua (big blind) folded on the Turn
Seat 6: philippk751 collected ($2.35)



PokerStars Hand #254590459295:  Hold'em No Limit ($0.50/$1.00 USD) - 2025/01/28 5:24:34 WET [2025/01/28 0:24:34 ET]
Table 'Helene IV' 6-max Seat #4 is the button
Seat 1: MaRKiToScoK ($100 in chips) is sitting out
Seat 2: shootingGRID ($102.72 in chips) 
Seat 3: 7bekon7 ($103.89 in chips) 
Seat 4: Manifestorr ($102.93 in chips) 
Seat 5: ponchua ($105.49 in chips) 
Seat 6: philippk751 ($55.35 in chips) 
ponchua: posts small blind $0.50
philippk751: posts big blind $1
MaRKiToScoK: sits out 
*** HOLE CARDS ***
shootingGRID: folds 
7bekon7: folds 
Manifestorr: folds 
ponchua: folds 
Uncalled bet ($0.50) returned to philippk751
philippk751 collected $1 from pot
*** SUMMARY ***
Total pot $1 | Rake $0 
Seat 1: MaRKiToScoK
Seat 2: shootingGRID folded before Flop (didn't bet)
Seat 3: 7bekon7 folded before Flop (didn't bet)
Seat 4: Manifestorr (button) folded before Flop (didn't bet)
Seat 5: ponchua (small blind) folded before Flop
Seat 6: philippk751 (big blind) collected ($1)



PokerStars Hand #254590460896:  Hold'em No Limit ($0.50/$1.00 USD) - 2025/01/28 5:24:55 WET [2025/01/28 0:24:55 ET]
Table 'Helene IV' 6-max Seat #5 is the button
Seat 1: MaRKiToScoK ($100 in chips) 
Seat 2: shootingGRID ($102.72 in chips) 
Seat 3: 7bekon7 ($103.89 in chips) 
Seat 4: Manifestorr ($102.93 in chips) 
Seat 5: ponchua ($104.99 in chips) 
Seat 6: philippk751 ($55.85 in chips) 
philippk751: posts small blind $0.50
MaRKiToScoK: posts big blind $1
*** HOLE CARDS ***
shootingGRID: folds 
7bekon7: folds 
Manifestorr: folds 
ponchua: folds 
philippk751: calls $0.50
MaRKiToScoK: checks 
*** FLOP *** [Qh As Ks]
philippk751: checks 
MaRKiToScoK: checks 
*** TURN *** [Qh As Ks] [7c]
philippk751: bets $1
MaRKiToScoK: calls $1
*** RIVER *** [Qh As Ks 7c] [3d]
philippk751: bets $1
MaRKiToScoK: folds 
Uncalled bet ($1) returned to philippk751
philippk751 collected $3.75 from pot
*** SUMMARY ***
Total pot $4 | Rake $0.25 
Board [Qh As Ks 7c 3d]
Seat 1: MaRKiToScoK (big blind) folded on the River
Seat 2: shootingGRID folded before Flop (didn't bet)
Seat 3: 7bekon7 folded before Flop (didn't bet)
Seat 4: Manifestorr folded before Flop (didn't bet)
Seat 5: ponchua (button) folded before Flop (didn't bet)
Seat 6: philippk751 (small blind) collected ($3.75)



PokerStars Hand #254590463549:  Hold'em No Limit ($0.50/$1.00 USD) - 2025/01/28 5:25:27 WET [2025/01/28 0:25:27 ET]
Table 'Helene IV' 6-max Seat #6 is the button
Seat 1: MaRKiToScoK ($100 in chips) 
Seat 2: shootingGRID ($102.72 in chips) 
Seat 3: 7bekon7 ($103.89 in chips) 
Seat 4: Manifestorr ($102.93 in chips) 
Seat 5: ponchua ($104.99 in chips) 
Seat 6: philippk751 ($57.60 in chips) 
MaRKiToScoK: posts small blind $0.50
shootingGRID: posts big blind $1
*** HOLE CARDS ***
7bekon7: folds 
Manifestorr: raises $1.20 to $2.20
ponchua: folds 
philippk751: calls $2.20
MaRKiToScoK: folds 
shootingGRID: folds 
*** FLOP *** [3h 5s Ts]
Manifestorr: checks 
philippk751: bets $2
Manifestorr: calls $2
*** TURN *** [3h 5s Ts] [6s]
Manifestorr: checks 
philippk751: checks 
*** RIVER *** [3h 5s Ts 6s] [7s]
Manifestorr: bets $3.10
philippk751: folds 
Uncalled bet ($3.10) returned to Manifestorr
Manifestorr collected $9.40 from pot
*** SUMMARY ***
Total pot $9.90 | Rake $0.50 
Board [3h 5s Ts 6s 7s]
Seat 1: MaRKiToScoK (small blind) folded before Flop
Seat 2: shootingGRID (big blind) folded before Flop
Seat 3: 7bekon7 folded before Flop (didn't bet)
Seat 4: Manifestorr collected ($9.40)
Seat 5: ponchua folded before Flop (didn't bet)
Seat 6: philippk751 (button) folded on the River



PokerStars Hand #254590467156:  Hold'em No Limit ($0.50/$1.00 USD) - 2025/01/28 5:26:11 WET [2025/01/28 0:26:11 ET]
Table 'Helene IV' 6-max Seat #1 is the button
Seat 1: MaRKiToScoK ($100 in chips) 
Seat 2: shootingGRID ($101.72 in chips) 
Seat 3: 7bekon7 ($103.89 in chips) 
Seat 4: Manifestorr ($108.13 in chips) 
Seat 5: ponchua ($104.99 in chips) 
Seat 6: philippk751 ($53.40 in chips) 
shootingGRID: posts small blind $0.50
7bekon7: posts big blind $1
*** HOLE CARDS ***
Manifestorr: folds 
ponchua: folds 
philippk751: calls $1
MaRKiToScoK: folds 
shootingGRID: folds 
7bekon7: raises $4 to $5
philippk751: folds 
Uncalled bet ($4) returned to 7bekon7
7bekon7 collected $2.50 from pot
7bekon7: doesn't show hand 
*** SUMMARY ***
Total pot $2.50 | Rake $0 
Seat 1: MaRKiToScoK (button) folded before Flop (didn't bet)
Seat 2: shootingGRID (small blind) folded before Flop
Seat 3: 7bekon7 (big blind) collected ($2.50)
Seat 4: Manifestorr folded before Flop (didn't bet)
Seat 5: ponchua folded before Flop (didn't bet)
Seat 6: philippk751 folded before Flop



PokerStars Hand #254590469126:  Hold'em No Limit ($0.50/$1.00 USD) - 2025/01/28 5:26:36 WET [2025/01/28 0:26:36 ET]
Table 'Helene IV' 6-max Seat #2 is the button
Seat 1: MaRKiToScoK ($100 in chips) 
Seat 2: shootingGRID ($101.22 in chips) 
Seat 3: 7bekon7 ($105.39 in chips) 
Seat 4: Manifestorr ($108.13 in chips) 
Seat 5: ponchua ($104.99 in chips) 
Seat 6: philippk751 ($52.40 in chips) 
7bekon7: posts small blind $0.50
Manifestorr: posts big blind $1
*** HOLE CARDS ***
ponchua: folds 
philippk751: folds 
MaRKiToScoK: folds 
shootingGRID: raises $1.50 to $2.50
7bekon7: folds 
Manifestorr: folds 
Uncalled bet ($1.50) returned to shootingGRID
shootingGRID collected $2.50 from pot
*** SUMMARY ***
Total pot $2.50 | Rake $0 
Seat 1: MaRKiToScoK folded before Flop (didn't bet)
Seat 2: shootingGRID (button) collected ($2.50)
Seat 3: 7bekon7 (small blind) folded before Flop
Seat 4: Manifestorr (big blind) folded before Flop
Seat 5: ponchua folded before Flop (didn't bet)
Seat 6: philippk751 folded before Flop (didn't bet)



PokerStars Hand #254590470559:  Hold'em No Limit ($0.50/$1.00 USD) - 2025/01/28 5:26:53 WET [2025/01/28 0:26:53 ET]
Table 'Helene IV' 6-max Seat #3 is the button
Seat 1: MaRKiToScoK ($100 in chips) 
Seat 2: shootingGRID ($102.72 in chips) 
Seat 3: 7bekon7 ($104.89 in chips) 
Seat 4: Manifestorr ($107.13 in chips) 
Seat 5: ponchua ($104.99 in chips) 
Seat 6: philippk751 ($52.40 in chips) 
Manifestorr: posts small blind $0.50
ponchua: posts big blind $1
*** HOLE CARDS ***
philippk751: folds 
MaRKiToScoK: folds 
shootingGRID: raises $1.25 to $2.25
7bekon7: folds 
Manifestorr: raises $8.75 to $11
ponchua: folds 
shootingGRID: folds 
Uncalled bet ($8.75) returned to Manifestorr
Manifestorr collected $5.50 from pot
*** SUMMARY ***
Total pot $5.50 | Rake $0 
Seat 1: MaRKiToScoK folded before Flop (didn't bet)
Seat 2: shootingGRID folded before Flop
Seat 3: 7bekon7 (button) folded before Flop (didn't bet)
Seat 4: Manifestorr (small blind) collected ($5.50)
Seat 5: ponchua (big blind) folded before Flop
Seat 6: philippk751 folded before Flop (didn't bet)



PokerStars Hand #254590474704:  Hold'em No Limit ($0.50/$1.00 USD) - 2025/01/28 5:27:45 WET [2025/01/28 0:27:45 ET]
Table 'Helene IV' 6-max Seat #4 is the button
Seat 1: MaRKiToScoK ($100 in chips) 
Seat 2: shootingGRID ($100.47 in chips) 
Seat 3: 7bekon7 ($104.89 in chips) 
Seat 4: Manifestorr ($110.38 in chips) 
Seat 5: ponchua ($103.99 in chips) 
Seat 6: philippk751 ($52.40 in chips) 
ponchua: posts small blind $0.50
philippk751: posts big blind $1
*** HOLE CARDS ***
MaRKiToScoK: folds 
shootingGRID: folds 
7bekon7: raises $3 to $4
Manifestorr: folds 
ponchua: folds 
philippk751: calls $3
*** FLOP *** [3s Ts 5h]
philippk751: checks 
7bekon7: checks 
*** TURN *** [3s Ts 5h] [Th]
philippk751: checks 
7bekon7: checks 
*** RIVER *** [3s Ts 5h Th] [Qc]
philippk751: bets $2
7bekon7: calls $2
*** SHOW DOWN ***
philippk751: shows [9d Js] (a pair of Tens)
7bekon7: shows [Ks Ad] (a pair of Tens - Ace kicker)
7bekon7 collected $11.88 from pot
*** SUMMARY ***
Total pot $12.50 | Rake $0.62 
Board [3s Ts 5h Th Qc]
Seat 1: MaRKiToScoK folded before Flop (didn't bet)
Seat 2: shootingGRID folded before Flop (didn't bet)
Seat 3: 7bekon7 showed [Ks Ad] and won ($11.88) with a pair of Tens
Seat 4: Manifestorr (button) folded before Flop (didn't bet)
Seat 5: ponchua (small blind) folded before Flop
Seat 6: philippk751 (big blind) showed [9d Js] and lost with a pair of Tens



PokerStars Hand #254590478480:  Hold'em No Limit ($0.50/$1.00 USD) - 2025/01/28 5:28:32 WET [2025/01/28 0:28:32 ET]
Table 'Helene IV' 6-max Seat #5 is the button
Seat 1: MaRKiToScoK ($100 in chips) 
Seat 2: shootingGRID ($100.47 in chips) 
Seat 3: 7bekon7 ($110.77 in chips) 
Seat 4: Manifestorr ($110.38 in chips) 
Seat 5: ponchua ($103.49 in chips) 
Seat 6: philippk751 ($46.40 in chips) 
philippk751: posts small blind $0.50
MaRKiToScoK: posts big blind $1
*** HOLE CARDS ***
shootingGRID: folds 
7bekon7: folds 
Manifestorr: folds 
ponchua: folds 
philippk751: calls $0.50
MaRKiToScoK: checks 
*** FLOP *** [5s 2c Ah]
philippk751: checks 
MaRKiToScoK has timed out
MaRKiToScoK: checks 
*** TURN *** [5s 2c Ah] [2d]
philippk751: checks 
MaRKiToScoK: checks 
*** RIVER *** [5s 2c Ah 2d] [9s]
philippk751: checks 
MaRKiToScoK: checks 
*** SHOW DOWN ***
philippk751: shows [Js 3c] (a pair of Deuces)
MaRKiToScoK: shows [6d Qc] (a pair of Deuces - Ace+Queen kicker)
MaRKiToScoK collected $1.90 from pot
*** SUMMARY ***
Total pot $2 | Rake $0.10 
Board [5s 2c Ah 2d 9s]
Seat 1: MaRKiToScoK (big blind) showed [6d Qc] and won ($1.90) with a pair of Deuces
Seat 2: shootingGRID folded before Flop (didn't bet)
Seat 3: 7bekon7 folded before Flop (didn't bet)
Seat 4: Manifestorr folded before Flop (didn't bet)
Seat 5: ponchua (button) folded before Flop (didn't bet)
Seat 6: philippk751 (small blind) showed [Js 3c] and lost with a pair of Deuces



PokerStars Hand #254590484176:  Hold'em No Limit ($0.50/$1.00 USD) - 2025/01/28 5:29:44 WET [2025/01/28 0:29:44 ET]
Table 'Helene IV' 6-max Seat #6 is the button
Seat 2: shootingGRID ($100.47 in chips) is sitting out
Seat 1: MaRKiToScoK ($100.90 in chips) 
Seat 3: 7bekon7 ($110.77 in chips) 
Seat 4: Manifestorr ($110.38 in chips) 
Seat 5: ponchua ($103.49 in chips) 
Seat 6: philippk751 ($45.40 in chips) 
MaRKiToScoK: posts small blind $0.50
shootingGRID: is sitting out 
7bekon7: posts big blind $1
*** HOLE CARDS ***
Manifestorr: folds 
ponchua: folds 
philippk751: calls $1
MaRKiToScoK: raises $3 to $4
7bekon7: folds 
philippk751: calls $3
*** FLOP *** [2s Js 2c]
MaRKiToScoK: bets $2.14
philippk751: calls $2.14
*** TURN *** [2s Js 2c] [Jd]
MaRKiToScoK: checks 
philippk751: bets $4
MaRKiToScoK: calls $4
*** RIVER *** [2s Js 2c Jd] [6h]
MaRKiToScoK: checks 
philippk751: bets $4
MaRKiToScoK: calls $4
*** SHOW DOWN ***
philippk751: shows [4h 2h] (a full house, Deuces full of Jacks)
MaRKiToScoK: mucks hand 
philippk751 collected $27.46 from pot
*** SUMMARY ***
Total pot $29.28 | Rake $1.82 
Board [2s Js 2c Jd 6h]
Seat 2: shootingGRID
Seat 1: MaRKiToScoK (small blind) mucked
Seat 3: 7bekon7 (big blind) folded before Flop
Seat 4: Manifestorr folded before Flop (didn't bet)
Seat 5: ponchua folded before Flop (didn't bet)
Seat 6: philippk751 (button) showed [4h 2h] and won ($27.46) with a full house, Deuces full of Jacks



PokerStars Hand #254590488668:  Hold'em No Limit ($0.50/$1.00 USD) - 2025/01/28 5:30:40 WET [2025/01/28 0:30:40 ET]
Table 'Helene IV' 6-max Seat #1 is the button
Seat 2: shootingGRID ($100.47 in chips) is sitting out
Seat 1: MaRKiToScoK ($100 in chips) 
Seat 3: 7bekon7 ($109.77 in chips) 
Seat 4: Manifestorr ($110.38 in chips) 
Seat 5: ponchua ($103.49 in chips) 
Seat 6: philippk751 ($58.72 in chips) 
7bekon7: posts small blind $0.50
Manifestorr: posts big blind $1
*** HOLE CARDS ***
ponchua: folds 
philippk751: folds 
MaRKiToScoK: folds 
7bekon7: raises $2 to $3
Manifestorr: folds 
Uncalled bet ($2) returned to 7bekon7
7bekon7 collected $2 from pot
7bekon7: doesn't show hand 
*** SUMMARY ***
Total pot $2 | Rake $0 
Seat 2: shootingGRID
Seat 1: MaRKiToScoK (button) folded before Flop (didn't bet)
Seat 3: 7bekon7 (small blind) collected ($2)
Seat 4: Manifestorr (big blind) folded before Flop
Seat 5: ponchua folded before Flop (didn't bet)
Seat 6: philippk751 folded before Flop (didn't bet)



PokerStars Hand #254590489748:  Hold'em No Limit ($0.50/$1.00 USD) - 2025/01/28 5:30:53 WET [2025/01/28 0:30:53 ET]
Table 'Helene IV' 6-max Seat #3 is the button
Seat 2: shootingGRID ($100.47 in chips) is sitting out
Seat 1: MaRKiToScoK ($100 in chips) 
Seat 3: 7bekon7 ($110.77 in chips) 
Seat 4: Manifestorr ($109.38 in chips) 
Seat 5: ponchua ($103.49 in chips) 
Seat 6: philippk751 ($58.72 in chips) 
Manifestorr: posts small blind $0.50
ponchua: posts big blind $1
*** HOLE CARDS ***
philippk751: folds 
MaRKiToScoK: raises $1.25 to $2.25
7bekon7: folds 
Manifestorr: folds 
ponchua: folds 
Uncalled bet ($1.25) returned to MaRKiToScoK
MaRKiToScoK collected $2.50 from pot
*** SUMMARY ***
Total pot $2.50 | Rake $0 
Seat 2: shootingGRID
Seat 1: MaRKiToScoK collected ($2.50)
Seat 3: 7bekon7 (button) folded before Flop (didn't bet)
Seat 4: Manifestorr (small blind) folded before Flop
Seat 5: ponchua (big blind) folded before Flop
Seat 6: philippk751 folded before Flop (didn't bet)



PokerStars Hand #254590491763:  Hold'em No Limit ($0.50/$1.00 USD) - 2025/01/28 5:31:18 WET [2025/01/28 0:31:18 ET]
Table 'Helene IV' 6-max Seat #4 is the button
Seat 2: shootingGRID ($100.47 in chips) is sitting out
Seat 1: MaRKiToScoK ($101.50 in chips) 
Seat 3: 7bekon7 ($110.77 in chips) 
Seat 4: Manifestorr ($108.88 in chips) 
Seat 5: ponchua ($102.49 in chips) 
Seat 6: philippk751 ($58.72 in chips) 
ponchua: posts small blind $0.50
philippk751: posts big blind $1
*** HOLE CARDS ***
MaRKiToScoK: folds 
7bekon7: folds 
Manifestorr: folds 
ponchua: raises $2 to $3
philippk751: folds 
Uncalled bet ($2) returned to ponchua
ponchua collected $2 from pot
ponchua: doesn't show hand 
*** SUMMARY ***
Total pot $2 | Rake $0 
Seat 2: shootingGRID
Seat 1: MaRKiToScoK folded before Flop (didn't bet)
Seat 3: 7bekon7 folded before Flop (didn't bet)
Seat 4: Manifestorr (button) folded before Flop (didn't bet)
Seat 5: ponchua (small blind) collected ($2)
Seat 6: philippk751 (big blind) folded before Flop



PokerStars Hand #254590494541:  Hold'em No Limit ($0.50/$1.00 USD) - 2025/01/28 5:31:53 WET [2025/01/28 0:31:53 ET]
Table 'Helene IV' 6-max Seat #5 is the button
Seat 2: shootingGRID ($100.47 in chips) is sitting out
Seat 1: MaRKiToScoK ($101.50 in chips) 
Seat 3: 7bekon7 ($110.77 in chips) 
Seat 4: Manifestorr ($108.88 in chips) 
Seat 5: ponchua ($103.49 in chips) 
Seat 6: philippk751 ($57.72 in chips) 
philippk751: posts small blind $0.50
MaRKiToScoK: posts big blind $1
shootingGRID: sits out 
*** HOLE CARDS ***
7bekon7: folds 
Manifestorr: folds 
ponchua: folds 
philippk751: calls $0.50
MaRKiToScoK: raises $3 to $4
philippk751: folds 
Uncalled bet ($3) returned to MaRKiToScoK
MaRKiToScoK collected $2 from pot
*** SUMMARY ***
Total pot $2 | Rake $0 
Seat 2: shootingGRID
Seat 1: MaRKiToScoK (big blind) collected ($2)
Seat 3: 7bekon7 folded before Flop (didn't bet)
Seat 4: Manifestorr folded before Flop (didn't bet)
Seat 5: ponchua (button) folded before Flop (didn't bet)
Seat 6: philippk751 (small blind) folded before Flop



PokerStars Hand #254590495650:  Hold'em No Limit ($0.50/$1.00 USD) - 2025/01/28 5:32:06 WET [2025/01/28 0:32:06 ET]
Table 'Helene IV' 6-max Seat #6 is the button
Seat 1: MaRKiToScoK ($102.50 in chips) 
Seat 2: shootingGRID ($100.47 in chips) 
Seat 3: 7bekon7 ($110.77 in chips) 
Seat 4: Manifestorr ($108.88 in chips) 
Seat 5: ponchua ($103.49 in chips) 
Seat 6: philippk751 ($56.72 in chips) 
MaRKiToScoK: posts small blind $0.50
shootingGRID: posts big blind $1
*** HOLE CARDS ***
7bekon7: folds 
Manifestorr: folds 
ponchua: raises $1.50 to $2.50
philippk751: calls $2.50
MaRKiToScoK: folds 
shootingGRID: folds 
*** FLOP *** [8d Qd 3c]
ponchua: bets $1.92
philippk751: calls $1.92
*** TURN *** [8d Qd 3c] [Td]
ponchua: bets $7.17
philippk751: calls $7.17
*** RIVER *** [8d Qd 3c Td] [Ad]
ponchua: bets $91.90 and is all-in
philippk751: folds 
Uncalled bet ($91.90) returned to ponchua
ponchua collected $23.45 from pot
ponchua: doesn't show hand 
*** SUMMARY ***
Total pot $24.68 | Rake $1.23 
Board [8d Qd 3c Td Ad]
Seat 1: MaRKiToScoK (small blind) folded before Flop
Seat 2: shootingGRID (big blind) folded before Flop
Seat 3: 7bekon7 folded before Flop (didn't bet)
Seat 4: Manifestorr folded before Flop (didn't bet)
Seat 5: ponchua collected ($23.45)
Seat 6: philippk751 (button) folded on the River



PokerStars Hand #254590501328:  Hold'em No Limit ($0.50/$1.00 USD) - 2025/01/28 5:33:17 WET [2025/01/28 0:33:17 ET]
Table 'Helene IV' 6-max Seat #1 is the button
Seat 1: MaRKiToScoK ($102 in chips) 
Seat 2: shootingGRID ($100 in chips) 
Seat 3: 7bekon7 ($110.77 in chips) 
Seat 4: Manifestorr ($108.88 in chips) 
Seat 5: ponchua ($115.35 in chips) 
Seat 6: philippk751 ($45.13 in chips) 
shootingGRID: posts small blind $0.50
7bekon7: posts big blind $1
*** HOLE CARDS ***
Manifestorr: folds 
ponchua: raises $1.50 to $2.50
philippk751: folds 
MaRKiToScoK: folds 
shootingGRID: folds 
7bekon7: calls $1.50
*** FLOP *** [Ts Th 3s]
7bekon7: checks 
ponchua: bets $1.62
7bekon7: raises $4.23 to $5.85
ponchua: folds 
Uncalled bet ($4.23) returned to 7bekon7
7bekon7 collected $8.30 from pot
7bekon7: doesn't show hand 
*** SUMMARY ***
Total pot $8.74 | Rake $0.44 
Board [Ts Th 3s]
Seat 1: MaRKiToScoK (button) folded before Flop (didn't bet)
Seat 2: shootingGRID (small blind) folded before Flop
Seat 3: 7bekon7 (big blind) collected ($8.30)
Seat 4: Manifestorr folded before Flop (didn't bet)
Seat 5: ponchua folded on the Flop
Seat 6: philippk751 folded before Flop (didn't bet)



PokerStars Hand #254590506173:  Hold'em No Limit ($0.50/$1.00 USD) - 2025/01/28 5:34:17 WET [2025/01/28 0:34:17 ET]
Table 'Helene IV' 6-max Seat #2 is the button
Seat 1: MaRKiToScoK ($102 in chips) 
Seat 2: shootingGRID ($100 in chips) 
Seat 3: 7bekon7 ($114.95 in chips) 
Seat 4: Manifestorr ($108.88 in chips) 
Seat 5: ponchua ($111.23 in chips) 
Seat 6: philippk751 ($45.13 in chips) 
7bekon7: posts small blind $0.50
Manifestorr: posts big blind $1
*** HOLE CARDS ***
ponchua: raises $1.50 to $2.50
philippk751: folds 
MaRKiToScoK: folds 
shootingGRID: folds 
7bekon7: folds 
Manifestorr: folds 
Uncalled bet ($1.50) returned to ponchua
ponchua collected $2.50 from pot
ponchua: doesn't show hand 
*** SUMMARY ***
Total pot $2.50 | Rake $0 
Seat 1: MaRKiToScoK folded before Flop (didn't bet)
Seat 2: shootingGRID (button) folded before Flop (didn't bet)
Seat 3: 7bekon7 (small blind) folded before Flop
Seat 4: Manifestorr (big blind) folded before Flop
Seat 5: ponchua collected ($2.50)
Seat 6: philippk751 folded before Flop (didn't bet)



PokerStars Hand #254590508195:  Hold'em No Limit ($0.50/$1.00 USD) - 2025/01/28 5:34:42 WET [2025/01/28 0:34:42 ET]
Table 'Helene IV' 6-max Seat #3 is the button
Seat 1: MaRKiToScoK ($102 in chips) 
Seat 2: shootingGRID ($100 in chips) 
Seat 3: 7bekon7 ($114.45 in chips) 
Seat 4: Manifestorr ($107.88 in chips) 
Seat 5: ponchua ($112.73 in chips) 
Seat 6: philippk751 ($45.13 in chips) 
Manifestorr: posts small blind $0.50
ponchua: posts big blind $1
*** HOLE CARDS ***
philippk751: folds 
MaRKiToScoK: folds 
shootingGRID: raises $1.25 to $2.25
7bekon7: folds 
Manifestorr: folds 
ponchua: folds 
Uncalled bet ($1.25) returned to shootingGRID
shootingGRID collected $2.50 from pot
*** SUMMARY ***
Total pot $2.50 | Rake $0 
Seat 1: MaRKiToScoK folded before Flop (didn't bet)
Seat 2: shootingGRID collected ($2.50)
Seat 3: 7bekon7 (button) folded before Flop (didn't bet)
Seat 4: Manifestorr (small blind) folded before Flop
Seat 5: ponchua (big blind) folded before Flop
Seat 6: philippk751 folded before Flop (didn't bet)



PokerStars Hand #254590512331:  Hold'em No Limit ($0.50/$1.00 USD) - 2025/01/28 5:35:35 WET [2025/01/28 0:35:35 ET]
Table 'Helene IV' 6-max Seat #4 is the button
Seat 1: MaRKiToScoK ($102 in chips) 
Seat 2: shootingGRID ($101.50 in chips) 
Seat 3: 7bekon7 ($114.45 in chips) 
Seat 4: Manifestorr ($107.38 in chips) 
Seat 5: ponchua ($111.73 in chips) 
Seat 6: philippk751 ($45.13 in chips) 
ponchua: posts small blind $0.50
philippk751: posts big blind $1
*** HOLE CARDS ***
MaRKiToScoK: raises $2 to $3
shootingGRID: folds 
7bekon7: folds 
Manifestorr: folds 
ponchua: folds 
philippk751: folds 
Uncalled bet ($2) returned to MaRKiToScoK
MaRKiToScoK collected $2.50 from pot
*** SUMMARY ***
Total pot $2.50 | Rake $0 
Seat 1: MaRKiToScoK collected ($2.50)
Seat 2: shootingGRID folded before Flop (didn't bet)
Seat 3: 7bekon7 folded before Flop (didn't bet)
Seat 4: Manifestorr (button) folded before Flop (didn't bet)
Seat 5: ponchua (small blind) folded before Flop
Seat 6: philippk751 (big blind) folded before Flop



PokerStars Hand #254590515209:  Hold'em No Limit ($0.50/$1.00 USD) - 2025/01/28 5:36:12 WET [2025/01/28 0:36:12 ET]
Table 'Helene IV' 6-max Seat #5 is the button
Seat 1: MaRKiToScoK ($103.50 in chips) 
Seat 2: shootingGRID ($101.50 in chips) 
Seat 3: 7bekon7 ($114.45 in chips) 
Seat 4: Manifestorr ($107.38 in chips) 
Seat 5: ponchua ($111.23 in chips) 
Seat 6: philippk751 ($44.13 in chips) 
philippk751: posts small blind $0.50
MaRKiToScoK: posts big blind $1
*** HOLE CARDS ***
shootingGRID: folds 
7bekon7: folds 
Manifestorr: raises $1.20 to $2.20
ponchua: folds 
philippk751: folds 
MaRKiToScoK: folds 
Uncalled bet ($1.20) returned to Manifestorr
Manifestorr collected $2.50 from pot
*** SUMMARY ***
Total pot $2.50 | Rake $0 
Seat 1: MaRKiToScoK (big blind) folded before Flop
Seat 2: shootingGRID folded before Flop (didn't bet)
Seat 3: 7bekon7 folded before Flop (didn't bet)
Seat 4: Manifestorr collected ($2.50)
Seat 5: ponchua (button) folded before Flop (didn't bet)
Seat 6: philippk751 (small blind) folded before Flop



PokerStars Hand #254590516868:  Hold'em No Limit ($0.50/$1.00 USD) - 2025/01/28 5:36:34 WET [2025/01/28 0:36:34 ET]
Table 'Helene IV' 6-max Seat #6 is the button
Seat 2: shootingGRID ($101.50 in chips) is sitting out
Seat 1: MaRKiToScoK ($102.50 in chips) 
Seat 3: 7bekon7 ($114.45 in chips) 
Seat 4: Manifestorr ($108.88 in chips) 
Seat 5: ponchua ($111.23 in chips) 
Seat 6: philippk751 ($43.63 in chips) 
MaRKiToScoK: posts small blind $0.50
shootingGRID: is sitting out 
7bekon7: posts big blind $1
*** HOLE CARDS ***
Manifestorr: folds 
ponchua: folds 
philippk751: calls $1
MaRKiToScoK: raises $4 to $5
7bekon7: folds 
philippk751: calls $4
*** FLOP *** [Qd 8h 6d]
MaRKiToScoK: checks 
philippk751: checks 
*** TURN *** [Qd 8h 6d] [Kh]
MaRKiToScoK: bets $3.45
philippk751: raises $3.45 to $6.90
MaRKiToScoK: calls $3.45
*** RIVER *** [Qd 8h 6d Kh] [Kd]
MaRKiToScoK: checks 
philippk751: checks 
*** SHOW DOWN ***
MaRKiToScoK: shows [Js As] (a pair of Kings)
philippk751: shows [7h 7d] (two pair, Kings and Sevens)
philippk751 collected $23.25 from pot
*** SUMMARY ***
Total pot $24.80 | Rake $1.55 
Board [Qd 8h 6d Kh Kd]
Seat 2: shootingGRID
Seat 1: MaRKiToScoK (small blind) showed [Js As] and lost with a pair of Kings
Seat 3: 7bekon7 (big blind) folded before Flop
Seat 4: Manifestorr folded before Flop (didn't bet)
Seat 5: ponchua folded before Flop (didn't bet)
Seat 6: philippk751 (button) showed [7h 7d] and won ($23.25) with two pair, Kings and Sevens



PokerStars Hand #254590520450:  Hold'em No Limit ($0.50/$1.00 USD) - 2025/01/28 5:37:19 WET [2025/01/28 0:37:19 ET]
Table 'Helene IV' 6-max Seat #1 is the button
Seat 2: shootingGRID ($101.50 in chips) is sitting out
Seat 1: MaRKiToScoK ($100 in chips) 
Seat 3: 7bekon7 ($113.45 in chips) 
Seat 4: Manifestorr ($108.88 in chips) 
Seat 5: ponchua ($111.23 in chips) 
Seat 6: philippk751 ($54.98 in chips) 
7bekon7: posts small blind $0.50
Manifestorr: posts big blind $1
*** HOLE CARDS ***
ponchua: folds 
philippk751: calls $1
MaRKiToScoK: folds 
7bekon7: folds 
Manifestorr: checks 
*** FLOP *** [Kd 3c 2s]
Manifestorr: checks 
philippk751: bets $1
Manifestorr: folds 
Uncalled bet ($1) returned to philippk751
philippk751 collected $2.35 from pot
*** SUMMARY ***
Total pot $2.50 | Rake $0.15 
Board [Kd 3c 2s]
Seat 2: shootingGRID
Seat 1: MaRKiToScoK (button) folded before Flop (didn't bet)
Seat 3: 7bekon7 (small blind) folded before Flop
Seat 4: Manifestorr (big blind) folded on the Flop
Seat 5: ponchua folded before Flop (didn't bet)
Seat 6: philippk751 collected ($2.35)



PokerStars Hand #254590523291:  Hold'em No Limit ($0.50/$1.00 USD) - 2025/01/28 5:37:55 WET [2025/01/28 0:37:55 ET]
Table 'Helene IV' 6-max Seat #3 is the button
Seat 2: shootingGRID ($101.50 in chips) is sitting out
Seat 1: MaRKiToScoK ($100 in chips) 
Seat 3: 7bekon7 ($112.95 in chips) 
Seat 4: Manifestorr ($107.88 in chips) 
Seat 5: ponchua ($111.23 in chips) 
Seat 6: philippk751 ($56.33 in chips) 
Manifestorr: posts small blind $0.50
ponchua: posts big blind $1
*** HOLE CARDS ***
philippk751: folds 
MaRKiToScoK: raises $1.25 to $2.25
7bekon7: folds 
Manifestorr: folds 
ponchua: folds 
Uncalled bet ($1.25) returned to MaRKiToScoK
MaRKiToScoK collected $2.50 from pot
*** SUMMARY ***
Total pot $2.50 | Rake $0 
Seat 2: shootingGRID
Seat 1: MaRKiToScoK collected ($2.50)
Seat 3: 7bekon7 (button) folded before Flop (didn't bet)
Seat 4: Manifestorr (small blind) folded before Flop
Seat 5: ponchua (big blind) folded before Flop
Seat 6: philippk751 folded before Flop (didn't bet)



PokerStars Hand #254590524725:  Hold'em No Limit ($0.50/$1.00 USD) - 2025/01/28 5:38:13 WET [2025/01/28 0:38:13 ET]
Table 'Helene IV' 6-max Seat #4 is the button
Seat 2: shootingGRID ($101.50 in chips) is sitting out
Seat 1: MaRKiToScoK ($101.50 in chips) 
Seat 3: 7bekon7 ($112.95 in chips) 
Seat 4: Manifestorr ($107.38 in chips) 
Seat 5: ponchua ($110.23 in chips) 
Seat 6: philippk751 ($56.33 in chips) 
ponchua: posts small blind $0.50
philippk751: posts big blind $1
*** HOLE CARDS ***
MaRKiToScoK: folds 
7bekon7: raises $3 to $4
Manifestorr: folds 
ponchua: folds 
philippk751: calls $3
*** FLOP *** [5s Ah Ac]
philippk751: checks 
7bekon7: bets $2.02
philippk751: calls $2.02
*** TURN *** [5s Ah Ac] [Tc]
philippk751: checks 
7bekon7: checks 
*** RIVER *** [5s Ah Ac Tc] [Ts]
philippk751: checks 
7bekon7: bets $5.96
philippk751: folds 
Uncalled bet ($5.96) returned to 7bekon7
7bekon7 collected $11.91 from pot
7bekon7: doesn't show hand 
*** SUMMARY ***
Total pot $12.54 | Rake $0.63 
Board [5s Ah Ac Tc Ts]
Seat 2: shootingGRID
Seat 1: MaRKiToScoK folded before Flop (didn't bet)
Seat 3: 7bekon7 collected ($11.91)
Seat 4: Manifestorr (button) folded before Flop (didn't bet)
Seat 5: ponchua (small blind) folded before Flop
Seat 6: philippk751 (big blind) folded on the River



PokerStars Hand #254590529373:  Hold'em No Limit ($0.50/$1.00 USD) - 2025/01/28 5:39:13 WET [2025/01/28 0:39:13 ET]
Table 'Helene IV' 6-max Seat #5 is the button
Seat 2: shootingGRID ($101.50 in chips) is sitting out
Seat 1: MaRKiToScoK ($101.50 in chips) 
Seat 3: 7bekon7 ($118.84 in chips) 
Seat 4: Manifestorr ($107.38 in chips) 
Seat 5: ponchua ($109.73 in chips) 
Seat 6: philippk751 ($50.31 in chips) 
philippk751: posts small blind $0.50
MaRKiToScoK: posts big blind $1
*** HOLE CARDS ***
7bekon7: folds 
Manifestorr: folds 
ponchua: raises $1.50 to $2.50
philippk751: calls $2
MaRKiToScoK: folds 
*** FLOP *** [Kc Jd 8d]
philippk751: checks 
ponchua: bets $1.77
philippk751: folds 
Uncalled bet ($1.77) returned to ponchua
ponchua collected $5.70 from pot
ponchua: doesn't show hand 
*** SUMMARY ***
Total pot $6 | Rake $0.30 
Board [Kc Jd 8d]
Seat 2: shootingGRID
Seat 1: MaRKiToScoK (big blind) folded before Flop
Seat 3: 7bekon7 folded before Flop (didn't bet)
Seat 4: Manifestorr folded before Flop (didn't bet)
Seat 5: ponchua (button) collected ($5.70)
Seat 6: philippk751 (small blind) folded on the Flop



PokerStars Hand #254590531997:  Hold'em No Limit ($0.50/$1.00 USD) - 2025/01/28 5:39:46 WET [2025/01/28 0:39:46 ET]
Table 'Helene IV' 6-max Seat #6 is the button
Seat 2: shootingGRID ($101.50 in chips) is sitting out
Seat 1: MaRKiToScoK ($100.50 in chips) 
Seat 3: 7bekon7 ($118.84 in chips) 
Seat 4: Manifestorr ($107.38 in chips) 
Seat 5: ponchua ($112.93 in chips) 
Seat 6: philippk751 ($47.81 in chips) 
MaRKiToScoK: posts small blind $0.50
7bekon7: posts big blind $1
*** HOLE CARDS ***
Manifestorr: raises $1.20 to $2.20
ponchua: folds 
philippk751: calls $2.20
MaRKiToScoK: folds 
7bekon7: folds 
*** FLOP *** [Js 4d 6d]
Manifestorr: checks 
philippk751: checks 
*** TURN *** [Js 4d 6d] [Kh]
Manifestorr: bets $1.85
philippk751: folds 
Uncalled bet ($1.85) returned to Manifestorr
Manifestorr collected $5.60 from pot
*** SUMMARY ***
Total pot $5.90 | Rake $0.30 
Board [Js 4d 6d Kh]
Seat 2: shootingGRID
Seat 1: MaRKiToScoK (small blind) folded before Flop
Seat 3: 7bekon7 (big blind) folded before Flop
Seat 4: Manifestorr collected ($5.60)
Seat 5: ponchua folded before Flop (didn't bet)
Seat 6: philippk751 (button) folded on the Turn



PokerStars Hand #254590534403:  Hold'em No Limit ($0.50/$1.00 USD) - 2025/01/28 5:40:17 WET [2025/01/28 0:40:17 ET]
Table 'Helene IV' 6-max Seat #1 is the button
Seat 2: shootingGRID ($101.50 in chips) is sitting out
Seat 1: MaRKiToScoK ($100 in chips) 
Seat 3: 7bekon7 ($117.84 in chips) 
Seat 4: Manifestorr ($110.78 in chips) 
Seat 5: ponchua ($112.93 in chips) 
Seat 6: philippk751 ($45.61 in chips) 
7bekon7: posts small blind $0.50
Manifestorr: posts big blind $1
*** HOLE CARDS ***
ponchua: raises $1.50 to $2.50
philippk751: folds 
MaRKiToScoK: folds 
7bekon7: folds 
Manifestorr: folds 
Uncalled bet ($1.50) returned to ponchua
ponchua collected $2.50 from pot
ponchua: doesn't show hand 
*** SUMMARY ***
Total pot $2.50 | Rake $0 
Seat 2: shootingGRID
Seat 1: MaRKiToScoK (button) folded before Flop (didn't bet)
Seat 3: 7bekon7 (small blind) folded before Flop
Seat 4: Manifestorr (big blind) folded before Flop
Seat 5: ponchua collected ($2.50)
Seat 6: philippk751 folded before Flop (didn't bet)



PokerStars Hand #254590535858:  Hold'em No Limit ($0.50/$1.00 USD) - 2025/01/28 5:40:35 WET [2025/01/28 0:40:35 ET]
Table 'Helene IV' 6-max Seat #3 is the button
Seat 2: shootingGRID ($101.50 in chips) is sitting out
Seat 1: MaRKiToScoK ($100 in chips) 
Seat 3: 7bekon7 ($117.34 in chips) 
Seat 4: Manifestorr ($109.78 in chips) 
Seat 5: ponchua ($114.43 in chips) 
Seat 6: philippk751 ($45.61 in chips) 
Manifestorr: posts small blind $0.50
ponchua: posts big blind $1
shootingGRID: sits out 
*** HOLE CARDS ***
philippk751: folds 
MaRKiToScoK: raises $1.25 to $2.25
7bekon7: raises $6 to $8.25
Manifestorr: folds 
ponchua: folds 
MaRKiToScoK: folds 
Uncalled bet ($6) returned to 7bekon7
7bekon7 collected $6 from pot
7bekon7: doesn't show hand 
*** SUMMARY ***
Total pot $6 | Rake $0 
Seat 2: shootingGRID
Seat 1: MaRKiToScoK folded before Flop
Seat 3: 7bekon7 (button) collected ($6)
Seat 4: Manifestorr (small blind) folded before Flop
Seat 5: ponchua (big blind) folded before Flop
Seat 6: philippk751 folded before Flop (didn't bet)



PokerStars Hand #254590538798:  Hold'em No Limit ($0.50/$1.00 USD) - 2025/01/28 5:41:13 WET [2025/01/28 0:41:13 ET]
Table 'Helene IV' 6-max Seat #4 is the button
Seat 2: shootingGRID ($101.50 in chips) is sitting out
Seat 1: MaRKiToScoK ($100 in chips) 
Seat 3: 7bekon7 ($121.09 in chips) 
Seat 4: Manifestorr ($109.28 in chips) 
Seat 5: ponchua ($113.43 in chips) 
Seat 6: philippk751 ($45.61 in chips) 
ponchua: posts small blind $0.50
philippk751: posts big blind $1
shootingGRID: sits out 
*** HOLE CARDS ***
MaRKiToScoK: folds 
7bekon7: raises $3 to $4
Manifestorr: folds 
ponchua: folds 
philippk751: folds 
Uncalled bet ($3) returned to 7bekon7
7bekon7 collected $2.50 from pot
7bekon7: doesn't show hand 
*** SUMMARY ***
Total pot $2.50 | Rake $0 
Seat 2: shootingGRID
Seat 1: MaRKiToScoK folded before Flop (didn't bet)
Seat 3: 7bekon7 collected ($2.50)
Seat 4: Manifestorr (button) folded before Flop (didn't bet)
Seat 5: ponchua (small blind) folded before Flop
Seat 6: philippk751 (big blind) folded before Flop



PokerStars Hand #254590540570:  Hold'em No Limit ($0.50/$1.00 USD) - 2025/01/28 5:41:36 WET [2025/01/28 0:41:36 ET]
Table 'Helene IV' 6-max Seat #5 is the button
Seat 2: shootingGRID ($101.50 in chips) is sitting out
Seat 1: MaRKiToScoK ($100 in chips) 
Seat 3: 7bekon7 ($122.59 in chips) 
Seat 4: Manifestorr ($109.28 in chips) 
Seat 5: ponchua ($112.93 in chips) 
Seat 6: philippk751 ($44.61 in chips) 
philippk751: posts small blind $0.50
MaRKiToScoK: posts big blind $1
shootingGRID: sits out 
*** HOLE CARDS ***
7bekon7: folds 
Manifestorr: folds 
ponchua: folds 
philippk751: calls $0.50
MaRKiToScoK: raises $4 to $5
philippk751: folds 
Uncalled bet ($4) returned to MaRKiToScoK
MaRKiToScoK collected $2 from pot
*** SUMMARY ***
Total pot $2 | Rake $0 
Seat 2: shootingGRID
Seat 1: MaRKiToScoK (big blind) collected ($2)
Seat 3: 7bekon7 folded before Flop (didn't bet)
Seat 4: Manifestorr folded before Flop (didn't bet)
Seat 5: ponchua (button) folded before Flop (didn't bet)
Seat 6: philippk751 (small blind) folded before Flop



PokerStars Hand #254590541650:  Hold'em No Limit ($0.50/$1.00 USD) - 2025/01/28 5:41:50 WET [2025/01/28 0:41:50 ET]
Table 'Helene IV' 6-max Seat #6 is the button
Seat 1: MaRKiToScoK ($101 in chips) 
Seat 2: shootingGRID ($101.50 in chips) 
Seat 3: 7bekon7 ($122.59 in chips) 
Seat 4: Manifestorr ($109.28 in chips) 
Seat 5: ponchua ($112.93 in chips) 
Seat 6: philippk751 ($43.61 in chips) 
MaRKiToScoK: posts small blind $0.50
shootingGRID: posts big blind $1
*** HOLE CARDS ***
7bekon7: folds 
Manifestorr: folds 
ponchua: folds 
philippk751: calls $1
MaRKiToScoK: raises $5 to $6
shootingGRID: folds 
philippk751: calls $5
*** FLOP *** [5s Ad Kc]
MaRKiToScoK: checks 
philippk751: checks 
*** TURN *** [5s Ad Kc] [8s]
MaRKiToScoK: bets $9.26
philippk751: folds 
Uncalled bet ($9.26) returned to MaRKiToScoK
MaRKiToScoK collected $12.35 from pot
*** SUMMARY ***
Total pot $13 | Rake $0.65 
Board [5s Ad Kc 8s]
Seat 1: MaRKiToScoK (small blind) collected ($12.35)
Seat 2: shootingGRID (big blind) folded before Flop
Seat 3: 7bekon7 folded before Flop (didn't bet)
Seat 4: Manifestorr folded before Flop (didn't bet)
Seat 5: ponchua folded before Flop (didn't bet)
Seat 6: philippk751 (button) folded on the Turn



PokerStars Hand #254590545137:  Hold'em No Limit ($0.50/$1.00 USD) - 2025/01/28 5:42:36 WET [2025/01/28 0:42:36 ET]
Table 'Helene IV' 6-max Seat #1 is the button
Seat 1: MaRKiToScoK ($107.35 in chips) 
Seat 2: shootingGRID ($100.50 in chips) 
Seat 3: 7bekon7 ($122.59 in chips) 
Seat 4: Manifestorr ($109.28 in chips) 
Seat 5: ponchua ($112.93 in chips) 
Seat 6: philippk751 ($37.61 in chips) 
shootingGRID: posts small blind $0.50
7bekon7: posts big blind $1
*** HOLE CARDS ***
Manifestorr: folds 
ponchua: folds 
philippk751: calls $1
MaRKiToScoK: folds 
shootingGRID: folds 
7bekon7: checks 
*** FLOP *** [Kh 3d 9s]
7bekon7: checks 
philippk751: checks 
*** TURN *** [Kh 3d 9s] [Qs]
7bekon7: checks 
philippk751: checks 
*** RIVER *** [Kh 3d 9s Qs] [Tc]
7bekon7: bets $2.38
philippk751: calls $2.38
*** SHOW DOWN ***
7bekon7: shows [Jc 2h] (a straight, Nine to King)
philippk751: mucks hand 
7bekon7 collected $6.90 from pot
*** SUMMARY ***
Total pot $7.26 | Rake $0.36 
Board [Kh 3d 9s Qs Tc]
Seat 1: MaRKiToScoK (button) folded before Flop (didn't bet)
Seat 2: shootingGRID (small blind) folded before Flop
Seat 3: 7bekon7 (big blind) showed [Jc 2h] and won ($6.90) with a straight, Nine to King
Seat 4: Manifestorr folded before Flop (didn't bet)
Seat 5: ponchua folded before Flop (didn't bet)
Seat 6: philippk751 mucked



PokerStars Hand #254590548969:  Hold'em No Limit ($0.50/$1.00 USD) - 2025/01/28 5:43:26 WET [2025/01/28 0:43:26 ET]
Table 'Helene IV' 6-max Seat #2 is the button
Seat 1: MaRKiToScoK ($107.35 in chips) 
Seat 2: shootingGRID ($100 in chips) 
Seat 3: 7bekon7 ($126.11 in chips) 
Seat 4: Manifestorr ($109.28 in chips) 
Seat 5: ponchua ($112.93 in chips) 
Seat 6: philippk751 ($34.23 in chips) 
7bekon7: posts small blind $0.50
Manifestorr: posts big blind $1
*** HOLE CARDS ***
ponchua: folds 
philippk751: calls $1
MaRKiToScoK: raises $5 to $6
shootingGRID: folds 
7bekon7: folds 
Manifestorr: folds 
philippk751: folds 
Uncalled bet ($5) returned to MaRKiToScoK
MaRKiToScoK collected $3.50 from pot
MaRKiToScoK: doesn't show hand 
*** SUMMARY ***
Total pot $3.50 | Rake $0 
Seat 1: MaRKiToScoK collected ($3.50)
Seat 2: shootingGRID (button) folded before Flop (didn't bet)
Seat 3: 7bekon7 (small blind) folded before Flop
Seat 4: Manifestorr (big blind) folded before Flop
Seat 5: ponchua folded before Flop (didn't bet)
Seat 6: philippk751 folded before Flop



PokerStars Hand #254590552022:  Hold'em No Limit ($0.50/$1.00 USD) - 2025/01/28 5:44:05 WET [2025/01/28 0:44:05 ET]
Table 'Helene IV' 6-max Seat #3 is the button
Seat 1: MaRKiToScoK ($109.85 in chips) 
Seat 2: shootingGRID ($100 in chips) 
Seat 3: 7bekon7 ($125.61 in chips) 
Seat 4: Manifestorr ($108.28 in chips) 
Seat 5: ponchua ($112.93 in chips) 
Seat 6: philippk751 ($33.23 in chips) 
Manifestorr: posts small blind $0.50
ponchua: posts big blind $1
*** HOLE CARDS ***
philippk751: calls $1
MaRKiToScoK: folds 
shootingGRID: raises $2.25 to $3.25
7bekon7: raises $9 to $12.25
Manifestorr: folds 
ponchua: folds 
philippk751: folds 
shootingGRID: folds 
Uncalled bet ($9) returned to 7bekon7
7bekon7 collected $9 from pot
7bekon7: doesn't show hand 
*** SUMMARY ***
Total pot $9 | Rake $0 
Seat 1: MaRKiToScoK folded before Flop (didn't bet)
Seat 2: shootingGRID folded before Flop
Seat 3: 7bekon7 (button) collected ($9)
Seat 4: Manifestorr (small blind) folded before Flop
Seat 5: ponchua (big blind) folded before Flop
Seat 6: philippk751 folded before Flop



PokerStars Hand #254590555776:  Hold'em No Limit ($0.50/$1.00 USD) - 2025/01/28 5:44:56 WET [2025/01/28 0:44:56 ET]
Table 'Helene IV' 6-max Seat #4 is the button
Seat 1: MaRKiToScoK ($109.85 in chips) 
Seat 2: shootingGRID ($100 in chips) 
Seat 3: 7bekon7 ($131.36 in chips) 
Seat 4: Manifestorr ($107.78 in chips) 
Seat 5: ponchua ($111.93 in chips) 
Seat 6: philippk751 ($32.23 in chips) 
ponchua: posts small blind $0.50
philippk751: posts big blind $1
*** HOLE CARDS ***
MaRKiToScoK: folds 
shootingGRID: folds 
7bekon7: folds 
Manifestorr: folds 
ponchua: folds 
Uncalled bet ($0.50) returned to philippk751
philippk751 collected $1 from pot
*** SUMMARY ***
Total pot $1 | Rake $0 
Seat 1: MaRKiToScoK folded before Flop (didn't bet)
Seat 2: shootingGRID folded before Flop (didn't bet)
Seat 3: 7bekon7 folded before Flop (didn't bet)
Seat 4: Manifestorr (button) folded before Flop (didn't bet)
Seat 5: ponchua (small blind) folded before Flop
Seat 6: philippk751 (big blind) collected ($1)



PokerStars Hand #254590557142:  Hold'em No Limit ($0.50/$1.00 USD) - 2025/01/28 5:45:14 WET [2025/01/28 0:45:14 ET]
Table 'Helene IV' 6-max Seat #5 is the button
Seat 1: MaRKiToScoK ($109.85 in chips) 
Seat 2: shootingGRID ($100 in chips) 
Seat 3: 7bekon7 ($131.36 in chips) 
Seat 4: Manifestorr ($107.78 in chips) 
Seat 5: ponchua ($111.43 in chips) 
Seat 6: philippk751 ($32.73 in chips) 
philippk751: posts small blind $0.50
MaRKiToScoK: posts big blind $1
*** HOLE CARDS ***
shootingGRID: raises $1.25 to $2.25
7bekon7: raises $6 to $8.25
Manifestorr: folds 
ponchua: folds 
philippk751: folds 
MaRKiToScoK: folds 
shootingGRID: folds 
Uncalled bet ($6) returned to 7bekon7
7bekon7 collected $6 from pot
7bekon7: doesn't show hand 
*** SUMMARY ***
Total pot $6 | Rake $0 
Seat 1: MaRKiToScoK (big blind) folded before Flop
Seat 2: shootingGRID folded before Flop
Seat 3: 7bekon7 collected ($6)
Seat 4: Manifestorr folded before Flop (didn't bet)
Seat 5: ponchua (button) folded before Flop (didn't bet)
Seat 6: philippk751 (small blind) folded before Flop



PokerStars Hand #254590559733:  Hold'em No Limit ($0.50/$1.00 USD) - 2025/01/28 5:45:49 WET [2025/01/28 0:45:49 ET]
Table 'Helene IV' 6-max Seat #6 is the button
Seat 1: MaRKiToScoK ($108.85 in chips) 
Seat 2: shootingGRID ($100 in chips) 
Seat 3: 7bekon7 ($135.11 in chips) 
Seat 4: Manifestorr ($107.78 in chips) 
Seat 5: ponchua ($111.43 in chips) 
Seat 6: philippk751 ($32.23 in chips) 
MaRKiToScoK: posts small blind $0.50
shootingGRID: posts big blind $1
*** HOLE CARDS ***
7bekon7: folds 
Manifestorr: folds 
ponchua: raises $1.50 to $2.50
philippk751: calls $2.50
MaRKiToScoK: folds 
shootingGRID: folds 
*** FLOP *** [3c Ks Th]
ponchua: bets $1.92
philippk751: calls $1.92
*** TURN *** [3c Ks Th] [3h]
ponchua: bets $7.17
philippk751: raises $7.17 to $14.34
ponchua: raises $48.13 to $62.47
philippk751: calls $13.47 and is all-in
Uncalled bet ($34.66) returned to ponchua
*** RIVER *** [3c Ks Th 3h] [9d]
*** SHOW DOWN ***
ponchua: shows [Ad 3d] (three of a kind, Threes)
philippk751: shows [Kc Kd] (a full house, Kings full of Threes)
philippk751 collected $62.84 from pot
*** SUMMARY ***
Total pot $65.96 | Rake $3.12 
Board [3c Ks Th 3h 9d]
Seat 1: MaRKiToScoK (small blind) folded before Flop
Seat 2: shootingGRID (big blind) folded before Flop
Seat 3: 7bekon7 folded before Flop (didn't bet)
Seat 4: Manifestorr folded before Flop (didn't bet)
Seat 5: ponchua showed [Ad 3d] and lost with three of a kind, Threes
Seat 6: philippk751 (button) showed [Kc Kd] and won ($62.84) with a full house, Kings full of Threes



PokerStars Hand #254590564745:  Hold'em No Limit ($0.50/$1.00 USD) - 2025/01/28 5:46:57 WET [2025/01/28 0:46:57 ET]
Table 'Helene IV' 6-max Seat #1 is the button
Seat 1: MaRKiToScoK ($108.35 in chips) 
Seat 2: shootingGRID ($100 in chips) 
Seat 3: 7bekon7 ($135.11 in chips) 
Seat 4: Manifestorr ($107.78 in chips) 
Seat 5: ponchua ($100 in chips) 
Seat 6: philippk751 ($62.84 in chips) 
shootingGRID: posts small blind $0.50
7bekon7: posts big blind $1
*** HOLE CARDS ***
Manifestorr: raises $1.20 to $2.20
ponchua: folds 
philippk751: folds 
philippk751 leaves the table
MaRKiToScoK: folds 
shootingGRID: folds 
7bekon7: folds 
Uncalled bet ($1.20) returned to Manifestorr
Manifestorr collected $2.50 from pot
*** SUMMARY ***
Total pot $2.50 | Rake $0 
Seat 1: MaRKiToScoK (button) folded before Flop (didn't bet)
Seat 2: shootingGRID (small blind) folded before Flop
Seat 3: 7bekon7 (big blind) folded before Flop
Seat 4: Manifestorr collected ($2.50)
Seat 5: ponchua folded before Flop (didn't bet)
Seat 6: philippk751 folded before Flop (didn't bet)



PokerStars Hand #254590566794:  Hold'em No Limit ($0.50/$1.00 USD) - 2025/01/28 5:47:24 WET [2025/01/28 0:47:24 ET]
Table 'Helene IV' 6-max Seat #2 is the button
Seat 1: MaRKiToScoK ($108.35 in chips) 
Seat 2: shootingGRID ($100 in chips) 
Seat 3: 7bekon7 ($134.11 in chips) 
Seat 4: Manifestorr ($109.28 in chips) 
Seat 5: ponchua ($100 in chips) 
7bekon7: posts small blind $0.50
Manifestorr: posts big blind $1
*** HOLE CARDS ***
ponchua: folds 
MaRKiToScoK: folds 
shootingGRID: raises $1.50 to $2.50
7bekon7: folds 
Manifestorr: folds 
Uncalled bet ($1.50) returned to shootingGRID
shootingGRID collected $2.50 from pot
*** SUMMARY ***
Total pot $2.50 | Rake $0 
Seat 1: MaRKiToScoK folded before Flop (didn't bet)
Seat 2: shootingGRID (button) collected ($2.50)
Seat 3: 7bekon7 (small blind) folded before Flop
Seat 4: Manifestorr (big blind) folded before Flop
Seat 5: ponchua folded before Flop (didn't bet)



PokerStars Hand #254590568432:  Hold'em No Limit ($0.50/$1.00 USD) - 2025/01/28 5:47:47 WET [2025/01/28 0:47:47 ET]
Table 'Helene IV' 6-max Seat #3 is the button
Seat 1: MaRKiToScoK ($108.35 in chips) 
Seat 2: shootingGRID ($101.50 in chips) 
Seat 3: 7bekon7 ($133.61 in chips) 
Seat 4: Manifestorr ($108.28 in chips) 
Seat 5: ponchua ($100 in chips) 
Manifestorr: posts small blind $0.50
ponchua: posts big blind $1
*** HOLE CARDS ***
MaRKiToScoK: folds 
shootingGRID: folds 
7bekon7: raises $1.25 to $2.25
Manifestorr: raises $8.75 to $11
ponchua: raises $13 to $24
MaRKiToScoK leaves the table
7bekon7: folds 
Manifestorr: folds 
Uncalled bet ($13) returned to ponchua
ponchua collected $24.25 from pot
ponchua: doesn't show hand 
*** SUMMARY ***
Total pot $24.25 | Rake $0 
Seat 1: MaRKiToScoK folded before Flop (didn't bet)
Seat 2: shootingGRID folded before Flop (didn't bet)
Seat 3: 7bekon7 (button) folded before Flop
Seat 4: Manifestorr (small blind) folded before Flop
Seat 5: ponchua (big blind) collected ($24.25)



PokerStars Hand #254590571429:  Hold'em No Limit ($0.50/$1.00 USD) - 2025/01/28 5:48:27 WET [2025/01/28 0:48:27 ET]
Table 'Helene IV' 6-max Seat #4 is the button
Seat 2: shootingGRID ($101.50 in chips) 
Seat 3: 7bekon7 ($131.36 in chips) 
Seat 4: Manifestorr ($100 in chips) 
Seat 5: ponchua ($113.25 in chips) 
ponchua: posts small blind $0.50
shootingGRID: posts big blind $1
*** HOLE CARDS ***
7bekon7: folds 
Manifestorr: raises $1.20 to $2.20
ponchua: raises $8.80 to $11
shootingGRID: folds 
janarr5 joins the table at seat #1 
Manifestorr: raises $12 to $23
ponchua: folds 
Uncalled bet ($12) returned to Manifestorr
Manifestorr collected $23 from pot
*** SUMMARY ***
Total pot $23 | Rake $0 
Seat 2: shootingGRID (big blind) folded before Flop
Seat 3: 7bekon7 folded before Flop (didn't bet)
Seat 4: Manifestorr (button) collected ($23)
Seat 5: ponchua (small blind) folded before Flop



PokerStars Hand #254590575140:  Hold'em No Limit ($0.50/$1.00 USD) - 2025/01/28 5:49:17 WET [2025/01/28 0:49:17 ET]
Table 'Helene IV' 6-max Seat #1 is the button
Seat 5: ponchua ($102.25 in chips) is sitting out
Seat 1: janarr5 ($100 in chips) 
Seat 2: shootingGRID ($100.50 in chips) 
janarr5: posts small blind $0.50
shootingGRID: posts big blind $1
*** HOLE CARDS ***
janarr5: folds 
Uncalled bet ($0.50) returned to shootingGRID
K1W1 J1M joins the table at seat #4 
K1W1 J1M is disconnected 
shootingGRID collected $1 from pot
*** SUMMARY ***
Total pot $1 | Rake $0 
Seat 5: ponchua
Seat 1: janarr5 (button) (small blind) folded before Flop
Seat 2: shootingGRID (big blind) collected ($1)



PokerStars Hand #254590575712:  Hold'em No Limit ($0.50/$1.00 USD) - 2025/01/28 5:49:26 WET [2025/01/28 0:49:26 ET]
Table 'Helene IV' 6-max Seat #1 is the button
Seat 5: ponchua ($102.25 in chips) is sitting out
Seat 1: janarr5 ($100 in chips) 
Seat 2: shootingGRID ($101 in chips) 
Seat 4: K1W1 J1M ($10 in chips) 
shootingGRID: posts small blind $0.50
K1W1 J1M: posts big blind $1
*** HOLE CARDS ***
7bekon7 joins the table at seat #6 
janarr5: folds 
shootingGRID: raises $2 to $3
K1W1 J1M: folds 
Uncalled bet ($2) returned to shootingGRID
shootingGRID collected $2 from pot
*** SUMMARY ***
Total pot $2 | Rake $0 
Seat 5: ponchua
Seat 1: janarr5 (button) folded before Flop (didn't bet)
Seat 2: shootingGRID (small blind) collected ($2)
Seat 4: K1W1 J1M (big blind) folded before Flop



PokerStars Hand #254590576659:  Hold'em No Limit ($0.50/$1.00 USD) - 2025/01/28 5:49:38 WET [2025/01/28 0:49:38 ET]
Table 'Helene IV' 6-max Seat #2 is the button
Seat 5: ponchua ($102.25 in chips) is sitting out
Seat 1: janarr5 ($100 in chips) 
Seat 2: shootingGRID ($102 in chips) 
Seat 4: K1W1 J1M ($9 in chips) 
Seat 6: 7bekon7 ($131.36 in chips) 
K1W1 J1M: posts small blind $0.50
7bekon7: posts big blind $1
*** HOLE CARDS ***
janarr5: raises $1 to $2
ponchua leaves the table
shootingGRID: folds 
K1W1 J1M: folds 
7bekon7: calls $1
*** FLOP *** [3s 4h 6c]
7bekon7: checks 
janarr5: checks 
*** TURN *** [3s 4h 6c] [8h]
7bekon7: checks 
janarr5: checks 
*** RIVER *** [3s 4h 6c 8h] [Qc]
7bekon7: checks 
janarr5: checks 
*** SHOW DOWN ***
7bekon7: shows [Kd 4d] (a pair of Fours)
janarr5: mucks hand 
7bekon7 collected $4.28 from pot
*** SUMMARY ***
Total pot $4.50 | Rake $0.22 
Board [3s 4h 6c 8h Qc]
Seat 5: ponchua
Seat 1: janarr5 mucked
Seat 2: shootingGRID (button) folded before Flop (didn't bet)
Seat 4: K1W1 J1M (small blind) folded before Flop
Seat 6: 7bekon7 (big blind) showed [Kd 4d] and won ($4.28) with a pair of Fours



PokerStars Hand #254590581173:  Hold'em No Limit ($0.50/$1.00 USD) - 2025/01/28 5:50:39 WET [2025/01/28 0:50:39 ET]
Table 'Helene IV' 6-max Seat #4 is the button
Seat 1: janarr5 ($100 in chips) 
Seat 2: shootingGRID ($102 in chips) 
Seat 4: K1W1 J1M ($8.50 in chips) 
Seat 6: 7bekon7 ($133.64 in chips) 
7bekon7: posts small blind $0.50
janarr5: posts big blind $1
*** HOLE CARDS ***
shootingGRID: raises $1.25 to $2.25
K1W1 J1M: folds 
7bekon7: folds 
janarr5: folds 
Uncalled bet ($1.25) returned to shootingGRID
shootingGRID collected $2.50 from pot
MaRKiToScoK joins the table at seat #5 
*** SUMMARY ***
Total pot $2.50 | Rake $0 
Seat 1: janarr5 (big blind) folded before Flop
Seat 2: shootingGRID collected ($2.50)
Seat 4: K1W1 J1M (button) folded before Flop (didn't bet)
Seat 6: 7bekon7 (small blind) folded before Flop



PokerStars Hand #254590582957:  Hold'em No Limit ($0.50/$1.00 USD) - 2025/01/28 5:51:03 WET [2025/01/28 0:51:03 ET]
Table 'Helene IV' 6-max Seat #6 is the button
Seat 2: shootingGRID ($103.50 in chips) is sitting out
Seat 5: MaRKiToScoK ($108.35 in chips) is sitting out
Seat 1: janarr5 ($100 in chips) 
Seat 4: K1W1 J1M ($8.50 in chips) 
Seat 6: 7bekon7 ($133.14 in chips) 
janarr5: posts small blind $0.50
shootingGRID: is sitting out 
K1W1 J1M: posts big blind $1
MaRKiToScoK: sits out 
*** HOLE CARDS ***
7bekon7: raises $1.25 to $2.25
janarr5: folds 
K1W1 J1M: folds 
Uncalled bet ($1.25) returned to 7bekon7
7bekon7 collected $2.50 from pot
7bekon7: doesn't show hand 
*** SUMMARY ***
Total pot $2.50 | Rake $0 
Seat 2: shootingGRID
Seat 5: MaRKiToScoK
Seat 1: janarr5 (small blind) folded before Flop
Seat 4: K1W1 J1M (big blind) folded before Flop
Seat 6: 7bekon7 (button) collected ($2.50)



PokerStars Hand #254590583686:  Hold'em No Limit ($0.50/$1.00 USD) - 2025/01/28 5:51:13 WET [2025/01/28 0:51:13 ET]
Table 'Helene IV' 6-max Seat #1 is the button
Seat 2: shootingGRID ($103.50 in chips) is sitting out
Seat 1: janarr5 ($100 in chips) 
Seat 4: K1W1 J1M ($7.50 in chips) 
Seat 5: MaRKiToScoK ($108.35 in chips) 
Seat 6: 7bekon7 ($134.64 in chips) 
K1W1 J1M: posts small blind $0.50
MaRKiToScoK: posts big blind $1
*** HOLE CARDS ***
7bekon7: folds 
7bekon7 leaves the table
janarr5: folds 
K1W1 J1M: calls $0.50
shootingGRID leaves the table
MaRKiToScoK: checks 
*** FLOP *** [Jc Ad 4d]
K1W1 J1M: checks 
MaRKiToScoK: checks 
*** TURN *** [Jc Ad 4d] [Tc]
K1W1 J1M: checks 
MaRKiToScoK: bets $1
K1W1 J1M: calls $1
*** RIVER *** [Jc Ad 4d Tc] [5c]
K1W1 J1M: checks 
MaRKiToScoK: bets $7
K1W1 J1M: calls $5.50 and is all-in
Uncalled bet ($1.50) returned to MaRKiToScoK
*** SHOW DOWN ***
MaRKiToScoK: shows [7d 9h] (high card Ace)
K1W1 J1M: shows [Th 7h] (a pair of Tens)
K1W1 J1M collected $14.25 from pot
*** SUMMARY ***
Total pot $15 | Rake $0.75 
Board [Jc Ad 4d Tc 5c]
Seat 2: shootingGRID
Seat 1: janarr5 (button) folded before Flop (didn't bet)
Seat 4: K1W1 J1M (small blind) showed [Th 7h] and won ($14.25) with a pair of Tens
Seat 5: MaRKiToScoK (big blind) showed [7d 9h] and lost with high card Ace
Seat 6: 7bekon7 folded before Flop (didn't bet)



PokerStars Hand #254590586504:  Hold'em No Limit ($0.50/$1.00 USD) - 2025/01/28 5:51:50 WET [2025/01/28 0:51:50 ET]
Table 'Helene IV' 6-max Seat #4 is the button
Seat 1: janarr5 ($100 in chips) 
Seat 4: K1W1 J1M ($14.25 in chips) 
Seat 5: MaRKiToScoK ($100.85 in chips) 
MaRKiToScoK: posts small blind $0.50
janarr5: posts big blind $1
*** HOLE CARDS ***
K1W1 J1M: folds 
MaRKiToScoK: folds 
Uncalled bet ($0.50) returned to janarr5
janarr5 collected $1 from pot
janarr5: doesn't show hand 
*** SUMMARY ***
Total pot $1 | Rake $0 
Seat 1: janarr5 (big blind) collected ($1)
Seat 4: K1W1 J1M (button) folded before Flop (didn't bet)
Seat 5: MaRKiToScoK (small blind) folded before Flop



PokerStars Hand #254590587356:  Hold'em No Limit ($0.50/$1.00 USD) - 2025/01/28 5:52:01 WET [2025/01/28 0:52:01 ET]
Table 'Helene IV' 6-max Seat #5 is the button
Seat 1: janarr5 ($100.50 in chips) 
Seat 4: K1W1 J1M ($14.25 in chips) 
Seat 5: MaRKiToScoK ($100.35 in chips) 
janarr5: posts small blind $0.50
K1W1 J1M: posts big blind $1
*** HOLE CARDS ***
MaRKiToScoK: folds 
janarr5: raises $1.50 to $2.50
K1W1 J1M: folds 
Uncalled bet ($1.50) returned to janarr5
janarr5 collected $2 from pot
janarr5: doesn't show hand 
*** SUMMARY ***
Total pot $2 | Rake $0 
Seat 1: janarr5 (small blind) collected ($2)
Seat 4: K1W1 J1M (big blind) folded before Flop
Seat 5: MaRKiToScoK (button) folded before Flop (didn't bet)



PokerStars Hand #254590588437:  Hold'em No Limit ($0.50/$1.00 USD) - 2025/01/28 5:52:16 WET [2025/01/28 0:52:16 ET]
Table 'Helene IV' 6-max Seat #1 is the button
Seat 1: janarr5 ($101.50 in chips) 
Seat 4: K1W1 J1M ($13.25 in chips) 
Seat 5: MaRKiToScoK ($100.35 in chips) 
K1W1 J1M: posts small blind $0.50
MaRKiToScoK: posts big blind $1
*** HOLE CARDS ***
janarr5: raises $1.50 to $2.50
K1W1 J1M: folds 
MaRKiToScoK: folds 
Uncalled bet ($1.50) returned to janarr5
janarr5 collected $2.50 from pot
janarr5: doesn't show hand 
*** SUMMARY ***
Total pot $2.50 | Rake $0 
Seat 1: janarr5 (button) collected ($2.50)
Seat 4: K1W1 J1M (small blind) folded before Flop
Seat 5: MaRKiToScoK (big blind) folded before Flop



PokerStars Hand #254590589378:  Hold'em No Limit ($0.50/$1.00 USD) - 2025/01/28 5:52:28 WET [2025/01/28 0:52:28 ET]
Table 'Helene IV' 6-max Seat #4 is the button
Seat 1: janarr5 ($103 in chips) 
Seat 4: K1W1 J1M ($12.75 in chips) 
Seat 5: MaRKiToScoK ($100 in chips) 
MaRKiToScoK: posts small blind $0.50
janarr5: posts big blind $1
*** HOLE CARDS ***
K1W1 J1M: folds 
MaRKiToScoK: raises $2 to $3
janarr5: folds 
Uncalled bet ($2) returned to MaRKiToScoK
MaRKiToScoK collected $2 from pot
*** SUMMARY ***
Total pot $2 | Rake $0 
Seat 1: janarr5 (big blind) folded before Flop
Seat 4: K1W1 J1M (button) folded before Flop (didn't bet)
Seat 5: MaRKiToScoK (small blind) collected ($2)



PokerStars Hand #254590590315:  Hold'em No Limit ($0.50/$1.00 USD) - 2025/01/28 5:52:41 WET [2025/01/28 0:52:41 ET]
Table 'Helene IV' 6-max Seat #5 is the button
Seat 1: janarr5 ($102 in chips) 
Seat 4: K1W1 J1M ($12.75 in chips) 
Seat 5: MaRKiToScoK ($101 in chips) 
janarr5: posts small blind $0.50
K1W1 J1M: posts big blind $1
*** HOLE CARDS ***
MaRKiToScoK: raises $1.50 to $2.50
janarr5: folds 
K1W1 J1M: folds 
Uncalled bet ($1.50) returned to MaRKiToScoK
MaRKiToScoK collected $2.50 from pot
*** SUMMARY ***
Total pot $2.50 | Rake $0 
Seat 1: janarr5 (small blind) folded before Flop
Seat 4: K1W1 J1M (big blind) folded before Flop
Seat 5: MaRKiToScoK (button) collected ($2.50)



PokerStars Hand #254590591201:  Hold'em No Limit ($0.50/$1.00 USD) - 2025/01/28 5:52:52 WET [2025/01/28 0:52:52 ET]
Table 'Helene IV' 6-max Seat #1 is the button
Seat 1: janarr5 ($101.50 in chips) 
Seat 4: K1W1 J1M ($11.75 in chips) 
Seat 5: MaRKiToScoK ($102.50 in chips) 
K1W1 J1M: posts small blind $0.50
MaRKiToScoK: posts big blind $1
*** HOLE CARDS ***
janarr5: raises $1.50 to $2.50
K1W1 J1M: calls $2
MaRKiToScoK: folds 
*** FLOP *** [As 9h Kd]
K1W1 J1M: checks 
janarr5: bets $1.43
K1W1 J1M: calls $1.43
*** TURN *** [As 9h Kd] [5s]
K1W1 J1M: checks 
janarr5: checks 
*** RIVER *** [As 9h Kd 5s] [Th]
K1W1 J1M: checks 
janarr5: bets $9.26
K1W1 J1M: calls $7.82 and is all-in
Uncalled bet ($1.44) returned to janarr5
*** SHOW DOWN ***
janarr5: shows [8h 6h] (high card Ace)
K1W1 J1M: shows [7h Ah] (a pair of Aces)
K1W1 J1M collected $23.50 from pot
*** SUMMARY ***
Total pot $24.50 | Rake $1 
Board [As 9h Kd 5s Th]
Seat 1: janarr5 (button) showed [8h 6h] and lost with high card Ace
Seat 4: K1W1 J1M (small blind) showed [7h Ah] and won ($23.50) with a pair of Aces
Seat 5: MaRKiToScoK (big blind) folded before Flop



PokerStars Hand #254590594820:  Hold'em No Limit ($0.50/$1.00 USD) - 2025/01/28 5:53:41 WET [2025/01/28 0:53:41 ET]
Table 'Helene IV' 6-max Seat #4 is the button
Seat 1: janarr5 ($100 in chips) 
Seat 4: K1W1 J1M ($23.50 in chips) 
Seat 5: MaRKiToScoK ($101.50 in chips) 
MaRKiToScoK: posts small blind $0.50
janarr5: posts big blind $1
*** HOLE CARDS ***
K1W1 J1M: folds 
MaRKiToScoK: folds 
Uncalled bet ($0.50) returned to janarr5
janarr5 collected $1 from pot
janarr5: doesn't show hand 
*** SUMMARY ***
Total pot $1 | Rake $0 
Seat 1: janarr5 (big blind) collected ($1)
Seat 4: K1W1 J1M (button) folded before Flop (didn't bet)
Seat 5: MaRKiToScoK (small blind) folded before Flop



PokerStars Hand #254590595643:  Hold'em No Limit ($0.50/$1.00 USD) - 2025/01/28 5:53:52 WET [2025/01/28 0:53:52 ET]
Table 'Helene IV' 6-max Seat #5 is the button
Seat 1: janarr5 ($100.50 in chips) 
Seat 4: K1W1 J1M ($23.50 in chips) 
Seat 5: MaRKiToScoK ($101 in chips) 
janarr5: posts small blind $0.50
K1W1 J1M: posts big blind $1
*** HOLE CARDS ***
MaRKiToScoK: raises $1.50 to $2.50
janarr5: folds 
K1W1 J1M: calls $1.50
*** FLOP *** [Kh 7c 4h]
K1W1 J1M: checks 
MaRKiToScoK: bets $1.72
K1W1 J1M: folds 
Uncalled bet ($1.72) returned to MaRKiToScoK
MaRKiToScoK collected $5.22 from pot
*** SUMMARY ***
Total pot $5.50 | Rake $0.28 
Board [Kh 7c 4h]
Seat 1: janarr5 (small blind) folded before Flop
Seat 4: K1W1 J1M (big blind) folded on the Flop
Seat 5: MaRKiToScoK (button) collected ($5.22)



PokerStars Hand #254590597447:  Hold'em No Limit ($0.50/$1.00 USD) - 2025/01/28 5:54:17 WET [2025/01/28 0:54:17 ET]
Table 'Helene IV' 6-max Seat #1 is the button
Seat 1: janarr5 ($100 in chips) 
Seat 4: K1W1 J1M ($21 in chips) 
Seat 5: MaRKiToScoK ($103.72 in chips) 
K1W1 J1M: posts small blind $0.50
MaRKiToScoK: posts big blind $1
*** HOLE CARDS ***
janarr5: raises $1.50 to $2.50
K1W1 J1M: folds 
MaRKiToScoK: folds 
Uncalled bet ($1.50) returned to janarr5
janarr5 collected $2.50 from pot
janarr5: doesn't show hand 
*** SUMMARY ***
Total pot $2.50 | Rake $0 
Seat 1: janarr5 (button) collected ($2.50)
Seat 4: K1W1 J1M (small blind) folded before Flop
Seat 5: MaRKiToScoK (big blind) folded before Flop



PokerStars Hand #254590598679:  Hold'em No Limit ($0.50/$1.00 USD) - 2025/01/28 5:54:33 WET [2025/01/28 0:54:33 ET]
Table 'Helene IV' 6-max Seat #5 is the button
Seat 4: K1W1 J1M ($20.50 in chips) 
Seat 5: MaRKiToScoK ($102.72 in chips) 
MaRKiToScoK: posts small blind $0.50
K1W1 J1M: posts big blind $1
*** HOLE CARDS ***
MaRKiToScoK: raises $2 to $3
K1W1 J1M: raises $17.50 to $20.50 and is all-in
MaRKiToScoK: calls $17.50
*** FLOP *** [Jc 3d 8c]
*** TURN *** [Jc 3d 8c] [3h]
*** RIVER *** [Jc 3d 8c 3h] [8s]
*** SHOW DOWN ***
K1W1 J1M: shows [As Ks] (two pair, Eights and Threes)
MaRKiToScoK: shows [Qc Qs] (two pair, Queens and Eights)
MaRKiToScoK collected $40 from pot
*** SUMMARY ***
Total pot $41 | Rake $1 
Board [Jc 3d 8c 3h 8s]
Seat 4: K1W1 J1M (big blind) showed [As Ks] and lost with two pair, Eights and Threes
Seat 5: MaRKiToScoK (button) (small blind) showed [Qc Qs] and won ($40) with two pair, Queens and Eights



