PokerStars Hand #254593011003:  Hold'em No Limit ($0.50/$1.00 USD) - 2025/01/28 18:26:02 WET [2025/01/28 13:26:02 ET]
Table 'Columbia' 6-max Seat #6 is the button
Seat 3: iTrustU21 ($100 in chips) is sitting out
Seat 5: sta$igk ($100 in chips) is sitting out
Seat 1: paramourx ($100 in chips) 
Seat 2: Quahrino ($100 in chips) 
Seat 4: auxly ($100.90 in chips) 
Seat 6: CichiChanMarian ($100 in chips) 
paramourx: posts small blind $0.50
Quahrino: posts big blind $1
iTrustU21: sits out 
sta$igk: sits out 
*** HOLE CARDS ***
auxly: raises $2 to $3
CichiChanMarian: folds 
paramourx: folds 
Quahrino: folds 
Uncalled bet ($2) returned to auxly
auxly collected $2.50 from pot
*** SUMMARY ***
Total pot $2.50 | Rake $0 
Seat 3: iTrustU21
Seat 5: sta$igk
Seat 1: paramourx (small blind) folded before Flop
Seat 2: Quahrino (big blind) folded before Flop
Seat 4: auxly collected ($2.50)
Seat 6: CichiChanMarian (button) folded before Flop (didn't bet)



PokerStars Hand #254593015645:  Hold'em No Limit ($0.50/$1.00 USD) - 2025/01/28 18:26:17 WET [2025/01/28 13:26:17 ET]
Table 'Columbia' 6-max Seat #1 is the button
Seat 5: sta$igk ($100 in chips) is sitting out
Seat 1: paramourx ($100 in chips) 
Seat 2: Quahrino ($100 in chips) 
Seat 3: iTrustU21 ($100 in chips) 
Seat 4: auxly ($102.40 in chips) 
Seat 6: CichiChanMarian ($100 in chips) 
Quahrino: posts small blind $0.50
iTrustU21: posts big blind $1
sta$igk: sits out 
*** HOLE CARDS ***
auxly: folds 
CichiChanMarian: folds 
paramourx: raises $2 to $3
Quahrino: folds 
iTrustU21: folds 
Uncalled bet ($2) returned to paramourx
paramourx collected $2.50 from pot
paramourx: doesn't show hand 
*** SUMMARY ***
Total pot $2.50 | Rake $0 
Seat 5: sta$igk
Seat 1: paramourx (button) collected ($2.50)
Seat 2: Quahrino (small blind) folded before Flop
Seat 3: iTrustU21 (big blind) folded before Flop
Seat 4: auxly folded before Flop (didn't bet)
Seat 6: CichiChanMarian folded before Flop (didn't bet)



PokerStars Hand #254593024957:  Hold'em No Limit ($0.50/$1.00 USD) - 2025/01/28 18:26:48 WET [2025/01/28 13:26:48 ET]
Table 'Columbia' 6-max Seat #2 is the button
Seat 5: sta$igk ($100 in chips) is sitting out
Seat 1: paramourx ($101.50 in chips) 
Seat 2: Quahrino ($100 in chips) 
Seat 3: iTrustU21 ($100 in chips) 
Seat 4: auxly ($102.40 in chips) 
Seat 6: CichiChanMarian ($100 in chips) 
iTrustU21: posts small blind $0.50
auxly: posts big blind $1
sta$igk: sits out 
*** HOLE CARDS ***
CichiChanMarian: raises $1.50 to $2.50
paramourx: folds 
Quahrino: folds 
iTrustU21: folds 
auxly: folds 
Uncalled bet ($1.50) returned to CichiChanMarian
CichiChanMarian collected $2.50 from pot
CichiChanMarian: doesn't show hand 
*** SUMMARY ***
Total pot $2.50 | Rake $0 
Seat 5: sta$igk
Seat 1: paramourx folded before Flop (didn't bet)
Seat 2: Quahrino (button) folded before Flop (didn't bet)
Seat 3: iTrustU21 (small blind) folded before Flop
Seat 4: auxly (big blind) folded before Flop
Seat 6: CichiChanMarian collected ($2.50)



PokerStars Hand #254593029723:  Hold'em No Limit ($0.50/$1.00 USD) - 2025/01/28 18:27:04 WET [2025/01/28 13:27:04 ET]
Table 'Columbia' 6-max Seat #3 is the button
Seat 1: paramourx ($101.50 in chips) 
Seat 2: Quahrino ($100 in chips) 
Seat 3: iTrustU21 ($100 in chips) 
Seat 4: auxly ($101.40 in chips) 
Seat 5: sta$igk ($100 in chips) 
Seat 6: CichiChanMarian ($101.50 in chips) 
auxly: posts small blind $0.50
sta$igk: posts big blind $1
*** HOLE CARDS ***
CichiChanMarian: folds 
paramourx: folds 
Quahrino: folds 
iTrustU21: raises $1.50 to $2.50
auxly: folds 
sta$igk: folds 
Uncalled bet ($1.50) returned to iTrustU21
iTrustU21 collected $2.50 from pot
iTrustU21: doesn't show hand 
*** SUMMARY ***
Total pot $2.50 | Rake $0 
Seat 1: paramourx folded before Flop (didn't bet)
Seat 2: Quahrino folded before Flop (didn't bet)
Seat 3: iTrustU21 (button) collected ($2.50)
Seat 4: auxly (small blind) folded before Flop
Seat 5: sta$igk (big blind) folded before Flop
Seat 6: CichiChanMarian folded before Flop (didn't bet)



PokerStars Hand #254593034106:  Hold'em No Limit ($0.50/$1.00 USD) - 2025/01/28 18:27:18 WET [2025/01/28 13:27:18 ET]
Table 'Columbia' 6-max Seat #4 is the button
Seat 6: CichiChanMarian ($101.50 in chips) is sitting out
Seat 1: paramourx ($101.50 in chips) 
Seat 2: Quahrino ($100 in chips) 
Seat 3: iTrustU21 ($101.50 in chips) 
Seat 4: auxly ($100.90 in chips) 
Seat 5: sta$igk ($100 in chips) 
sta$igk: posts small blind $0.50
CichiChanMarian: is sitting out 
paramourx: posts big blind $1
*** HOLE CARDS ***
Quahrino: folds 
CichiChanMarian leaves the table
iTrustU21: raises $1.50 to $2.50
auxly: folds 
sta$igk: folds 
paramourx: folds 
Uncalled bet ($1.50) returned to iTrustU21
iTrustU21 collected $2.50 from pot
iTrustU21: doesn't show hand 
*** SUMMARY ***
Total pot $2.50 | Rake $0 
Seat 6: CichiChanMarian
Seat 1: paramourx (big blind) folded before Flop
Seat 2: Quahrino folded before Flop (didn't bet)
Seat 3: iTrustU21 collected ($2.50)
Seat 4: auxly (button) folded before Flop (didn't bet)
Seat 5: sta$igk (small blind) folded before Flop



PokerStars Hand #254593038819:  Hold'em No Limit ($0.50/$1.00 USD) - 2025/01/28 18:27:34 WET [2025/01/28 13:27:34 ET]
Table 'Columbia' 6-max Seat #5 is the button
Seat 1: paramourx ($100.50 in chips) 
Seat 2: Quahrino ($100 in chips) 
Seat 3: iTrustU21 ($103 in chips) 
Seat 4: auxly ($100.90 in chips) 
Seat 5: sta$igk ($100 in chips) 
paramourx: posts small blind $0.50
Quahrino: posts big blind $1
*** HOLE CARDS ***
iTrustU21: raises $1.20 to $2.20
auxly: calls $2.20
sta$igk: folds 
paramourx: folds 
Quahrino: folds 
*** FLOP *** [Jd 6h Ah]
iTrustU21: bets $2.69
auxly: raises $3.69 to $6.38
iTrustU21: folds 
Uncalled bet ($3.69) returned to auxly
auxly collected $10.72 from pot
*** SUMMARY ***
Total pot $11.28 | Rake $0.56 
Board [Jd 6h Ah]
Seat 1: paramourx (small blind) folded before Flop
Seat 2: Quahrino (big blind) folded before Flop
Seat 3: iTrustU21 folded on the Flop
Seat 4: auxly collected ($10.72)
Seat 5: sta$igk (button) folded before Flop (didn't bet)



PokerStars Hand #254593049884:  Hold'em No Limit ($0.50/$1.00 USD) - 2025/01/28 18:28:10 WET [2025/01/28 13:28:10 ET]
Table 'Columbia' 6-max Seat #1 is the button
Seat 3: iTrustU21 ($100 in chips) is sitting out
Seat 1: paramourx ($100 in chips) 
Seat 2: Quahrino ($100 in chips) 
Seat 4: auxly ($106.73 in chips) 
Seat 5: sta$igk ($100 in chips) 
Quahrino: posts small blind $0.50
iTrustU21: is sitting out 
auxly: posts big blind $1
*** HOLE CARDS ***
sta$igk: raises $1.50 to $2.50
paramourx: folds 
Quahrino: folds 
treds17 joins the table at seat #6 
iTrustU21 leaves the table
auxly: folds 
Uncalled bet ($1.50) returned to sta$igk
sta$igk collected $2.50 from pot
sta$igk: doesn't show hand 
*** SUMMARY ***
Total pot $2.50 | Rake $0 
Seat 3: iTrustU21
Seat 1: paramourx (button) folded before Flop (didn't bet)
Seat 2: Quahrino (small blind) folded before Flop
Seat 4: auxly (big blind) folded before Flop
Seat 5: sta$igk collected ($2.50)



PokerStars Hand #254593055967:  Hold'em No Limit ($0.50/$1.00 USD) - 2025/01/28 18:28:31 WET [2025/01/28 13:28:31 ET]
Table 'Columbia' 6-max Seat #2 is the button
Seat 5: sta$igk ($101.50 in chips) is sitting out
Seat 1: paramourx ($100 in chips) 
Seat 2: Quahrino ($100 in chips) 
Seat 4: auxly ($105.73 in chips) 
Seat 6: treds17 ($100 in chips) 
auxly: posts small blind $0.50
sta$igk: is sitting out 
treds17: posts big blind $1
*** HOLE CARDS ***
paramourx: raises $2 to $3
Quahrino: folds 
sta$igk leaves the table
auxly: folds 
treds17: folds 
Uncalled bet ($2) returned to paramourx
paramourx collected $2.50 from pot
paramourx: doesn't show hand 
*** SUMMARY ***
Total pot $2.50 | Rake $0 
Seat 5: sta$igk
Seat 1: paramourx collected ($2.50)
Seat 2: Quahrino (button) folded before Flop (didn't bet)
Seat 4: auxly (small blind) folded before Flop
Seat 6: treds17 (big blind) folded before Flop



PokerStars Hand #254593062371:  Hold'em No Limit ($0.50/$1.00 USD) - 2025/01/28 18:28:52 WET [2025/01/28 13:28:52 ET]
Table 'Columbia' 6-max Seat #4 is the button
Seat 1: paramourx ($101.50 in chips) 
Seat 2: Quahrino ($100 in chips) 
Seat 4: auxly ($105.23 in chips) 
Seat 6: treds17 ($100 in chips) 
treds17: posts small blind $0.50
paramourx: posts big blind $1
*** HOLE CARDS ***
Quahrino: folds 
auxly: folds 
treds17: folds 
Uncalled bet ($0.50) returned to paramourx
paramourx collected $1 from pot
paramourx: doesn't show hand 
*** SUMMARY ***
Total pot $1 | Rake $0 
Seat 1: paramourx (big blind) collected ($1)
Seat 2: Quahrino folded before Flop (didn't bet)
Seat 4: auxly (button) folded before Flop (didn't bet)
Seat 6: treds17 (small blind) folded before Flop



PokerStars Hand #254593066368:  Hold'em No Limit ($0.50/$1.00 USD) - 2025/01/28 18:29:05 WET [2025/01/28 13:29:05 ET]
Table 'Columbia' 6-max Seat #6 is the button
Seat 1: paramourx ($102 in chips) 
Seat 2: Quahrino ($100 in chips) 
Seat 4: auxly ($105.23 in chips) 
Seat 6: treds17 ($100 in chips) 
paramourx: posts small blind $0.50
Quahrino: posts big blind $1
*** HOLE CARDS ***
auxly: folds 
treds17: folds 
paramourx: folds 
Uncalled bet ($0.50) returned to Quahrino
Quahrino collected $1 from pot
Quahrino: doesn't show hand 
*** SUMMARY ***
Total pot $1 | Rake $0 
Seat 1: paramourx (small blind) folded before Flop
Seat 2: Quahrino (big blind) collected ($1)
Seat 4: auxly folded before Flop (didn't bet)
Seat 6: treds17 (button) folded before Flop (didn't bet)



PokerStars Hand #254593069982:  Hold'em No Limit ($0.50/$1.00 USD) - 2025/01/28 18:29:17 WET [2025/01/28 13:29:17 ET]
Table 'Columbia' 6-max Seat #1 is the button
Seat 1: paramourx ($101.50 in chips) 
Seat 2: Quahrino ($100.50 in chips) 
Seat 4: auxly ($105.23 in chips) 
Seat 6: treds17 ($100 in chips) 
Quahrino: posts small blind $0.50
auxly: posts big blind $1
*** HOLE CARDS ***
treds17: folds 
paramourx: raises $2 to $3
Quahrino: folds 
auxly: folds 
Uncalled bet ($2) returned to paramourx
treds17 leaves the table
paramourx collected $2.50 from pot
paramourx: doesn't show hand 
*** SUMMARY ***
Total pot $2.50 | Rake $0 
Seat 1: paramourx (button) collected ($2.50)
Seat 2: Quahrino (small blind) folded before Flop
Seat 4: auxly (big blind) folded before Flop
Seat 6: treds17 folded before Flop (didn't bet)



PokerStars Hand #254593073893:  Hold'em No Limit ($0.50/$1.00 USD) - 2025/01/28 18:29:30 WET [2025/01/28 13:29:30 ET]
Table 'Columbia' 6-max Seat #2 is the button
Seat 1: paramourx ($103 in chips) 
Seat 2: Quahrino ($100 in chips) 
Seat 4: auxly ($104.23 in chips) 
auxly: posts small blind $0.50
paramourx: posts big blind $1
*** HOLE CARDS ***
Quahrino: folds 
treds17 joins the table at seat #5 
auxly: folds 
Uncalled bet ($0.50) returned to paramourx
paramourx collected $1 from pot
paramourx: doesn't show hand 
*** SUMMARY ***
Total pot $1 | Rake $0 
Seat 1: paramourx (big blind) collected ($1)
Seat 2: Quahrino (button) folded before Flop (didn't bet)
Seat 4: auxly (small blind) folded before Flop



PokerStars Hand #254593076415:  Hold'em No Limit ($0.50/$1.00 USD) - 2025/01/28 18:29:38 WET [2025/01/28 13:29:38 ET]
Table 'Columbia' 6-max Seat #4 is the button
Seat 5: treds17 ($100 in chips) is sitting out
Seat 1: paramourx ($103.50 in chips) 
Seat 2: Quahrino ($100 in chips) 
Seat 4: auxly ($103.73 in chips) 
paramourx: posts small blind $0.50
Quahrino: posts big blind $1
*** HOLE CARDS ***
auxly: raises $2 to $3
paramourx: folds 
Quahrino: folds 
Uncalled bet ($2) returned to auxly
auxly collected $2.50 from pot
*** SUMMARY ***
Total pot $2.50 | Rake $0 
Seat 5: treds17
Seat 1: paramourx (small blind) folded before Flop
Seat 2: Quahrino (big blind) folded before Flop
Seat 4: auxly (button) collected ($2.50)



PokerStars Hand #254593079988:  Hold'em No Limit ($0.50/$1.00 USD) - 2025/01/28 18:29:50 WET [2025/01/28 13:29:50 ET]
Table 'Columbia' 6-max Seat #1 is the button
Seat 4: auxly ($105.23 in chips) is sitting out
Seat 1: paramourx ($103 in chips) 
Seat 2: Quahrino ($100 in chips) 
Seat 5: treds17 ($100 in chips) 
Quahrino: posts small blind $0.50
auxly: is sitting out 
treds17: posts big blind $1
*** HOLE CARDS ***
paramourx: raises $2 to $3
Quahrino: folds 
treds17: folds 
Uncalled bet ($2) returned to paramourx
paramourx collected $2.50 from pot
paramourx: doesn't show hand 
*** SUMMARY ***
Total pot $2.50 | Rake $0 
Seat 4: auxly
Seat 1: paramourx (button) collected ($2.50)
Seat 2: Quahrino (small blind) folded before Flop
Seat 5: treds17 (big blind) folded before Flop



PokerStars Hand #254593081953:  Hold'em No Limit ($0.50/$1.00 USD) - 2025/01/28 18:29:56 WET [2025/01/28 13:29:56 ET]
Table 'Columbia' 6-max Seat #5 is the button
Seat 1: paramourx ($104.50 in chips) is sitting out
Seat 4: auxly ($105.23 in chips) is sitting out
Seat 2: Quahrino ($100 in chips) 
Seat 5: treds17 ($100 in chips) 
treds17: posts small blind $0.50
paramourx: is sitting out 
Quahrino: posts big blind $1
*** HOLE CARDS ***
paramourx leaves the table
treds17: folds 
Uncalled bet ($0.50) returned to Quahrino
Quahrino collected $1 from pot
Quahrino: doesn't show hand 
*** SUMMARY ***
Total pot $1 | Rake $0 
Seat 1: paramourx
Seat 4: auxly
Seat 2: Quahrino (big blind) collected ($1)
Seat 5: treds17 (button) (small blind) folded before Flop



PokerStars Hand #254593085653:  Hold'em No Limit ($0.50/$1.00 USD) - 2025/01/28 18:30:07 WET [2025/01/28 13:30:07 ET]
Table 'Columbia' 6-max Seat #2 is the button
Seat 4: auxly ($105.23 in chips) is sitting out
Seat 2: Quahrino ($100.50 in chips) 
Seat 5: treds17 ($100 in chips) 
Quahrino: posts small blind $0.50
treds17: posts big blind $1
*** HOLE CARDS ***
auxly leaves the table
Quahrino: folds 
Uncalled bet ($0.50) returned to treds17
treds17 collected $1 from pot
treds17: doesn't show hand 
*** SUMMARY ***
Total pot $1 | Rake $0 
Seat 4: auxly
Seat 2: Quahrino (button) (small blind) folded before Flop
Seat 5: treds17 (big blind) collected ($1)



PokerStars Hand #254593087493:  Hold'em No Limit ($0.50/$1.00 USD) - 2025/01/28 18:30:14 WET [2025/01/28 13:30:14 ET]
Table 'Columbia' 6-max Seat #5 is the button
Seat 2: Quahrino ($100 in chips) 
Seat 5: treds17 ($100.50 in chips) 
treds17: posts small blind $0.50
Quahrino: posts big blind $1
*** HOLE CARDS ***
treds17: raises $2 to $3
Quahrino: raises $9 to $12
treds17: calls $9
*** FLOP *** [Kh 2d 4d]
Quahrino: bets $5.75
treds17: folds 
Uncalled bet ($5.75) returned to Quahrino
Quahrino collected $23 from pot
Quahrino: doesn't show hand 
*** SUMMARY ***
Total pot $24 | Rake $1 
Board [Kh 2d 4d]
Seat 2: Quahrino (big blind) collected ($23)
Seat 5: treds17 (button) (small blind) folded on the Flop



