PokerStars Hand #254731841819:  Hold'em No Limit ($0.50/$1.00 USD) - 2025/02/06 10:49:14 WET [2025/02/06 5:49:14 ET]
Table 'Elpis II' 6-max Seat #1 is the button
Seat 1: ka100pka527 ($100 in chips) 
Seat 4: b2k-Snick ($118.77 in chips) 
ka100pka527: posts small blind $0.50
b2k-Snick: posts big blind $1
*** HOLE CARDS ***
ka100pka527: raises $1.50 to $2.50
b2k-Snick: calls $1.50
*** FLOP *** [9c Kh Jd]
b2k-Snick: checks 
ka100pka527: bets $2.57
b2k-Snick: calls $2.57
*** TURN *** [9c Kh Jd] [2c]
b2k-Snick: checks 
ka100pka527: bets $7.32
b2k-Snick: folds 
Uncalled bet ($7.32) returned to ka100pka527
ka100pka527 collected $9.63 from pot
ka100pka527: doesn't show hand 
*** SUMMARY ***
Total pot $10.14 | Rake $0.51 
Board [9c Kh Jd 2c]
Seat 1: ka100pka527 (button) (small blind) collected ($9.63)
Seat 4: b2k-Snick (big blind) folded on the Turn



PokerStars Hand #254731846281:  Hold'em No Limit ($0.50/$1.00 USD) - 2025/02/06 10:49:54 WET [2025/02/06 5:49:54 ET]
Table 'Elpis II' 6-max Seat #4 is the button
Seat 1: ka100pka527 ($104.56 in chips) 
Seat 4: b2k-Snick ($113.70 in chips) 
b2k-Snick: posts small blind $0.50
ka100pka527: posts big blind $1
*** HOLE CARDS ***
b2k-Snick: raises $1.50 to $2.50
ka100pka527: raises $7.50 to $10
b2k-Snick: calls $7.50
*** FLOP *** [5s 6s Td]
ka100pka527: checks 
b2k-Snick: checks 
*** TURN *** [5s 6s Td] [2s]
ka100pka527: checks 
b2k-Snick: bets $5
Mulenga86 joins the table at seat #5 
Mulenga86 is disconnected 
D€est7oye€R joins the table at seat #6 
ka100pka527: folds 
Uncalled bet ($5) returned to b2k-Snick
b2k-Snick collected $19 from pot
b2k-Snick: doesn't show hand 
*** SUMMARY ***
Total pot $20 | Rake $1 
Board [5s 6s Td 2s]
Seat 1: ka100pka527 (big blind) folded on the Turn
Seat 4: b2k-Snick (button) (small blind) collected ($19)



PokerStars Hand #254731855569:  Hold'em No Limit ($0.50/$1.00 USD) - 2025/02/06 10:51:17 WET [2025/02/06 5:51:17 ET]
Table 'Elpis II' 6-max Seat #1 is the button
Seat 6: D€est7oye€R ($100 in chips) is sitting out
Seat 1: ka100pka527 ($100 in chips) 
Seat 4: b2k-Snick ($122.70 in chips) 
Seat 5: Mulenga86 ($40 in chips) 
b2k-Snick: posts small blind $0.50
Mulenga86: posts big blind $1
D€est7oye€R: sits out 
*** HOLE CARDS ***
ka100pka527: folds 
b2k-Snick: folds 
Uncalled bet ($0.50) returned to Mulenga86
Mulenga86 collected $1 from pot
*** SUMMARY ***
Total pot $1 | Rake $0 
Seat 6: D€est7oye€R
Seat 1: ka100pka527 (button) folded before Flop (didn't bet)
Seat 4: b2k-Snick (small blind) folded before Flop
Seat 5: Mulenga86 (big blind) collected ($1)



PokerStars Hand #254731856657:  Hold'em No Limit ($0.50/$1.00 USD) - 2025/02/06 10:51:26 WET [2025/02/06 5:51:26 ET]
Table 'Elpis II' 6-max Seat #4 is the button
Seat 1: ka100pka527 ($100 in chips) 
Seat 4: b2k-Snick ($122.20 in chips) 
Seat 5: Mulenga86 ($40.50 in chips) 
Seat 6: D€est7oye€R ($100 in chips) 
Mulenga86: posts small blind $0.50
D€est7oye€R: posts big blind $1
*** HOLE CARDS ***
ka100pka527: raises $1.50 to $2.50
b2k-Snick: folds 
Mulenga86: raises $1.50 to $4
D€est7oye€R: folds 
ka100pka527: calls $1.50
*** FLOP *** [4d Jc 3s]
Mulenga86: bets $4
ka100pka527: calls $4
*** TURN *** [4d Jc 3s] [Qs]
Mulenga86: bets $4
ka100pka527: calls $4
*** RIVER *** [4d Jc 3s Qs] [5h]
Mulenga86: checks 
ponchua joins the table at seat #2 
CashfishT joins the table at seat #3 
ka100pka527: bets $18.24
Mulenga86: calls $18.24
*** SHOW DOWN ***
ka100pka527: shows [Ah Jd] (a pair of Jacks)
Mulenga86: shows [Qc As] (a pair of Queens)
Mulenga86 collected $60.48 from pot
*** SUMMARY ***
Total pot $61.48 | Rake $1 
Board [4d Jc 3s Qs 5h]
Seat 1: ka100pka527 showed [Ah Jd] and lost with a pair of Jacks
Seat 4: b2k-Snick (button) folded before Flop (didn't bet)
Seat 5: Mulenga86 (small blind) showed [Qc As] and won ($60.48) with a pair of Queens
Seat 6: D€est7oye€R (big blind) folded before Flop



PokerStars Hand #254731862779:  Hold'em No Limit ($0.50/$1.00 USD) - 2025/02/06 10:52:20 WET [2025/02/06 5:52:20 ET]
Table 'Elpis II' 6-max Seat #5 is the button
Seat 1: ka100pka527 ($100 in chips) is sitting out
Seat 3: CashfishT ($100 in chips) is sitting out
Seat 2: ponchua ($100 in chips) 
Seat 4: b2k-Snick ($122.20 in chips) 
Seat 5: Mulenga86 ($70.74 in chips) 
Seat 6: D€est7oye€R ($100 in chips) 
D€est7oye€R: posts small blind $0.50
ka100pka527: is sitting out 
ponchua: posts big blind $1
CashfishT: sits out 
*** HOLE CARDS ***
b2k-Snick: folds 
ka100pka527 leaves the table
Mulenga86: folds 
D€est7oye€R: raises $2 to $3
xcinaz joins the table at seat #1 
ponchua: calls $2
*** FLOP *** [4c 8s Ks]
D€est7oye€R: bets $1.88
ponchua: calls $1.88
*** TURN *** [4c 8s Ks] [Ad]
D€est7oye€R: bets $6.95
ponchua: folds 
Uncalled bet ($6.95) returned to D€est7oye€R
D€est7oye€R collected $9.27 from pot
D€est7oye€R: doesn't show hand 
*** SUMMARY ***
Total pot $9.76 | Rake $0.49 
Board [4c 8s Ks Ad]
Seat 1: ka100pka527
Seat 3: CashfishT
Seat 2: ponchua (big blind) folded on the Turn
Seat 4: b2k-Snick folded before Flop (didn't bet)
Seat 5: Mulenga86 (button) folded before Flop (didn't bet)
Seat 6: D€est7oye€R (small blind) collected ($9.27)



PokerStars Hand #254731868080:  Hold'em No Limit ($0.50/$1.00 USD) - 2025/02/06 10:53:07 WET [2025/02/06 5:53:07 ET]
Table 'Elpis II' 6-max Seat #6 is the button
Seat 1: xcinaz ($100 in chips) is sitting out
Seat 2: ponchua ($100 in chips) 
Seat 3: CashfishT ($100 in chips) 
Seat 4: b2k-Snick ($122.20 in chips) 
Seat 5: Mulenga86 ($70.74 in chips) 
Seat 6: D€est7oye€R ($104.39 in chips) 
ponchua: posts small blind $0.50
CashfishT: posts big blind $1
*** HOLE CARDS ***
b2k-Snick: folds 
Mulenga86: calls $1
D€est7oye€R: folds 
ponchua: calls $0.50
CashfishT: checks 
*** FLOP *** [3s 3d Td]
ponchua: checks 
CashfishT: checks 
Mulenga86: checks 
*** TURN *** [3s 3d Td] [9h]
ponchua: checks 
CashfishT: checks 
Mulenga86: checks 
*** RIVER *** [3s 3d Td 9h] [Ts]
ponchua: checks 
CashfishT: checks 
Mulenga86: checks 
*** SHOW DOWN ***
ponchua: shows [6h Qh] (two pair, Tens and Threes)
CashfishT: mucks hand 
Mulenga86: shows [4s Ah] (two pair, Tens and Threes - Ace kicker)
Mulenga86 collected $2.85 from pot
*** SUMMARY ***
Total pot $3 | Rake $0.15 
Board [3s 3d Td 9h Ts]
Seat 1: xcinaz
Seat 2: ponchua (small blind) showed [6h Qh] and lost with two pair, Tens and Threes
Seat 3: CashfishT (big blind) mucked
Seat 4: b2k-Snick folded before Flop (didn't bet)
Seat 5: Mulenga86 showed [4s Ah] and won ($2.85) with two pair, Tens and Threes
Seat 6: D€est7oye€R (button) folded before Flop (didn't bet)



PokerStars Hand #254731875947:  Hold'em No Limit ($0.50/$1.00 USD) - 2025/02/06 10:54:17 WET [2025/02/06 5:54:17 ET]
Table 'Elpis II' 6-max Seat #2 is the button
Seat 1: xcinaz ($100 in chips) is sitting out
Seat 2: ponchua ($100 in chips) 
Seat 3: CashfishT ($100 in chips) 
Seat 4: b2k-Snick ($122.20 in chips) 
Seat 5: Mulenga86 ($72.59 in chips) 
Seat 6: D€est7oye€R ($104.39 in chips) 
CashfishT: posts small blind $0.50
b2k-Snick: posts big blind $1
xcinaz: sits out 
*** HOLE CARDS ***
Mulenga86: raises $1 to $2
D€est7oye€R: folds 
ponchua: folds 
CashfishT: folds 
b2k-Snick: calls $1
*** FLOP *** [3h 2c 9d]
b2k-Snick: checks 
Mulenga86: checks 
*** TURN *** [3h 2c 9d] [Ac]
b2k-Snick: checks 
Mulenga86: checks 
*** RIVER *** [3h 2c 9d Ac] [Th]
b2k-Snick: checks 
Mulenga86: checks 
*** SHOW DOWN ***
b2k-Snick: shows [7c Qc] (high card Ace)
Mulenga86: shows [Qs Jh] (high card Ace - Queen+Jack kicker)
Mulenga86 collected $4.28 from pot
*** SUMMARY ***
Total pot $4.50 | Rake $0.22 
Board [3h 2c 9d Ac Th]
Seat 1: xcinaz
Seat 2: ponchua (button) folded before Flop (didn't bet)
Seat 3: CashfishT (small blind) folded before Flop
Seat 4: b2k-Snick (big blind) showed [7c Qc] and lost with high card Ace
Seat 5: Mulenga86 showed [Qs Jh] and won ($4.28) with high card Ace
Seat 6: D€est7oye€R folded before Flop (didn't bet)



PokerStars Hand #254731879220:  Hold'em No Limit ($0.50/$1.00 USD) - 2025/02/06 10:54:46 WET [2025/02/06 5:54:46 ET]
Table 'Elpis II' 6-max Seat #3 is the button
Seat 1: xcinaz ($100 in chips) is sitting out
Seat 2: ponchua ($100 in chips) 
Seat 3: CashfishT ($100 in chips) 
Seat 4: b2k-Snick ($120.20 in chips) 
Seat 5: Mulenga86 ($74.87 in chips) 
Seat 6: D€est7oye€R ($104.39 in chips) 
b2k-Snick: posts small blind $0.50
Mulenga86: posts big blind $1
xcinaz: sits out 
*** HOLE CARDS ***
D€est7oye€R: folds 
ponchua: folds 
CashfishT: folds 
b2k-Snick: folds 
Uncalled bet ($0.50) returned to Mulenga86
Mulenga86 collected $1 from pot
*** SUMMARY ***
Total pot $1 | Rake $0 
Seat 1: xcinaz
Seat 2: ponchua folded before Flop (didn't bet)
Seat 3: CashfishT (button) folded before Flop (didn't bet)
Seat 4: b2k-Snick (small blind) folded before Flop
Seat 5: Mulenga86 (big blind) collected ($1)
Seat 6: D€est7oye€R folded before Flop (didn't bet)



PokerStars Hand #254731880240:  Hold'em No Limit ($0.50/$1.00 USD) - 2025/02/06 10:54:55 WET [2025/02/06 5:54:55 ET]
Table 'Elpis II' 6-max Seat #4 is the button
Seat 6: D€est7oye€R ($104.39 in chips) is sitting out
Seat 1: xcinaz ($100 in chips) 
Seat 2: ponchua ($100 in chips) 
Seat 3: CashfishT ($100 in chips) 
Seat 4: b2k-Snick ($119.70 in chips) 
Seat 5: Mulenga86 ($75.37 in chips) 
Mulenga86: posts small blind $0.50
D€est7oye€R: is sitting out 
xcinaz: posts big blind $1
*** HOLE CARDS ***
ponchua: folds 
D€est7oye€R leaves the table
CashfishT: folds 
b2k-Snick: raises $1.50 to $2.50
Felipe$Andre joins the table at seat #6 
Mulenga86: calls $2
xcinaz: raises $10.50 to $13
b2k-Snick: calls $10.50
Mulenga86: folds 
*** FLOP *** [5h 7h 6h]
xcinaz: checks 
b2k-Snick: bets $5.96
xcinaz: calls $5.96
*** TURN *** [5h 7h 6h] [Js]
xcinaz: checks 
b2k-Snick: checks 
*** RIVER *** [5h 7h 6h Js] [4s]
xcinaz: checks 
b2k-Snick: checks 
*** SHOW DOWN ***
xcinaz: shows [As Ad] (a pair of Aces)
b2k-Snick: mucks hand 
xcinaz collected $38.40 from pot
*** SUMMARY ***
Total pot $40.42 | Rake $2.02 
Board [5h 7h 6h Js 4s]
Seat 6: D€est7oye€R
Seat 1: xcinaz (big blind) showed [As Ad] and won ($38.40) with a pair of Aces
Seat 2: ponchua folded before Flop (didn't bet)
Seat 3: CashfishT folded before Flop (didn't bet)
Seat 4: b2k-Snick (button) mucked
Seat 5: Mulenga86 (small blind) folded before Flop



PokerStars Hand #254731887782:  Hold'em No Limit ($0.50/$1.00 USD) - 2025/02/06 10:56:13 WET [2025/02/06 5:56:13 ET]
Table 'Elpis II' 6-max Seat #5 is the button
Seat 6: Felipe$Andre ($100 in chips) is sitting out
Seat 1: xcinaz ($119.44 in chips) 
Seat 2: ponchua ($100 in chips) 
Seat 3: CashfishT ($100 in chips) 
Seat 4: b2k-Snick ($100.74 in chips) 
Seat 5: Mulenga86 ($72.87 in chips) 
xcinaz: posts small blind $0.50
ponchua: posts big blind $1
*** HOLE CARDS ***
CashfishT: raises $1.20 to $2.20
b2k-Snick: folds 
Mulenga86: calls $2.20
xcinaz: folds 
ponchua: folds 
*** FLOP *** [6c Ts Kc]
CashfishT: bets $1.85
Mulenga86: raises $1.85 to $3.70
CashfishT: calls $1.85
*** TURN *** [6c Ts Kc] [6h]
CashfishT: checks 
Mulenga86: bets $4
CashfishT: calls $4
*** RIVER *** [6c Ts Kc 6h] [8d]
CashfishT: checks 
Mulenga86: checks 
*** SHOW DOWN ***
CashfishT: shows [9h 9c] (two pair, Nines and Sixes)
Mulenga86: shows [Tc Jd] (two pair, Tens and Sixes)
Mulenga86 collected $20.24 from pot
*** SUMMARY ***
Total pot $21.30 | Rake $1.06 
Board [6c Ts Kc 6h 8d]
Seat 6: Felipe$Andre
Seat 1: xcinaz (small blind) folded before Flop
Seat 2: ponchua (big blind) folded before Flop
Seat 3: CashfishT showed [9h 9c] and lost with two pair, Nines and Sixes
Seat 4: b2k-Snick folded before Flop (didn't bet)
Seat 5: Mulenga86 (button) showed [Tc Jd] and won ($20.24) with two pair, Tens and Sixes



PokerStars Hand #254731893177:  Hold'em No Limit ($0.50/$1.00 USD) - 2025/02/06 10:57:09 WET [2025/02/06 5:57:09 ET]
Table 'Elpis II' 6-max Seat #1 is the button
Seat 6: Felipe$Andre ($100 in chips) is sitting out
Seat 1: xcinaz ($118.94 in chips) 
Seat 2: ponchua ($100 in chips) 
Seat 3: CashfishT ($100 in chips) 
Seat 4: b2k-Snick ($100.74 in chips) 
Seat 5: Mulenga86 ($83.21 in chips) 
ponchua: posts small blind $0.50
CashfishT: posts big blind $1
Felipe$Andre: sits out 
*** HOLE CARDS ***
b2k-Snick: folds 
Mulenga86: folds 
xcinaz: raises $1.50 to $2.50
ponchua: folds 
CashfishT: folds 
Uncalled bet ($1.50) returned to xcinaz
xcinaz collected $2.50 from pot
xcinaz: doesn't show hand 
*** SUMMARY ***
Total pot $2.50 | Rake $0 
Seat 6: Felipe$Andre
Seat 1: xcinaz (button) collected ($2.50)
Seat 2: ponchua (small blind) folded before Flop
Seat 3: CashfishT (big blind) folded before Flop
Seat 4: b2k-Snick folded before Flop (didn't bet)
Seat 5: Mulenga86 folded before Flop (didn't bet)



PokerStars Hand #254731895066:  Hold'em No Limit ($0.50/$1.00 USD) - 2025/02/06 10:57:29 WET [2025/02/06 5:57:29 ET]
Table 'Elpis II' 6-max Seat #2 is the button
Seat 6: Felipe$Andre ($100 in chips) is sitting out
Seat 1: xcinaz ($120.44 in chips) 
Seat 2: ponchua ($100 in chips) 
Seat 3: CashfishT ($100 in chips) 
Seat 4: b2k-Snick ($100.74 in chips) 
Seat 5: Mulenga86 ($83.21 in chips) 
CashfishT: posts small blind $0.50
b2k-Snick: posts big blind $1
Felipe$Andre: sits out 
*** HOLE CARDS ***
Mulenga86: calls $1
xcinaz: folds 
ponchua: folds 
CashfishT: raises $4 to $5
b2k-Snick: folds 
Mulenga86: folds 
Uncalled bet ($4) returned to CashfishT
CashfishT collected $3 from pot
CashfishT: doesn't show hand 
Mulenga86 leaves the table
*** SUMMARY ***
Total pot $3 | Rake $0 
Seat 6: Felipe$Andre
Seat 1: xcinaz folded before Flop (didn't bet)
Seat 2: ponchua (button) folded before Flop (didn't bet)
Seat 3: CashfishT (small blind) collected ($3)
Seat 4: b2k-Snick (big blind) folded before Flop
Seat 5: Mulenga86 folded before Flop



PokerStars Hand #254731896674:  Hold'em No Limit ($0.50/$1.00 USD) - 2025/02/06 10:57:46 WET [2025/02/06 5:57:46 ET]
Table 'Elpis II' 6-max Seat #3 is the button
Seat 1: xcinaz ($120.44 in chips) 
Seat 2: ponchua ($100 in chips) 
Seat 3: CashfishT ($102 in chips) 
Seat 4: b2k-Snick ($100 in chips) 
Seat 6: Felipe$Andre ($100 in chips) 
b2k-Snick: posts small blind $0.50
Felipe$Andre: posts big blind $1
*** HOLE CARDS ***
xcinaz: folds 
ponchua: folds 
CashfishT: raises $1.20 to $2.20
b2k-Snick: folds 
Felipe$Andre: calls $1.20
*** FLOP *** [9s 5c 8s]
Felipe$Andre: checks 
CashfishT: bets $3.50
Felipe$Andre: calls $3.50
*** TURN *** [9s 5c 8s] [Qc]
Felipe$Andre: checks 
CashfishT: checks 
*** RIVER *** [9s 5c 8s Qc] [Kc]
Corsair444 joins the table at seat #5 
Felipe$Andre: bets $16.95
CashfishT: calls $16.95
*** SHOW DOWN ***
Felipe$Andre: shows [7c Ac] (a flush, Ace high)
CashfishT: mucks hand 
Felipe$Andre collected $43.51 from pot
*** SUMMARY ***
Total pot $45.80 | Rake $2.29 
Board [9s 5c 8s Qc Kc]
Seat 1: xcinaz folded before Flop (didn't bet)
Seat 2: ponchua folded before Flop (didn't bet)
Seat 3: CashfishT (button) mucked
Seat 4: b2k-Snick (small blind) folded before Flop
Seat 6: Felipe$Andre (big blind) showed [7c Ac] and won ($43.51) with a flush, Ace high



PokerStars Hand #254731903210:  Hold'em No Limit ($0.50/$1.00 USD) - 2025/02/06 10:58:54 WET [2025/02/06 5:58:54 ET]
Table 'Elpis II' 6-max Seat #4 is the button
Seat 5: Corsair444 ($100 in chips) is sitting out
Seat 1: xcinaz ($120.44 in chips) 
Seat 2: ponchua ($100 in chips) 
Seat 3: CashfishT ($100 in chips) 
Seat 4: b2k-Snick ($100 in chips) 
Seat 6: Felipe$Andre ($120.86 in chips) 
Felipe$Andre: posts small blind $0.50
xcinaz: posts big blind $1
*** HOLE CARDS ***
ponchua: folds 
CashfishT: folds 
b2k-Snick: raises $1.50 to $2.50
Felipe$Andre: folds 
xcinaz: folds 
Uncalled bet ($1.50) returned to b2k-Snick
b2k-Snick collected $2.50 from pot
b2k-Snick: doesn't show hand 
*** SUMMARY ***
Total pot $2.50 | Rake $0 
Seat 5: Corsair444
Seat 1: xcinaz (big blind) folded before Flop
Seat 2: ponchua folded before Flop (didn't bet)
Seat 3: CashfishT folded before Flop (didn't bet)
Seat 4: b2k-Snick (button) collected ($2.50)
Seat 6: Felipe$Andre (small blind) folded before Flop



PokerStars Hand #254731905512:  Hold'em No Limit ($0.50/$1.00 USD) - 2025/02/06 10:59:18 WET [2025/02/06 5:59:18 ET]
Table 'Elpis II' 6-max Seat #6 is the button
Seat 1: xcinaz ($119.44 in chips) 
Seat 2: ponchua ($100 in chips) 
Seat 3: CashfishT ($100 in chips) 
Seat 4: b2k-Snick ($101.50 in chips) 
Seat 5: Corsair444 ($100 in chips) 
Seat 6: Felipe$Andre ($120.36 in chips) 
xcinaz: posts small blind $0.50
ponchua: posts big blind $1
Corsair444: posts big blind $1
*** HOLE CARDS ***
CashfishT: folds 
b2k-Snick: folds 
Corsair444: checks 
Felipe$Andre: raises $3 to $4
xcinaz: folds 
ponchua: calls $3
Corsair444: folds 
*** FLOP *** [4d Jh Qc]
ponchua: checks 
Felipe$Andre: bets $2.26
ponchua: calls $2.26
*** TURN *** [4d Jh Qc] [7d]
ponchua: checks 
Felipe$Andre: checks 
*** RIVER *** [4d Jh Qc 7d] [As]
ponchua: checks 
Felipe$Andre: bets $9.98
ponchua: folds 
Uncalled bet ($9.98) returned to Felipe$Andre
Felipe$Andre collected $13.32 from pot
Felipe$Andre: doesn't show hand 
*** SUMMARY ***
Total pot $14.02 | Rake $0.70 
Board [4d Jh Qc 7d As]
Seat 1: xcinaz (small blind) folded before Flop
Seat 2: ponchua (big blind) folded on the River
Seat 3: CashfishT folded before Flop (didn't bet)
Seat 4: b2k-Snick folded before Flop (didn't bet)
Seat 5: Corsair444 folded before Flop (didn't bet)
Seat 6: Felipe$Andre (button) collected ($13.32)



PokerStars Hand #254731915966:  Hold'em No Limit ($0.50/$1.00 USD) - 2025/02/06 11:01:03 WET [2025/02/06 6:01:03 ET]
Table 'Elpis II' 6-max Seat #1 is the button
Seat 1: xcinaz ($118.94 in chips) 
Seat 2: ponchua ($100 in chips) 
Seat 3: CashfishT ($100 in chips) 
Seat 4: b2k-Snick ($101.50 in chips) 
Seat 5: Corsair444 ($99 in chips) 
Seat 6: Felipe$Andre ($127.42 in chips) 
ponchua: posts small blind $0.50
CashfishT: posts big blind $1
*** HOLE CARDS ***
b2k-Snick: folds 
Corsair444: folds 
Felipe$Andre: folds 
xcinaz: raises $1.50 to $2.50
ponchua: folds 
CashfishT: calls $1.50
*** FLOP *** [9c 8h 8s]
CashfishT: checks 
xcinaz: bets $1.31
CashfishT: folds 
Uncalled bet ($1.31) returned to xcinaz
xcinaz collected $5.22 from pot
xcinaz: doesn't show hand 
*** SUMMARY ***
Total pot $5.50 | Rake $0.28 
Board [9c 8h 8s]
Seat 1: xcinaz (button) collected ($5.22)
Seat 2: ponchua (small blind) folded before Flop
Seat 3: CashfishT (big blind) folded on the Flop
Seat 4: b2k-Snick folded before Flop (didn't bet)
Seat 5: Corsair444 folded before Flop (didn't bet)
Seat 6: Felipe$Andre folded before Flop (didn't bet)



PokerStars Hand #254731922026:  Hold'em No Limit ($0.50/$1.00 USD) - 2025/02/06 11:01:56 WET [2025/02/06 6:01:56 ET]
Table 'Elpis II' 6-max Seat #2 is the button
Seat 1: xcinaz ($121.66 in chips) 
Seat 2: ponchua ($100 in chips) 
Seat 3: CashfishT ($100 in chips) 
Seat 4: b2k-Snick ($101.50 in chips) 
Seat 5: Corsair444 ($99 in chips) 
Seat 6: Felipe$Andre ($127.42 in chips) 
CashfishT: posts small blind $0.50
b2k-Snick: posts big blind $1
*** HOLE CARDS ***
Corsair444: folds 
Felipe$Andre: folds 
xcinaz: folds 
ponchua: raises $1.50 to $2.50
CashfishT: raises $8.50 to $11
b2k-Snick: folds 
ponchua: folds 
Uncalled bet ($8.50) returned to CashfishT
CashfishT collected $6 from pot
CashfishT: doesn't show hand 
*** SUMMARY ***
Total pot $6 | Rake $0 
Seat 1: xcinaz folded before Flop (didn't bet)
Seat 2: ponchua (button) folded before Flop
Seat 3: CashfishT (small blind) collected ($6)
Seat 4: b2k-Snick (big blind) folded before Flop
Seat 5: Corsair444 folded before Flop (didn't bet)
Seat 6: Felipe$Andre folded before Flop (didn't bet)



PokerStars Hand #254731926757:  Hold'em No Limit ($0.50/$1.00 USD) - 2025/02/06 11:02:37 WET [2025/02/06 6:02:37 ET]
Table 'Elpis II' 6-max Seat #3 is the button
Seat 1: xcinaz ($121.66 in chips) 
Seat 2: ponchua ($100 in chips) 
Seat 3: CashfishT ($103.50 in chips) 
Seat 4: b2k-Snick ($100.50 in chips) 
Seat 5: Corsair444 ($99 in chips) 
Seat 6: Felipe$Andre ($127.42 in chips) 
b2k-Snick: posts small blind $0.50
Corsair444: posts big blind $1
*** HOLE CARDS ***
Felipe$Andre: folds 
xcinaz: folds 
ponchua: folds 
CashfishT: raises $1.20 to $2.20
b2k-Snick: folds 
Corsair444: folds 
Uncalled bet ($1.20) returned to CashfishT
CashfishT collected $2.50 from pot
CashfishT: doesn't show hand 
*** SUMMARY ***
Total pot $2.50 | Rake $0 
Seat 1: xcinaz folded before Flop (didn't bet)
Seat 2: ponchua folded before Flop (didn't bet)
Seat 3: CashfishT (button) collected ($2.50)
Seat 4: b2k-Snick (small blind) folded before Flop
Seat 5: Corsair444 (big blind) folded before Flop
Seat 6: Felipe$Andre folded before Flop (didn't bet)



PokerStars Hand #254731928273:  Hold'em No Limit ($0.50/$1.00 USD) - 2025/02/06 11:02:50 WET [2025/02/06 6:02:50 ET]
Table 'Elpis II' 6-max Seat #4 is the button
Seat 1: xcinaz ($121.66 in chips) 
Seat 2: ponchua ($100 in chips) 
Seat 3: CashfishT ($105 in chips) 
Seat 4: b2k-Snick ($100 in chips) 
Seat 5: Corsair444 ($98 in chips) 
Seat 6: Felipe$Andre ($127.42 in chips) 
Corsair444: posts small blind $0.50
Felipe$Andre: posts big blind $1
*** HOLE CARDS ***
xcinaz: folds 
ponchua: raises $1.50 to $2.50
CashfishT: folds 
b2k-Snick: folds 
Corsair444: folds 
Felipe$Andre: calls $1.50
*** FLOP *** [As 3h 2s]
Felipe$Andre: checks 
ponchua: checks 
*** TURN *** [As 3h 2s] [7s]
Felipe$Andre: bets $3.92
ponchua: folds 
Uncalled bet ($3.92) returned to Felipe$Andre
Felipe$Andre collected $5.22 from pot
Felipe$Andre: doesn't show hand 
*** SUMMARY ***
Total pot $5.50 | Rake $0.28 
Board [As 3h 2s 7s]
Seat 1: xcinaz folded before Flop (didn't bet)
Seat 2: ponchua folded on the Turn
Seat 3: CashfishT folded before Flop (didn't bet)
Seat 4: b2k-Snick (button) folded before Flop (didn't bet)
Seat 5: Corsair444 (small blind) folded before Flop
Seat 6: Felipe$Andre (big blind) collected ($5.22)



PokerStars Hand #254731933582:  Hold'em No Limit ($0.50/$1.00 USD) - 2025/02/06 11:03:36 WET [2025/02/06 6:03:36 ET]
Table 'Elpis II' 6-max Seat #5 is the button
Seat 1: xcinaz ($121.66 in chips) 
Seat 2: ponchua ($100 in chips) 
Seat 3: CashfishT ($105 in chips) 
Seat 4: b2k-Snick ($100 in chips) 
Seat 5: Corsair444 ($97.50 in chips) 
Seat 6: Felipe$Andre ($130.14 in chips) 
Felipe$Andre: posts small blind $0.50
xcinaz: posts big blind $1
*** HOLE CARDS ***
ponchua: raises $1.50 to $2.50
CashfishT: folds 
b2k-Snick: folds 
Corsair444: folds 
Felipe$Andre: folds 
xcinaz: folds 
Uncalled bet ($1.50) returned to ponchua
ponchua collected $2.50 from pot
ponchua: doesn't show hand 
*** SUMMARY ***
Total pot $2.50 | Rake $0 
Seat 1: xcinaz (big blind) folded before Flop
Seat 2: ponchua collected ($2.50)
Seat 3: CashfishT folded before Flop (didn't bet)
Seat 4: b2k-Snick folded before Flop (didn't bet)
Seat 5: Corsair444 (button) folded before Flop (didn't bet)
Seat 6: Felipe$Andre (small blind) folded before Flop



PokerStars Hand #254731936650:  Hold'em No Limit ($0.50/$1.00 USD) - 2025/02/06 11:04:02 WET [2025/02/06 6:04:02 ET]
Table 'Elpis II' 6-max Seat #6 is the button
Seat 2: ponchua ($101.50 in chips) is sitting out
Seat 1: xcinaz ($120.66 in chips) 
Seat 3: CashfishT ($105 in chips) 
Seat 4: b2k-Snick ($100 in chips) 
Seat 5: Corsair444 ($97.50 in chips) 
Seat 6: Felipe$Andre ($129.64 in chips) 
xcinaz: posts small blind $0.50
ponchua: is sitting out 
CashfishT: posts big blind $1
*** HOLE CARDS ***
b2k-Snick: folds 
Corsair444: calls $1
Felipe$Andre: raises $2.50 to $3.50
xcinaz: folds 
CashfishT: calls $2.50
Corsair444: folds 
*** FLOP *** [5d 2d 4h]
CashfishT: checks 
ponchua leaves the table
sta$igk joins the table at seat #2 
Felipe$Andre: checks 
*** TURN *** [5d 2d 4h] [5s]
CashfishT: bets $4.04
Felipe$Andre: folds 
Uncalled bet ($4.04) returned to CashfishT
CashfishT collected $8.08 from pot
CashfishT: doesn't show hand 
*** SUMMARY ***
Total pot $8.50 | Rake $0.42 
Board [5d 2d 4h 5s]
Seat 2: ponchua
Seat 1: xcinaz (small blind) folded before Flop
Seat 3: CashfishT (big blind) collected ($8.08)
Seat 4: b2k-Snick folded before Flop (didn't bet)
Seat 5: Corsair444 folded before Flop
Seat 6: Felipe$Andre (button) folded on the Turn



PokerStars Hand #254731941440:  Hold'em No Limit ($0.50/$1.00 USD) - 2025/02/06 11:04:43 WET [2025/02/06 6:04:43 ET]
Table 'Elpis II' 6-max Seat #1 is the button
Seat 2: sta$igk ($100 in chips) is sitting out
Seat 1: xcinaz ($120.16 in chips) 
Seat 3: CashfishT ($109.58 in chips) 
Seat 4: b2k-Snick ($100 in chips) 
Seat 5: Corsair444 ($96.50 in chips) 
Seat 6: Felipe$Andre ($126.14 in chips) 
CashfishT: posts small blind $0.50
b2k-Snick: posts big blind $1
*** HOLE CARDS ***
Corsair444: raises $1 to $2
Felipe$Andre: folds 
xcinaz: folds 
CashfishT: folds 
b2k-Snick: folds 
Uncalled bet ($1) returned to Corsair444
Corsair444 collected $2.50 from pot
Corsair444: doesn't show hand 
*** SUMMARY ***
Total pot $2.50 | Rake $0 
Seat 2: sta$igk
Seat 1: xcinaz (button) folded before Flop (didn't bet)
Seat 3: CashfishT (small blind) folded before Flop
Seat 4: b2k-Snick (big blind) folded before Flop
Seat 5: Corsair444 collected ($2.50)
Seat 6: Felipe$Andre folded before Flop (didn't bet)



PokerStars Hand #254731943158:  Hold'em No Limit ($0.50/$1.00 USD) - 2025/02/06 11:04:58 WET [2025/02/06 6:04:58 ET]
Table 'Elpis II' 6-max Seat #3 is the button
Seat 2: sta$igk ($100 in chips) is sitting out
Seat 1: xcinaz ($120.16 in chips) 
Seat 3: CashfishT ($109.08 in chips) 
Seat 4: b2k-Snick ($100 in chips) 
Seat 5: Corsair444 ($98 in chips) 
Seat 6: Felipe$Andre ($126.14 in chips) 
b2k-Snick: posts small blind $0.50
Corsair444: posts big blind $1
sta$igk: sits out 
*** HOLE CARDS ***
Felipe$Andre: raises $1.20 to $2.20
xcinaz: folds 
CashfishT: folds 
b2k-Snick: folds 
Corsair444: folds 
Uncalled bet ($1.20) returned to Felipe$Andre
Felipe$Andre collected $2.50 from pot
Felipe$Andre: doesn't show hand 
*** SUMMARY ***
Total pot $2.50 | Rake $0 
Seat 2: sta$igk
Seat 1: xcinaz folded before Flop (didn't bet)
Seat 3: CashfishT (button) folded before Flop (didn't bet)
Seat 4: b2k-Snick (small blind) folded before Flop
Seat 5: Corsair444 (big blind) folded before Flop
Seat 6: Felipe$Andre collected ($2.50)



PokerStars Hand #254731944943:  Hold'em No Limit ($0.50/$1.00 USD) - 2025/02/06 11:05:14 WET [2025/02/06 6:05:14 ET]
Table 'Elpis II' 6-max Seat #4 is the button
Seat 2: sta$igk ($100 in chips) is sitting out
Seat 1: xcinaz ($120.16 in chips) 
Seat 3: CashfishT ($109.08 in chips) 
Seat 4: b2k-Snick ($100 in chips) 
Seat 5: Corsair444 ($97 in chips) 
Seat 6: Felipe$Andre ($127.64 in chips) 
Corsair444: posts small blind $0.50
Felipe$Andre: posts big blind $1
sta$igk: sits out 
*** HOLE CARDS ***
xcinaz: folds 
CashfishT: folds 
b2k-Snick: raises $1.50 to $2.50
Corsair444: folds 
Felipe$Andre: folds 
Uncalled bet ($1.50) returned to b2k-Snick
b2k-Snick collected $2.50 from pot
b2k-Snick: doesn't show hand 
*** SUMMARY ***
Total pot $2.50 | Rake $0 
Seat 2: sta$igk
Seat 1: xcinaz folded before Flop (didn't bet)
Seat 3: CashfishT folded before Flop (didn't bet)
Seat 4: b2k-Snick (button) collected ($2.50)
Seat 5: Corsair444 (small blind) folded before Flop
Seat 6: Felipe$Andre (big blind) folded before Flop



PokerStars Hand #254731946432:  Hold'em No Limit ($0.50/$1.00 USD) - 2025/02/06 11:05:27 WET [2025/02/06 6:05:27 ET]
Table 'Elpis II' 6-max Seat #5 is the button
Seat 2: sta$igk ($100 in chips) is sitting out
Seat 1: xcinaz ($120.16 in chips) 
Seat 3: CashfishT ($109.08 in chips) 
Seat 4: b2k-Snick ($101.50 in chips) 
Seat 5: Corsair444 ($96.50 in chips) 
Seat 6: Felipe$Andre ($126.64 in chips) 
Felipe$Andre: posts small blind $0.50
xcinaz: posts big blind $1
sta$igk: sits out 
*** HOLE CARDS ***
CashfishT: folds 
b2k-Snick: folds 
Corsair444: folds 
Felipe$Andre: folds 
Uncalled bet ($0.50) returned to xcinaz
xcinaz collected $1 from pot
xcinaz: doesn't show hand 
*** SUMMARY ***
Total pot $1 | Rake $0 
Seat 2: sta$igk
Seat 1: xcinaz (big blind) collected ($1)
Seat 3: CashfishT folded before Flop (didn't bet)
Seat 4: b2k-Snick folded before Flop (didn't bet)
Seat 5: Corsair444 (button) folded before Flop (didn't bet)
Seat 6: Felipe$Andre (small blind) folded before Flop



PokerStars Hand #254731947966:  Hold'em No Limit ($0.50/$1.00 USD) - 2025/02/06 11:05:40 WET [2025/02/06 6:05:40 ET]
Table 'Elpis II' 6-max Seat #6 is the button
Seat 1: xcinaz ($120.66 in chips) 
Seat 2: sta$igk ($100 in chips) 
Seat 3: CashfishT ($109.08 in chips) 
Seat 4: b2k-Snick ($101.50 in chips) 
Seat 5: Corsair444 ($96.50 in chips) 
Seat 6: Felipe$Andre ($126.14 in chips) 
xcinaz: posts small blind $0.50
sta$igk: posts big blind $1
*** HOLE CARDS ***
CashfishT: folds 
b2k-Snick: folds 
Corsair444: folds 
Felipe$Andre: folds 
xcinaz: folds 
Uncalled bet ($0.50) returned to sta$igk
sta$igk collected $1 from pot
sta$igk: doesn't show hand 
*** SUMMARY ***
Total pot $1 | Rake $0 
Seat 1: xcinaz (small blind) folded before Flop
Seat 2: sta$igk (big blind) collected ($1)
Seat 3: CashfishT folded before Flop (didn't bet)
Seat 4: b2k-Snick folded before Flop (didn't bet)
Seat 5: Corsair444 folded before Flop (didn't bet)
Seat 6: Felipe$Andre (button) folded before Flop (didn't bet)



PokerStars Hand #254731950384:  Hold'em No Limit ($0.50/$1.00 USD) - 2025/02/06 11:06:01 WET [2025/02/06 6:06:01 ET]
Table 'Elpis II' 6-max Seat #1 is the button
Seat 1: xcinaz ($120.16 in chips) 
Seat 2: sta$igk ($100.50 in chips) 
Seat 3: CashfishT ($109.08 in chips) 
Seat 4: b2k-Snick ($101.50 in chips) 
Seat 5: Corsair444 ($96.50 in chips) 
Seat 6: Felipe$Andre ($126.14 in chips) 
sta$igk: posts small blind $0.50
CashfishT: posts big blind $1
*** HOLE CARDS ***
b2k-Snick: raises $1 to $2
Corsair444: raises $1 to $3
Felipe$Andre: folds 
xcinaz: folds 
sta$igk: folds 
CashfishT: folds 
b2k-Snick: calls $1
*** FLOP *** [Kd 6h Ts]
b2k-Snick: checks 
Corsair444: bets $7.12
b2k-Snick: folds 
Uncalled bet ($7.12) returned to Corsair444
Corsair444 collected $7.12 from pot
Corsair444: doesn't show hand 
*** SUMMARY ***
Total pot $7.50 | Rake $0.38 
Board [Kd 6h Ts]
Seat 1: xcinaz (button) folded before Flop (didn't bet)
Seat 2: sta$igk (small blind) folded before Flop
Seat 3: CashfishT (big blind) folded before Flop
Seat 4: b2k-Snick folded on the Flop
Seat 5: Corsair444 collected ($7.12)
Seat 6: Felipe$Andre folded before Flop (didn't bet)



PokerStars Hand #254731954349:  Hold'em No Limit ($0.50/$1.00 USD) - 2025/02/06 11:06:35 WET [2025/02/06 6:06:35 ET]
Table 'Elpis II' 6-max Seat #2 is the button
Seat 1: xcinaz ($120.16 in chips) 
Seat 2: sta$igk ($100 in chips) 
Seat 3: CashfishT ($108.08 in chips) 
Seat 4: b2k-Snick ($100 in chips) 
Seat 5: Corsair444 ($100.62 in chips) 
Seat 6: Felipe$Andre ($126.14 in chips) 
CashfishT: posts small blind $0.50
b2k-Snick: posts big blind $1
*** HOLE CARDS ***
Corsair444: calls $1
Felipe$Andre: folds 
xcinaz: folds 
sta$igk: raises $3 to $4
CashfishT: folds 
b2k-Snick: calls $3
Corsair444: calls $3
*** FLOP *** [8c 6c 6h]
b2k-Snick: checks 
Corsair444: checks 
sta$igk: checks 
*** TURN *** [8c 6c 6h] [Kc]
b2k-Snick: checks 
Corsair444: checks 
sta$igk: bets $7.96
b2k-Snick: raises $18.04 to $26
Corsair444: folds 
sta$igk: folds 
Uncalled bet ($18.04) returned to b2k-Snick
b2k-Snick collected $27 from pot
b2k-Snick: doesn't show hand 
*** SUMMARY ***
Total pot $28.42 | Rake $1.42 
Board [8c 6c 6h Kc]
Seat 1: xcinaz folded before Flop (didn't bet)
Seat 2: sta$igk (button) folded on the Turn
Seat 3: CashfishT (small blind) folded before Flop
Seat 4: b2k-Snick (big blind) collected ($27)
Seat 5: Corsair444 folded on the Turn
Seat 6: Felipe$Andre folded before Flop (didn't bet)



PokerStars Hand #254731963393:  Hold'em No Limit ($0.50/$1.00 USD) - 2025/02/06 11:07:52 WET [2025/02/06 6:07:52 ET]
Table 'Elpis II' 6-max Seat #3 is the button
Seat 1: xcinaz ($120.16 in chips) 
Seat 2: sta$igk ($100 in chips) 
Seat 3: CashfishT ($107.58 in chips) 
Seat 4: b2k-Snick ($115.04 in chips) 
Seat 5: Corsair444 ($96.62 in chips) 
Seat 6: Felipe$Andre ($126.14 in chips) 
b2k-Snick: posts small blind $0.50
Corsair444: posts big blind $1
*** HOLE CARDS ***
Felipe$Andre: folds 
xcinaz: folds 
sta$igk: folds 
CashfishT: raises $1.20 to $2.20
b2k-Snick: folds 
Corsair444: folds 
Uncalled bet ($1.20) returned to CashfishT
CashfishT collected $2.50 from pot
CashfishT: doesn't show hand 
*** SUMMARY ***
Total pot $2.50 | Rake $0 
Seat 1: xcinaz folded before Flop (didn't bet)
Seat 2: sta$igk folded before Flop (didn't bet)
Seat 3: CashfishT (button) collected ($2.50)
Seat 4: b2k-Snick (small blind) folded before Flop
Seat 5: Corsair444 (big blind) folded before Flop
Seat 6: Felipe$Andre folded before Flop (didn't bet)



PokerStars Hand #254731965434:  Hold'em No Limit ($0.50/$1.00 USD) - 2025/02/06 11:08:09 WET [2025/02/06 6:08:09 ET]
Table 'Elpis II' 6-max Seat #4 is the button
Seat 6: Felipe$Andre ($126.14 in chips) is sitting out
Seat 1: xcinaz ($120.16 in chips) 
Seat 2: sta$igk ($100 in chips) 
Seat 3: CashfishT ($109.08 in chips) 
Seat 4: b2k-Snick ($114.54 in chips) 
Seat 5: Corsair444 ($95.62 in chips) 
Corsair444: posts small blind $0.50
xcinaz: posts big blind $1
*** HOLE CARDS ***
sta$igk: folds 
CashfishT: folds 
b2k-Snick: raises $1.50 to $2.50
Corsair444: folds 
xcinaz: folds 
Uncalled bet ($1.50) returned to b2k-Snick
b2k-Snick collected $2.50 from pot
b2k-Snick: doesn't show hand 
*** SUMMARY ***
Total pot $2.50 | Rake $0 
Seat 6: Felipe$Andre
Seat 1: xcinaz (big blind) folded before Flop
Seat 2: sta$igk folded before Flop (didn't bet)
Seat 3: CashfishT folded before Flop (didn't bet)
Seat 4: b2k-Snick (button) collected ($2.50)
Seat 5: Corsair444 (small blind) folded before Flop



PokerStars Hand #254731966824:  Hold'em No Limit ($0.50/$1.00 USD) - 2025/02/06 11:08:21 WET [2025/02/06 6:08:21 ET]
Table 'Elpis II' 6-max Seat #5 is the button
Seat 6: Felipe$Andre ($126.14 in chips) is sitting out
Seat 1: xcinaz ($119.16 in chips) 
Seat 2: sta$igk ($100 in chips) 
Seat 3: CashfishT ($109.08 in chips) 
Seat 4: b2k-Snick ($116.04 in chips) 
Seat 5: Corsair444 ($95.12 in chips) 
xcinaz: posts small blind $0.50
sta$igk: posts big blind $1
*** HOLE CARDS ***
CashfishT: raises $1.20 to $2.20
b2k-Snick: folds 
Corsair444: folds 
xcinaz: folds 
sta$igk: folds 
Uncalled bet ($1.20) returned to CashfishT
CashfishT collected $2.50 from pot
CashfishT: doesn't show hand 
*** SUMMARY ***
Total pot $2.50 | Rake $0 
Seat 6: Felipe$Andre
Seat 1: xcinaz (small blind) folded before Flop
Seat 2: sta$igk (big blind) folded before Flop
Seat 3: CashfishT collected ($2.50)
Seat 4: b2k-Snick folded before Flop (didn't bet)
Seat 5: Corsair444 (button) folded before Flop (didn't bet)



PokerStars Hand #254731968168:  Hold'em No Limit ($0.50/$1.00 USD) - 2025/02/06 11:08:33 WET [2025/02/06 6:08:33 ET]
Table 'Elpis II' 6-max Seat #1 is the button
Seat 6: Felipe$Andre ($126.14 in chips) is sitting out
Seat 1: xcinaz ($118.66 in chips) 
Seat 2: sta$igk ($100 in chips) 
Seat 3: CashfishT ($110.58 in chips) 
Seat 4: b2k-Snick ($116.04 in chips) 
Seat 5: Corsair444 ($95.12 in chips) 
sta$igk: posts small blind $0.50
CashfishT: posts big blind $1
*** HOLE CARDS ***
b2k-Snick: folds 
Corsair444: raises $1 to $2
xcinaz: folds 
sta$igk: folds 
CashfishT: folds 
Uncalled bet ($1) returned to Corsair444
Corsair444 collected $2.50 from pot
Corsair444: doesn't show hand 
*** SUMMARY ***
Total pot $2.50 | Rake $0 
Seat 6: Felipe$Andre
Seat 1: xcinaz (button) folded before Flop (didn't bet)
Seat 2: sta$igk (small blind) folded before Flop
Seat 3: CashfishT (big blind) folded before Flop
Seat 4: b2k-Snick folded before Flop (didn't bet)
Seat 5: Corsair444 collected ($2.50)



PokerStars Hand #254731969900:  Hold'em No Limit ($0.50/$1.00 USD) - 2025/02/06 11:08:48 WET [2025/02/06 6:08:48 ET]
Table 'Elpis II' 6-max Seat #2 is the button
Seat 6: Felipe$Andre ($126.14 in chips) is sitting out
Seat 1: xcinaz ($118.66 in chips) 
Seat 2: sta$igk ($100 in chips) 
Seat 3: CashfishT ($109.58 in chips) 
Seat 4: b2k-Snick ($116.04 in chips) 
Seat 5: Corsair444 ($96.62 in chips) 
CashfishT: posts small blind $0.50
b2k-Snick: posts big blind $1
*** HOLE CARDS ***
Corsair444: folds 
xcinaz: folds 
sta$igk: folds 
CashfishT: folds 
Uncalled bet ($0.50) returned to b2k-Snick
b2k-Snick collected $1 from pot
b2k-Snick: doesn't show hand 
*** SUMMARY ***
Total pot $1 | Rake $0 
Seat 6: Felipe$Andre
Seat 1: xcinaz folded before Flop (didn't bet)
Seat 2: sta$igk (button) folded before Flop (didn't bet)
Seat 3: CashfishT (small blind) folded before Flop
Seat 4: b2k-Snick (big blind) collected ($1)
Seat 5: Corsair444 folded before Flop (didn't bet)



PokerStars Hand #254731972068:  Hold'em No Limit ($0.50/$1.00 USD) - 2025/02/06 11:09:06 WET [2025/02/06 6:09:06 ET]
Table 'Elpis II' 6-max Seat #3 is the button
Seat 6: Felipe$Andre ($126.14 in chips) is sitting out
Seat 1: xcinaz ($118.66 in chips) 
Seat 2: sta$igk ($100 in chips) 
Seat 3: CashfishT ($109.08 in chips) 
Seat 4: b2k-Snick ($116.54 in chips) 
Seat 5: Corsair444 ($96.62 in chips) 
b2k-Snick: posts small blind $0.50
Corsair444: posts big blind $1
*** HOLE CARDS ***
xcinaz: folds 
sta$igk: raises $1.50 to $2.50
CashfishT: folds 
b2k-Snick: raises $9.50 to $12
Corsair444: folds 
sta$igk: raises $14 to $26
b2k-Snick: folds 
Uncalled bet ($14) returned to sta$igk
sta$igk collected $25 from pot
sta$igk: doesn't show hand 
*** SUMMARY ***
Total pot $25 | Rake $0 
Seat 6: Felipe$Andre
Seat 1: xcinaz folded before Flop (didn't bet)
Seat 2: sta$igk collected ($25)
Seat 3: CashfishT (button) folded before Flop (didn't bet)
Seat 4: b2k-Snick (small blind) folded before Flop
Seat 5: Corsair444 (big blind) folded before Flop



PokerStars Hand #254731975198:  Hold'em No Limit ($0.50/$1.00 USD) - 2025/02/06 11:09:33 WET [2025/02/06 6:09:33 ET]
Table 'Elpis II' 6-max Seat #4 is the button
Seat 6: Felipe$Andre ($126.14 in chips) is sitting out
Seat 1: xcinaz ($118.66 in chips) 
Seat 2: sta$igk ($113 in chips) 
Seat 3: CashfishT ($109.08 in chips) 
Seat 4: b2k-Snick ($104.54 in chips) 
Seat 5: Corsair444 ($95.62 in chips) 
Corsair444: posts small blind $0.50
xcinaz: posts big blind $1
*** HOLE CARDS ***
sta$igk: folds 
CashfishT: folds 
b2k-Snick: folds 
Corsair444: folds 
Uncalled bet ($0.50) returned to xcinaz
xcinaz collected $1 from pot
xcinaz: doesn't show hand 
*** SUMMARY ***
Total pot $1 | Rake $0 
Seat 6: Felipe$Andre
Seat 1: xcinaz (big blind) collected ($1)
Seat 2: sta$igk folded before Flop (didn't bet)
Seat 3: CashfishT folded before Flop (didn't bet)
Seat 4: b2k-Snick (button) folded before Flop (didn't bet)
Seat 5: Corsair444 (small blind) folded before Flop



PokerStars Hand #254731976565:  Hold'em No Limit ($0.50/$1.00 USD) - 2025/02/06 11:09:45 WET [2025/02/06 6:09:45 ET]
Table 'Elpis II' 6-max Seat #5 is the button
Seat 6: Felipe$Andre ($126.14 in chips) is sitting out
Seat 1: xcinaz ($119.16 in chips) 
Seat 2: sta$igk ($113 in chips) 
Seat 3: CashfishT ($109.08 in chips) 
Seat 4: b2k-Snick ($104.54 in chips) 
Seat 5: Corsair444 ($95.12 in chips) 
xcinaz: posts small blind $0.50
sta$igk: posts big blind $1
*** HOLE CARDS ***
CashfishT: raises $1.20 to $2.20
b2k-Snick: folds 
Corsair444: folds 
xcinaz: raises $9.30 to $11.50
sta$igk: folds 
CashfishT: folds 
Uncalled bet ($9.30) returned to xcinaz
xcinaz collected $5.40 from pot
xcinaz: doesn't show hand 
*** SUMMARY ***
Total pot $5.40 | Rake $0 
Seat 6: Felipe$Andre
Seat 1: xcinaz (small blind) collected ($5.40)
Seat 2: sta$igk (big blind) folded before Flop
Seat 3: CashfishT folded before Flop
Seat 4: b2k-Snick folded before Flop (didn't bet)
Seat 5: Corsair444 (button) folded before Flop (didn't bet)



PokerStars Hand #254731979521:  Hold'em No Limit ($0.50/$1.00 USD) - 2025/02/06 11:10:10 WET [2025/02/06 6:10:10 ET]
Table 'Elpis II' 6-max Seat #1 is the button
Seat 6: Felipe$Andre ($126.14 in chips) is sitting out
Seat 1: xcinaz ($122.36 in chips) 
Seat 2: sta$igk ($112 in chips) 
Seat 3: CashfishT ($106.88 in chips) 
Seat 4: b2k-Snick ($104.54 in chips) 
Seat 5: Corsair444 ($95.12 in chips) 
sta$igk: posts small blind $0.50
CashfishT: posts big blind $1
*** HOLE CARDS ***
b2k-Snick: folds 
Corsair444: folds 
xcinaz: folds 
sta$igk: raises $2 to $3
CashfishT: folds 
Uncalled bet ($2) returned to sta$igk
sta$igk collected $2 from pot
sta$igk: doesn't show hand 
*** SUMMARY ***
Total pot $2 | Rake $0 
Seat 6: Felipe$Andre
Seat 1: xcinaz (button) folded before Flop (didn't bet)
Seat 2: sta$igk (small blind) collected ($2)
Seat 3: CashfishT (big blind) folded before Flop
Seat 4: b2k-Snick folded before Flop (didn't bet)
Seat 5: Corsair444 folded before Flop (didn't bet)



PokerStars Hand #254731980875:  Hold'em No Limit ($0.50/$1.00 USD) - 2025/02/06 11:10:21 WET [2025/02/06 6:10:21 ET]
Table 'Elpis II' 6-max Seat #2 is the button
Seat 6: Felipe$Andre ($126.14 in chips) is sitting out
Seat 1: xcinaz ($122.36 in chips) 
Seat 2: sta$igk ($113 in chips) 
Seat 3: CashfishT ($105.88 in chips) 
Seat 4: b2k-Snick ($104.54 in chips) 
Seat 5: Corsair444 ($95.12 in chips) 
CashfishT: posts small blind $0.50
b2k-Snick: posts big blind $1
*** HOLE CARDS ***
Corsair444: folds 
xcinaz: raises $1.20 to $2.20
sta$igk: raises $5.30 to $7.50
CashfishT: folds 
b2k-Snick: folds 
xcinaz: folds 
Uncalled bet ($5.30) returned to sta$igk
sta$igk collected $5.90 from pot
sta$igk: doesn't show hand 
*** SUMMARY ***
Total pot $5.90 | Rake $0 
Seat 6: Felipe$Andre
Seat 1: xcinaz folded before Flop
Seat 2: sta$igk (button) collected ($5.90)
Seat 3: CashfishT (small blind) folded before Flop
Seat 4: b2k-Snick (big blind) folded before Flop
Seat 5: Corsair444 folded before Flop (didn't bet)



PokerStars Hand #254731983332:  Hold'em No Limit ($0.50/$1.00 USD) - 2025/02/06 11:10:42 WET [2025/02/06 6:10:42 ET]
Table 'Elpis II' 6-max Seat #3 is the button
Seat 6: Felipe$Andre ($126.14 in chips) is sitting out
Seat 1: xcinaz ($120.16 in chips) 
Seat 2: sta$igk ($116.70 in chips) 
Seat 3: CashfishT ($105.38 in chips) 
Seat 4: b2k-Snick ($103.54 in chips) 
Seat 5: Corsair444 ($95.12 in chips) 
b2k-Snick: posts small blind $0.50
Corsair444: posts big blind $1
*** HOLE CARDS ***
xcinaz: folds 
sta$igk: folds 
CashfishT: raises $1.20 to $2.20
b2k-Snick: folds 
Corsair444: calls $1.20
*** FLOP *** [Qc 5d Kc]
Corsair444: checks 
CashfishT: bets $1.54
Corsair444: raises $1.54 to $3.08
CashfishT: folds 
Uncalled bet ($1.54) returned to Corsair444
Corsair444 collected $7.58 from pot
Corsair444: doesn't show hand 
*** SUMMARY ***
Total pot $7.98 | Rake $0.40 
Board [Qc 5d Kc]
Seat 6: Felipe$Andre
Seat 1: xcinaz folded before Flop (didn't bet)
Seat 2: sta$igk folded before Flop (didn't bet)
Seat 3: CashfishT (button) folded on the Flop
Seat 4: b2k-Snick (small blind) folded before Flop
Seat 5: Corsair444 (big blind) collected ($7.58)



PokerStars Hand #254731988244:  Hold'em No Limit ($0.50/$1.00 USD) - 2025/02/06 11:11:24 WET [2025/02/06 6:11:24 ET]
Table 'Elpis II' 6-max Seat #4 is the button
Seat 6: Felipe$Andre ($126.14 in chips) is sitting out
Seat 1: xcinaz ($120.16 in chips) 
Seat 2: sta$igk ($116.70 in chips) 
Seat 3: CashfishT ($101.64 in chips) 
Seat 4: b2k-Snick ($103.04 in chips) 
Seat 5: Corsair444 ($98.96 in chips) 
Corsair444: posts small blind $0.50
xcinaz: posts big blind $1
*** HOLE CARDS ***
sta$igk: folds 
CashfishT: folds 
b2k-Snick: folds 
Corsair444: folds 
Uncalled bet ($0.50) returned to xcinaz
xcinaz collected $1 from pot
xcinaz: doesn't show hand 
*** SUMMARY ***
Total pot $1 | Rake $0 
Seat 6: Felipe$Andre
Seat 1: xcinaz (big blind) collected ($1)
Seat 2: sta$igk folded before Flop (didn't bet)
Seat 3: CashfishT folded before Flop (didn't bet)
Seat 4: b2k-Snick (button) folded before Flop (didn't bet)
Seat 5: Corsair444 (small blind) folded before Flop



PokerStars Hand #254731990265:  Hold'em No Limit ($0.50/$1.00 USD) - 2025/02/06 11:11:41 WET [2025/02/06 6:11:41 ET]
Table 'Elpis II' 6-max Seat #5 is the button
Seat 6: Felipe$Andre ($126.14 in chips) is sitting out
Seat 1: xcinaz ($120.66 in chips) 
Seat 2: sta$igk ($116.70 in chips) 
Seat 3: CashfishT ($101.64 in chips) 
Seat 4: b2k-Snick ($103.04 in chips) 
Seat 5: Corsair444 ($98.46 in chips) 
xcinaz: posts small blind $0.50
sta$igk: posts big blind $1
*** HOLE CARDS ***
CashfishT: raises $1.20 to $2.20
b2k-Snick: folds 
Corsair444: calls $2.20
xcinaz: folds 
sta$igk: folds 
*** FLOP *** [8h Kh Ac]
CashfishT: bets $1.85
Corsair444: raises $1.85 to $3.70
CashfishT: calls $1.85
*** TURN *** [8h Kh Ac] [As]
CashfishT: checks 
Corsair444: bets $6.32
CashfishT: raises $18.96 to $25.28
Corsair444: folds 
Uncalled bet ($18.96) returned to CashfishT
CashfishT collected $24.64 from pot
CashfishT: doesn't show hand 
*** SUMMARY ***
Total pot $25.94 | Rake $1.30 
Board [8h Kh Ac As]
Seat 6: Felipe$Andre
Seat 1: xcinaz (small blind) folded before Flop
Seat 2: sta$igk (big blind) folded before Flop
Seat 3: CashfishT collected ($24.64)
Seat 4: b2k-Snick folded before Flop (didn't bet)
Seat 5: Corsair444 (button) folded on the Turn



PokerStars Hand #254731998192:  Hold'em No Limit ($0.50/$1.00 USD) - 2025/02/06 11:12:47 WET [2025/02/06 6:12:47 ET]
Table 'Elpis II' 6-max Seat #1 is the button
Seat 6: Felipe$Andre ($126.14 in chips) is sitting out
Seat 1: xcinaz ($120.16 in chips) 
Seat 2: sta$igk ($115.70 in chips) 
Seat 3: CashfishT ($114.06 in chips) 
Seat 4: b2k-Snick ($103.04 in chips) 
Seat 5: Corsair444 ($86.24 in chips) 
sta$igk: posts small blind $0.50
CashfishT: posts big blind $1
Felipe$Andre: sits out 
*** HOLE CARDS ***
b2k-Snick: raises $1.10 to $2.10
Corsair444: folds 
xcinaz: folds 
sta$igk: folds 
CashfishT: folds 
Uncalled bet ($1.10) returned to b2k-Snick
b2k-Snick collected $2.50 from pot
b2k-Snick: doesn't show hand 
*** SUMMARY ***
Total pot $2.50 | Rake $0 
Seat 6: Felipe$Andre
Seat 1: xcinaz (button) folded before Flop (didn't bet)
Seat 2: sta$igk (small blind) folded before Flop
Seat 3: CashfishT (big blind) folded before Flop
Seat 4: b2k-Snick collected ($2.50)
Seat 5: Corsair444 folded before Flop (didn't bet)



PokerStars Hand #254732000044:  Hold'em No Limit ($0.50/$1.00 USD) - 2025/02/06 11:13:02 WET [2025/02/06 6:13:02 ET]
Table 'Elpis II' 6-max Seat #2 is the button
Seat 6: Felipe$Andre ($126.14 in chips) is sitting out
Seat 1: xcinaz ($120.16 in chips) 
Seat 2: sta$igk ($115.20 in chips) 
Seat 3: CashfishT ($113.06 in chips) 
Seat 4: b2k-Snick ($104.54 in chips) 
Seat 5: Corsair444 ($86.24 in chips) 
CashfishT: posts small blind $0.50
b2k-Snick: posts big blind $1
Felipe$Andre: sits out 
*** HOLE CARDS ***
Corsair444: calls $1
xcinaz: folds 
sta$igk: folds 
CashfishT: folds 
b2k-Snick: checks 
*** FLOP *** [Js 3s 2h]
b2k-Snick: checks 
Corsair444: bets $2.38
b2k-Snick: raises $4.62 to $7
Corsair444: folds 
Uncalled bet ($4.62) returned to b2k-Snick
b2k-Snick collected $6.90 from pot
b2k-Snick: doesn't show hand 
*** SUMMARY ***
Total pot $7.26 | Rake $0.36 
Board [Js 3s 2h]
Seat 6: Felipe$Andre
Seat 1: xcinaz folded before Flop (didn't bet)
Seat 2: sta$igk (button) folded before Flop (didn't bet)
Seat 3: CashfishT (small blind) folded before Flop
Seat 4: b2k-Snick (big blind) collected ($6.90)
Seat 5: Corsair444 folded on the Flop



PokerStars Hand #254732005158:  Hold'em No Limit ($0.50/$1.00 USD) - 2025/02/06 11:13:45 WET [2025/02/06 6:13:45 ET]
Table 'Elpis II' 6-max Seat #3 is the button
Seat 6: Felipe$Andre ($126.14 in chips) is sitting out
Seat 1: xcinaz ($120.16 in chips) 
Seat 2: sta$igk ($115.20 in chips) 
Seat 3: CashfishT ($112.56 in chips) 
Seat 4: b2k-Snick ($108.06 in chips) 
Seat 5: Corsair444 ($82.86 in chips) 
b2k-Snick: posts small blind $0.50
Corsair444: posts big blind $1
Felipe$Andre: sits out 
*** HOLE CARDS ***
xcinaz: folds 
sta$igk: folds 
CashfishT: raises $1.20 to $2.20
b2k-Snick: raises $9.80 to $12
Corsair444: folds 
CashfishT: folds 
Uncalled bet ($9.80) returned to b2k-Snick
b2k-Snick collected $5.40 from pot
b2k-Snick: doesn't show hand 
*** SUMMARY ***
Total pot $5.40 | Rake $0 
Seat 6: Felipe$Andre
Seat 1: xcinaz folded before Flop (didn't bet)
Seat 2: sta$igk folded before Flop (didn't bet)
Seat 3: CashfishT (button) folded before Flop
Seat 4: b2k-Snick (small blind) collected ($5.40)
Seat 5: Corsair444 (big blind) folded before Flop



PokerStars Hand #254732006965:  Hold'em No Limit ($0.50/$1.00 USD) - 2025/02/06 11:14:01 WET [2025/02/06 6:14:01 ET]
Table 'Elpis II' 6-max Seat #4 is the button
Seat 1: xcinaz ($120.16 in chips) 
Seat 2: sta$igk ($115.20 in chips) 
Seat 3: CashfishT ($110.36 in chips) 
Seat 4: b2k-Snick ($111.26 in chips) 
Seat 5: Corsair444 ($81.86 in chips) 
Seat 6: Felipe$Andre ($126.14 in chips) 
Corsair444: posts small blind $0.50
Felipe$Andre: posts big blind $1
*** HOLE CARDS ***
xcinaz: folds 
sta$igk: raises $1.50 to $2.50
CashfishT: folds 
b2k-Snick: folds 
Corsair444: folds 
Felipe$Andre: calls $1.50
*** FLOP *** [Jh 4d Ts]
Felipe$Andre: checks 
sta$igk: bets $3.92
Felipe$Andre: folds 
Uncalled bet ($3.92) returned to sta$igk
sta$igk collected $5.22 from pot
sta$igk: doesn't show hand 
*** SUMMARY ***
Total pot $5.50 | Rake $0.28 
Board [Jh 4d Ts]
Seat 1: xcinaz folded before Flop (didn't bet)
Seat 2: sta$igk collected ($5.22)
Seat 3: CashfishT folded before Flop (didn't bet)
Seat 4: b2k-Snick (button) folded before Flop (didn't bet)
Seat 5: Corsair444 (small blind) folded before Flop
Seat 6: Felipe$Andre (big blind) folded on the Flop



PokerStars Hand #254732011738:  Hold'em No Limit ($0.50/$1.00 USD) - 2025/02/06 11:14:40 WET [2025/02/06 6:14:40 ET]
Table 'Elpis II' 6-max Seat #5 is the button
Seat 1: xcinaz ($120.16 in chips) 
Seat 2: sta$igk ($117.92 in chips) 
Seat 3: CashfishT ($110.36 in chips) 
Seat 4: b2k-Snick ($111.26 in chips) 
Seat 5: Corsair444 ($81.36 in chips) 
Seat 6: Felipe$Andre ($123.64 in chips) 
Felipe$Andre: posts small blind $0.50
xcinaz: posts big blind $1
*** HOLE CARDS ***
sta$igk: folds 
CashfishT: folds 
b2k-Snick: raises $1.50 to $2.50
Corsair444: folds 
Felipe$Andre: folds 
xcinaz: calls $1.50
*** FLOP *** [Ac 8c 7h]
xcinaz: checks 
b2k-Snick: bets $1.72
xcinaz: folds 
Uncalled bet ($1.72) returned to b2k-Snick
b2k-Snick collected $5.22 from pot
b2k-Snick: doesn't show hand 
*** SUMMARY ***
Total pot $5.50 | Rake $0.28 
Board [Ac 8c 7h]
Seat 1: xcinaz (big blind) folded on the Flop
Seat 2: sta$igk folded before Flop (didn't bet)
Seat 3: CashfishT folded before Flop (didn't bet)
Seat 4: b2k-Snick collected ($5.22)
Seat 5: Corsair444 (button) folded before Flop (didn't bet)
Seat 6: Felipe$Andre (small blind) folded before Flop



PokerStars Hand #254732017358:  Hold'em No Limit ($0.50/$1.00 USD) - 2025/02/06 11:15:27 WET [2025/02/06 6:15:27 ET]
Table 'Elpis II' 6-max Seat #6 is the button
Seat 1: xcinaz ($117.66 in chips) 
Seat 2: sta$igk ($117.92 in chips) 
Seat 3: CashfishT ($110.36 in chips) 
Seat 4: b2k-Snick ($113.98 in chips) 
Seat 5: Corsair444 ($81.36 in chips) 
Seat 6: Felipe$Andre ($123.14 in chips) 
xcinaz: posts small blind $0.50
sta$igk: posts big blind $1
*** HOLE CARDS ***
CashfishT: folds 
b2k-Snick: folds 
Corsair444: raises $1 to $2
Felipe$Andre: folds 
xcinaz: folds 
sta$igk: raises $9 to $11
Corsair444: raises $9 to $20
sta$igk: calls $9
*** FLOP *** [Td 6d 9s]
sta$igk: checks 
Corsair444: bets $38.48
sta$igk: folds 
Uncalled bet ($38.48) returned to Corsair444
Corsair444 collected $38.48 from pot
Corsair444: doesn't show hand 
*** SUMMARY ***
Total pot $40.50 | Rake $2.02 
Board [Td 6d 9s]
Seat 1: xcinaz (small blind) folded before Flop
Seat 2: sta$igk (big blind) folded on the Flop
Seat 3: CashfishT folded before Flop (didn't bet)
Seat 4: b2k-Snick folded before Flop (didn't bet)
Seat 5: Corsair444 collected ($38.48)
Seat 6: Felipe$Andre (button) folded before Flop (didn't bet)



PokerStars Hand #254732024344:  Hold'em No Limit ($0.50/$1.00 USD) - 2025/02/06 11:16:25 WET [2025/02/06 6:16:25 ET]
Table 'Elpis II' 6-max Seat #1 is the button
Seat 1: xcinaz ($117.16 in chips) 
Seat 2: sta$igk ($100 in chips) 
Seat 3: CashfishT ($110.36 in chips) 
Seat 4: b2k-Snick ($113.98 in chips) 
Seat 5: Corsair444 ($99.84 in chips) 
Seat 6: Felipe$Andre ($123.14 in chips) 
sta$igk: posts small blind $0.50
CashfishT: posts big blind $1
*** HOLE CARDS ***
b2k-Snick: folds 
Corsair444: calls $1
Felipe$Andre: folds 
xcinaz: folds 
sta$igk: folds 
CashfishT: checks 
*** FLOP *** [8s 9h 9d]
CashfishT: checks 
Corsair444: checks 
*** TURN *** [8s 9h 9d] [Ts]
CashfishT: checks 
Corsair444: bets $2.38
CashfishT: folds 
Uncalled bet ($2.38) returned to Corsair444
Corsair444 collected $2.38 from pot
Corsair444: doesn't show hand 
*** SUMMARY ***
Total pot $2.50 | Rake $0.12 
Board [8s 9h 9d Ts]
Seat 1: xcinaz (button) folded before Flop (didn't bet)
Seat 2: sta$igk (small blind) folded before Flop
Seat 3: CashfishT (big blind) folded on the Turn
Seat 4: b2k-Snick folded before Flop (didn't bet)
Seat 5: Corsair444 collected ($2.38)
Seat 6: Felipe$Andre folded before Flop (didn't bet)



PokerStars Hand #254732028871:  Hold'em No Limit ($0.50/$1.00 USD) - 2025/02/06 11:17:04 WET [2025/02/06 6:17:04 ET]
Table 'Elpis II' 6-max Seat #2 is the button
Seat 1: xcinaz ($117.16 in chips) 
Seat 2: sta$igk ($100 in chips) 
Seat 3: CashfishT ($109.36 in chips) 
Seat 4: b2k-Snick ($113.98 in chips) 
Seat 5: Corsair444 ($101.22 in chips) 
Seat 6: Felipe$Andre ($123.14 in chips) 
CashfishT: posts small blind $0.50
b2k-Snick: posts big blind $1
*** HOLE CARDS ***
Corsair444: folds 
Felipe$Andre: folds 
xcinaz: folds 
sta$igk: folds 
CashfishT: folds 
Uncalled bet ($0.50) returned to b2k-Snick
b2k-Snick collected $1 from pot
b2k-Snick: doesn't show hand 
*** SUMMARY ***
Total pot $1 | Rake $0 
Seat 1: xcinaz folded before Flop (didn't bet)
Seat 2: sta$igk (button) folded before Flop (didn't bet)
Seat 3: CashfishT (small blind) folded before Flop
Seat 4: b2k-Snick (big blind) collected ($1)
Seat 5: Corsair444 folded before Flop (didn't bet)
Seat 6: Felipe$Andre folded before Flop (didn't bet)



PokerStars Hand #254732030626:  Hold'em No Limit ($0.50/$1.00 USD) - 2025/02/06 11:17:19 WET [2025/02/06 6:17:19 ET]
Table 'Elpis II' 6-max Seat #3 is the button
Seat 1: xcinaz ($117.16 in chips) 
Seat 2: sta$igk ($100 in chips) 
Seat 3: CashfishT ($108.86 in chips) 
Seat 4: b2k-Snick ($114.48 in chips) 
Seat 5: Corsair444 ($101.22 in chips) 
Seat 6: Felipe$Andre ($123.14 in chips) 
b2k-Snick: posts small blind $0.50
Corsair444: posts big blind $1
*** HOLE CARDS ***
Felipe$Andre: folds 
xcinaz: folds 
sta$igk: folds 
CashfishT: folds 
b2k-Snick: raises $2 to $3
Corsair444: folds 
Uncalled bet ($2) returned to b2k-Snick
b2k-Snick collected $2 from pot
b2k-Snick: doesn't show hand 
*** SUMMARY ***
Total pot $2 | Rake $0 
Seat 1: xcinaz folded before Flop (didn't bet)
Seat 2: sta$igk folded before Flop (didn't bet)
Seat 3: CashfishT (button) folded before Flop (didn't bet)
Seat 4: b2k-Snick (small blind) collected ($2)
Seat 5: Corsair444 (big blind) folded before Flop
Seat 6: Felipe$Andre folded before Flop (didn't bet)



PokerStars Hand #254732033286:  Hold'em No Limit ($0.50/$1.00 USD) - 2025/02/06 11:17:42 WET [2025/02/06 6:17:42 ET]
Table 'Elpis II' 6-max Seat #4 is the button
Seat 1: xcinaz ($117.16 in chips) 
Seat 2: sta$igk ($100 in chips) 
Seat 3: CashfishT ($108.86 in chips) 
Seat 4: b2k-Snick ($115.48 in chips) 
Seat 5: Corsair444 ($100.22 in chips) 
Seat 6: Felipe$Andre ($123.14 in chips) 
Corsair444: posts small blind $0.50
Felipe$Andre: posts big blind $1
*** HOLE CARDS ***
xcinaz: folds 
sta$igk: raises $1.50 to $2.50
CashfishT: folds 
b2k-Snick: folds 
Corsair444: folds 
Felipe$Andre: calls $1.50
*** FLOP *** [5s 6d 3s]
Felipe$Andre: bets $1.31
sta$igk: calls $1.31
*** TURN *** [5s 6d 3s] [6c]
Felipe$Andre: bets $3.86
sta$igk: calls $3.86
*** RIVER *** [5s 6d 3s 6c] [Jc]
Felipe$Andre: bets $22.65
sta$igk: folds 
Uncalled bet ($22.65) returned to Felipe$Andre
Felipe$Andre collected $15.05 from pot
Felipe$Andre: doesn't show hand 
*** SUMMARY ***
Total pot $15.84 | Rake $0.79 
Board [5s 6d 3s 6c Jc]
Seat 1: xcinaz folded before Flop (didn't bet)
Seat 2: sta$igk folded on the River
Seat 3: CashfishT folded before Flop (didn't bet)
Seat 4: b2k-Snick (button) folded before Flop (didn't bet)
Seat 5: Corsair444 (small blind) folded before Flop
Seat 6: Felipe$Andre (big blind) collected ($15.05)



PokerStars Hand #254732046591:  Hold'em No Limit ($0.50/$1.00 USD) - 2025/02/06 11:19:34 WET [2025/02/06 6:19:34 ET]
Table 'Elpis II' 6-max Seat #5 is the button
Seat 1: xcinaz ($117.16 in chips) 
Seat 2: sta$igk ($100 in chips) 
Seat 3: CashfishT ($108.86 in chips) 
Seat 4: b2k-Snick ($115.48 in chips) 
Seat 5: Corsair444 ($99.72 in chips) 
Seat 6: Felipe$Andre ($130.52 in chips) 
Felipe$Andre: posts small blind $0.50
xcinaz: posts big blind $1
*** HOLE CARDS ***
sta$igk: folds 
CashfishT: folds 
b2k-Snick: folds 
Corsair444: raises $1 to $2
Felipe$Andre: folds 
xcinaz: calls $1
*** FLOP *** [Jc 2h 8h]
xcinaz: checks 
Corsair444: checks 
*** TURN *** [Jc 2h 8h] [Ah]
xcinaz: checks 
Corsair444: checks 
*** RIVER *** [Jc 2h 8h Ah] [5c]
xcinaz: checks 
Corsair444: checks 
*** SHOW DOWN ***
xcinaz: shows [4d 4c] (a pair of Fours)
Corsair444: mucks hand 
xcinaz collected $4.28 from pot
*** SUMMARY ***
Total pot $4.50 | Rake $0.22 
Board [Jc 2h 8h Ah 5c]
Seat 1: xcinaz (big blind) showed [4d 4c] and won ($4.28) with a pair of Fours
Seat 2: sta$igk folded before Flop (didn't bet)
Seat 3: CashfishT folded before Flop (didn't bet)
Seat 4: b2k-Snick folded before Flop (didn't bet)
Seat 5: Corsair444 (button) mucked
Seat 6: Felipe$Andre (small blind) folded before Flop



PokerStars Hand #254732053688:  Hold'em No Limit ($0.50/$1.00 USD) - 2025/02/06 11:20:33 WET [2025/02/06 6:20:33 ET]
Table 'Elpis II' 6-max Seat #6 is the button
Seat 1: xcinaz ($119.44 in chips) 
Seat 2: sta$igk ($100 in chips) 
Seat 3: CashfishT ($108.86 in chips) 
Seat 4: b2k-Snick ($115.48 in chips) 
Seat 5: Corsair444 ($97.72 in chips) 
Seat 6: Felipe$Andre ($130.02 in chips) 
xcinaz: posts small blind $0.50
sta$igk: posts big blind $1
*** HOLE CARDS ***
CashfishT: folds 
b2k-Snick: folds 
Corsair444: folds 
Felipe$Andre: raises $1.50 to $2.50
xcinaz: folds 
sta$igk: raises $9.50 to $12
Felipe$Andre: calls $9.50
*** FLOP *** [3d 8h 6h]
sta$igk: checks 
Felipe$Andre: bets $5.83
sta$igk: raises $26.21 to $32.04
Felipe$Andre: calls $26.21
*** TURN *** [3d 8h 6h] [5s]
sta$igk: bets $55.96 and is all-in
Felipe$Andre: calls $55.96
*** RIVER *** [3d 8h 6h 5s] [9d]
*** SHOW DOWN ***
sta$igk: shows [Ts Tc] (a pair of Tens)
Felipe$Andre: shows [7h 7c] (a straight, Five to Nine)
Felipe$Andre collected $198 from pot
*** SUMMARY ***
Total pot $200.50 | Rake $2.50 
Board [3d 8h 6h 5s 9d]
Seat 1: xcinaz (small blind) folded before Flop
Seat 2: sta$igk (big blind) showed [Ts Tc] and lost with a pair of Tens
Seat 3: CashfishT folded before Flop (didn't bet)
Seat 4: b2k-Snick folded before Flop (didn't bet)
Seat 5: Corsair444 folded before Flop (didn't bet)
Seat 6: Felipe$Andre (button) showed [7h 7c] and won ($198) with a straight, Five to Nine



PokerStars Hand #254732065903:  Hold'em No Limit ($0.50/$1.00 USD) - 2025/02/06 11:22:14 WET [2025/02/06 6:22:14 ET]
Table 'Elpis II' 6-max Seat #1 is the button
Seat 1: xcinaz ($118.94 in chips) 
Seat 2: sta$igk ($100 in chips) 
Seat 3: CashfishT ($108.86 in chips) 
Seat 4: b2k-Snick ($115.48 in chips) 
Seat 5: Corsair444 ($97.72 in chips) 
Seat 6: Felipe$Andre ($228.02 in chips) 
sta$igk: posts small blind $0.50
CashfishT: posts big blind $1
*** HOLE CARDS ***
b2k-Snick: folds 
Corsair444: folds 
Felipe$Andre: folds 
xcinaz: folds 
sta$igk: raises $2 to $3
CashfishT: calls $2
*** FLOP *** [4d 2h Js]
sta$igk: bets $1.88
CashfishT: raises $4.73 to $6.61
sta$igk: folds 
Uncalled bet ($4.73) returned to CashfishT
CashfishT collected $9.27 from pot
CashfishT: doesn't show hand 
*** SUMMARY ***
Total pot $9.76 | Rake $0.49 
Board [4d 2h Js]
Seat 1: xcinaz (button) folded before Flop (didn't bet)
Seat 2: sta$igk (small blind) folded on the Flop
Seat 3: CashfishT (big blind) collected ($9.27)
Seat 4: b2k-Snick folded before Flop (didn't bet)
Seat 5: Corsair444 folded before Flop (didn't bet)
Seat 6: Felipe$Andre folded before Flop (didn't bet)



PokerStars Hand #254732071236:  Hold'em No Limit ($0.50/$1.00 USD) - 2025/02/06 11:22:58 WET [2025/02/06 6:22:58 ET]
Table 'Elpis II' 6-max Seat #2 is the button
Seat 1: xcinaz ($118.94 in chips) 
Seat 2: sta$igk ($100 in chips) 
Seat 3: CashfishT ($113.25 in chips) 
Seat 4: b2k-Snick ($115.48 in chips) 
Seat 5: Corsair444 ($97.72 in chips) 
Seat 6: Felipe$Andre ($228.02 in chips) 
CashfishT: posts small blind $0.50
b2k-Snick: posts big blind $1
*** HOLE CARDS ***
Corsair444: folds 
Felipe$Andre: folds 
xcinaz: folds 
sta$igk: folds 
CashfishT: folds 
Uncalled bet ($0.50) returned to b2k-Snick
b2k-Snick collected $1 from pot
b2k-Snick: doesn't show hand 
*** SUMMARY ***
Total pot $1 | Rake $0 
Seat 1: xcinaz folded before Flop (didn't bet)
Seat 2: sta$igk (button) folded before Flop (didn't bet)
Seat 3: CashfishT (small blind) folded before Flop
Seat 4: b2k-Snick (big blind) collected ($1)
Seat 5: Corsair444 folded before Flop (didn't bet)
Seat 6: Felipe$Andre folded before Flop (didn't bet)



PokerStars Hand #254732093901:  Hold'em No Limit ($0.50/$1.00 USD) - 2025/02/06 11:26:07 WET [2025/02/06 6:26:07 ET]
Table 'Elpis II' 6-max Seat #2 is the button
Seat 1: xcinaz ($118.94 in chips) 
Seat 2: sta$igk ($100 in chips) 
Seat 3: CashfishT ($116.82 in chips) 
Seat 4: b2k-Snick ($111.43 in chips) 
Seat 5: Corsair444 ($108.80 in chips) 
Seat 6: Felipe$Andre ($215.62 in chips) 
CashfishT: posts small blind $0.50
b2k-Snick: posts big blind $1
*** HOLE CARDS ***
Corsair444: raises $1 to $2
Felipe$Andre: folds 
xcinaz: folds 
sta$igk: folds 
CashfishT: folds 
b2k-Snick: folds 
Uncalled bet ($1) returned to Corsair444
Corsair444 collected $2.50 from pot
Corsair444: doesn't show hand 
*** SUMMARY ***
Total pot $2.50 | Rake $0 
Seat 1: xcinaz folded before Flop (didn't bet)
Seat 2: sta$igk (button) folded before Flop (didn't bet)
Seat 3: CashfishT (small blind) folded before Flop
Seat 4: b2k-Snick (big blind) folded before Flop
Seat 5: Corsair444 collected ($2.50)
Seat 6: Felipe$Andre folded before Flop (didn't bet)



PokerStars Hand #254732097483:  Hold'em No Limit ($0.50/$1.00 USD) - 2025/02/06 11:26:37 WET [2025/02/06 6:26:37 ET]
Table 'Elpis II' 6-max Seat #3 is the button
Seat 1: xcinaz ($118.94 in chips) 
Seat 2: sta$igk ($100 in chips) 
Seat 3: CashfishT ($116.32 in chips) 
Seat 4: b2k-Snick ($110.43 in chips) 
Seat 5: Corsair444 ($110.30 in chips) 
Seat 6: Felipe$Andre ($215.62 in chips) 
b2k-Snick: posts small blind $0.50
Corsair444: posts big blind $1
*** HOLE CARDS ***
Felipe$Andre: raises $1.20 to $2.20
xcinaz: folds 
sta$igk: raises $5.30 to $7.50
CashfishT: folds 
b2k-Snick: folds 
Corsair444: folds 
Felipe$Andre: folds 
Uncalled bet ($5.30) returned to sta$igk
sta$igk collected $5.90 from pot
sta$igk: doesn't show hand 
*** SUMMARY ***
Total pot $5.90 | Rake $0 
Seat 1: xcinaz folded before Flop (didn't bet)
Seat 2: sta$igk collected ($5.90)
Seat 3: CashfishT (button) folded before Flop (didn't bet)
Seat 4: b2k-Snick (small blind) folded before Flop
Seat 5: Corsair444 (big blind) folded before Flop
Seat 6: Felipe$Andre folded before Flop



PokerStars Hand #254732099592:  Hold'em No Limit ($0.50/$1.00 USD) - 2025/02/06 11:26:55 WET [2025/02/06 6:26:55 ET]
Table 'Elpis II' 6-max Seat #4 is the button
Seat 1: xcinaz ($118.94 in chips) 
Seat 2: sta$igk ($103.70 in chips) 
Seat 3: CashfishT ($116.32 in chips) 
Seat 4: b2k-Snick ($109.93 in chips) 
Seat 5: Corsair444 ($109.30 in chips) 
Seat 6: Felipe$Andre ($213.42 in chips) 
Corsair444: posts small blind $0.50
Felipe$Andre: posts big blind $1
*** HOLE CARDS ***
xcinaz: folds 
sta$igk: raises $1.50 to $2.50
CashfishT: folds 
b2k-Snick: folds 
Corsair444: folds 
Felipe$Andre: folds 
Uncalled bet ($1.50) returned to sta$igk
sta$igk collected $2.50 from pot
sta$igk: doesn't show hand 
*** SUMMARY ***
Total pot $2.50 | Rake $0 
Seat 1: xcinaz folded before Flop (didn't bet)
Seat 2: sta$igk collected ($2.50)
Seat 3: CashfishT folded before Flop (didn't bet)
Seat 4: b2k-Snick (button) folded before Flop (didn't bet)
Seat 5: Corsair444 (small blind) folded before Flop
Seat 6: Felipe$Andre (big blind) folded before Flop



PokerStars Hand #254732101381:  Hold'em No Limit ($0.50/$1.00 USD) - 2025/02/06 11:27:10 WET [2025/02/06 6:27:10 ET]
Table 'Elpis II' 6-max Seat #5 is the button
Seat 1: xcinaz ($118.94 in chips) 
Seat 2: sta$igk ($105.20 in chips) 
Seat 3: CashfishT ($116.32 in chips) 
Seat 4: b2k-Snick ($109.93 in chips) 
Seat 5: Corsair444 ($108.80 in chips) 
Seat 6: Felipe$Andre ($212.42 in chips) 
Felipe$Andre: posts small blind $0.50
xcinaz: posts big blind $1
*** HOLE CARDS ***
sta$igk: folds 
CashfishT: raises $1.20 to $2.20
b2k-Snick: folds 
Corsair444: folds 
Felipe$Andre: folds 
xcinaz: folds 
Uncalled bet ($1.20) returned to CashfishT
CashfishT collected $2.50 from pot
CashfishT: doesn't show hand 
*** SUMMARY ***
Total pot $2.50 | Rake $0 
Seat 1: xcinaz (big blind) folded before Flop
Seat 2: sta$igk folded before Flop (didn't bet)
Seat 3: CashfishT collected ($2.50)
Seat 4: b2k-Snick folded before Flop (didn't bet)
Seat 5: Corsair444 (button) folded before Flop (didn't bet)
Seat 6: Felipe$Andre (small blind) folded before Flop



PokerStars Hand #254732104632:  Hold'em No Limit ($0.50/$1.00 USD) - 2025/02/06 11:27:37 WET [2025/02/06 6:27:37 ET]
Table 'Elpis II' 6-max Seat #6 is the button
Seat 1: xcinaz ($117.94 in chips) 
Seat 2: sta$igk ($105.20 in chips) 
Seat 3: CashfishT ($117.82 in chips) 
Seat 4: b2k-Snick ($109.93 in chips) 
Seat 5: Corsair444 ($108.80 in chips) 
Seat 6: Felipe$Andre ($211.92 in chips) 
xcinaz: posts small blind $0.50
sta$igk: posts big blind $1
*** HOLE CARDS ***
CashfishT: folds 
b2k-Snick: folds 
Corsair444: folds 
Felipe$Andre: folds 
xcinaz: folds 
Uncalled bet ($0.50) returned to sta$igk
sta$igk collected $1 from pot
sta$igk: doesn't show hand 
*** SUMMARY ***
Total pot $1 | Rake $0 
Seat 1: xcinaz (small blind) folded before Flop
Seat 2: sta$igk (big blind) collected ($1)
Seat 3: CashfishT folded before Flop (didn't bet)
Seat 4: b2k-Snick folded before Flop (didn't bet)
Seat 5: Corsair444 folded before Flop (didn't bet)
Seat 6: Felipe$Andre (button) folded before Flop (didn't bet)



PokerStars Hand #254732106569:  Hold'em No Limit ($0.50/$1.00 USD) - 2025/02/06 11:27:53 WET [2025/02/06 6:27:53 ET]
Table 'Elpis II' 6-max Seat #1 is the button
Seat 1: xcinaz ($117.44 in chips) 
Seat 2: sta$igk ($105.70 in chips) 
Seat 3: CashfishT ($117.82 in chips) 
Seat 4: b2k-Snick ($109.93 in chips) 
Seat 5: Corsair444 ($108.80 in chips) 
Seat 6: Felipe$Andre ($211.92 in chips) 
sta$igk: posts small blind $0.50
CashfishT: posts big blind $1
*** HOLE CARDS ***
b2k-Snick: folds 
Corsair444: folds 
Felipe$Andre: raises $1.30 to $2.30
xcinaz: folds 
sta$igk: folds 
CashfishT: calls $1.30
*** FLOP *** [5h Th Jd]
CashfishT: checks 
Felipe$Andre: bets $3.63
CashfishT: raises $6.05 to $9.68
Felipe$Andre: folds 
Uncalled bet ($6.05) returned to CashfishT
CashfishT collected $11.74 from pot
CashfishT: doesn't show hand 
*** SUMMARY ***
Total pot $12.36 | Rake $0.62 
Board [5h Th Jd]
Seat 1: xcinaz (button) folded before Flop (didn't bet)
Seat 2: sta$igk (small blind) folded before Flop
Seat 3: CashfishT (big blind) collected ($11.74)
Seat 4: b2k-Snick folded before Flop (didn't bet)
Seat 5: Corsair444 folded before Flop (didn't bet)
Seat 6: Felipe$Andre folded on the Flop



PokerStars Hand #254732112434:  Hold'em No Limit ($0.50/$1.00 USD) - 2025/02/06 11:28:43 WET [2025/02/06 6:28:43 ET]
Table 'Elpis II' 6-max Seat #2 is the button
Seat 1: xcinaz ($117.44 in chips) 
Seat 2: sta$igk ($105.20 in chips) 
Seat 3: CashfishT ($123.63 in chips) 
Seat 4: b2k-Snick ($109.93 in chips) 
Seat 5: Corsair444 ($108.80 in chips) 
Seat 6: Felipe$Andre ($205.99 in chips) 
CashfishT: posts small blind $0.50
b2k-Snick: posts big blind $1
*** HOLE CARDS ***
Corsair444: folds 
Felipe$Andre: folds 
xcinaz: folds 
sta$igk: folds 
CashfishT: folds 
Uncalled bet ($0.50) returned to b2k-Snick
b2k-Snick collected $1 from pot
b2k-Snick: doesn't show hand 
*** SUMMARY ***
Total pot $1 | Rake $0 
Seat 1: xcinaz folded before Flop (didn't bet)
Seat 2: sta$igk (button) folded before Flop (didn't bet)
Seat 3: CashfishT (small blind) folded before Flop
Seat 4: b2k-Snick (big blind) collected ($1)
Seat 5: Corsair444 folded before Flop (didn't bet)
Seat 6: Felipe$Andre folded before Flop (didn't bet)



PokerStars Hand #254732114048:  Hold'em No Limit ($0.50/$1.00 USD) - 2025/02/06 11:28:56 WET [2025/02/06 6:28:56 ET]
Table 'Elpis II' 6-max Seat #3 is the button
Seat 1: xcinaz ($117.44 in chips) 
Seat 2: sta$igk ($105.20 in chips) 
Seat 3: CashfishT ($123.13 in chips) 
Seat 4: b2k-Snick ($110.43 in chips) 
Seat 5: Corsair444 ($108.80 in chips) 
Seat 6: Felipe$Andre ($205.99 in chips) 
b2k-Snick: posts small blind $0.50
Corsair444: posts big blind $1
*** HOLE CARDS ***
Felipe$Andre: folds 
xcinaz: folds 
sta$igk: folds 
CashfishT: folds 
b2k-Snick: raises $2 to $3
Corsair444: folds 
Uncalled bet ($2) returned to b2k-Snick
b2k-Snick collected $2 from pot
b2k-Snick: doesn't show hand 
*** SUMMARY ***
Total pot $2 | Rake $0 
Seat 1: xcinaz folded before Flop (didn't bet)
Seat 2: sta$igk folded before Flop (didn't bet)
Seat 3: CashfishT (button) folded before Flop (didn't bet)
Seat 4: b2k-Snick (small blind) collected ($2)
Seat 5: Corsair444 (big blind) folded before Flop
Seat 6: Felipe$Andre folded before Flop (didn't bet)



PokerStars Hand #254732115886:  Hold'em No Limit ($0.50/$1.00 USD) - 2025/02/06 11:29:11 WET [2025/02/06 6:29:11 ET]
Table 'Elpis II' 6-max Seat #4 is the button
Seat 1: xcinaz ($117.44 in chips) 
Seat 2: sta$igk ($105.20 in chips) 
Seat 3: CashfishT ($123.13 in chips) 
Seat 4: b2k-Snick ($111.43 in chips) 
Seat 5: Corsair444 ($107.80 in chips) 
Seat 6: Felipe$Andre ($205.99 in chips) 
Corsair444: posts small blind $0.50
Felipe$Andre: posts big blind $1
*** HOLE CARDS ***
xcinaz: folds 
sta$igk: raises $1.50 to $2.50
CashfishT: folds 
b2k-Snick: calls $2.50
Corsair444: folds 
Felipe$Andre: folds 
*** FLOP *** [7h Ac Qc]
sta$igk: checks 
b2k-Snick: checks 
*** TURN *** [7h Ac Qc] [5s]
sta$igk: checks 
b2k-Snick: checks 
*** RIVER *** [7h Ac Qc 5s] [As]
sta$igk: bets $1.54
b2k-Snick: folds 
Uncalled bet ($1.54) returned to sta$igk
sta$igk collected $6.18 from pot
sta$igk: doesn't show hand 
*** SUMMARY ***
Total pot $6.50 | Rake $0.32 
Board [7h Ac Qc 5s As]
Seat 1: xcinaz folded before Flop (didn't bet)
Seat 2: sta$igk collected ($6.18)
Seat 3: CashfishT folded before Flop (didn't bet)
Seat 4: b2k-Snick (button) folded on the River
Seat 5: Corsair444 (small blind) folded before Flop
Seat 6: Felipe$Andre (big blind) folded before Flop



PokerStars Hand #254732124280:  Hold'em No Limit ($0.50/$1.00 USD) - 2025/02/06 11:30:22 WET [2025/02/06 6:30:22 ET]
Table 'Elpis II' 6-max Seat #5 is the button
Seat 1: xcinaz ($117.44 in chips) 
Seat 2: sta$igk ($108.88 in chips) 
Seat 3: CashfishT ($123.13 in chips) 
Seat 4: b2k-Snick ($108.93 in chips) 
Seat 5: Corsair444 ($107.30 in chips) 
Seat 6: Felipe$Andre ($204.99 in chips) 
Felipe$Andre: posts small blind $0.50
xcinaz: posts big blind $1
*** HOLE CARDS ***
sta$igk: folds 
CashfishT: folds 
b2k-Snick: raises $1.50 to $2.50
Corsair444: raises $1.50 to $4
Felipe$Andre: folds 
xcinaz: folds 
b2k-Snick: calls $1.50
*** FLOP *** [7c 2c Kh]
b2k-Snick: checks 
Corsair444: bets $9.02
b2k-Snick: folds 
Uncalled bet ($9.02) returned to Corsair444
Corsair444 collected $9.02 from pot
Corsair444: doesn't show hand 
*** SUMMARY ***
Total pot $9.50 | Rake $0.48 
Board [7c 2c Kh]
Seat 1: xcinaz (big blind) folded before Flop
Seat 2: sta$igk folded before Flop (didn't bet)
Seat 3: CashfishT folded before Flop (didn't bet)
Seat 4: b2k-Snick folded on the Flop
Seat 5: Corsair444 (button) collected ($9.02)
Seat 6: Felipe$Andre (small blind) folded before Flop



PokerStars Hand #254732128270:  Hold'em No Limit ($0.50/$1.00 USD) - 2025/02/06 11:30:55 WET [2025/02/06 6:30:55 ET]
Table 'Elpis II' 6-max Seat #6 is the button
Seat 1: xcinaz ($116.44 in chips) 
Seat 2: sta$igk ($108.88 in chips) 
Seat 3: CashfishT ($123.13 in chips) 
Seat 4: b2k-Snick ($104.93 in chips) 
Seat 5: Corsair444 ($112.32 in chips) 
Seat 6: Felipe$Andre ($204.49 in chips) 
xcinaz: posts small blind $0.50
sta$igk: posts big blind $1
*** HOLE CARDS ***
CashfishT: folds 
b2k-Snick: folds 
Corsair444: folds 
Felipe$Andre: folds 
xcinaz: raises $2 to $3
sta$igk: folds 
Uncalled bet ($2) returned to xcinaz
xcinaz collected $2 from pot
xcinaz: doesn't show hand 
*** SUMMARY ***
Total pot $2 | Rake $0 
Seat 1: xcinaz (small blind) collected ($2)
Seat 2: sta$igk (big blind) folded before Flop
Seat 3: CashfishT folded before Flop (didn't bet)
Seat 4: b2k-Snick folded before Flop (didn't bet)
Seat 5: Corsair444 folded before Flop (didn't bet)
Seat 6: Felipe$Andre (button) folded before Flop (didn't bet)



PokerStars Hand #254732130092:  Hold'em No Limit ($0.50/$1.00 USD) - 2025/02/06 11:31:10 WET [2025/02/06 6:31:10 ET]
Table 'Elpis II' 6-max Seat #1 is the button
Seat 1: xcinaz ($117.44 in chips) 
Seat 2: sta$igk ($107.88 in chips) 
Seat 3: CashfishT ($123.13 in chips) 
Seat 4: b2k-Snick ($104.93 in chips) 
Seat 5: Corsair444 ($112.32 in chips) 
Seat 6: Felipe$Andre ($204.49 in chips) 
sta$igk: posts small blind $0.50
CashfishT: posts big blind $1
*** HOLE CARDS ***
b2k-Snick: folds 
Corsair444: folds 
Felipe$Andre: folds 
xcinaz: folds 
sta$igk: folds 
Uncalled bet ($0.50) returned to CashfishT
CashfishT collected $1 from pot
CashfishT: doesn't show hand 
*** SUMMARY ***
Total pot $1 | Rake $0 
Seat 1: xcinaz (button) folded before Flop (didn't bet)
Seat 2: sta$igk (small blind) folded before Flop
Seat 3: CashfishT (big blind) collected ($1)
Seat 4: b2k-Snick folded before Flop (didn't bet)
Seat 5: Corsair444 folded before Flop (didn't bet)
Seat 6: Felipe$Andre folded before Flop (didn't bet)



PokerStars Hand #254732132484:  Hold'em No Limit ($0.50/$1.00 USD) - 2025/02/06 11:31:30 WET [2025/02/06 6:31:30 ET]
Table 'Elpis II' 6-max Seat #2 is the button
Seat 1: xcinaz ($117.44 in chips) 
Seat 2: sta$igk ($107.38 in chips) 
Seat 3: CashfishT ($123.63 in chips) 
Seat 4: b2k-Snick ($104.93 in chips) 
Seat 5: Corsair444 ($112.32 in chips) 
Seat 6: Felipe$Andre ($204.49 in chips) 
CashfishT: posts small blind $0.50
b2k-Snick: posts big blind $1
*** HOLE CARDS ***
Corsair444: folds 
Felipe$Andre: raises $1.20 to $2.20
xcinaz: folds 
sta$igk: folds 
CashfishT: folds 
b2k-Snick: calls $1.20
*** FLOP *** [7s 3c Qh]
b2k-Snick: checks 
Felipe$Andre: bets $1.17
b2k-Snick: folds 
Uncalled bet ($1.17) returned to Felipe$Andre
Felipe$Andre collected $4.66 from pot
Felipe$Andre: doesn't show hand 
*** SUMMARY ***
Total pot $4.90 | Rake $0.24 
Board [7s 3c Qh]
Seat 1: xcinaz folded before Flop (didn't bet)
Seat 2: sta$igk (button) folded before Flop (didn't bet)
Seat 3: CashfishT (small blind) folded before Flop
Seat 4: b2k-Snick (big blind) folded on the Flop
Seat 5: Corsair444 folded before Flop (didn't bet)
Seat 6: Felipe$Andre collected ($4.66)



PokerStars Hand #254732138756:  Hold'em No Limit ($0.50/$1.00 USD) - 2025/02/06 11:32:23 WET [2025/02/06 6:32:23 ET]
Table 'Elpis II' 6-max Seat #3 is the button
Seat 1: xcinaz ($117.44 in chips) 
Seat 2: sta$igk ($107.38 in chips) 
Seat 3: CashfishT ($123.13 in chips) 
Seat 4: b2k-Snick ($102.73 in chips) 
Seat 5: Corsair444 ($112.32 in chips) 
Seat 6: Felipe$Andre ($206.95 in chips) 
b2k-Snick: posts small blind $0.50
Corsair444: posts big blind $1
*** HOLE CARDS ***
Felipe$Andre: folds 
xcinaz: folds 
sta$igk: folds 
CashfishT: raises $1.20 to $2.20
b2k-Snick: folds 
Corsair444: calls $1.20
*** FLOP *** [Td 3c 2h]
Corsair444: checks 
CashfishT: bets $1.54
Corsair444: folds 
Uncalled bet ($1.54) returned to CashfishT
CashfishT collected $4.66 from pot
CashfishT: doesn't show hand 
*** SUMMARY ***
Total pot $4.90 | Rake $0.24 
Board [Td 3c 2h]
Seat 1: xcinaz folded before Flop (didn't bet)
Seat 2: sta$igk folded before Flop (didn't bet)
Seat 3: CashfishT (button) collected ($4.66)
Seat 4: b2k-Snick (small blind) folded before Flop
Seat 5: Corsair444 (big blind) folded on the Flop
Seat 6: Felipe$Andre folded before Flop (didn't bet)



PokerStars Hand #254732143473:  Hold'em No Limit ($0.50/$1.00 USD) - 2025/02/06 11:33:02 WET [2025/02/06 6:33:02 ET]
Table 'Elpis II' 6-max Seat #4 is the button
Seat 1: xcinaz ($117.44 in chips) 
Seat 2: sta$igk ($107.38 in chips) 
Seat 3: CashfishT ($125.59 in chips) 
Seat 4: b2k-Snick ($102.23 in chips) 
Seat 5: Corsair444 ($110.12 in chips) 
Seat 6: Felipe$Andre ($206.95 in chips) 
Corsair444: posts small blind $0.50
Felipe$Andre: posts big blind $1
*** HOLE CARDS ***
xcinaz: folds 
sta$igk: folds 
CashfishT: folds 
b2k-Snick: raises $1.50 to $2.50
Corsair444: folds 
Felipe$Andre: calls $1.50
*** FLOP *** [5c Jh 9s]
Felipe$Andre: checks 
b2k-Snick: checks 
*** TURN *** [5c Jh 9s] [3h]
Felipe$Andre: checks 
b2k-Snick: bets $2.87
Felipe$Andre: raises $10.96 to $13.83
b2k-Snick: calls $10.96
*** RIVER *** [5c Jh 9s 3h] [7d]
Felipe$Andre: bets $190.62 and is all-in
b2k-Snick: folds 
Uncalled bet ($190.62) returned to Felipe$Andre
Felipe$Andre collected $31.50 from pot
Felipe$Andre: doesn't show hand 
*** SUMMARY ***
Total pot $33.16 | Rake $1.66 
Board [5c Jh 9s 3h 7d]
Seat 1: xcinaz folded before Flop (didn't bet)
Seat 2: sta$igk folded before Flop (didn't bet)
Seat 3: CashfishT folded before Flop (didn't bet)
Seat 4: b2k-Snick (button) folded on the River
Seat 5: Corsair444 (small blind) folded before Flop
Seat 6: Felipe$Andre (big blind) collected ($31.50)



PokerStars Hand #254732157469:  Hold'em No Limit ($0.50/$1.00 USD) - 2025/02/06 11:34:55 WET [2025/02/06 6:34:55 ET]
Table 'Elpis II' 6-max Seat #5 is the button
Seat 1: xcinaz ($117.44 in chips) 
Seat 2: sta$igk ($107.38 in chips) 
Seat 3: CashfishT ($125.59 in chips) 
Seat 4: b2k-Snick ($100 in chips) 
Seat 5: Corsair444 ($109.62 in chips) 
Seat 6: Felipe$Andre ($222.12 in chips) 
Felipe$Andre: posts small blind $0.50
xcinaz: posts big blind $1
*** HOLE CARDS ***
sta$igk: raises $1.50 to $2.50
CashfishT: calls $2.50
b2k-Snick: folds 
Corsair444: folds 
Felipe$Andre: folds 
xcinaz: calls $1.50
*** FLOP *** [2h 4h 4s]
xcinaz: checks 
sta$igk: checks 
CashfishT: bets $3.80
xcinaz: folds 
sta$igk: folds 
Uncalled bet ($3.80) returned to CashfishT
CashfishT collected $7.60 from pot
CashfishT: doesn't show hand 
*** SUMMARY ***
Total pot $8 | Rake $0.40 
Board [2h 4h 4s]
Seat 1: xcinaz (big blind) folded on the Flop
Seat 2: sta$igk folded on the Flop
Seat 3: CashfishT collected ($7.60)
Seat 4: b2k-Snick folded before Flop (didn't bet)
Seat 5: Corsair444 (button) folded before Flop (didn't bet)
Seat 6: Felipe$Andre (small blind) folded before Flop



PokerStars Hand #254732161437:  Hold'em No Limit ($0.50/$1.00 USD) - 2025/02/06 11:35:27 WET [2025/02/06 6:35:27 ET]
Table 'Elpis II' 6-max Seat #6 is the button
Seat 1: xcinaz ($114.94 in chips) 
Seat 2: sta$igk ($104.88 in chips) 
Seat 3: CashfishT ($130.69 in chips) 
Seat 4: b2k-Snick ($100 in chips) 
Seat 5: Corsair444 ($109.62 in chips) 
Seat 6: Felipe$Andre ($221.62 in chips) 
xcinaz: posts small blind $0.50
sta$igk: posts big blind $1
*** HOLE CARDS ***
CashfishT: folds 
b2k-Snick: raises $1 to $2
Corsair444: folds 
Felipe$Andre: folds 
xcinaz: folds 
sta$igk: calls $1
*** FLOP *** [3h 5s Ah]
sta$igk: checks 
b2k-Snick: bets $1.41
sta$igk: raises $7.10 to $8.51
b2k-Snick: calls $7.10
*** TURN *** [3h 5s Ah] [Jd]
sta$igk: bets $25.55
b2k-Snick: calls $25.55
*** RIVER *** [3h 5s Ah Jd] [8d]
sta$igk: bets $68.82 and is all-in
b2k-Snick: calls $63.94 and is all-in
Uncalled bet ($4.88) returned to sta$igk
*** SHOW DOWN ***
sta$igk: shows [Kc 2c] (high card Ace)
b2k-Snick: shows [Kh Ad] (a pair of Aces)
b2k-Snick collected $198 from pot
*** SUMMARY ***
Total pot $200.50 | Rake $2.50 
Board [3h 5s Ah Jd 8d]
Seat 1: xcinaz (small blind) folded before Flop
Seat 2: sta$igk (big blind) showed [Kc 2c] and lost with high card Ace
Seat 3: CashfishT folded before Flop (didn't bet)
Seat 4: b2k-Snick showed [Kh Ad] and won ($198) with a pair of Aces
Seat 5: Corsair444 folded before Flop (didn't bet)
Seat 6: Felipe$Andre (button) folded before Flop (didn't bet)



PokerStars Hand #254732173646:  Hold'em No Limit ($0.50/$1.00 USD) - 2025/02/06 11:37:04 WET [2025/02/06 6:37:04 ET]
Table 'Elpis II' 6-max Seat #1 is the button
Seat 1: xcinaz ($114.44 in chips) 
Seat 2: sta$igk ($100 in chips) 
Seat 3: CashfishT ($130.69 in chips) 
Seat 4: b2k-Snick ($198 in chips) 
Seat 5: Corsair444 ($109.62 in chips) 
Seat 6: Felipe$Andre ($221.62 in chips) 
sta$igk: posts small blind $0.50
CashfishT: posts big blind $1
*** HOLE CARDS ***
b2k-Snick: folds 
Corsair444: folds 
Felipe$Andre: raises $1.30 to $2.30
xcinaz: folds 
sta$igk: folds 
CashfishT: folds 
Uncalled bet ($1.30) returned to Felipe$Andre
Felipe$Andre collected $2.50 from pot
Felipe$Andre: doesn't show hand 
*** SUMMARY ***
Total pot $2.50 | Rake $0 
Seat 1: xcinaz (button) folded before Flop (didn't bet)
Seat 2: sta$igk (small blind) folded before Flop
Seat 3: CashfishT (big blind) folded before Flop
Seat 4: b2k-Snick folded before Flop (didn't bet)
Seat 5: Corsair444 folded before Flop (didn't bet)
Seat 6: Felipe$Andre collected ($2.50)



PokerStars Hand #254732178162:  Hold'em No Limit ($0.50/$1.00 USD) - 2025/02/06 11:37:40 WET [2025/02/06 6:37:40 ET]
Table 'Elpis II' 6-max Seat #2 is the button
Seat 1: xcinaz ($114.44 in chips) 
Seat 2: sta$igk ($100 in chips) 
Seat 3: CashfishT ($129.69 in chips) 
Seat 4: b2k-Snick ($198 in chips) 
Seat 5: Corsair444 ($109.62 in chips) 
Seat 6: Felipe$Andre ($223.12 in chips) 
CashfishT: posts small blind $0.50
b2k-Snick: posts big blind $1
*** HOLE CARDS ***
Corsair444: folds 
Felipe$Andre: folds 
xcinaz: folds 
sta$igk: folds 
CashfishT: folds 
Uncalled bet ($0.50) returned to b2k-Snick
b2k-Snick collected $1 from pot
b2k-Snick: doesn't show hand 
*** SUMMARY ***
Total pot $1 | Rake $0 
Seat 1: xcinaz folded before Flop (didn't bet)
Seat 2: sta$igk (button) folded before Flop (didn't bet)
Seat 3: CashfishT (small blind) folded before Flop
Seat 4: b2k-Snick (big blind) collected ($1)
Seat 5: Corsair444 folded before Flop (didn't bet)
Seat 6: Felipe$Andre folded before Flop (didn't bet)



PokerStars Hand #254732180487:  Hold'em No Limit ($0.50/$1.00 USD) - 2025/02/06 11:37:58 WET [2025/02/06 6:37:58 ET]
Table 'Elpis II' 6-max Seat #3 is the button
Seat 1: xcinaz ($114.44 in chips) 
Seat 2: sta$igk ($100 in chips) 
Seat 3: CashfishT ($129.19 in chips) 
Seat 4: b2k-Snick ($198.50 in chips) 
Seat 5: Corsair444 ($109.62 in chips) 
Seat 6: Felipe$Andre ($223.12 in chips) 
b2k-Snick: posts small blind $0.50
Corsair444: posts big blind $1
*** HOLE CARDS ***
Felipe$Andre: folds 
xcinaz: folds 
sta$igk: folds 
CashfishT: raises $1.20 to $2.20
b2k-Snick: folds 
Corsair444: folds 
Uncalled bet ($1.20) returned to CashfishT
CashfishT collected $2.50 from pot
CashfishT: doesn't show hand 
*** SUMMARY ***
Total pot $2.50 | Rake $0 
Seat 1: xcinaz folded before Flop (didn't bet)
Seat 2: sta$igk folded before Flop (didn't bet)
Seat 3: CashfishT (button) collected ($2.50)
Seat 4: b2k-Snick (small blind) folded before Flop
Seat 5: Corsair444 (big blind) folded before Flop
Seat 6: Felipe$Andre folded before Flop (didn't bet)



PokerStars Hand #254732182093:  Hold'em No Limit ($0.50/$1.00 USD) - 2025/02/06 11:38:10 WET [2025/02/06 6:38:10 ET]
Table 'Elpis II' 6-max Seat #4 is the button
Seat 1: xcinaz ($114.44 in chips) 
Seat 2: sta$igk ($100 in chips) 
Seat 3: CashfishT ($130.69 in chips) 
Seat 4: b2k-Snick ($198 in chips) 
Seat 5: Corsair444 ($108.62 in chips) 
Seat 6: Felipe$Andre ($223.12 in chips) 
Corsair444: posts small blind $0.50
Felipe$Andre: posts big blind $1
*** HOLE CARDS ***
xcinaz: folds 
sta$igk: folds 
CashfishT: raises $1.20 to $2.20
b2k-Snick: folds 
Corsair444: raises $1.20 to $3.40
Felipe$Andre: folds 
CashfishT: calls $1.20
*** FLOP *** [Jc 8h 5s]
Corsair444: bets $7.41
CashfishT: folds 
Uncalled bet ($7.41) returned to Corsair444
Corsair444 collected $7.41 from pot
Corsair444: doesn't show hand 
*** SUMMARY ***
Total pot $7.80 | Rake $0.39 
Board [Jc 8h 5s]
Seat 1: xcinaz folded before Flop (didn't bet)
Seat 2: sta$igk folded before Flop (didn't bet)
Seat 3: CashfishT folded on the Flop
Seat 4: b2k-Snick (button) folded before Flop (didn't bet)
Seat 5: Corsair444 (small blind) collected ($7.41)
Seat 6: Felipe$Andre (big blind) folded before Flop



PokerStars Hand #254732187451:  Hold'em No Limit ($0.50/$1.00 USD) - 2025/02/06 11:38:51 WET [2025/02/06 6:38:51 ET]
Table 'Elpis II' 6-max Seat #5 is the button
Seat 1: xcinaz ($114.44 in chips) 
Seat 2: sta$igk ($100 in chips) 
Seat 3: CashfishT ($127.29 in chips) 
Seat 4: b2k-Snick ($198 in chips) 
Seat 5: Corsair444 ($112.63 in chips) 
Seat 6: Felipe$Andre ($222.12 in chips) 
Felipe$Andre: posts small blind $0.50
xcinaz: posts big blind $1
*** HOLE CARDS ***
sta$igk: folds 
CashfishT: raises $1.20 to $2.20
b2k-Snick: folds 
Corsair444: folds 
Felipe$Andre: folds 
xcinaz: folds 
Uncalled bet ($1.20) returned to CashfishT
CashfishT collected $2.50 from pot
CashfishT: doesn't show hand 
*** SUMMARY ***
Total pot $2.50 | Rake $0 
Seat 1: xcinaz (big blind) folded before Flop
Seat 2: sta$igk folded before Flop (didn't bet)
Seat 3: CashfishT collected ($2.50)
Seat 4: b2k-Snick folded before Flop (didn't bet)
Seat 5: Corsair444 (button) folded before Flop (didn't bet)
Seat 6: Felipe$Andre (small blind) folded before Flop



PokerStars Hand #254732189335:  Hold'em No Limit ($0.50/$1.00 USD) - 2025/02/06 11:39:06 WET [2025/02/06 6:39:06 ET]
Table 'Elpis II' 6-max Seat #6 is the button
Seat 1: xcinaz ($113.44 in chips) 
Seat 2: sta$igk ($100 in chips) 
Seat 3: CashfishT ($128.79 in chips) 
Seat 4: b2k-Snick ($198 in chips) 
Seat 5: Corsair444 ($112.63 in chips) 
Seat 6: Felipe$Andre ($221.62 in chips) 
xcinaz: posts small blind $0.50
sta$igk: posts big blind $1
*** HOLE CARDS ***
CashfishT: folds 
b2k-Snick: folds 
Corsair444: calls $1
Felipe$Andre: folds 
xcinaz: folds 
sta$igk: checks 
*** FLOP *** [Js 2c 8c]
sta$igk: checks 
Corsair444: bets $2.38
sta$igk: folds 
Uncalled bet ($2.38) returned to Corsair444
Corsair444 collected $2.38 from pot
Corsair444: doesn't show hand 
*** SUMMARY ***
Total pot $2.50 | Rake $0.12 
Board [Js 2c 8c]
Seat 1: xcinaz (small blind) folded before Flop
Seat 2: sta$igk (big blind) folded on the Flop
Seat 3: CashfishT folded before Flop (didn't bet)
Seat 4: b2k-Snick folded before Flop (didn't bet)
Seat 5: Corsair444 collected ($2.38)
Seat 6: Felipe$Andre (button) folded before Flop (didn't bet)



PokerStars Hand #254732193346:  Hold'em No Limit ($0.50/$1.00 USD) - 2025/02/06 11:39:38 WET [2025/02/06 6:39:38 ET]
Table 'Elpis II' 6-max Seat #1 is the button
Seat 1: xcinaz ($112.94 in chips) 
Seat 2: sta$igk ($100 in chips) 
Seat 3: CashfishT ($128.79 in chips) 
Seat 4: b2k-Snick ($198 in chips) 
Seat 5: Corsair444 ($114.01 in chips) 
Seat 6: Felipe$Andre ($221.62 in chips) 
sta$igk: posts small blind $0.50
CashfishT: posts big blind $1
*** HOLE CARDS ***
b2k-Snick: folds 
Corsair444: folds 
Felipe$Andre: folds 
xcinaz: raises $1.50 to $2.50
sta$igk: folds 
CashfishT: folds 
Uncalled bet ($1.50) returned to xcinaz
xcinaz collected $2.50 from pot
xcinaz: doesn't show hand 
*** SUMMARY ***
Total pot $2.50 | Rake $0 
Seat 1: xcinaz (button) collected ($2.50)
Seat 2: sta$igk (small blind) folded before Flop
Seat 3: CashfishT (big blind) folded before Flop
Seat 4: b2k-Snick folded before Flop (didn't bet)
Seat 5: Corsair444 folded before Flop (didn't bet)
Seat 6: Felipe$Andre folded before Flop (didn't bet)



PokerStars Hand #254732194766:  Hold'em No Limit ($0.50/$1.00 USD) - 2025/02/06 11:39:49 WET [2025/02/06 6:39:49 ET]
Table 'Elpis II' 6-max Seat #2 is the button
Seat 1: xcinaz ($114.44 in chips) 
Seat 2: sta$igk ($100 in chips) 
Seat 3: CashfishT ($127.79 in chips) 
Seat 4: b2k-Snick ($198 in chips) 
Seat 5: Corsair444 ($114.01 in chips) 
Seat 6: Felipe$Andre ($221.62 in chips) 
CashfishT: posts small blind $0.50
b2k-Snick: posts big blind $1
*** HOLE CARDS ***
Corsair444: folds 
Felipe$Andre: raises $1.20 to $2.20
xcinaz: folds 
sta$igk: folds 
CashfishT: folds 
b2k-Snick: folds 
Uncalled bet ($1.20) returned to Felipe$Andre
Felipe$Andre collected $2.50 from pot
Felipe$Andre: doesn't show hand 
*** SUMMARY ***
Total pot $2.50 | Rake $0 
Seat 1: xcinaz folded before Flop (didn't bet)
Seat 2: sta$igk (button) folded before Flop (didn't bet)
Seat 3: CashfishT (small blind) folded before Flop
Seat 4: b2k-Snick (big blind) folded before Flop
Seat 5: Corsair444 folded before Flop (didn't bet)
Seat 6: Felipe$Andre collected ($2.50)



PokerStars Hand #254732197454:  Hold'em No Limit ($0.50/$1.00 USD) - 2025/02/06 11:40:09 WET [2025/02/06 6:40:09 ET]
Table 'Elpis II' 6-max Seat #3 is the button
Seat 1: xcinaz ($114.44 in chips) 
Seat 2: sta$igk ($100 in chips) 
Seat 3: CashfishT ($127.29 in chips) 
Seat 4: b2k-Snick ($197 in chips) 
Seat 5: Corsair444 ($114.01 in chips) 
Seat 6: Felipe$Andre ($223.12 in chips) 
b2k-Snick: posts small blind $0.50
Corsair444: posts big blind $1
*** HOLE CARDS ***
Felipe$Andre: folds 
xcinaz: folds 
sta$igk: folds 
CashfishT: folds 
b2k-Snick: raises $2 to $3
Corsair444: raises $2 to $5
b2k-Snick: calls $2
*** FLOP *** [Ad Jc 5d]
b2k-Snick: checks 
Corsair444: bets $9.50
b2k-Snick: calls $9.50
*** TURN *** [Ad Jc 5d] [Ks]
b2k-Snick: checks 
Corsair444: checks 
*** RIVER *** [Ad Jc 5d Ks] [Qc]
b2k-Snick: checks 
Corsair444: checks 
*** SHOW DOWN ***
b2k-Snick: shows [4c Ah] (a pair of Aces)
Corsair444: mucks hand 
b2k-Snick collected $27.55 from pot
*** SUMMARY ***
Total pot $29 | Rake $1.45 
Board [Ad Jc 5d Ks Qc]
Seat 1: xcinaz folded before Flop (didn't bet)
Seat 2: sta$igk folded before Flop (didn't bet)
Seat 3: CashfishT (button) folded before Flop (didn't bet)
Seat 4: b2k-Snick (small blind) showed [4c Ah] and won ($27.55) with a pair of Aces
Seat 5: Corsair444 (big blind) mucked
Seat 6: Felipe$Andre folded before Flop (didn't bet)



PokerStars Hand #254732206346:  Hold'em No Limit ($0.50/$1.00 USD) - 2025/02/06 11:41:19 WET [2025/02/06 6:41:19 ET]
Table 'Elpis II' 6-max Seat #4 is the button
Seat 1: xcinaz ($114.44 in chips) 
Seat 2: sta$igk ($100 in chips) 
Seat 3: CashfishT ($127.29 in chips) 
Seat 4: b2k-Snick ($210.05 in chips) 
Seat 5: Corsair444 ($99.51 in chips) 
Seat 6: Felipe$Andre ($223.12 in chips) 
Corsair444: posts small blind $0.50
Felipe$Andre: posts big blind $1
*** HOLE CARDS ***
xcinaz: folds 
sta$igk: folds 
CashfishT: folds 
b2k-Snick: folds 
Corsair444: raises $1 to $2
Felipe$Andre: calls $1
*** FLOP *** [9s Kh 4d]
Corsair444: checks 
Felipe$Andre: bets $1
Corsair444: raises $1 to $2
Felipe$Andre: calls $1
*** TURN *** [9s Kh 4d] [3s]
Corsair444: bets $7.60
Felipe$Andre: calls $7.60
*** RIVER *** [9s Kh 4d 3s] [5d]
Corsair444: bets $11.02
Felipe$Andre: folds 
Uncalled bet ($11.02) returned to Corsair444
Corsair444 collected $22.04 from pot
Corsair444: doesn't show hand 
*** SUMMARY ***
Total pot $23.20 | Rake $1.16 
Board [9s Kh 4d 3s 5d]
Seat 1: xcinaz folded before Flop (didn't bet)
Seat 2: sta$igk folded before Flop (didn't bet)
Seat 3: CashfishT folded before Flop (didn't bet)
Seat 4: b2k-Snick (button) folded before Flop (didn't bet)
Seat 5: Corsair444 (small blind) collected ($22.04)
Seat 6: Felipe$Andre (big blind) folded on the River



PokerStars Hand #254732216497:  Hold'em No Limit ($0.50/$1.00 USD) - 2025/02/06 11:42:40 WET [2025/02/06 6:42:40 ET]
Table 'Elpis II' 6-max Seat #5 is the button
Seat 1: xcinaz ($114.44 in chips) is sitting out
Seat 2: sta$igk ($100 in chips) 
Seat 3: CashfishT ($127.29 in chips) 
Seat 4: b2k-Snick ($210.05 in chips) 
Seat 5: Corsair444 ($109.95 in chips) 
Seat 6: Felipe$Andre ($211.52 in chips) 
Felipe$Andre: posts small blind $0.50
xcinaz: is sitting out 
sta$igk: posts big blind $1
*** HOLE CARDS ***
CashfishT: folds 
b2k-Snick: folds 
Corsair444: folds 
Felipe$Andre: raises $2 to $3
sta$igk: folds 
Uncalled bet ($2) returned to Felipe$Andre
Felipe$Andre collected $2 from pot
Felipe$Andre: doesn't show hand 
*** SUMMARY ***
Total pot $2 | Rake $0 
Seat 1: xcinaz
Seat 2: sta$igk (big blind) folded before Flop
Seat 3: CashfishT folded before Flop (didn't bet)
Seat 4: b2k-Snick folded before Flop (didn't bet)
Seat 5: Corsair444 (button) folded before Flop (didn't bet)
Seat 6: Felipe$Andre (small blind) collected ($2)



PokerStars Hand #254732218559:  Hold'em No Limit ($0.50/$1.00 USD) - 2025/02/06 11:42:56 WET [2025/02/06 6:42:56 ET]
Table 'Elpis II' 6-max Seat #6 is the button
Seat 1: xcinaz ($114.44 in chips) is sitting out
Seat 2: sta$igk ($100 in chips) 
Seat 3: CashfishT ($127.29 in chips) 
Seat 4: b2k-Snick ($210.05 in chips) 
Seat 5: Corsair444 ($109.95 in chips) 
Seat 6: Felipe$Andre ($212.52 in chips) 
sta$igk: posts small blind $0.50
CashfishT: posts big blind $1
*** HOLE CARDS ***
b2k-Snick: folds 
Corsair444: folds 
Felipe$Andre: raises $1.50 to $2.50
sta$igk: folds 
CashfishT: folds 
Uncalled bet ($1.50) returned to Felipe$Andre
Felipe$Andre collected $2.50 from pot
Felipe$Andre: doesn't show hand 
*** SUMMARY ***
Total pot $2.50 | Rake $0 
Seat 1: xcinaz
Seat 2: sta$igk (small blind) folded before Flop
Seat 3: CashfishT (big blind) folded before Flop
Seat 4: b2k-Snick folded before Flop (didn't bet)
Seat 5: Corsair444 folded before Flop (didn't bet)
Seat 6: Felipe$Andre (button) collected ($2.50)



PokerStars Hand #254732222374:  Hold'em No Limit ($0.50/$1.00 USD) - 2025/02/06 11:43:26 WET [2025/02/06 6:43:26 ET]
Table 'Elpis II' 6-max Seat #2 is the button
Seat 1: xcinaz ($114.44 in chips) is sitting out
Seat 2: sta$igk ($100 in chips) 
Seat 3: CashfishT ($126.29 in chips) 
Seat 4: b2k-Snick ($210.05 in chips) 
Seat 5: Corsair444 ($109.95 in chips) 
Seat 6: Felipe$Andre ($214.02 in chips) 
CashfishT: posts small blind $0.50
b2k-Snick: posts big blind $1
xcinaz: sits out 
*** HOLE CARDS ***
Corsair444: folds 
Felipe$Andre: folds 
sta$igk: folds 
CashfishT: raises $2 to $3
b2k-Snick: folds 
Uncalled bet ($2) returned to CashfishT
CashfishT collected $2 from pot
CashfishT: doesn't show hand 
*** SUMMARY ***
Total pot $2 | Rake $0 
Seat 1: xcinaz
Seat 2: sta$igk (button) folded before Flop (didn't bet)
Seat 3: CashfishT (small blind) collected ($2)
Seat 4: b2k-Snick (big blind) folded before Flop
Seat 5: Corsair444 folded before Flop (didn't bet)
Seat 6: Felipe$Andre folded before Flop (didn't bet)



PokerStars Hand #254732224905:  Hold'em No Limit ($0.50/$1.00 USD) - 2025/02/06 11:43:46 WET [2025/02/06 6:43:46 ET]
Table 'Elpis II' 6-max Seat #3 is the button
Seat 1: xcinaz ($114.44 in chips) is sitting out
Seat 2: sta$igk ($100 in chips) 
Seat 3: CashfishT ($127.29 in chips) 
Seat 4: b2k-Snick ($209.05 in chips) 
Seat 5: Corsair444 ($109.95 in chips) 
Seat 6: Felipe$Andre ($214.02 in chips) 
b2k-Snick: posts small blind $0.50
Corsair444: posts big blind $1
xcinaz: sits out 
*** HOLE CARDS ***
Felipe$Andre: folds 
sta$igk: folds 
CashfishT: folds 
b2k-Snick: folds 
Uncalled bet ($0.50) returned to Corsair444
Corsair444 collected $1 from pot
Corsair444: doesn't show hand 
*** SUMMARY ***
Total pot $1 | Rake $0 
Seat 1: xcinaz
Seat 2: sta$igk folded before Flop (didn't bet)
Seat 3: CashfishT (button) folded before Flop (didn't bet)
Seat 4: b2k-Snick (small blind) folded before Flop
Seat 5: Corsair444 (big blind) collected ($1)
Seat 6: Felipe$Andre folded before Flop (didn't bet)



PokerStars Hand #254732226326:  Hold'em No Limit ($0.50/$1.00 USD) - 2025/02/06 11:43:57 WET [2025/02/06 6:43:57 ET]
Table 'Elpis II' 6-max Seat #4 is the button
Seat 1: xcinaz ($114.44 in chips) is sitting out
Seat 2: sta$igk ($100 in chips) 
Seat 3: CashfishT ($127.29 in chips) 
Seat 4: b2k-Snick ($208.55 in chips) 
Seat 5: Corsair444 ($110.45 in chips) 
Seat 6: Felipe$Andre ($214.02 in chips) 
Corsair444: posts small blind $0.50
Felipe$Andre: posts big blind $1
xcinaz: sits out 
*** HOLE CARDS ***
sta$igk: raises $1.50 to $2.50
CashfishT: folds 
b2k-Snick: folds 
Corsair444: folds 
Felipe$Andre: calls $1.50
*** FLOP *** [Kd Kh 7d]
Felipe$Andre: checks 
sta$igk: bets $1.72
Felipe$Andre: folds 
Uncalled bet ($1.72) returned to sta$igk
sta$igk collected $5.22 from pot
sta$igk: doesn't show hand 
*** SUMMARY ***
Total pot $5.50 | Rake $0.28 
Board [Kd Kh 7d]
Seat 1: xcinaz
Seat 2: sta$igk collected ($5.22)
Seat 3: CashfishT folded before Flop (didn't bet)
Seat 4: b2k-Snick (button) folded before Flop (didn't bet)
Seat 5: Corsair444 (small blind) folded before Flop
Seat 6: Felipe$Andre (big blind) folded on the Flop



PokerStars Hand #254732232230:  Hold'em No Limit ($0.50/$1.00 USD) - 2025/02/06 11:44:43 WET [2025/02/06 6:44:43 ET]
Table 'Elpis II' 6-max Seat #5 is the button
Seat 1: xcinaz ($114.44 in chips) 
Seat 2: sta$igk ($102.72 in chips) 
Seat 3: CashfishT ($127.29 in chips) 
Seat 4: b2k-Snick ($208.55 in chips) 
Seat 5: Corsair444 ($109.95 in chips) 
Seat 6: Felipe$Andre ($211.52 in chips) 
Felipe$Andre: posts small blind $0.50
xcinaz: posts big blind $1
*** HOLE CARDS ***
sta$igk: folds 
CashfishT: folds 
b2k-Snick: folds 
Corsair444: folds 
Felipe$Andre: raises $2 to $3
xcinaz: folds 
Uncalled bet ($2) returned to Felipe$Andre
Felipe$Andre collected $2 from pot
Felipe$Andre: doesn't show hand 
*** SUMMARY ***
Total pot $2 | Rake $0 
Seat 1: xcinaz (big blind) folded before Flop
Seat 2: sta$igk folded before Flop (didn't bet)
Seat 3: CashfishT folded before Flop (didn't bet)
Seat 4: b2k-Snick folded before Flop (didn't bet)
Seat 5: Corsair444 (button) folded before Flop (didn't bet)
Seat 6: Felipe$Andre (small blind) collected ($2)



PokerStars Hand #254732234421:  Hold'em No Limit ($0.50/$1.00 USD) - 2025/02/06 11:45:00 WET [2025/02/06 6:45:00 ET]
Table 'Elpis II' 6-max Seat #6 is the button
Seat 1: xcinaz ($113.44 in chips) 
Seat 2: sta$igk ($102.72 in chips) 
Seat 3: CashfishT ($127.29 in chips) 
Seat 4: b2k-Snick ($208.55 in chips) 
Seat 5: Corsair444 ($109.95 in chips) 
Seat 6: Felipe$Andre ($212.52 in chips) 
xcinaz: posts small blind $0.50
sta$igk: posts big blind $1
*** HOLE CARDS ***
CashfishT: folds 
b2k-Snick: raises $1.10 to $2.10
Corsair444: folds 
Felipe$Andre: folds 
xcinaz: folds 
sta$igk: folds 
Uncalled bet ($1.10) returned to b2k-Snick
b2k-Snick collected $2.50 from pot
b2k-Snick: doesn't show hand 
*** SUMMARY ***
Total pot $2.50 | Rake $0 
Seat 1: xcinaz (small blind) folded before Flop
Seat 2: sta$igk (big blind) folded before Flop
Seat 3: CashfishT folded before Flop (didn't bet)
Seat 4: b2k-Snick collected ($2.50)
Seat 5: Corsair444 folded before Flop (didn't bet)
Seat 6: Felipe$Andre (button) folded before Flop (didn't bet)



PokerStars Hand #254732236731:  Hold'em No Limit ($0.50/$1.00 USD) - 2025/02/06 11:45:18 WET [2025/02/06 6:45:18 ET]
Table 'Elpis II' 6-max Seat #1 is the button
Seat 1: xcinaz ($112.94 in chips) 
Seat 2: sta$igk ($101.72 in chips) 
Seat 3: CashfishT ($127.29 in chips) 
Seat 4: b2k-Snick ($210.05 in chips) 
Seat 5: Corsair444 ($109.95 in chips) 
Seat 6: Felipe$Andre ($212.52 in chips) 
sta$igk: posts small blind $0.50
CashfishT: posts big blind $1
*** HOLE CARDS ***
b2k-Snick: folds 
Corsair444: folds 
Felipe$Andre: raises $1.30 to $2.30
xcinaz: folds 
sta$igk: folds 
CashfishT: folds 
Uncalled bet ($1.30) returned to Felipe$Andre
Felipe$Andre collected $2.50 from pot
Felipe$Andre: doesn't show hand 
*** SUMMARY ***
Total pot $2.50 | Rake $0 
Seat 1: xcinaz (button) folded before Flop (didn't bet)
Seat 2: sta$igk (small blind) folded before Flop
Seat 3: CashfishT (big blind) folded before Flop
Seat 4: b2k-Snick folded before Flop (didn't bet)
Seat 5: Corsair444 folded before Flop (didn't bet)
Seat 6: Felipe$Andre collected ($2.50)



PokerStars Hand #254732239486:  Hold'em No Limit ($0.50/$1.00 USD) - 2025/02/06 11:45:40 WET [2025/02/06 6:45:40 ET]
Table 'Elpis II' 6-max Seat #2 is the button
Seat 1: xcinaz ($112.94 in chips) 
Seat 2: sta$igk ($101.22 in chips) 
Seat 3: CashfishT ($126.29 in chips) 
Seat 4: b2k-Snick ($210.05 in chips) 
Seat 5: Corsair444 ($109.95 in chips) 
Seat 6: Felipe$Andre ($214.02 in chips) 
CashfishT: posts small blind $0.50
b2k-Snick: posts big blind $1
*** HOLE CARDS ***
Corsair444: folds 
Felipe$Andre: folds 
xcinaz: raises $1.20 to $2.20
sta$igk: raises $5.30 to $7.50
CashfishT: folds 
b2k-Snick: folds 
xcinaz: folds 
Uncalled bet ($5.30) returned to sta$igk
sta$igk collected $5.90 from pot
sta$igk: doesn't show hand 
*** SUMMARY ***
Total pot $5.90 | Rake $0 
Seat 1: xcinaz folded before Flop
Seat 2: sta$igk (button) collected ($5.90)
Seat 3: CashfishT (small blind) folded before Flop
Seat 4: b2k-Snick (big blind) folded before Flop
Seat 5: Corsair444 folded before Flop (didn't bet)
Seat 6: Felipe$Andre folded before Flop (didn't bet)



PokerStars Hand #254732242968:  Hold'em No Limit ($0.50/$1.00 USD) - 2025/02/06 11:46:07 WET [2025/02/06 6:46:07 ET]
Table 'Elpis II' 6-max Seat #3 is the button
Seat 1: xcinaz ($110.74 in chips) 
Seat 2: sta$igk ($104.92 in chips) 
Seat 3: CashfishT ($125.79 in chips) 
Seat 4: b2k-Snick ($209.05 in chips) 
Seat 5: Corsair444 ($109.95 in chips) 
Seat 6: Felipe$Andre ($214.02 in chips) 
b2k-Snick: posts small blind $0.50
Corsair444: posts big blind $1
*** HOLE CARDS ***
Felipe$Andre: folds 
xcinaz: folds 
sta$igk: folds 
CashfishT: raises $1.20 to $2.20
b2k-Snick: folds 
Corsair444: calls $1.20
*** FLOP *** [As Qc 3h]
Corsair444: checks 
CashfishT: bets $1.54
Corsair444: raises $1.54 to $3.08
CashfishT: calls $1.54
*** TURN *** [As Qc 3h] [Ts]
Corsair444: checks 
CashfishT: checks 
*** RIVER *** [As Qc 3h Ts] [Ks]
Corsair444: checks 
CashfishT: checks 
*** SHOW DOWN ***
Corsair444: shows [7h Ah] (a pair of Aces)
CashfishT: shows [5d Ac] (a pair of Aces)
Corsair444 collected $5.26 from pot
CashfishT collected $5.25 from pot
*** SUMMARY ***
Total pot $11.06 | Rake $0.55 
Board [As Qc 3h Ts Ks]
Seat 1: xcinaz folded before Flop (didn't bet)
Seat 2: sta$igk folded before Flop (didn't bet)
Seat 3: CashfishT (button) showed [5d Ac] and won ($5.25) with a pair of Aces
Seat 4: b2k-Snick (small blind) folded before Flop
Seat 5: Corsair444 (big blind) showed [7h Ah] and won ($5.26) with a pair of Aces
Seat 6: Felipe$Andre folded before Flop (didn't bet)



PokerStars Hand #254732249914:  Hold'em No Limit ($0.50/$1.00 USD) - 2025/02/06 11:47:02 WET [2025/02/06 6:47:02 ET]
Table 'Elpis II' 6-max Seat #4 is the button
Seat 1: xcinaz ($110.74 in chips) 
Seat 2: sta$igk ($104.92 in chips) 
Seat 3: CashfishT ($125.76 in chips) 
Seat 4: b2k-Snick ($208.55 in chips) 
Seat 5: Corsair444 ($109.93 in chips) 
Seat 6: Felipe$Andre ($214.02 in chips) 
Corsair444: posts small blind $0.50
Felipe$Andre: posts big blind $1
*** HOLE CARDS ***
xcinaz: folds 
sta$igk: folds 
CashfishT: raises $1.20 to $2.20
b2k-Snick: folds 
Corsair444: folds 
Felipe$Andre: raises $9.80 to $12
CashfishT: calls $9.80
*** FLOP *** [3h 7d Jd]
Felipe$Andre: checks 
CashfishT: bets $7.68
Felipe$Andre: calls $7.68
*** TURN *** [3h 7d Jd] [Qc]
Felipe$Andre: checks 
CashfishT: checks 
*** RIVER *** [3h 7d Jd Qc] [6c]
Felipe$Andre: bets $12.51
CashfishT: calls $12.51
*** SHOW DOWN ***
Felipe$Andre: shows [As Kc] (high card Ace)
CashfishT: shows [2s 2d] (a pair of Deuces)
CashfishT collected $62.38 from pot
*** SUMMARY ***
Total pot $64.88 | Rake $2.50 
Board [3h 7d Jd Qc 6c]
Seat 1: xcinaz folded before Flop (didn't bet)
Seat 2: sta$igk folded before Flop (didn't bet)
Seat 3: CashfishT showed [2s 2d] and won ($62.38) with a pair of Deuces
Seat 4: b2k-Snick (button) folded before Flop (didn't bet)
Seat 5: Corsair444 (small blind) folded before Flop
Seat 6: Felipe$Andre (big blind) showed [As Kc] and lost with high card Ace



PokerStars Hand #254732267516:  Hold'em No Limit ($0.50/$1.00 USD) - 2025/02/06 11:49:19 WET [2025/02/06 6:49:19 ET]
Table 'Elpis II' 6-max Seat #5 is the button
Seat 1: xcinaz ($110.74 in chips) 
Seat 2: sta$igk ($104.92 in chips) 
Seat 3: CashfishT ($155.95 in chips) 
Seat 4: b2k-Snick ($208.55 in chips) 
Seat 5: Corsair444 ($109.43 in chips) 
Seat 6: Felipe$Andre ($181.83 in chips) 
Felipe$Andre: posts small blind $0.50
xcinaz: posts big blind $1
*** HOLE CARDS ***
sta$igk: folds 
CashfishT: raises $1.20 to $2.20
b2k-Snick: folds 
Corsair444: folds 
Felipe$Andre: folds 
xcinaz: folds 
Uncalled bet ($1.20) returned to CashfishT
CashfishT collected $2.50 from pot
CashfishT: doesn't show hand 
*** SUMMARY ***
Total pot $2.50 | Rake $0 
Seat 1: xcinaz (big blind) folded before Flop
Seat 2: sta$igk folded before Flop (didn't bet)
Seat 3: CashfishT collected ($2.50)
Seat 4: b2k-Snick folded before Flop (didn't bet)
Seat 5: Corsair444 (button) folded before Flop (didn't bet)
Seat 6: Felipe$Andre (small blind) folded before Flop



PokerStars Hand #254732270213:  Hold'em No Limit ($0.50/$1.00 USD) - 2025/02/06 11:49:40 WET [2025/02/06 6:49:40 ET]
Table 'Elpis II' 6-max Seat #6 is the button
Seat 1: xcinaz ($109.74 in chips) 
Seat 2: sta$igk ($104.92 in chips) 
Seat 3: CashfishT ($157.45 in chips) 
Seat 4: b2k-Snick ($208.55 in chips) 
Seat 5: Corsair444 ($109.43 in chips) 
Seat 6: Felipe$Andre ($181.33 in chips) 
xcinaz: posts small blind $0.50
sta$igk: posts big blind $1
*** HOLE CARDS ***
CashfishT: folds 
b2k-Snick: folds 
Corsair444: folds 
Felipe$Andre: raises $1.50 to $2.50
xcinaz: folds 
sta$igk: folds 
Uncalled bet ($1.50) returned to Felipe$Andre
Felipe$Andre collected $2.50 from pot
Felipe$Andre: doesn't show hand 
*** SUMMARY ***
Total pot $2.50 | Rake $0 
Seat 1: xcinaz (small blind) folded before Flop
Seat 2: sta$igk (big blind) folded before Flop
Seat 3: CashfishT folded before Flop (didn't bet)
Seat 4: b2k-Snick folded before Flop (didn't bet)
Seat 5: Corsair444 folded before Flop (didn't bet)
Seat 6: Felipe$Andre (button) collected ($2.50)



PokerStars Hand #254732272214:  Hold'em No Limit ($0.50/$1.00 USD) - 2025/02/06 11:49:55 WET [2025/02/06 6:49:55 ET]
Table 'Elpis II' 6-max Seat #1 is the button
Seat 1: xcinaz ($109.24 in chips) 
Seat 2: sta$igk ($103.92 in chips) 
Seat 3: CashfishT ($157.45 in chips) 
Seat 4: b2k-Snick ($208.55 in chips) 
Seat 5: Corsair444 ($109.43 in chips) 
Seat 6: Felipe$Andre ($182.83 in chips) 
sta$igk: posts small blind $0.50
CashfishT: posts big blind $1
*** HOLE CARDS ***
b2k-Snick: folds 
Corsair444: folds 
Felipe$Andre: raises $1.30 to $2.30
xcinaz: raises $5.70 to $8
sta$igk: folds 
CashfishT: raises $14 to $22
Felipe$Andre: folds 
xcinaz: folds 
Uncalled bet ($14) returned to CashfishT
CashfishT collected $18.80 from pot
CashfishT: doesn't show hand 
*** SUMMARY ***
Total pot $18.80 | Rake $0 
Seat 1: xcinaz (button) folded before Flop
Seat 2: sta$igk (small blind) folded before Flop
Seat 3: CashfishT (big blind) collected ($18.80)
Seat 4: b2k-Snick folded before Flop (didn't bet)
Seat 5: Corsair444 folded before Flop (didn't bet)
Seat 6: Felipe$Andre folded before Flop



PokerStars Hand #254732277882:  Hold'em No Limit ($0.50/$1.00 USD) - 2025/02/06 11:50:39 WET [2025/02/06 6:50:39 ET]
Table 'Elpis II' 6-max Seat #2 is the button
Seat 1: xcinaz ($101.24 in chips) 
Seat 2: sta$igk ($103.42 in chips) 
Seat 3: CashfishT ($168.25 in chips) 
Seat 4: b2k-Snick ($208.55 in chips) 
Seat 5: Corsair444 ($109.43 in chips) 
Seat 6: Felipe$Andre ($180.53 in chips) 
CashfishT: posts small blind $0.50
b2k-Snick: posts big blind $1
*** HOLE CARDS ***
Corsair444: folds 
Felipe$Andre: folds 
xcinaz: folds 
sta$igk: folds 
CashfishT: raises $2 to $3
b2k-Snick: calls $2
*** FLOP *** [9h Ah 8s]
CashfishT: checks 
b2k-Snick: bets $1.88
CashfishT: raises $7.10 to $8.98
b2k-Snick: calls $7.10
*** TURN *** [9h Ah 8s] [3h]
CashfishT: checks 
b2k-Snick: checks 
*** RIVER *** [9h Ah 8s 3h] [7s]
CashfishT: bets $7.51
b2k-Snick: folds 
Uncalled bet ($7.51) returned to CashfishT
CashfishT collected $22.76 from pot
CashfishT: doesn't show hand 
*** SUMMARY ***
Total pot $23.96 | Rake $1.20 
Board [9h Ah 8s 3h 7s]
Seat 1: xcinaz folded before Flop (didn't bet)
Seat 2: sta$igk (button) folded before Flop (didn't bet)
Seat 3: CashfishT (small blind) collected ($22.76)
Seat 4: b2k-Snick (big blind) folded on the River
Seat 5: Corsair444 folded before Flop (didn't bet)
Seat 6: Felipe$Andre folded before Flop (didn't bet)



PokerStars Hand #254732286640:  Hold'em No Limit ($0.50/$1.00 USD) - 2025/02/06 11:51:48 WET [2025/02/06 6:51:48 ET]
Table 'Elpis II' 6-max Seat #3 is the button
Seat 1: xcinaz ($101.24 in chips) 
Seat 2: sta$igk ($103.42 in chips) 
Seat 3: CashfishT ($179.03 in chips) 
Seat 4: b2k-Snick ($196.57 in chips) 
Seat 5: Corsair444 ($109.43 in chips) 
Seat 6: Felipe$Andre ($180.53 in chips) 
b2k-Snick: posts small blind $0.50
Corsair444: posts big blind $1
*** HOLE CARDS ***
Felipe$Andre: folds 
xcinaz: folds 
sta$igk: folds 
CashfishT: folds 
b2k-Snick: folds 
Uncalled bet ($0.50) returned to Corsair444
Corsair444 collected $1 from pot
Corsair444: doesn't show hand 
*** SUMMARY ***
Total pot $1 | Rake $0 
Seat 1: xcinaz folded before Flop (didn't bet)
Seat 2: sta$igk folded before Flop (didn't bet)
Seat 3: CashfishT (button) folded before Flop (didn't bet)
Seat 4: b2k-Snick (small blind) folded before Flop
Seat 5: Corsair444 (big blind) collected ($1)
Seat 6: Felipe$Andre folded before Flop (didn't bet)



PokerStars Hand #254732288518:  Hold'em No Limit ($0.50/$1.00 USD) - 2025/02/06 11:52:03 WET [2025/02/06 6:52:03 ET]
Table 'Elpis II' 6-max Seat #4 is the button
Seat 1: xcinaz ($101.24 in chips) 
Seat 2: sta$igk ($103.42 in chips) 
Seat 3: CashfishT ($179.03 in chips) 
Seat 4: b2k-Snick ($196.07 in chips) 
Seat 5: Corsair444 ($109.93 in chips) 
Seat 6: Felipe$Andre ($180.53 in chips) 
Corsair444: posts small blind $0.50
Felipe$Andre: posts big blind $1
*** HOLE CARDS ***
xcinaz: folds 
sta$igk: raises $1.50 to $2.50
CashfishT: folds 
b2k-Snick: raises $5 to $7.50
Corsair444: folds 
Felipe$Andre: folds 
sta$igk: folds 
Uncalled bet ($5) returned to b2k-Snick
b2k-Snick collected $6.50 from pot
b2k-Snick: doesn't show hand 
*** SUMMARY ***
Total pot $6.50 | Rake $0 
Seat 1: xcinaz folded before Flop (didn't bet)
Seat 2: sta$igk folded before Flop
Seat 3: CashfishT folded before Flop (didn't bet)
Seat 4: b2k-Snick (button) collected ($6.50)
Seat 5: Corsair444 (small blind) folded before Flop
Seat 6: Felipe$Andre (big blind) folded before Flop



PokerStars Hand #254732290992:  Hold'em No Limit ($0.50/$1.00 USD) - 2025/02/06 11:52:22 WET [2025/02/06 6:52:22 ET]
Table 'Elpis II' 6-max Seat #5 is the button
Seat 1: xcinaz ($101.24 in chips) 
Seat 2: sta$igk ($100.92 in chips) 
Seat 3: CashfishT ($179.03 in chips) 
Seat 4: b2k-Snick ($200.07 in chips) 
Seat 5: Corsair444 ($109.43 in chips) 
Seat 6: Felipe$Andre ($179.53 in chips) 
Felipe$Andre: posts small blind $0.50
xcinaz: posts big blind $1
*** HOLE CARDS ***
sta$igk: folds 
CashfishT: folds 
b2k-Snick: raises $1.50 to $2.50
Corsair444: folds 
Felipe$Andre: folds 
xcinaz: calls $1.50
*** FLOP *** [7h 6d Tc]
xcinaz: checks 
b2k-Snick: checks 
*** TURN *** [7h 6d Tc] [Kd]
xcinaz: checks 
b2k-Snick: checks 
*** RIVER *** [7h 6d Tc Kd] [6c]
xcinaz: checks 
b2k-Snick: checks 
*** SHOW DOWN ***
xcinaz: shows [9s 9c] (two pair, Nines and Sixes)
b2k-Snick: mucks hand 
xcinaz collected $5.22 from pot
*** SUMMARY ***
Total pot $5.50 | Rake $0.28 
Board [7h 6d Tc Kd 6c]
Seat 1: xcinaz (big blind) showed [9s 9c] and won ($5.22) with two pair, Nines and Sixes
Seat 2: sta$igk folded before Flop (didn't bet)
Seat 3: CashfishT folded before Flop (didn't bet)
Seat 4: b2k-Snick mucked
Seat 5: Corsair444 (button) folded before Flop (didn't bet)
Seat 6: Felipe$Andre (small blind) folded before Flop



PokerStars Hand #254732300313:  Hold'em No Limit ($0.50/$1.00 USD) - 2025/02/06 11:53:35 WET [2025/02/06 6:53:35 ET]
Table 'Elpis II' 6-max Seat #6 is the button
Seat 1: xcinaz ($103.96 in chips) 
Seat 2: sta$igk ($100.92 in chips) 
Seat 3: CashfishT ($179.03 in chips) 
Seat 4: b2k-Snick ($197.57 in chips) 
Seat 5: Corsair444 ($109.43 in chips) 
Seat 6: Felipe$Andre ($179.03 in chips) 
xcinaz: posts small blind $0.50
sta$igk: posts big blind $1
*** HOLE CARDS ***
CashfishT: folds 
b2k-Snick: folds 
Corsair444: folds 
Felipe$Andre: folds 
xcinaz: folds 
Uncalled bet ($0.50) returned to sta$igk
Corsair444 leaves the table
sta$igk collected $1 from pot
sta$igk: doesn't show hand 
*** SUMMARY ***
Total pot $1 | Rake $0 
Seat 1: xcinaz (small blind) folded before Flop
Seat 2: sta$igk (big blind) collected ($1)
Seat 3: CashfishT folded before Flop (didn't bet)
Seat 4: b2k-Snick folded before Flop (didn't bet)
Seat 5: Corsair444 folded before Flop (didn't bet)
Seat 6: Felipe$Andre (button) folded before Flop (didn't bet)



PokerStars Hand #254732303886:  Hold'em No Limit ($0.50/$1.00 USD) - 2025/02/06 11:54:04 WET [2025/02/06 6:54:04 ET]
Table 'Elpis II' 6-max Seat #1 is the button
Seat 1: xcinaz ($103.46 in chips) 
Seat 2: sta$igk ($101.42 in chips) 
Seat 3: CashfishT ($179.03 in chips) 
Seat 4: b2k-Snick ($197.57 in chips) 
Seat 6: Felipe$Andre ($179.03 in chips) 
sta$igk: posts small blind $0.50
CashfishT: posts big blind $1
*** HOLE CARDS ***
b2k-Snick: raises $1.10 to $2.10
Felipe$Andre: folds 
xcinaz: folds 
sta$igk: folds 
CashfishT: calls $1.10
*** FLOP *** [2c 5s 3d]
CashfishT: checks 
b2k-Snick: bets $4.50
CashfishT: calls $4.50
*** TURN *** [2c 5s 3d] [As]
CashfishT: checks 
b2k-Snick: checks 
*** RIVER *** [2c 5s 3d As] [9h]
CashfishT: bets $26
b2k-Snick: folds 
Uncalled bet ($26) returned to CashfishT
CashfishT collected $13.02 from pot
CashfishT: doesn't show hand 
*** SUMMARY ***
Total pot $13.70 | Rake $0.68 
Board [2c 5s 3d As 9h]
Seat 1: xcinaz (button) folded before Flop (didn't bet)
Seat 2: sta$igk (small blind) folded before Flop
Seat 3: CashfishT (big blind) collected ($13.02)
Seat 4: b2k-Snick folded on the River
Seat 6: Felipe$Andre folded before Flop (didn't bet)



PokerStars Hand #254732312160:  Hold'em No Limit ($0.50/$1.00 USD) - 2025/02/06 11:55:10 WET [2025/02/06 6:55:10 ET]
Table 'Elpis II' 6-max Seat #2 is the button
Seat 1: xcinaz ($103.46 in chips) 
Seat 2: sta$igk ($100.92 in chips) 
Seat 3: CashfishT ($185.45 in chips) 
Seat 4: b2k-Snick ($190.97 in chips) 
Seat 6: Felipe$Andre ($179.03 in chips) 
CashfishT: posts small blind $0.50
b2k-Snick: posts big blind $1
*** HOLE CARDS ***
Felipe$Andre: folds 
xcinaz: folds 
sta$igk: folds 
CashfishT: raises $2 to $3
b2k-Snick: folds 
Uncalled bet ($2) returned to CashfishT
CashfishT collected $2 from pot
CashfishT: doesn't show hand 
*** SUMMARY ***
Total pot $2 | Rake $0 
Seat 1: xcinaz folded before Flop (didn't bet)
Seat 2: sta$igk (button) folded before Flop (didn't bet)
Seat 3: CashfishT (small blind) collected ($2)
Seat 4: b2k-Snick (big blind) folded before Flop
Seat 6: Felipe$Andre folded before Flop (didn't bet)



PokerStars Hand #254732314032:  Hold'em No Limit ($0.50/$1.00 USD) - 2025/02/06 11:55:28 WET [2025/02/06 6:55:28 ET]
Table 'Elpis II' 6-max Seat #3 is the button
Seat 1: xcinaz ($103.46 in chips) 
Seat 2: sta$igk ($100.92 in chips) 
Seat 3: CashfishT ($186.45 in chips) 
Seat 4: b2k-Snick ($189.97 in chips) 
Seat 6: Felipe$Andre ($179.03 in chips) 
b2k-Snick: posts small blind $0.50
Felipe$Andre: posts big blind $1
*** HOLE CARDS ***
xcinaz: folds 
sta$igk: raises $1.50 to $2.50
xcinaz leaves the table
CashfishT: raises $4.50 to $7
b2k-Snick: folds 
Felipe$Andre: folds 
sta$igk: raises $14 to $21
CashfishT: folds 
Uncalled bet ($14) returned to sta$igk
sta$igk collected $15.50 from pot
sta$igk: doesn't show hand 
*** SUMMARY ***
Total pot $15.50 | Rake $0 
Seat 1: xcinaz folded before Flop (didn't bet)
Seat 2: sta$igk collected ($15.50)
Seat 3: CashfishT (button) folded before Flop
Seat 4: b2k-Snick (small blind) folded before Flop
Seat 6: Felipe$Andre (big blind) folded before Flop



PokerStars Hand #254732320897:  Hold'em No Limit ($0.50/$1.00 USD) - 2025/02/06 11:56:32 WET [2025/02/06 6:56:32 ET]
Table 'Elpis II' 6-max Seat #4 is the button
Seat 2: sta$igk ($109.42 in chips) is sitting out
Seat 3: CashfishT ($179.45 in chips) 
Seat 4: b2k-Snick ($189.47 in chips) 
Seat 6: Felipe$Andre ($178.03 in chips) 
Felipe$Andre: posts small blind $0.50
sta$igk: is sitting out 
CashfishT: posts big blind $1
*** HOLE CARDS ***
sta$igk leaves the table
b2k-Snick: folds 
b2k-Snick leaves the table
Felipe$Andre: folds 
Uncalled bet ($0.50) returned to CashfishT
CashfishT collected $1 from pot
CashfishT: doesn't show hand 
*** SUMMARY ***
Total pot $1 | Rake $0 
Seat 2: sta$igk
Seat 3: CashfishT (big blind) collected ($1)
Seat 4: b2k-Snick (button) folded before Flop (didn't bet)
Seat 6: Felipe$Andre (small blind) folded before Flop



PokerStars Hand #254734040498:  Hold'em No Limit ($0.50/$1.00 USD) - 2025/02/06 15:03:32 WET [2025/02/06 10:03:32 ET]
Table 'Elpis II' 6-max Seat #2 is the button
Seat 2: tintin641 ($100 in chips) 
Seat 4: treidei3 ($100 in chips) 
Seat 6: socito ($100 in chips) 
treidei3: posts small blind $0.50
socito: posts big blind $1
*** HOLE CARDS ***
tintin641: raises $1.50 to $2.50
treidei3: folds 
socito: folds 
Uncalled bet ($1.50) returned to tintin641
tintin641 collected $2.50 from pot
tintin641: doesn't show hand 
*** SUMMARY ***
Total pot $2.50 | Rake $0 
Seat 2: tintin641 (button) collected ($2.50)
Seat 4: treidei3 (small blind) folded before Flop
Seat 6: socito (big blind) folded before Flop



PokerStars Hand #254734043488:  Hold'em No Limit ($0.50/$1.00 USD) - 2025/02/06 15:03:48 WET [2025/02/06 10:03:48 ET]
Table 'Elpis II' 6-max Seat #4 is the button
Seat 2: tintin641 ($101.50 in chips) 
Seat 4: treidei3 ($100 in chips) 
Seat 6: socito ($100 in chips) 
socito: posts small blind $0.50
tintin641: posts big blind $1
*** HOLE CARDS ***
treidei3: raises $1.20 to $2.20
socito: folds 
Unipoker11 joins the table at seat #1 
ReVeu710 joins the table at seat #3 
tintin641: calls $1.20
*** FLOP *** [3d 4h 5c]
tintin641: checks 
treidei3: checks 
*** TURN *** [3d 4h 5c] [6d]
tintin641: checks 
treidei3: checks 
*** RIVER *** [3d 4h 5c 6d] [Tc]
tintin641: checks 
treidei3: checks 
*** SHOW DOWN ***
tintin641: shows [Ad 3h] (a pair of Threes)
treidei3: mucks hand 
tintin641 collected $4.66 from pot
*** SUMMARY ***
Total pot $4.90 | Rake $0.24 
Board [3d 4h 5c 6d Tc]
Seat 2: tintin641 (big blind) showed [Ad 3h] and won ($4.66) with a pair of Threes
Seat 4: treidei3 (button) mucked
Seat 6: socito (small blind) folded before Flop



PokerStars Hand #254734053248:  Hold'em No Limit ($0.50/$1.00 USD) - 2025/02/06 15:04:40 WET [2025/02/06 10:04:40 ET]
Table 'Elpis II' 6-max Seat #6 is the button
Seat 1: Unipoker11 ($100 in chips) is sitting out
Seat 2: tintin641 ($103.96 in chips) 
Seat 3: ReVeu710 ($100 in chips) 
Seat 4: treidei3 ($100 in chips) 
Seat 6: socito ($100 in chips) 
tintin641: posts small blind $0.50
ReVeu710: posts big blind $1
*** HOLE CARDS ***
treidei3: folds 
socito: folds 
tintin641: raises $2 to $3
ReVeu710: calls $2
*** FLOP *** [9c 4d 9h]
tintin641: bets $1.88
ReVeu710: calls $1.88
*** TURN *** [9c 4d 9h] [2d]
tintin641: checks 
Unipoker11 leaves the table
ReVeu710: bets $5.01
tintin641: folds 
Uncalled bet ($5.01) returned to ReVeu710
ReVeu710 collected $9.27 from pot
ReVeu710: doesn't show hand 
*** SUMMARY ***
Total pot $9.76 | Rake $0.49 
Board [9c 4d 9h 2d]
Seat 1: Unipoker11
Seat 2: tintin641 (small blind) folded on the Turn
Seat 3: ReVeu710 (big blind) collected ($9.27)
Seat 4: treidei3 folded before Flop (didn't bet)
Seat 6: socito (button) folded before Flop (didn't bet)



PokerStars Hand #254734064417:  Hold'em No Limit ($0.50/$1.00 USD) - 2025/02/06 15:05:40 WET [2025/02/06 10:05:40 ET]
Table 'Elpis II' 6-max Seat #3 is the button
Seat 4: treidei3 ($100 in chips) is sitting out
Seat 6: socito ($100 in chips) is sitting out
Seat 2: tintin641 ($100 in chips) 
Seat 3: ReVeu710 ($104.39 in chips) 
ReVeu710: posts small blind $0.50
treidei3: is sitting out 
socito: is sitting out 
tintin641: posts big blind $1
*** HOLE CARDS ***
socito leaves the table
ReVeu710: raises $2 to $3
tintin641: folds 
Uncalled bet ($2) returned to ReVeu710
ReVeu710 collected $2 from pot
ReVeu710: doesn't show hand 
*** SUMMARY ***
Total pot $2 | Rake $0 
Seat 4: treidei3
Seat 6: socito
Seat 2: tintin641 (big blind) folded before Flop
Seat 3: ReVeu710 (button) (small blind) collected ($2)



PokerStars Hand #254734067690:  Hold'em No Limit ($0.50/$1.00 USD) - 2025/02/06 15:05:58 WET [2025/02/06 10:05:58 ET]
Table 'Elpis II' 6-max Seat #2 is the button
Seat 4: treidei3 ($100 in chips) is sitting out
Seat 2: tintin641 ($100 in chips) 
Seat 3: ReVeu710 ($105.39 in chips) 
tintin641: posts small blind $0.50
ReVeu710: posts big blind $1
*** HOLE CARDS ***
tintin641: raises $1.50 to $2.50
ReVeu710: calls $1.50
*** FLOP *** [Jh 3s 5s]
ReVeu710: checks 
tintin641: bets $1.57
ReVeu710: folds 
Uncalled bet ($1.57) returned to tintin641
tintin641 collected $4.75 from pot
tintin641: doesn't show hand 
*** SUMMARY ***
Total pot $5 | Rake $0.25 
Board [Jh 3s 5s]
Seat 4: treidei3
Seat 2: tintin641 (button) (small blind) collected ($4.75)
Seat 3: ReVeu710 (big blind) folded on the Flop



