PokerStars Hand #254736980832:  Hold'em No Limit ($0.50/$1.00 USD) - 2025/02/06 18:38:32 WET [2025/02/06 13:38:32 ET]
Table 'Muscida II' 6-max Seat #4 is the button
Seat 6: z00mba ($107.42 in chips) is sitting out
Seat 1: ImaPeppaPig ($201 in chips) 
Seat 2: Bessie0009 ($19.88 in chips) 
Seat 3: fugitive-Ty3 ($105.02 in chips) 
Seat 4: Special One4444 ($10.50 in chips) 
Seat 5: paramourx ($100 in chips) 
paramourx: posts small blind $0.50
z00mba: is sitting out 
ImaPeppaPig: posts big blind $1
*** HOLE CARDS ***
Bessie0009: folds 
fugitive-Ty3: folds 
Special One4444: folds 
paramourx: raises $2 to $3
ImaPeppaPig: folds 
Uncalled bet ($2) returned to paramourx
paramourx collected $2 from pot
paramourx: doesn't show hand 
*** SUMMARY ***
Total pot $2 | Rake $0 
Seat 6: z00mba
Seat 1: ImaPeppaPig (big blind) folded before Flop
Seat 2: Bessie0009 folded before Flop (didn't bet)
Seat 3: fugitive-Ty3 folded before Flop (didn't bet)
Seat 4: Special One4444 (button) folded before Flop (didn't bet)
Seat 5: paramourx (small blind) collected ($2)



PokerStars Hand #254736985594:  Hold'em No Limit ($0.50/$1.00 USD) - 2025/02/06 18:38:49 WET [2025/02/06 13:38:49 ET]
Table 'Muscida II' 6-max Seat #5 is the button
Seat 6: z00mba ($107.42 in chips) is sitting out
Seat 1: ImaPeppaPig ($200 in chips) 
Seat 2: Bessie0009 ($19.88 in chips) 
Seat 3: fugitive-Ty3 ($105.02 in chips) 
Seat 4: Special One4444 ($10.50 in chips) 
Seat 5: paramourx ($101 in chips) 
ImaPeppaPig: posts small blind $0.50
Bessie0009: posts big blind $1
*** HOLE CARDS ***
fugitive-Ty3: raises $1.50 to $2.50
Special One4444: folds 
paramourx: folds 
ImaPeppaPig: folds 
Bessie0009: calls $1.50
*** FLOP *** [Td Qh Qd]
Bessie0009: checks 
fugitive-Ty3: bets $1.72
Bessie0009: calls $1.72
*** TURN *** [Td Qh Qd] [Ac]
Bessie0009: checks 
fugitive-Ty3: bets $4.25
Bessie0009: raises $8.50 to $12.75
fugitive-Ty3: raises $8.50 to $21.25
Bessie0009: calls $2.91 and is all-in
Uncalled bet ($5.59) returned to fugitive-Ty3
*** RIVER *** [Td Qh Qd Ac] [2c]
*** SHOW DOWN ***
Bessie0009: shows [9c Qc] (three of a kind, Queens)
fugitive-Ty3: shows [Ks Jh] (a straight, Ten to Ace)
fugitive-Ty3 collected $38.25 from pot
*** SUMMARY ***
Total pot $40.26 | Rake $2.01 
Board [Td Qh Qd Ac 2c]
Seat 6: z00mba
Seat 1: ImaPeppaPig (small blind) folded before Flop
Seat 2: Bessie0009 (big blind) showed [9c Qc] and lost with three of a kind, Queens
Seat 3: fugitive-Ty3 showed [Ks Jh] and won ($38.25) with a straight, Ten to Ace
Seat 4: Special One4444 folded before Flop (didn't bet)
Seat 5: paramourx (button) folded before Flop (didn't bet)



PokerStars Hand #254736998779:  Hold'em No Limit ($0.50/$1.00 USD) - 2025/02/06 18:39:36 WET [2025/02/06 13:39:36 ET]
Table 'Muscida II' 6-max Seat #1 is the button
Seat 2: Bessie0009 ($0 in chips) is sitting out
Seat 6: z00mba ($107.42 in chips) is sitting out
Seat 1: ImaPeppaPig ($199.50 in chips) 
Seat 3: fugitive-Ty3 ($123.39 in chips) 
Seat 4: Special One4444 ($10.50 in chips) 
Seat 5: paramourx ($101 in chips) 
fugitive-Ty3: posts small blind $0.50
Special One4444: posts big blind $1
*** HOLE CARDS ***
paramourx: folds 
ImaPeppaPig: folds 
fugitive-Ty3: raises $2 to $3
Special One4444: raises $7.50 to $10.50 and is all-in
Bessie0009 leaves the table
fugitive-Ty3: folds 
Uncalled bet ($7.50) returned to Special One4444
Special One4444 collected $6 from pot
*** SUMMARY ***
Total pot $6 | Rake $0 
Seat 2: Bessie0009
Seat 6: z00mba
Seat 1: ImaPeppaPig (button) folded before Flop (didn't bet)
Seat 3: fugitive-Ty3 (small blind) folded before Flop
Seat 4: Special One4444 (big blind) collected ($6)
Seat 5: paramourx folded before Flop (didn't bet)



PokerStars Hand #254737003807:  Hold'em No Limit ($0.50/$1.00 USD) - 2025/02/06 18:39:53 WET [2025/02/06 13:39:53 ET]
Table 'Muscida II' 6-max Seat #3 is the button
Seat 6: z00mba ($107.42 in chips) is sitting out
Seat 1: ImaPeppaPig ($199.50 in chips) 
Seat 3: fugitive-Ty3 ($120.39 in chips) 
Seat 4: Special One4444 ($13.50 in chips) 
Seat 5: paramourx ($101 in chips) 
Special One4444: posts small blind $0.50
paramourx: posts big blind $1
*** HOLE CARDS ***
ImaPeppaPig: folds 
fugitive-Ty3: folds 
Special One4444: folds 
Uncalled bet ($0.50) returned to paramourx
IREQO joins the table at seat #2 
paramourx collected $1 from pot
paramourx: doesn't show hand 
*** SUMMARY ***
Total pot $1 | Rake $0 
Seat 6: z00mba
Seat 1: ImaPeppaPig folded before Flop (didn't bet)
Seat 3: fugitive-Ty3 (button) folded before Flop (didn't bet)
Seat 4: Special One4444 (small blind) folded before Flop
Seat 5: paramourx (big blind) collected ($1)



PokerStars Hand #254737007557:  Hold'em No Limit ($0.50/$1.00 USD) - 2025/02/06 18:40:07 WET [2025/02/06 13:40:07 ET]
Table 'Muscida II' 6-max Seat #4 is the button
Seat 2: IREQO ($55.71 in chips) is sitting out
Seat 6: z00mba ($107.42 in chips) is sitting out
Seat 1: ImaPeppaPig ($199.50 in chips) 
Seat 3: fugitive-Ty3 ($120.39 in chips) 
Seat 4: Special One4444 ($13 in chips) 
Seat 5: paramourx ($101.50 in chips) 
paramourx: posts small blind $0.50
ImaPeppaPig: posts big blind $1
IREQO: sits out 
*** HOLE CARDS ***
fugitive-Ty3: raises $1.50 to $2.50
Special One4444: folds 
paramourx: folds 
ImaPeppaPig: folds 
Uncalled bet ($1.50) returned to fugitive-Ty3
fugitive-Ty3 collected $2.50 from pot
fugitive-Ty3: doesn't show hand 
*** SUMMARY ***
Total pot $2.50 | Rake $0 
Seat 2: IREQO
Seat 6: z00mba
Seat 1: ImaPeppaPig (big blind) folded before Flop
Seat 3: fugitive-Ty3 collected ($2.50)
Seat 4: Special One4444 (button) folded before Flop (didn't bet)
Seat 5: paramourx (small blind) folded before Flop



PokerStars Hand #254737017472:  Hold'em No Limit ($0.50/$1.00 USD) - 2025/02/06 18:40:42 WET [2025/02/06 13:40:42 ET]
Table 'Muscida II' 6-max Seat #5 is the button
Seat 6: z00mba ($107.42 in chips) is sitting out
Seat 1: ImaPeppaPig ($198.50 in chips) 
Seat 2: IREQO ($55.71 in chips) 
Seat 3: fugitive-Ty3 ($121.89 in chips) 
Seat 4: Special One4444 ($13 in chips) 
Seat 5: paramourx ($101 in chips) 
ImaPeppaPig: posts small blind $0.50
IREQO: posts big blind $1
*** HOLE CARDS ***
fugitive-Ty3: folds 
Special One4444: folds 
paramourx: raises $2 to $3
ImaPeppaPig: folds 
IREQO: folds 
Uncalled bet ($2) returned to paramourx
paramourx collected $2.50 from pot
paramourx: doesn't show hand 
*** SUMMARY ***
Total pot $2.50 | Rake $0 
Seat 6: z00mba
Seat 1: ImaPeppaPig (small blind) folded before Flop
Seat 2: IREQO (big blind) folded before Flop
Seat 3: fugitive-Ty3 folded before Flop (didn't bet)
Seat 4: Special One4444 folded before Flop (didn't bet)
Seat 5: paramourx (button) collected ($2.50)



PokerStars Hand #254737021827:  Hold'em No Limit ($0.50/$1.00 USD) - 2025/02/06 18:40:58 WET [2025/02/06 13:40:58 ET]
Table 'Muscida II' 6-max Seat #1 is the button
Seat 3: fugitive-Ty3 ($121.89 in chips) is sitting out
Seat 6: z00mba ($107.42 in chips) is sitting out
Seat 1: ImaPeppaPig ($198 in chips) 
Seat 2: IREQO ($55.71 in chips) 
Seat 4: Special One4444 ($13 in chips) 
Seat 5: paramourx ($102.50 in chips) 
IREQO: posts small blind $0.50
fugitive-Ty3: is sitting out 
Special One4444: posts big blind $1
*** HOLE CARDS ***
paramourx: folds 
ImaPeppaPig: folds 
IREQO: folds 
Uncalled bet ($0.50) returned to Special One4444
Special One4444 collected $1 from pot
*** SUMMARY ***
Total pot $1 | Rake $0 
Seat 3: fugitive-Ty3
Seat 6: z00mba
Seat 1: ImaPeppaPig (button) folded before Flop (didn't bet)
Seat 2: IREQO (small blind) folded before Flop
Seat 4: Special One4444 (big blind) collected ($1)
Seat 5: paramourx folded before Flop (didn't bet)



PokerStars Hand #254737024564:  Hold'em No Limit ($0.50/$1.00 USD) - 2025/02/06 18:41:07 WET [2025/02/06 13:41:07 ET]
Table 'Muscida II' 6-max Seat #2 is the button
Seat 5: paramourx ($102.50 in chips) is sitting out
Seat 6: z00mba ($107.42 in chips) is sitting out
Seat 1: ImaPeppaPig ($198 in chips) 
Seat 2: IREQO ($99.50 in chips) 
Seat 4: Special One4444 ($13.50 in chips) 
Special One4444: posts small blind $0.50
paramourx: is sitting out 
fugitive-Ty3 leaves the table
ImaPeppaPig: posts big blind $1
*** HOLE CARDS ***
IREQO: folds 
paramourx leaves the table
Bessie0009 joins the table at seat #3 
Special One4444: raises $12.50 to $13.50 and is all-in
Bessie0009 is disconnected 
ImaPeppaPig: folds 
Uncalled bet ($12.50) returned to Special One4444
Special One4444 collected $2 from pot
*** SUMMARY ***
Total pot $2 | Rake $0 
Seat 5: paramourx
Seat 6: z00mba
Seat 1: ImaPeppaPig (big blind) folded before Flop
Seat 2: IREQO (button) folded before Flop (didn't bet)
Seat 4: Special One4444 (small blind) collected ($2)



PokerStars Hand #254737027842:  Hold'em No Limit ($0.50/$1.00 USD) - 2025/02/06 18:41:19 WET [2025/02/06 13:41:19 ET]
Table 'Muscida II' 6-max Seat #4 is the button
Seat 3: Bessie0009 ($20.52 in chips) is sitting out
Seat 6: z00mba ($107.42 in chips) is sitting out
Seat 1: ImaPeppaPig ($197 in chips) 
Seat 2: IREQO ($99.50 in chips) 
Seat 4: Special One4444 ($14.50 in chips) 
ImaPeppaPig: posts small blind $0.50
IREQO: posts big blind $1
Bessie0009: sits out 
*** HOLE CARDS ***
Special One4444: folds 
reiyser joins the table at seat #5 
ImaPeppaPig: raises $2 to $3
IREQO: raises $7 to $10
ImaPeppaPig: folds 
Uncalled bet ($7) returned to IREQO
IREQO collected $6 from pot
IREQO: doesn't show hand 
*** SUMMARY ***
Total pot $6 | Rake $0 
Seat 3: Bessie0009
Seat 6: z00mba
Seat 1: ImaPeppaPig (small blind) folded before Flop
Seat 2: IREQO (big blind) collected ($6)
Seat 4: Special One4444 (button) folded before Flop (didn't bet)



PokerStars Hand #254737033632:  Hold'em No Limit ($0.50/$1.00 USD) - 2025/02/06 18:41:39 WET [2025/02/06 13:41:39 ET]
Table 'Muscida II' 6-max Seat #1 is the button
Seat 5: reiyser ($100 in chips) is sitting out
Seat 6: z00mba ($107.42 in chips) is sitting out
Seat 1: ImaPeppaPig ($194 in chips) 
Seat 2: IREQO ($102.50 in chips) 
Seat 3: Bessie0009 ($20.52 in chips) 
Seat 4: Special One4444 ($14.50 in chips) 
IREQO: posts small blind $0.50
Bessie0009: posts big blind $1
reiyser: sits out 
z00mba: sits out 
*** HOLE CARDS ***
Special One4444: folds 
ImaPeppaPig: folds 
IREQO: raises $1.50 to $2.50
Bessie0009: calls $1.50
*** FLOP *** [5d Td 6d]
IREQO: checks 
Bessie0009: bets $4.75
IREQO: raises $15.25 to $20
Bessie0009: folds 
Uncalled bet ($15.25) returned to IREQO
IREQO collected $13.78 from pot
IREQO: doesn't show hand 
*** SUMMARY ***
Total pot $14.50 | Rake $0.72 
Board [5d Td 6d]
Seat 5: reiyser
Seat 6: z00mba
Seat 1: ImaPeppaPig (button) folded before Flop (didn't bet)
Seat 2: IREQO (small blind) collected ($13.78)
Seat 3: Bessie0009 (big blind) folded on the Flop
Seat 4: Special One4444 folded before Flop (didn't bet)



PokerStars Hand #254737053513:  Hold'em No Limit ($0.50/$1.00 USD) - 2025/02/06 18:42:50 WET [2025/02/06 13:42:50 ET]
Table 'Muscida II' 6-max Seat #2 is the button
Seat 5: reiyser ($100 in chips) is sitting out
Seat 6: z00mba ($107.42 in chips) is sitting out
Seat 1: ImaPeppaPig ($194 in chips) 
Seat 2: IREQO ($109.03 in chips) 
Seat 3: Bessie0009 ($13.27 in chips) 
Seat 4: Special One4444 ($14.50 in chips) 
Bessie0009: posts small blind $0.50
Special One4444: posts big blind $1
reiyser: sits out 
z00mba: sits out 
*** HOLE CARDS ***
ImaPeppaPig: folds 
IREQO: folds 
Bessie0009: raises $2 to $3
Special One4444: calls $2
*** FLOP *** [2s 6h Kd]
Bessie0009: checks 
Special One4444: bets $1.88
Bessie0009: calls $1.88
*** TURN *** [2s 6h Kd] [6s]
Bessie0009: checks 
Special One4444: checks 
*** RIVER *** [2s 6h Kd 6s] [9s]
Bessie0009: bets $8.39 and is all-in
Special One4444: folds 
Uncalled bet ($8.39) returned to Bessie0009
Bessie0009 collected $9.27 from pot
*** SUMMARY ***
Total pot $9.76 | Rake $0.49 
Board [2s 6h Kd 6s 9s]
Seat 5: reiyser
Seat 6: z00mba
Seat 1: ImaPeppaPig folded before Flop (didn't bet)
Seat 2: IREQO (button) folded before Flop (didn't bet)
Seat 3: Bessie0009 (small blind) collected ($9.27)
Seat 4: Special One4444 (big blind) folded on the River



PokerStars Hand #254737062282:  Hold'em No Limit ($0.50/$1.00 USD) - 2025/02/06 18:43:22 WET [2025/02/06 13:43:22 ET]
Table 'Muscida II' 6-max Seat #3 is the button
Seat 6: z00mba ($107.42 in chips) is sitting out
Seat 1: ImaPeppaPig ($194 in chips) 
Seat 2: IREQO ($109.03 in chips) 
Seat 3: Bessie0009 ($17.66 in chips) 
Seat 4: Special One4444 ($9.62 in chips) 
Seat 5: reiyser ($100 in chips) 
Special One4444: posts small blind $0.50
reiyser: posts big blind $1
z00mba: sits out 
*** HOLE CARDS ***
ImaPeppaPig: folds 
IREQO: folds 
Bessie0009: calls $1
Special One4444: raises $8.62 to $9.62 and is all-in
reiyser: folds 
Bessie0009: folds 
Uncalled bet ($8.62) returned to Special One4444
Special One4444 collected $3 from pot
*** SUMMARY ***
Total pot $3 | Rake $0 
Seat 6: z00mba
Seat 1: ImaPeppaPig folded before Flop (didn't bet)
Seat 2: IREQO folded before Flop (didn't bet)
Seat 3: Bessie0009 (button) folded before Flop
Seat 4: Special One4444 (small blind) collected ($3)
Seat 5: reiyser (big blind) folded before Flop



PokerStars Hand #254737065909:  Hold'em No Limit ($0.50/$1.00 USD) - 2025/02/06 18:43:34 WET [2025/02/06 13:43:34 ET]
Table 'Muscida II' 6-max Seat #4 is the button
Seat 1: ImaPeppaPig ($194 in chips) 
Seat 2: IREQO ($109.03 in chips) 
Seat 3: Bessie0009 ($16.66 in chips) 
Seat 4: Special One4444 ($11.62 in chips) 
Seat 5: reiyser ($100 in chips) 
Seat 6: z00mba ($107.42 in chips) 
reiyser: posts small blind $0.50
z00mba: posts big blind $1
*** HOLE CARDS ***
ImaPeppaPig: folds 
IREQO: folds 
Bessie0009: folds 
Special One4444: folds 
reiyser: raises $1.80 to $2.80
z00mba: calls $1.80
*** FLOP *** [5c Qs Ks]
reiyser: bets $1.54
z00mba: folds 
Uncalled bet ($1.54) returned to reiyser
reiyser collected $5.32 from pot
reiyser: doesn't show hand 
*** SUMMARY ***
Total pot $5.60 | Rake $0.28 
Board [5c Qs Ks]
Seat 1: ImaPeppaPig folded before Flop (didn't bet)
Seat 2: IREQO folded before Flop (didn't bet)
Seat 3: Bessie0009 folded before Flop (didn't bet)
Seat 4: Special One4444 (button) folded before Flop (didn't bet)
Seat 5: reiyser (small blind) collected ($5.32)
Seat 6: z00mba (big blind) folded on the Flop



PokerStars Hand #254737074595:  Hold'em No Limit ($0.50/$1.00 USD) - 2025/02/06 18:44:05 WET [2025/02/06 13:44:05 ET]
Table 'Muscida II' 6-max Seat #5 is the button
Seat 1: ImaPeppaPig ($194 in chips) 
Seat 2: IREQO ($109.03 in chips) 
Seat 3: Bessie0009 ($16.66 in chips) 
Seat 4: Special One4444 ($11.62 in chips) 
Seat 5: reiyser ($102.52 in chips) 
Seat 6: z00mba ($104.62 in chips) 
z00mba: posts small blind $0.50
ImaPeppaPig: posts big blind $1
*** HOLE CARDS ***
IREQO: folds 
Bessie0009: calls $1
Special One4444: folds 
reiyser: raises $3 to $4
z00mba: folds 
ImaPeppaPig: folds 
Bessie0009: folds 
Uncalled bet ($3) returned to reiyser
reiyser collected $3.50 from pot
reiyser: doesn't show hand 
*** SUMMARY ***
Total pot $3.50 | Rake $0 
Seat 1: ImaPeppaPig (big blind) folded before Flop
Seat 2: IREQO folded before Flop (didn't bet)
Seat 3: Bessie0009 folded before Flop
Seat 4: Special One4444 folded before Flop (didn't bet)
Seat 5: reiyser (button) collected ($3.50)
Seat 6: z00mba (small blind) folded before Flop



PokerStars Hand #254737081695:  Hold'em No Limit ($0.50/$1.00 USD) - 2025/02/06 18:44:30 WET [2025/02/06 13:44:30 ET]
Table 'Muscida II' 6-max Seat #6 is the button
Seat 2: IREQO ($109.03 in chips) is sitting out
Seat 1: ImaPeppaPig ($193 in chips) 
Seat 3: Bessie0009 ($15.66 in chips) 
Seat 4: Special One4444 ($11.62 in chips) 
Seat 5: reiyser ($105.02 in chips) 
Seat 6: z00mba ($104.12 in chips) 
ImaPeppaPig: posts small blind $0.50
IREQO: is sitting out 
Bessie0009: posts big blind $1
*** HOLE CARDS ***
Special One4444: folds 
reiyser: folds 
z00mba: raises $1.50 to $2.50
ImaPeppaPig: folds 
Bessie0009: raises $5.50 to $8
z00mba: folds 
Uncalled bet ($5.50) returned to Bessie0009
Bessie0009 collected $5.50 from pot
*** SUMMARY ***
Total pot $5.50 | Rake $0 
Seat 2: IREQO
Seat 1: ImaPeppaPig (small blind) folded before Flop
Seat 3: Bessie0009 (big blind) collected ($5.50)
Seat 4: Special One4444 folded before Flop (didn't bet)
Seat 5: reiyser folded before Flop (didn't bet)
Seat 6: z00mba (button) folded before Flop



PokerStars Hand #254737089054:  Hold'em No Limit ($0.50/$1.00 USD) - 2025/02/06 18:44:56 WET [2025/02/06 13:44:56 ET]
Table 'Muscida II' 6-max Seat #1 is the button
Seat 2: IREQO ($109.03 in chips) is sitting out
Seat 1: ImaPeppaPig ($192.50 in chips) 
Seat 3: Bessie0009 ($18.66 in chips) 
Seat 4: Special One4444 ($11.62 in chips) 
Seat 5: reiyser ($105.02 in chips) 
Seat 6: z00mba ($101.62 in chips) 
Bessie0009: posts small blind $0.50
Special One4444: posts big blind $1
*** HOLE CARDS ***
reiyser: folds 
z00mba: raises $1.50 to $2.50
ImaPeppaPig: folds 
Bessie0009: folds 
Special One4444: folds 
Uncalled bet ($1.50) returned to z00mba
z00mba collected $2.50 from pot
z00mba: doesn't show hand 
*** SUMMARY ***
Total pot $2.50 | Rake $0 
Seat 2: IREQO
Seat 1: ImaPeppaPig (button) folded before Flop (didn't bet)
Seat 3: Bessie0009 (small blind) folded before Flop
Seat 4: Special One4444 (big blind) folded before Flop
Seat 5: reiyser folded before Flop (didn't bet)
Seat 6: z00mba collected ($2.50)



PokerStars Hand #254737091547:  Hold'em No Limit ($0.50/$1.00 USD) - 2025/02/06 18:45:05 WET [2025/02/06 13:45:05 ET]
Table 'Muscida II' 6-max Seat #3 is the button
Seat 2: IREQO ($109.03 in chips) is sitting out
Seat 1: ImaPeppaPig ($192.50 in chips) 
Seat 3: Bessie0009 ($18.16 in chips) 
Seat 4: Special One4444 ($10.62 in chips) 
Seat 5: reiyser ($105.02 in chips) 
Seat 6: z00mba ($103.12 in chips) 
Special One4444: posts small blind $0.50
reiyser: posts big blind $1
*** HOLE CARDS ***
z00mba: folds 
ImaPeppaPig: folds 
IREQO leaves the table
Bessie0009: folds 
Special One4444: folds 
Uncalled bet ($0.50) returned to reiyser
reiyser collected $1 from pot
reiyser: doesn't show hand 
*** SUMMARY ***
Total pot $1 | Rake $0 
Seat 2: IREQO
Seat 1: ImaPeppaPig folded before Flop (didn't bet)
Seat 3: Bessie0009 (button) folded before Flop (didn't bet)
Seat 4: Special One4444 (small blind) folded before Flop
Seat 5: reiyser (big blind) collected ($1)
Seat 6: z00mba folded before Flop (didn't bet)



PokerStars Hand #254737093560:  Hold'em No Limit ($0.50/$1.00 USD) - 2025/02/06 18:45:12 WET [2025/02/06 13:45:12 ET]
Table 'Muscida II' 6-max Seat #4 is the button
Seat 1: ImaPeppaPig ($192.50 in chips) 
Seat 3: Bessie0009 ($18.16 in chips) 
Seat 4: Special One4444 ($10.12 in chips) 
Seat 5: reiyser ($105.52 in chips) 
Seat 6: z00mba ($103.12 in chips) 
reiyser: posts small blind $0.50
z00mba: posts big blind $1
*** HOLE CARDS ***
ImaPeppaPig: folds 
Bessie0009: folds 
Special One4444: folds 
reiyser: folds 
Uncalled bet ($0.50) returned to z00mba
z00mba collected $1 from pot
z00mba: doesn't show hand 
*** SUMMARY ***
Total pot $1 | Rake $0 
Seat 1: ImaPeppaPig folded before Flop (didn't bet)
Seat 3: Bessie0009 folded before Flop (didn't bet)
Seat 4: Special One4444 (button) folded before Flop (didn't bet)
Seat 5: reiyser (small blind) folded before Flop
Seat 6: z00mba (big blind) collected ($1)



PokerStars Hand #254737095768:  Hold'em No Limit ($0.50/$1.00 USD) - 2025/02/06 18:45:20 WET [2025/02/06 13:45:20 ET]
Table 'Muscida II' 6-max Seat #5 is the button
Seat 1: ImaPeppaPig ($192.50 in chips) 
Seat 3: Bessie0009 ($18.16 in chips) 
Seat 4: Special One4444 ($10.12 in chips) 
Seat 5: reiyser ($105.02 in chips) 
Seat 6: z00mba ($103.62 in chips) 
z00mba: posts small blind $0.50
ImaPeppaPig: posts big blind $1
*** HOLE CARDS ***
Bessie0009: calls $1
value_ftw joins the table at seat #2 
Special One4444: raises $9.12 to $10.12 and is all-in
reiyser: calls $10.12
z00mba: folds 
ImaPeppaPig: folds 
Bessie0009: folds 
*** FLOP *** [Ks 9c Th]
*** TURN *** [Ks 9c Th] [8d]
*** RIVER *** [Ks 9c Th 8d] [4h]
*** SHOW DOWN ***
Special One4444: shows [5s 5d] (a pair of Fives)
reiyser: shows [As Qc] (high card Ace)
Special One4444 collected $21.60 from pot
*** SUMMARY ***
Total pot $22.74 | Rake $1.14 
Board [Ks 9c Th 8d 4h]
Seat 1: ImaPeppaPig (big blind) folded before Flop
Seat 3: Bessie0009 folded before Flop
Seat 4: Special One4444 showed [5s 5d] and won ($21.60) with a pair of Fives
Seat 5: reiyser (button) showed [As Qc] and lost with high card Ace
Seat 6: z00mba (small blind) folded before Flop



PokerStars Hand #254737104053:  Hold'em No Limit ($0.50/$1.00 USD) - 2025/02/06 18:45:50 WET [2025/02/06 13:45:50 ET]
Table 'Muscida II' 6-max Seat #6 is the button
Seat 1: ImaPeppaPig ($191.50 in chips) 
Seat 2: value_ftw ($100 in chips) 
Seat 3: Bessie0009 ($17.16 in chips) 
Seat 4: Special One4444 ($21.60 in chips) 
Seat 5: reiyser ($100 in chips) 
Seat 6: z00mba ($103.12 in chips) 
ImaPeppaPig: posts small blind $0.50
value_ftw: posts big blind $1
*** HOLE CARDS ***
Bessie0009: calls $1
Special One4444: calls $1
reiyser: folds 
z00mba: folds 
ImaPeppaPig: folds 
value_ftw: checks 
*** FLOP *** [5h Qc 9d]
value_ftw: checks 
Bessie0009: bets $3.32
Special One4444: folds 
value_ftw: folds 
Uncalled bet ($3.32) returned to Bessie0009
Bessie0009 collected $3.32 from pot
*** SUMMARY ***
Total pot $3.50 | Rake $0.18 
Board [5h Qc 9d]
Seat 1: ImaPeppaPig (small blind) folded before Flop
Seat 2: value_ftw (big blind) folded on the Flop
Seat 3: Bessie0009 collected ($3.32)
Seat 4: Special One4444 folded on the Flop
Seat 5: reiyser folded before Flop (didn't bet)
Seat 6: z00mba (button) folded before Flop (didn't bet)



PokerStars Hand #254737115491:  Hold'em No Limit ($0.50/$1.00 USD) - 2025/02/06 18:46:31 WET [2025/02/06 13:46:31 ET]
Table 'Muscida II' 6-max Seat #1 is the button
Seat 1: ImaPeppaPig ($191 in chips) 
Seat 2: value_ftw ($100 in chips) 
Seat 3: Bessie0009 ($19.48 in chips) 
Seat 4: Special One4444 ($20.60 in chips) 
Seat 5: reiyser ($100 in chips) 
Seat 6: z00mba ($103.12 in chips) 
value_ftw: posts small blind $0.50
Bessie0009: posts big blind $1
*** HOLE CARDS ***
Special One4444: folds 
reiyser: folds 
z00mba: folds 
ImaPeppaPig: folds 
value_ftw: raises $1.50 to $2.50
Bessie0009: calls $1.50
*** FLOP *** [As 9s 8c]
value_ftw: bets $1.57
Bessie0009: folds 
Uncalled bet ($1.57) returned to value_ftw
value_ftw collected $4.75 from pot
value_ftw: doesn't show hand 
*** SUMMARY ***
Total pot $5 | Rake $0.25 
Board [As 9s 8c]
Seat 1: ImaPeppaPig (button) folded before Flop (didn't bet)
Seat 2: value_ftw (small blind) collected ($4.75)
Seat 3: Bessie0009 (big blind) folded on the Flop
Seat 4: Special One4444 folded before Flop (didn't bet)
Seat 5: reiyser folded before Flop (didn't bet)
Seat 6: z00mba folded before Flop (didn't bet)



PokerStars Hand #254737122900:  Hold'em No Limit ($0.50/$1.00 USD) - 2025/02/06 18:46:57 WET [2025/02/06 13:46:57 ET]
Table 'Muscida II' 6-max Seat #2 is the button
Seat 1: ImaPeppaPig ($191 in chips) 
Seat 2: value_ftw ($102.25 in chips) 
Seat 3: Bessie0009 ($16.98 in chips) 
Seat 4: Special One4444 ($20.60 in chips) 
Seat 5: reiyser ($100 in chips) 
Seat 6: z00mba ($103.12 in chips) 
Bessie0009: posts small blind $0.50
Special One4444: posts big blind $1
*** HOLE CARDS ***
reiyser: folds 
z00mba: raises $1.50 to $2.50
ImaPeppaPig: folds 
value_ftw: folds 
Bessie0009: calls $2
Special One4444: folds 
*** FLOP *** [9s Ks 3d]
Bessie0009: checks 
z00mba: checks 
*** TURN *** [9s Ks 3d] [4c]
Bessie0009: bets $5.70
z00mba: calls $5.70
*** RIVER *** [9s Ks 3d 4c] [2d]
Bessie0009: bets $8.78 and is all-in
z00mba: calls $8.78
*** SHOW DOWN ***
Bessie0009: shows [Ac 8c] (high card Ace)
z00mba: shows [Qd Qs] (a pair of Queens)
z00mba collected $33.21 from pot
*** SUMMARY ***
Total pot $34.96 | Rake $1.75 
Board [9s Ks 3d 4c 2d]
Seat 1: ImaPeppaPig folded before Flop (didn't bet)
Seat 2: value_ftw (button) folded before Flop (didn't bet)
Seat 3: Bessie0009 (small blind) showed [Ac 8c] and lost with high card Ace
Seat 4: Special One4444 (big blind) folded before Flop
Seat 5: reiyser folded before Flop (didn't bet)
Seat 6: z00mba showed [Qd Qs] and won ($33.21) with a pair of Queens



PokerStars Hand #254737135642:  Hold'em No Limit ($0.50/$1.00 USD) - 2025/02/06 18:47:43 WET [2025/02/06 13:47:43 ET]
Table 'Muscida II' 6-max Seat #4 is the button
Seat 3: Bessie0009 ($0 in chips) is sitting out
Seat 1: ImaPeppaPig ($191 in chips) 
Seat 2: value_ftw ($102.25 in chips) 
Seat 4: Special One4444 ($19.60 in chips) 
Seat 5: reiyser ($100 in chips) 
Seat 6: z00mba ($119.35 in chips) 
reiyser: posts small blind $0.50
z00mba: posts big blind $1
*** HOLE CARDS ***
ImaPeppaPig: folds 
Bessie0009 leaves the table
value_ftw: folds 
Special One4444: raises $1.30 to $2.30
JUANS2 joins the table at seat #3 
reiyser: folds 
z00mba: calls $1.30
*** FLOP *** [8s 2h 8h]
z00mba: checks 
Special One4444: bets $1.60
z00mba: folds 
Uncalled bet ($1.60) returned to Special One4444
Special One4444 collected $4.84 from pot
*** SUMMARY ***
Total pot $5.10 | Rake $0.26 
Board [8s 2h 8h]
Seat 3: Bessie0009
Seat 1: ImaPeppaPig folded before Flop (didn't bet)
Seat 2: value_ftw folded before Flop (didn't bet)
Seat 4: Special One4444 (button) collected ($4.84)
Seat 5: reiyser (small blind) folded before Flop
Seat 6: z00mba (big blind) folded on the Flop



PokerStars Hand #254737144275:  Hold'em No Limit ($0.50/$1.00 USD) - 2025/02/06 18:48:13 WET [2025/02/06 13:48:13 ET]
Table 'Muscida II' 6-max Seat #5 is the button
Seat 3: JUANS2 ($100 in chips) is sitting out
Seat 1: ImaPeppaPig ($191 in chips) 
Seat 2: value_ftw ($102.25 in chips) 
Seat 4: Special One4444 ($22.14 in chips) 
Seat 5: reiyser ($100 in chips) 
Seat 6: z00mba ($117.05 in chips) 
z00mba: posts small blind $0.50
ImaPeppaPig: posts big blind $1
JUANS2: sits out 
*** HOLE CARDS ***
value_ftw: folds 
Special One4444: folds 
reiyser: raises $1.23 to $2.23
z00mba: folds 
ImaPeppaPig: folds 
Uncalled bet ($1.23) returned to reiyser
reiyser collected $2.50 from pot
reiyser: doesn't show hand 
*** SUMMARY ***
Total pot $2.50 | Rake $0 
Seat 3: JUANS2
Seat 1: ImaPeppaPig (big blind) folded before Flop
Seat 2: value_ftw folded before Flop (didn't bet)
Seat 4: Special One4444 folded before Flop (didn't bet)
Seat 5: reiyser (button) collected ($2.50)
Seat 6: z00mba (small blind) folded before Flop



PokerStars Hand #254737148337:  Hold'em No Limit ($0.50/$1.00 USD) - 2025/02/06 18:48:28 WET [2025/02/06 13:48:28 ET]
Table 'Muscida II' 6-max Seat #6 is the button
Seat 3: JUANS2 ($100 in chips) is sitting out
Seat 1: ImaPeppaPig ($190 in chips) 
Seat 2: value_ftw ($102.25 in chips) 
Seat 4: Special One4444 ($22.14 in chips) 
Seat 5: reiyser ($101.50 in chips) 
Seat 6: z00mba ($116.55 in chips) 
ImaPeppaPig: posts small blind $0.50
value_ftw: posts big blind $1
JUANS2: sits out 
*** HOLE CARDS ***
Special One4444: folds 
reiyser: folds 
z00mba: raises $1.50 to $2.50
ImaPeppaPig: folds 
value_ftw: calls $1.50
*** FLOP *** [Js Jc 2d]
value_ftw: checks 
z00mba: checks 
*** TURN *** [Js Jc 2d] [3h]
value_ftw: bets $1.72
z00mba: folds 
Uncalled bet ($1.72) returned to value_ftw
value_ftw collected $5.22 from pot
value_ftw: doesn't show hand 
*** SUMMARY ***
Total pot $5.50 | Rake $0.28 
Board [Js Jc 2d 3h]
Seat 3: JUANS2
Seat 1: ImaPeppaPig (small blind) folded before Flop
Seat 2: value_ftw (big blind) collected ($5.22)
Seat 4: Special One4444 folded before Flop (didn't bet)
Seat 5: reiyser folded before Flop (didn't bet)
Seat 6: z00mba (button) folded on the Turn



PokerStars Hand #254737161126:  Hold'em No Limit ($0.50/$1.00 USD) - 2025/02/06 18:49:14 WET [2025/02/06 13:49:14 ET]
Table 'Muscida II' 6-max Seat #1 is the button
Seat 1: ImaPeppaPig ($189.50 in chips) 
Seat 2: value_ftw ($104.97 in chips) 
Seat 3: JUANS2 ($100 in chips) 
Seat 4: Special One4444 ($22.14 in chips) 
Seat 5: reiyser ($101.50 in chips) 
Seat 6: z00mba ($114.05 in chips) 
value_ftw: posts small blind $0.50
JUANS2: posts big blind $1
*** HOLE CARDS ***
Special One4444: folds 
reiyser: folds 
z00mba: folds 
ImaPeppaPig: folds 
value_ftw: folds 
Uncalled bet ($0.50) returned to JUANS2
JUANS2 collected $1 from pot
JUANS2: doesn't show hand 
*** SUMMARY ***
Total pot $1 | Rake $0 
Seat 1: ImaPeppaPig (button) folded before Flop (didn't bet)
Seat 2: value_ftw (small blind) folded before Flop
Seat 3: JUANS2 (big blind) collected ($1)
Seat 4: Special One4444 folded before Flop (didn't bet)
Seat 5: reiyser folded before Flop (didn't bet)
Seat 6: z00mba folded before Flop (didn't bet)



PokerStars Hand #254737165275:  Hold'em No Limit ($0.50/$1.00 USD) - 2025/02/06 18:49:29 WET [2025/02/06 13:49:29 ET]
Table 'Muscida II' 6-max Seat #2 is the button
Seat 1: ImaPeppaPig ($189.50 in chips) 
Seat 2: value_ftw ($104.47 in chips) 
Seat 3: JUANS2 ($100.50 in chips) 
Seat 4: Special One4444 ($22.14 in chips) 
Seat 5: reiyser ($101.50 in chips) 
Seat 6: z00mba ($114.05 in chips) 
JUANS2: posts small blind $0.50
Special One4444: posts big blind $1
*** HOLE CARDS ***
reiyser: folds 
z00mba: folds 
ImaPeppaPig: raises $1.50 to $2.50
value_ftw: raises $5.28 to $7.78
JUANS2: folds 
Special One4444: folds 
ImaPeppaPig: folds 
Uncalled bet ($5.28) returned to value_ftw
value_ftw collected $6.50 from pot
value_ftw: doesn't show hand 
*** SUMMARY ***
Total pot $6.50 | Rake $0 
Seat 1: ImaPeppaPig folded before Flop
Seat 2: value_ftw (button) collected ($6.50)
Seat 3: JUANS2 (small blind) folded before Flop
Seat 4: Special One4444 (big blind) folded before Flop
Seat 5: reiyser folded before Flop (didn't bet)
Seat 6: z00mba folded before Flop (didn't bet)



PokerStars Hand #254737173355:  Hold'em No Limit ($0.50/$1.00 USD) - 2025/02/06 18:49:58 WET [2025/02/06 13:49:58 ET]
Table 'Muscida II' 6-max Seat #3 is the button
Seat 5: reiyser ($101.50 in chips) is sitting out
Seat 6: z00mba ($114.05 in chips) is sitting out
Seat 1: ImaPeppaPig ($187 in chips) 
Seat 2: value_ftw ($108.47 in chips) 
Seat 3: JUANS2 ($100 in chips) 
Seat 4: Special One4444 ($21.14 in chips) 
Special One4444: posts small blind $0.50
reiyser: is sitting out 
z00mba: is sitting out 
ImaPeppaPig: posts big blind $1
*** HOLE CARDS ***
reiyser leaves the table
value_ftw: folds 
z00mba leaves the table
JUANS2: folds 
Special One4444: folds 
Uncalled bet ($0.50) returned to ImaPeppaPig
ImaPeppaPig collected $1 from pot
ImaPeppaPig: doesn't show hand 
*** SUMMARY ***
Total pot $1 | Rake $0 
Seat 5: reiyser
Seat 6: z00mba
Seat 1: ImaPeppaPig (big blind) collected ($1)
Seat 2: value_ftw folded before Flop (didn't bet)
Seat 3: JUANS2 (button) folded before Flop (didn't bet)
Seat 4: Special One4444 (small blind) folded before Flop



PokerStars Hand #254737178385:  Hold'em No Limit ($0.50/$1.00 USD) - 2025/02/06 18:50:16 WET [2025/02/06 13:50:16 ET]
Table 'Muscida II' 6-max Seat #4 is the button
Seat 1: ImaPeppaPig ($187.50 in chips) 
Seat 2: value_ftw ($108.47 in chips) 
Seat 3: JUANS2 ($100 in chips) 
Seat 4: Special One4444 ($20.64 in chips) 
ImaPeppaPig: posts small blind $0.50
value_ftw: posts big blind $1
*** HOLE CARDS ***
JUANS2: folds 
Special One4444: raises $1.30 to $2.30
ImaPeppaPig: folds 
value_ftw: folds 
Uncalled bet ($1.30) returned to Special One4444
Special One4444 collected $2.50 from pot
*** SUMMARY ***
Total pot $2.50 | Rake $0 
Seat 1: ImaPeppaPig (small blind) folded before Flop
Seat 2: value_ftw (big blind) folded before Flop
Seat 3: JUANS2 folded before Flop (didn't bet)
Seat 4: Special One4444 (button) collected ($2.50)



PokerStars Hand #254737182802:  Hold'em No Limit ($0.50/$1.00 USD) - 2025/02/06 18:50:32 WET [2025/02/06 13:50:32 ET]
Table 'Muscida II' 6-max Seat #1 is the button
Seat 3: JUANS2 ($100 in chips) is sitting out
Seat 1: ImaPeppaPig ($187 in chips) 
Seat 2: value_ftw ($107.47 in chips) 
Seat 4: Special One4444 ($22.14 in chips) 
value_ftw: posts small blind $0.50
JUANS2: is sitting out 
Special One4444: posts big blind $1
*** HOLE CARDS ***
ImaPeppaPig: folds 
JUANS2 leaves the table
BumHuntKing joins the table at seat #5 
value_ftw: folds 
Uncalled bet ($0.50) returned to Special One4444
KarP93 joins the table at seat #6 
Special One4444 collected $1 from pot
*** SUMMARY ***
Total pot $1 | Rake $0 
Seat 3: JUANS2
Seat 1: ImaPeppaPig (button) folded before Flop (didn't bet)
Seat 2: value_ftw (small blind) folded before Flop
Seat 4: Special One4444 (big blind) collected ($1)



PokerStars Hand #254737186758:  Hold'em No Limit ($0.50/$1.00 USD) - 2025/02/06 18:50:46 WET [2025/02/06 13:50:46 ET]
Table 'Muscida II' 6-max Seat #2 is the button
Seat 6: KarP93 ($100 in chips) is sitting out
Seat 1: ImaPeppaPig ($187 in chips) 
Seat 2: value_ftw ($106.97 in chips) 
Seat 4: Special One4444 ($22.64 in chips) 
Seat 5: BumHuntKing ($100 in chips) 
Special One4444: posts small blind $0.50
BumHuntKing: posts big blind $1
KarP93: sits out 
*** HOLE CARDS ***
Rosebalo joins the table at seat #3 
ImaPeppaPig: folds 
Rosebalo is disconnected 
value_ftw: folds 
Special One4444: folds 
Uncalled bet ($0.50) returned to BumHuntKing
BumHuntKing collected $1 from pot
BumHuntKing: doesn't show hand 
*** SUMMARY ***
Total pot $1 | Rake $0 
Seat 6: KarP93
Seat 1: ImaPeppaPig folded before Flop (didn't bet)
Seat 2: value_ftw (button) folded before Flop (didn't bet)
Seat 4: Special One4444 (small blind) folded before Flop
Seat 5: BumHuntKing (big blind) collected ($1)



PokerStars Hand #254737192350:  Hold'em No Limit ($0.50/$1.00 USD) - 2025/02/06 18:51:06 WET [2025/02/06 13:51:06 ET]
Table 'Muscida II' 6-max Seat #4 is the button
Seat 1: ImaPeppaPig ($187 in chips) 
Seat 2: value_ftw ($106.97 in chips) 
Seat 3: Rosebalo ($23.96 in chips) 
Seat 4: Special One4444 ($22.14 in chips) 
Seat 5: BumHuntKing ($100.50 in chips) 
Seat 6: KarP93 ($100 in chips) 
BumHuntKing: posts small blind $0.50
KarP93: posts big blind $1
Rosebalo: posts big blind $1
*** HOLE CARDS ***
ImaPeppaPig: folds 
value_ftw: folds 
Rosebalo: checks 
Special One4444: folds 
BumHuntKing: folds 
KarP93: checks 
*** FLOP *** [8d Qh 3h]
KarP93: checks 
Rosebalo: bets $2
KarP93: folds 
Uncalled bet ($2) returned to Rosebalo
Rosebalo collected $2.38 from pot
*** SUMMARY ***
Total pot $2.50 | Rake $0.12 
Board [8d Qh 3h]
Seat 1: ImaPeppaPig folded before Flop (didn't bet)
Seat 2: value_ftw folded before Flop (didn't bet)
Seat 3: Rosebalo collected ($2.38)
Seat 4: Special One4444 (button) folded before Flop (didn't bet)
Seat 5: BumHuntKing (small blind) folded before Flop
Seat 6: KarP93 (big blind) folded on the Flop



PokerStars Hand #254737205250:  Hold'em No Limit ($0.50/$1.00 USD) - 2025/02/06 18:51:52 WET [2025/02/06 13:51:52 ET]
Table 'Muscida II' 6-max Seat #5 is the button
Seat 1: ImaPeppaPig ($187 in chips) 
Seat 2: value_ftw ($106.97 in chips) 
Seat 3: Rosebalo ($25.34 in chips) 
Seat 4: Special One4444 ($22.14 in chips) 
Seat 5: BumHuntKing ($100 in chips) 
Seat 6: KarP93 ($100 in chips) 
KarP93: posts small blind $0.50
ImaPeppaPig: posts big blind $1
*** HOLE CARDS ***
value_ftw: folds 
Rosebalo: folds 
Special One4444: raises $1.30 to $2.30
BumHuntKing: folds 
KarP93: folds 
ImaPeppaPig: calls $1.30
*** FLOP *** [Ah As 5c]
ImaPeppaPig: checks 
Special One4444: checks 
*** TURN *** [Ah As 5c] [4d]
ImaPeppaPig: checks 
Special One4444: checks 
*** RIVER *** [Ah As 5c 4d] [Ac]
ImaPeppaPig: checks 
Special One4444: checks 
*** SHOW DOWN ***
ImaPeppaPig: shows [Kc 6c] (three of a kind, Aces)
Special One4444: shows [Js Ks] (three of a kind, Aces - King+Jack kicker)
Special One4444 collected $4.84 from pot
*** SUMMARY ***
Total pot $5.10 | Rake $0.26 
Board [Ah As 5c 4d Ac]
Seat 1: ImaPeppaPig (big blind) showed [Kc 6c] and lost with three of a kind, Aces
Seat 2: value_ftw folded before Flop (didn't bet)
Seat 3: Rosebalo folded before Flop (didn't bet)
Seat 4: Special One4444 showed [Js Ks] and won ($4.84) with three of a kind, Aces
Seat 5: BumHuntKing (button) folded before Flop (didn't bet)
Seat 6: KarP93 (small blind) folded before Flop



PokerStars Hand #254737213435:  Hold'em No Limit ($0.50/$1.00 USD) - 2025/02/06 18:52:22 WET [2025/02/06 13:52:22 ET]
Table 'Muscida II' 6-max Seat #6 is the button
Seat 1: ImaPeppaPig ($184.70 in chips) 
Seat 2: value_ftw ($106.97 in chips) 
Seat 3: Rosebalo ($25.34 in chips) 
Seat 4: Special One4444 ($24.68 in chips) 
Seat 5: BumHuntKing ($100 in chips) 
Seat 6: KarP93 ($100 in chips) 
ImaPeppaPig: posts small blind $0.50
value_ftw: posts big blind $1
*** HOLE CARDS ***
Rosebalo: folds 
Special One4444: folds 
BumHuntKing: folds 
KarP93: raises $1.50 to $2.50
ImaPeppaPig: folds 
value_ftw: folds 
Uncalled bet ($1.50) returned to KarP93
KarP93 collected $2.50 from pot
KarP93: doesn't show hand 
*** SUMMARY ***
Total pot $2.50 | Rake $0 
Seat 1: ImaPeppaPig (small blind) folded before Flop
Seat 2: value_ftw (big blind) folded before Flop
Seat 3: Rosebalo folded before Flop (didn't bet)
Seat 4: Special One4444 folded before Flop (didn't bet)
Seat 5: BumHuntKing folded before Flop (didn't bet)
Seat 6: KarP93 (button) collected ($2.50)



PokerStars Hand #254737223785:  Hold'em No Limit ($0.50/$1.00 USD) - 2025/02/06 18:52:59 WET [2025/02/06 13:52:59 ET]
Table 'Muscida II' 6-max Seat #1 is the button
Seat 1: ImaPeppaPig ($184.20 in chips) 
Seat 2: value_ftw ($105.97 in chips) 
Seat 3: Rosebalo ($25.34 in chips) 
Seat 4: Special One4444 ($24.68 in chips) 
Seat 5: BumHuntKing ($100 in chips) 
Seat 6: KarP93 ($101.50 in chips) 
value_ftw: posts small blind $0.50
Rosebalo: posts big blind $1
*** HOLE CARDS ***
Special One4444: folds 
BumHuntKing: folds 
KarP93: folds 
ImaPeppaPig: raises $1.50 to $2.50
value_ftw: folds 
Rosebalo: folds 
Uncalled bet ($1.50) returned to ImaPeppaPig
ImaPeppaPig collected $2.50 from pot
ImaPeppaPig: doesn't show hand 
*** SUMMARY ***
Total pot $2.50 | Rake $0 
Seat 1: ImaPeppaPig (button) collected ($2.50)
Seat 2: value_ftw (small blind) folded before Flop
Seat 3: Rosebalo (big blind) folded before Flop
Seat 4: Special One4444 folded before Flop (didn't bet)
Seat 5: BumHuntKing folded before Flop (didn't bet)
Seat 6: KarP93 folded before Flop (didn't bet)



PokerStars Hand #254737231068:  Hold'em No Limit ($0.50/$1.00 USD) - 2025/02/06 18:53:26 WET [2025/02/06 13:53:26 ET]
Table 'Muscida II' 6-max Seat #2 is the button
Seat 1: ImaPeppaPig ($185.70 in chips) 
Seat 2: value_ftw ($105.47 in chips) 
Seat 3: Rosebalo ($24.34 in chips) 
Seat 4: Special One4444 ($24.68 in chips) 
Seat 5: BumHuntKing ($100 in chips) 
Seat 6: KarP93 ($101.50 in chips) 
Rosebalo: posts small blind $0.50
Special One4444: posts big blind $1
*** HOLE CARDS ***
BumHuntKing: folds 
KarP93: folds 
ImaPeppaPig: folds 
value_ftw: folds 
Rosebalo: raises $2 to $3
Special One4444: folds 
Uncalled bet ($2) returned to Rosebalo
Rosebalo collected $2 from pot
*** SUMMARY ***
Total pot $2 | Rake $0 
Seat 1: ImaPeppaPig folded before Flop (didn't bet)
Seat 2: value_ftw (button) folded before Flop (didn't bet)
Seat 3: Rosebalo (small blind) collected ($2)
Seat 4: Special One4444 (big blind) folded before Flop
Seat 5: BumHuntKing folded before Flop (didn't bet)
Seat 6: KarP93 folded before Flop (didn't bet)



PokerStars Hand #254737236312:  Hold'em No Limit ($0.50/$1.00 USD) - 2025/02/06 18:53:44 WET [2025/02/06 13:53:44 ET]
Table 'Muscida II' 6-max Seat #3 is the button
Seat 1: ImaPeppaPig ($185.70 in chips) 
Seat 2: value_ftw ($105.47 in chips) 
Seat 3: Rosebalo ($25.34 in chips) 
Seat 4: Special One4444 ($23.68 in chips) 
Seat 5: BumHuntKing ($100 in chips) 
Seat 6: KarP93 ($101.50 in chips) 
Special One4444: posts small blind $0.50
BumHuntKing: posts big blind $1
*** HOLE CARDS ***
KarP93: folds 
ImaPeppaPig: folds 
value_ftw: raises $1.20 to $2.20
Rosebalo: folds 
Special One4444: folds 
BumHuntKing: folds 
Uncalled bet ($1.20) returned to value_ftw
value_ftw collected $2.50 from pot
value_ftw: doesn't show hand 
*** SUMMARY ***
Total pot $2.50 | Rake $0 
Seat 1: ImaPeppaPig folded before Flop (didn't bet)
Seat 2: value_ftw collected ($2.50)
Seat 3: Rosebalo (button) folded before Flop (didn't bet)
Seat 4: Special One4444 (small blind) folded before Flop
Seat 5: BumHuntKing (big blind) folded before Flop
Seat 6: KarP93 folded before Flop (didn't bet)



PokerStars Hand #254737242860:  Hold'em No Limit ($0.50/$1.00 USD) - 2025/02/06 18:54:08 WET [2025/02/06 13:54:08 ET]
Table 'Muscida II' 6-max Seat #4 is the button
Seat 6: KarP93 ($101.50 in chips) is sitting out
Seat 1: ImaPeppaPig ($185.70 in chips) 
Seat 2: value_ftw ($106.97 in chips) 
Seat 3: Rosebalo ($25.34 in chips) 
Seat 4: Special One4444 ($23.18 in chips) 
Seat 5: BumHuntKing ($100 in chips) 
BumHuntKing: posts small blind $0.50
KarP93: is sitting out 
ImaPeppaPig: posts big blind $1
*** HOLE CARDS ***
value_ftw: folds 
Rosebalo: raises $3 to $4
value_ftw leaves the table
KarP93 leaves the table
Special One4444: raises $19.18 to $23.18 and is all-in
BumHuntKing: raises $76.82 to $100 and is all-in
ImaPeppaPig: folds 
Rosebalo: calls $21.34 and is all-in
Uncalled bet ($74.66) returned to BumHuntKing
*** FLOP *** [Ad 7c Qc]
*** TURN *** [Ad 7c Qc] [2c]
*** RIVER *** [Ad 7c Qc 2c] [4s]
*** SHOW DOWN ***
BumHuntKing: shows [Qd Qh] (three of a kind, Queens)
Rosebalo: shows [As Kc] (a pair of Aces)
BumHuntKing collected $4.32 from side pot
Special One4444: shows [6h 6c] (a pair of Sixes)
BumHuntKing collected $68.04 from main pot
paramourx joins the table at seat #2 
Special One4444 cashed out the hand for $12.58 | Cash Out Fee $0.26
*** SUMMARY ***
Total pot $74.86 Main pot $68.04. Side pot $4.32. | Rake $2.50 
Board [Ad 7c Qc 2c 4s]
Seat 6: KarP93
Seat 1: ImaPeppaPig (big blind) folded before Flop
Seat 2: value_ftw folded before Flop (didn't bet)
Seat 3: Rosebalo showed [As Kc] and lost with a pair of Aces
Seat 4: Special One4444 (button) showed [6h 6c] and lost with a pair of Sixes (cashed out).
Seat 5: BumHuntKing (small blind) showed [Qd Qh] and won ($72.36) with three of a kind, Queens



PokerStars Hand #254737252621:  Hold'em No Limit ($0.50/$1.00 USD) - 2025/02/06 18:54:44 WET [2025/02/06 13:54:44 ET]
Table 'Muscida II' 6-max Seat #5 is the button
Seat 3: Rosebalo ($0 in chips) is sitting out
Seat 1: ImaPeppaPig ($184.70 in chips) 
Seat 2: paramourx ($102.50 in chips) 
Seat 4: Special One4444 ($12.58 in chips) 
Seat 5: BumHuntKing ($147.02 in chips) 
ImaPeppaPig: posts small blind $0.50
paramourx: posts big blind $1
*** HOLE CARDS ***
Special One4444: folds 
Rosebalo is disconnected 
BumHuntKing: raises $1.50 to $2.50
ImaPeppaPig: folds 
paramourx: folds 
Uncalled bet ($1.50) returned to BumHuntKing
BumHuntKing collected $2.50 from pot
BumHuntKing: doesn't show hand 
*** SUMMARY ***
Total pot $2.50 | Rake $0 
Seat 3: Rosebalo
Seat 1: ImaPeppaPig (small blind) folded before Flop
Seat 2: paramourx (big blind) folded before Flop
Seat 4: Special One4444 folded before Flop (didn't bet)
Seat 5: BumHuntKing (button) collected ($2.50)



PokerStars Hand #254737257898:  Hold'em No Limit ($0.50/$1.00 USD) - 2025/02/06 18:55:03 WET [2025/02/06 13:55:03 ET]
Table 'Muscida II' 6-max Seat #1 is the button
Seat 3: Rosebalo ($0 in chips) is sitting out
Seat 1: ImaPeppaPig ($184.20 in chips) 
Seat 2: paramourx ($101.50 in chips) 
Seat 4: Special One4444 ($12.58 in chips) 
Seat 5: BumHuntKing ($148.52 in chips) 
paramourx: posts small blind $0.50
Special One4444: posts big blind $1
*** HOLE CARDS ***
BumHuntKing: folds 
ImaPeppaPig: folds 
PayTaxOrDie joins the table at seat #6 
paramourx: raises $2 to $3
Special One4444: folds 
Uncalled bet ($2) returned to paramourx
paramourx collected $2 from pot
paramourx: doesn't show hand 
*** SUMMARY ***
Total pot $2 | Rake $0 
Seat 3: Rosebalo
Seat 1: ImaPeppaPig (button) folded before Flop (didn't bet)
Seat 2: paramourx (small blind) collected ($2)
Seat 4: Special One4444 (big blind) folded before Flop
Seat 5: BumHuntKing folded before Flop (didn't bet)



PokerStars Hand #254737261469:  Hold'em No Limit ($0.50/$1.00 USD) - 2025/02/06 18:55:21 WET [2025/02/06 13:55:21 ET]
Table 'Muscida II' 6-max Seat #2 is the button
Seat 3: Rosebalo ($0 in chips) is sitting out
Seat 6: PayTaxOrDie ($100 in chips) is sitting out
Seat 1: ImaPeppaPig ($184.20 in chips) 
Seat 2: paramourx ($102.50 in chips) 
Seat 4: Special One4444 ($11.58 in chips) 
Seat 5: BumHuntKing ($148.52 in chips) 
Special One4444: posts small blind $0.50
BumHuntKing: posts big blind $1
PayTaxOrDie: sits out 
*** HOLE CARDS ***
ImaPeppaPig: folds 
paramourx: raises $2 to $3
Special One4444: folds 
BumHuntKing: folds 
Uncalled bet ($2) returned to paramourx
paramourx collected $2.50 from pot
paramourx: doesn't show hand 
*** SUMMARY ***
Total pot $2.50 | Rake $0 
Seat 3: Rosebalo
Seat 6: PayTaxOrDie
Seat 1: ImaPeppaPig folded before Flop (didn't bet)
Seat 2: paramourx (button) collected ($2.50)
Seat 4: Special One4444 (small blind) folded before Flop
Seat 5: BumHuntKing (big blind) folded before Flop



PokerStars Hand #254737264010:  Hold'em No Limit ($0.50/$1.00 USD) - 2025/02/06 18:55:34 WET [2025/02/06 13:55:34 ET]
Table 'Muscida II' 6-max Seat #4 is the button
Seat 3: Rosebalo ($0 in chips) is sitting out
Seat 1: ImaPeppaPig ($184.20 in chips) 
Seat 2: paramourx ($104 in chips) 
Seat 4: Special One4444 ($11.08 in chips) 
Seat 5: BumHuntKing ($147.52 in chips) 
Seat 6: PayTaxOrDie ($100 in chips) 
BumHuntKing: posts small blind $0.50
PayTaxOrDie: posts big blind $1
*** HOLE CARDS ***
ImaPeppaPig: folds 
paramourx: folds 
Special One4444: folds 
BumHuntKing: folds 
Uncalled bet ($0.50) returned to PayTaxOrDie
PayTaxOrDie collected $1 from pot
PayTaxOrDie: doesn't show hand 
*** SUMMARY ***
Total pot $1 | Rake $0 
Seat 3: Rosebalo
Seat 1: ImaPeppaPig folded before Flop (didn't bet)
Seat 2: paramourx folded before Flop (didn't bet)
Seat 4: Special One4444 (button) folded before Flop (didn't bet)
Seat 5: BumHuntKing (small blind) folded before Flop
Seat 6: PayTaxOrDie (big blind) collected ($1)



PokerStars Hand #254737268241:  Hold'em No Limit ($0.50/$1.00 USD) - 2025/02/06 18:55:56 WET [2025/02/06 13:55:56 ET]
Table 'Muscida II' 6-max Seat #5 is the button
Seat 3: Rosebalo ($0 in chips) is sitting out
Seat 1: ImaPeppaPig ($184.20 in chips) 
Seat 2: paramourx ($104 in chips) 
Seat 4: Special One4444 ($11.08 in chips) 
Seat 5: BumHuntKing ($147.02 in chips) 
Seat 6: PayTaxOrDie ($100.50 in chips) 
PayTaxOrDie: posts small blind $0.50
ImaPeppaPig: posts big blind $1
*** HOLE CARDS ***
paramourx: raises $2 to $3
Special One4444: folds 
BumHuntKing: folds 
PayTaxOrDie: folds 
ImaPeppaPig: calls $2
*** FLOP *** [3s Kd Ac]
ImaPeppaPig: checks 
paramourx: bets $1.92
ImaPeppaPig: calls $1.92
*** TURN *** [3s Kd Ac] [5s]
ImaPeppaPig: checks 
paramourx: bets $15.22
ImaPeppaPig has timed out
ImaPeppaPig: folds 
Uncalled bet ($15.22) returned to paramourx
paramourx collected $9.82 from pot
paramourx: doesn't show hand 
*** SUMMARY ***
Total pot $10.34 | Rake $0.52 
Board [3s Kd Ac 5s]
Seat 3: Rosebalo
Seat 1: ImaPeppaPig (big blind) folded on the Turn
Seat 2: paramourx collected ($9.82)
Seat 4: Special One4444 folded before Flop (didn't bet)
Seat 5: BumHuntKing (button) folded before Flop (didn't bet)
Seat 6: PayTaxOrDie (small blind) folded before Flop



PokerStars Hand #254737286746:  Hold'em No Limit ($0.50/$1.00 USD) - 2025/02/06 18:57:30 WET [2025/02/06 13:57:30 ET]
Table 'Muscida II' 6-max Seat #6 is the button
Seat 1: ImaPeppaPig ($179.28 in chips) is sitting out
Seat 3: Rosebalo ($0 in chips) is sitting out
Seat 2: paramourx ($108.90 in chips) 
Seat 4: Special One4444 ($11.08 in chips) 
Seat 5: BumHuntKing ($147.02 in chips) 
Seat 6: PayTaxOrDie ($100 in chips) 
paramourx: posts small blind $0.50
Special One4444: posts big blind $1
*** HOLE CARDS ***
BumHuntKing: folds 
PayTaxOrDie: folds 
paramourx: raises $107.90 to $108.90 and is all-in
Special One4444: folds 
Uncalled bet ($107.90) returned to paramourx
paramourx collected $2 from pot
paramourx: doesn't show hand 
*** SUMMARY ***
Total pot $2 | Rake $0 
Seat 1: ImaPeppaPig
Seat 3: Rosebalo
Seat 2: paramourx (small blind) collected ($2)
Seat 4: Special One4444 (big blind) folded before Flop
Seat 5: BumHuntKing folded before Flop (didn't bet)
Seat 6: PayTaxOrDie (button) folded before Flop (didn't bet)



PokerStars Hand #254737290633:  Hold'em No Limit ($0.50/$1.00 USD) - 2025/02/06 18:57:50 WET [2025/02/06 13:57:50 ET]
Table 'Muscida II' 6-max Seat #2 is the button
Seat 1: ImaPeppaPig ($179.28 in chips) is sitting out
Seat 3: Rosebalo ($0 in chips) is sitting out
Seat 2: paramourx ($109.90 in chips) 
Seat 4: Special One4444 ($10.08 in chips) 
Seat 5: BumHuntKing ($147.02 in chips) 
Seat 6: PayTaxOrDie ($100 in chips) 
Special One4444: posts small blind $0.50
BumHuntKing: posts big blind $1
ImaPeppaPig: sits out 
*** HOLE CARDS ***
PayTaxOrDie: folds 
paramourx: folds 
Special One4444: calls $0.50
BumHuntKing: raises $10.50 to $11.50
Special One4444: folds 
Uncalled bet ($10.50) returned to BumHuntKing
BumHuntKing collected $2 from pot
BumHuntKing: doesn't show hand 
*** SUMMARY ***
Total pot $2 | Rake $0 
Seat 1: ImaPeppaPig
Seat 3: Rosebalo
Seat 2: paramourx (button) folded before Flop (didn't bet)
Seat 4: Special One4444 (small blind) folded before Flop
Seat 5: BumHuntKing (big blind) collected ($2)
Seat 6: PayTaxOrDie folded before Flop (didn't bet)



PokerStars Hand #254737294049:  Hold'em No Limit ($0.50/$1.00 USD) - 2025/02/06 18:58:07 WET [2025/02/06 13:58:07 ET]
Table 'Muscida II' 6-max Seat #4 is the button
Seat 1: ImaPeppaPig ($179.28 in chips) is sitting out
Seat 3: Rosebalo ($0 in chips) is sitting out
Seat 2: paramourx ($109.90 in chips) 
Seat 4: Special One4444 ($9.08 in chips) 
Seat 5: BumHuntKing ($148.02 in chips) 
Seat 6: PayTaxOrDie ($100 in chips) 
BumHuntKing: posts small blind $0.50
PayTaxOrDie: posts big blind $1
ImaPeppaPig: sits out 
*** HOLE CARDS ***
paramourx: folds 
Special One4444: folds 
BumHuntKing: folds 
Uncalled bet ($0.50) returned to PayTaxOrDie
PayTaxOrDie collected $1 from pot
PayTaxOrDie: doesn't show hand 
*** SUMMARY ***
Total pot $1 | Rake $0 
Seat 1: ImaPeppaPig
Seat 3: Rosebalo
Seat 2: paramourx folded before Flop (didn't bet)
Seat 4: Special One4444 (button) folded before Flop (didn't bet)
Seat 5: BumHuntKing (small blind) folded before Flop
Seat 6: PayTaxOrDie (big blind) collected ($1)



PokerStars Hand #254737295942:  Hold'em No Limit ($0.50/$1.00 USD) - 2025/02/06 18:58:17 WET [2025/02/06 13:58:17 ET]
Table 'Muscida II' 6-max Seat #5 is the button
Seat 3: Rosebalo ($0 in chips) is sitting out
Seat 1: ImaPeppaPig ($179.28 in chips) 
Seat 2: paramourx ($109.90 in chips) 
Seat 4: Special One4444 ($9.08 in chips) 
Seat 5: BumHuntKing ($147.52 in chips) 
Seat 6: PayTaxOrDie ($100.50 in chips) 
PayTaxOrDie: posts small blind $0.50
ImaPeppaPig: posts big blind $1
*** HOLE CARDS ***
paramourx: folds 
Special One4444: folds 
BumHuntKing: folds 
PayTaxOrDie: raises $2 to $3
ImaPeppaPig: raises $7 to $10
PayTaxOrDie: folds 
Uncalled bet ($7) returned to ImaPeppaPig
ImaPeppaPig collected $6 from pot
ImaPeppaPig: doesn't show hand 
*** SUMMARY ***
Total pot $6 | Rake $0 
Seat 3: Rosebalo
Seat 1: ImaPeppaPig (big blind) collected ($6)
Seat 2: paramourx folded before Flop (didn't bet)
Seat 4: Special One4444 folded before Flop (didn't bet)
Seat 5: BumHuntKing (button) folded before Flop (didn't bet)
Seat 6: PayTaxOrDie (small blind) folded before Flop



PokerStars Hand #254737301294:  Hold'em No Limit ($0.50/$1.00 USD) - 2025/02/06 18:58:43 WET [2025/02/06 13:58:43 ET]
Table 'Muscida II' 6-max Seat #6 is the button
Seat 3: Rosebalo ($0 in chips) is sitting out
Seat 1: ImaPeppaPig ($182.28 in chips) 
Seat 2: paramourx ($109.90 in chips) 
Seat 4: Special One4444 ($9.08 in chips) 
Seat 5: BumHuntKing ($147.52 in chips) 
Seat 6: PayTaxOrDie ($100 in chips) 
ImaPeppaPig: posts small blind $0.50
paramourx: posts big blind $1
*** HOLE CARDS ***
Special One4444: folds 
BumHuntKing: folds 
PayTaxOrDie: raises $1.50 to $2.50
ImaPeppaPig: folds 
paramourx: folds 
Uncalled bet ($1.50) returned to PayTaxOrDie
PayTaxOrDie collected $2.50 from pot
PayTaxOrDie: doesn't show hand 
*** SUMMARY ***
Total pot $2.50 | Rake $0 
Seat 3: Rosebalo
Seat 1: ImaPeppaPig (small blind) folded before Flop
Seat 2: paramourx (big blind) folded before Flop
Seat 4: Special One4444 folded before Flop (didn't bet)
Seat 5: BumHuntKing folded before Flop (didn't bet)
Seat 6: PayTaxOrDie (button) collected ($2.50)



PokerStars Hand #254737303825:  Hold'em No Limit ($0.50/$1.00 USD) - 2025/02/06 18:58:56 WET [2025/02/06 13:58:56 ET]
Table 'Muscida II' 6-max Seat #1 is the button
Seat 3: Rosebalo ($0 in chips) is sitting out
Seat 1: ImaPeppaPig ($181.78 in chips) 
Seat 2: paramourx ($108.90 in chips) 
Seat 4: Special One4444 ($9.08 in chips) 
Seat 5: BumHuntKing ($147.52 in chips) 
Seat 6: PayTaxOrDie ($101.50 in chips) 
paramourx: posts small blind $0.50
Special One4444: posts big blind $1
*** HOLE CARDS ***
BumHuntKing: folds 
PayTaxOrDie: folds 
ImaPeppaPig: folds 
paramourx: folds 
Uncalled bet ($0.50) returned to Special One4444
Special One4444 collected $1 from pot
*** SUMMARY ***
Total pot $1 | Rake $0 
Seat 3: Rosebalo
Seat 1: ImaPeppaPig (button) folded before Flop (didn't bet)
Seat 2: paramourx (small blind) folded before Flop
Seat 4: Special One4444 (big blind) collected ($1)
Seat 5: BumHuntKing folded before Flop (didn't bet)
Seat 6: PayTaxOrDie folded before Flop (didn't bet)



PokerStars Hand #254737305604:  Hold'em No Limit ($0.50/$1.00 USD) - 2025/02/06 18:59:05 WET [2025/02/06 13:59:05 ET]
Table 'Muscida II' 6-max Seat #2 is the button
Seat 3: Rosebalo ($0 in chips) is sitting out
Seat 1: ImaPeppaPig ($181.78 in chips) 
Seat 2: paramourx ($108.40 in chips) 
Seat 4: Special One4444 ($9.58 in chips) 
Seat 5: BumHuntKing ($147.52 in chips) 
Seat 6: PayTaxOrDie ($101.50 in chips) 
Special One4444: posts small blind $0.50
BumHuntKing: posts big blind $1
*** HOLE CARDS ***
PayTaxOrDie: folds 
ImaPeppaPig: folds 
paramourx: folds 
Special One4444: raises $8.58 to $9.58 and is all-in
BumHuntKing: folds 
Uncalled bet ($8.58) returned to Special One4444
Special One4444 collected $2 from pot
*** SUMMARY ***
Total pot $2 | Rake $0 
Seat 3: Rosebalo
Seat 1: ImaPeppaPig folded before Flop (didn't bet)
Seat 2: paramourx (button) folded before Flop (didn't bet)
Seat 4: Special One4444 (small blind) collected ($2)
Seat 5: BumHuntKing (big blind) folded before Flop
Seat 6: PayTaxOrDie folded before Flop (didn't bet)



PokerStars Hand #254737309316:  Hold'em No Limit ($0.50/$1.00 USD) - 2025/02/06 18:59:24 WET [2025/02/06 13:59:24 ET]
Table 'Muscida II' 6-max Seat #4 is the button
Seat 3: Rosebalo ($0 in chips) is sitting out
Seat 1: ImaPeppaPig ($181.78 in chips) 
Seat 2: paramourx ($108.40 in chips) 
Seat 4: Special One4444 ($10.58 in chips) 
Seat 5: BumHuntKing ($146.52 in chips) 
Seat 6: PayTaxOrDie ($101.50 in chips) 
BumHuntKing: posts small blind $0.50
PayTaxOrDie: posts big blind $1
*** HOLE CARDS ***
ImaPeppaPig: folds 
paramourx: raises $2 to $3
Special One4444: raises $7.58 to $10.58 and is all-in
BumHuntKing: folds 
PayTaxOrDie: folds 
paramourx: folds 
Uncalled bet ($7.58) returned to Special One4444
Special One4444 collected $7.50 from pot
*** SUMMARY ***
Total pot $7.50 | Rake $0 
Seat 3: Rosebalo
Seat 1: ImaPeppaPig folded before Flop (didn't bet)
Seat 2: paramourx folded before Flop
Seat 4: Special One4444 (button) collected ($7.50)
Seat 5: BumHuntKing (small blind) folded before Flop
Seat 6: PayTaxOrDie (big blind) folded before Flop



PokerStars Hand #254737312166:  Hold'em No Limit ($0.50/$1.00 USD) - 2025/02/06 18:59:38 WET [2025/02/06 13:59:38 ET]
Table 'Muscida II' 6-max Seat #5 is the button
Seat 3: Rosebalo ($0 in chips) is sitting out
Seat 1: ImaPeppaPig ($181.78 in chips) 
Seat 2: paramourx ($105.40 in chips) 
Seat 4: Special One4444 ($15.08 in chips) 
Seat 5: BumHuntKing ($146.02 in chips) 
Seat 6: PayTaxOrDie ($100.50 in chips) 
PayTaxOrDie: posts small blind $0.50
ImaPeppaPig: posts big blind $1
*** HOLE CARDS ***
paramourx: folds 
Special One4444: folds 
BumHuntKing: folds 
PayTaxOrDie: folds 
Uncalled bet ($0.50) returned to ImaPeppaPig
ImaPeppaPig collected $1 from pot
ImaPeppaPig: doesn't show hand 
*** SUMMARY ***
Total pot $1 | Rake $0 
Seat 3: Rosebalo
Seat 1: ImaPeppaPig (big blind) collected ($1)
Seat 2: paramourx folded before Flop (didn't bet)
Seat 4: Special One4444 folded before Flop (didn't bet)
Seat 5: BumHuntKing (button) folded before Flop (didn't bet)
Seat 6: PayTaxOrDie (small blind) folded before Flop



PokerStars Hand #254737313945:  Hold'em No Limit ($0.50/$1.00 USD) - 2025/02/06 18:59:47 WET [2025/02/06 13:59:47 ET]
Table 'Muscida II' 6-max Seat #6 is the button
Seat 3: Rosebalo ($0 in chips) is sitting out
Seat 1: ImaPeppaPig ($182.28 in chips) 
Seat 2: paramourx ($105.40 in chips) 
Seat 4: Special One4444 ($15.08 in chips) 
Seat 5: BumHuntKing ($146.02 in chips) 
Seat 6: PayTaxOrDie ($100 in chips) 
ImaPeppaPig: posts small blind $0.50
paramourx: posts big blind $1
*** HOLE CARDS ***
Special One4444: folds 
BumHuntKing: folds 
PayTaxOrDie: folds 
ImaPeppaPig: raises $2 to $3
paramourx: calls $2
*** FLOP *** [Kd 8d 6d]
ImaPeppaPig: checks 
paramourx: checks 
*** TURN *** [Kd 8d 6d] [6c]
ImaPeppaPig: checks 
paramourx: bets $1.77
ImaPeppaPig: folds 
Uncalled bet ($1.77) returned to paramourx
paramourx collected $5.70 from pot
paramourx: doesn't show hand 
*** SUMMARY ***
Total pot $6 | Rake $0.30 
Board [Kd 8d 6d 6c]
Seat 3: Rosebalo
Seat 1: ImaPeppaPig (small blind) folded on the Turn
Seat 2: paramourx (big blind) collected ($5.70)
Seat 4: Special One4444 folded before Flop (didn't bet)
Seat 5: BumHuntKing folded before Flop (didn't bet)
Seat 6: PayTaxOrDie (button) folded before Flop (didn't bet)



PokerStars Hand #254737321180:  Hold'em No Limit ($0.50/$1.00 USD) - 2025/02/06 19:00:23 WET [2025/02/06 14:00:23 ET]
Table 'Muscida II' 6-max Seat #1 is the button
Seat 3: Rosebalo ($0 in chips) is sitting out
Seat 1: ImaPeppaPig ($179.28 in chips) 
Seat 2: paramourx ($108.10 in chips) 
Seat 4: Special One4444 ($15.08 in chips) 
Seat 5: BumHuntKing ($146.02 in chips) 
Seat 6: PayTaxOrDie ($100 in chips) 
paramourx: posts small blind $0.50
Special One4444: posts big blind $1
*** HOLE CARDS ***
BumHuntKing: folds 
PayTaxOrDie: raises $1.30 to $2.30
ImaPeppaPig: raises $4.70 to $7
paramourx: folds 
Special One4444: folds 
PayTaxOrDie: folds 
Uncalled bet ($4.70) returned to ImaPeppaPig
ImaPeppaPig collected $6.10 from pot
Rosebalo leaves the table
ImaPeppaPig: doesn't show hand 
*** SUMMARY ***
Total pot $6.10 | Rake $0 
Seat 3: Rosebalo
Seat 1: ImaPeppaPig (button) collected ($6.10)
Seat 2: paramourx (small blind) folded before Flop
Seat 4: Special One4444 (big blind) folded before Flop
Seat 5: BumHuntKing folded before Flop (didn't bet)
Seat 6: PayTaxOrDie folded before Flop



PokerStars Hand #254737327572:  Hold'em No Limit ($0.50/$1.00 USD) - 2025/02/06 19:00:52 WET [2025/02/06 14:00:52 ET]
Table 'Muscida II' 6-max Seat #2 is the button
Seat 1: ImaPeppaPig ($183.08 in chips) 
Seat 2: paramourx ($107.60 in chips) 
Seat 4: Special One4444 ($14.08 in chips) 
Seat 5: BumHuntKing ($146.02 in chips) 
Seat 6: PayTaxOrDie ($100 in chips) 
Special One4444: posts small blind $0.50
BumHuntKing: posts big blind $1
*** HOLE CARDS ***
PayTaxOrDie: folds 
ImaPeppaPig: folds 
paramourx: raises $1 to $2
Special One4444: folds 
avstero joins the table at seat #3 
BumHuntKing: folds 
Uncalled bet ($1) returned to paramourx
paramourx collected $2.50 from pot
paramourx: doesn't show hand 
*** SUMMARY ***
Total pot $2.50 | Rake $0 
Seat 1: ImaPeppaPig folded before Flop (didn't bet)
Seat 2: paramourx (button) collected ($2.50)
Seat 4: Special One4444 (small blind) folded before Flop
Seat 5: BumHuntKing (big blind) folded before Flop
Seat 6: PayTaxOrDie folded before Flop (didn't bet)



PokerStars Hand #254737331894:  Hold'em No Limit ($0.50/$1.00 USD) - 2025/02/06 19:01:10 WET [2025/02/06 14:01:10 ET]
Table 'Muscida II' 6-max Seat #4 is the button
Seat 3: avstero ($100 in chips) is sitting out
Seat 1: ImaPeppaPig ($183.08 in chips) 
Seat 2: paramourx ($109.10 in chips) 
Seat 4: Special One4444 ($13.58 in chips) 
Seat 5: BumHuntKing ($145.02 in chips) 
Seat 6: PayTaxOrDie ($100 in chips) 
BumHuntKing: posts small blind $0.50
PayTaxOrDie: posts big blind $1
avstero: sits out 
*** HOLE CARDS ***
ImaPeppaPig: raises $1.50 to $2.50
paramourx: folds 
Special One4444: folds 
BumHuntKing: folds 
PayTaxOrDie: folds 
Uncalled bet ($1.50) returned to ImaPeppaPig
ImaPeppaPig collected $2.50 from pot
ImaPeppaPig: doesn't show hand 
*** SUMMARY ***
Total pot $2.50 | Rake $0 
Seat 3: avstero
Seat 1: ImaPeppaPig collected ($2.50)
Seat 2: paramourx folded before Flop (didn't bet)
Seat 4: Special One4444 (button) folded before Flop (didn't bet)
Seat 5: BumHuntKing (small blind) folded before Flop
Seat 6: PayTaxOrDie (big blind) folded before Flop



PokerStars Hand #254737334516:  Hold'em No Limit ($0.50/$1.00 USD) - 2025/02/06 19:01:21 WET [2025/02/06 14:01:21 ET]
Table 'Muscida II' 6-max Seat #5 is the button
Seat 3: avstero ($100 in chips) is sitting out
Seat 1: ImaPeppaPig ($184.58 in chips) 
Seat 2: paramourx ($109.10 in chips) 
Seat 4: Special One4444 ($13.58 in chips) 
Seat 5: BumHuntKing ($144.52 in chips) 
Seat 6: PayTaxOrDie ($100 in chips) 
PayTaxOrDie: posts small blind $0.50
ImaPeppaPig: posts big blind $1
avstero: sits out 
*** HOLE CARDS ***
paramourx: raises $2 to $3
Special One4444: folds 
BumHuntKing: folds 
PayTaxOrDie: folds 
ImaPeppaPig: folds 
Uncalled bet ($2) returned to paramourx
paramourx collected $2.50 from pot
paramourx: doesn't show hand 
*** SUMMARY ***
Total pot $2.50 | Rake $0 
Seat 3: avstero
Seat 1: ImaPeppaPig (big blind) folded before Flop
Seat 2: paramourx collected ($2.50)
Seat 4: Special One4444 folded before Flop (didn't bet)
Seat 5: BumHuntKing (button) folded before Flop (didn't bet)
Seat 6: PayTaxOrDie (small blind) folded before Flop



PokerStars Hand #254737338273:  Hold'em No Limit ($0.50/$1.00 USD) - 2025/02/06 19:01:37 WET [2025/02/06 14:01:37 ET]
Table 'Muscida II' 6-max Seat #6 is the button
Seat 2: paramourx ($110.60 in chips) is sitting out
Seat 1: ImaPeppaPig ($183.58 in chips) 
Seat 3: avstero ($100 in chips) 
Seat 4: Special One4444 ($13.58 in chips) 
Seat 5: BumHuntKing ($144.52 in chips) 
Seat 6: PayTaxOrDie ($100 in chips) 
ImaPeppaPig: posts small blind $0.50
paramourx: is sitting out 
avstero: posts big blind $1
*** HOLE CARDS ***
Special One4444: folds 
BumHuntKing: raises $1.20 to $2.20
paramourx leaves the table
PayTaxOrDie: folds 
ImaPeppaPig: folds 
avstero: folds 
Uncalled bet ($1.20) returned to BumHuntKing
BumHuntKing collected $2.50 from pot
BumHuntKing: doesn't show hand 
*** SUMMARY ***
Total pot $2.50 | Rake $0 
Seat 2: paramourx
Seat 1: ImaPeppaPig (small blind) folded before Flop
Seat 3: avstero (big blind) folded before Flop
Seat 4: Special One4444 folded before Flop (didn't bet)
Seat 5: BumHuntKing collected ($2.50)
Seat 6: PayTaxOrDie (button) folded before Flop (didn't bet)



PokerStars Hand #254737341441:  Hold'em No Limit ($0.50/$1.00 USD) - 2025/02/06 19:01:49 WET [2025/02/06 14:01:49 ET]
Table 'Muscida II' 6-max Seat #1 is the button
Seat 1: ImaPeppaPig ($183.08 in chips) 
Seat 3: avstero ($99 in chips) 
Seat 4: Special One4444 ($13.58 in chips) 
Seat 5: BumHuntKing ($146.02 in chips) 
Seat 6: PayTaxOrDie ($100 in chips) 
avstero: posts small blind $0.50
Special One4444: posts big blind $1
*** HOLE CARDS ***
BumHuntKing: folds 
PayTaxOrDie: folds 
ImaPeppaPig: raises $1.50 to $2.50
avstero: folds 
Special One4444: folds 
Uncalled bet ($1.50) returned to ImaPeppaPig
ImaPeppaPig collected $2.50 from pot
ImaPeppaPig: doesn't show hand 
*** SUMMARY ***
Total pot $2.50 | Rake $0 
Seat 1: ImaPeppaPig (button) collected ($2.50)
Seat 3: avstero (small blind) folded before Flop
Seat 4: Special One4444 (big blind) folded before Flop
Seat 5: BumHuntKing folded before Flop (didn't bet)
Seat 6: PayTaxOrDie folded before Flop (didn't bet)



PokerStars Hand #254737345990:  Hold'em No Limit ($0.50/$1.00 USD) - 2025/02/06 19:02:06 WET [2025/02/06 14:02:06 ET]
Table 'Muscida II' 6-max Seat #3 is the button
Seat 5: BumHuntKing ($146.02 in chips) is sitting out
Seat 1: ImaPeppaPig ($184.58 in chips) 
Seat 3: avstero ($100 in chips) 
Seat 4: Special One4444 ($12.58 in chips) 
Seat 6: PayTaxOrDie ($100 in chips) 
Special One4444: posts small blind $0.50
BumHuntKing: is sitting out 
PayTaxOrDie: posts big blind $1
*** HOLE CARDS ***
ImaPeppaPig: folds 
avstero: folds 
Special One4444: folds 
Uncalled bet ($0.50) returned to PayTaxOrDie
BumHuntKing leaves the table
PayTaxOrDie collected $1 from pot
PayTaxOrDie: doesn't show hand 
*** SUMMARY ***
Total pot $1 | Rake $0 
Seat 5: BumHuntKing
Seat 1: ImaPeppaPig folded before Flop (didn't bet)
Seat 3: avstero (button) folded before Flop (didn't bet)
Seat 4: Special One4444 (small blind) folded before Flop
Seat 6: PayTaxOrDie (big blind) collected ($1)



PokerStars Hand #254737348503:  Hold'em No Limit ($0.50/$1.00 USD) - 2025/02/06 19:02:13 WET [2025/02/06 14:02:13 ET]
Table 'Muscida II' 6-max Seat #4 is the button
Seat 1: ImaPeppaPig ($184.58 in chips) 
Seat 3: avstero ($100 in chips) 
Seat 4: Special One4444 ($12.08 in chips) 
Seat 6: PayTaxOrDie ($100.50 in chips) 
PayTaxOrDie: posts small blind $0.50
ImaPeppaPig: posts big blind $1
*** HOLE CARDS ***
ZinePablo joins the table at seat #2 
avstero: folds 
Special One4444: raises $11.08 to $12.08 and is all-in
PayTaxOrDie: folds 
ImaPeppaPig: calls $11.08
*** FLOP *** [4c 4s 6s]
*** TURN *** [4c 4s 6s] [6c]
*** RIVER *** [4c 4s 6s 6c] [Kd]
*** SHOW DOWN ***
ImaPeppaPig: shows [Ts Th] (two pair, Tens and Sixes)
Special One4444: shows [Ad 7c] (two pair, Sixes and Fours)
ImaPeppaPig collected $23.66 from pot
*** SUMMARY ***
Total pot $24.66 | Rake $1 
Board [4c 4s 6s 6c Kd]
Seat 1: ImaPeppaPig (big blind) showed [Ts Th] and won ($23.66) with two pair, Tens and Sixes
Seat 3: avstero folded before Flop (didn't bet)
Seat 4: Special One4444 (button) showed [Ad 7c] and lost with two pair, Sixes and Fours
Seat 6: PayTaxOrDie (small blind) folded before Flop



PokerStars Hand #254737353324:  Hold'em No Limit ($0.50/$1.00 USD) - 2025/02/06 19:02:31 WET [2025/02/06 14:02:31 ET]
Table 'Muscida II' 6-max Seat #6 is the button
Seat 4: Special One4444 ($0 in chips) is sitting out
Seat 1: ImaPeppaPig ($196.16 in chips) 
Seat 2: ZinePablo ($100 in chips) 
Seat 3: avstero ($100 in chips) 
Seat 6: PayTaxOrDie ($100 in chips) 
ImaPeppaPig: posts small blind $0.50
ZinePablo: posts big blind $1
*** HOLE CARDS ***
Special One4444 is disconnected 
avstero: raises $1.20 to $2.20
PayTaxOrDie: folds 
ImaPeppaPig: raises $8.80 to $11
ZinePablo: folds 
avstero: folds 
Uncalled bet ($8.80) returned to ImaPeppaPig
ImaPeppaPig collected $5.40 from pot
ImaPeppaPig: doesn't show hand 
*** SUMMARY ***
Total pot $5.40 | Rake $0 
Seat 4: Special One4444
Seat 1: ImaPeppaPig (small blind) collected ($5.40)
Seat 2: ZinePablo (big blind) folded before Flop
Seat 3: avstero folded before Flop
Seat 6: PayTaxOrDie (button) folded before Flop (didn't bet)



PokerStars Hand #254737360185:  Hold'em No Limit ($0.50/$1.00 USD) - 2025/02/06 19:02:57 WET [2025/02/06 14:02:57 ET]
Table 'Muscida II' 6-max Seat #1 is the button
Seat 3: avstero ($100 in chips) is sitting out
Seat 4: Special One4444 ($0 in chips) is sitting out
Seat 1: ImaPeppaPig ($199.36 in chips) 
Seat 2: ZinePablo ($100 in chips) 
Seat 6: PayTaxOrDie ($100 in chips) 
ZinePablo: posts small blind $0.50
avstero: is sitting out 
PayTaxOrDie: posts big blind $1
*** HOLE CARDS ***
avstero leaves the table
ImaPeppaPig: folds 
ImaPeppaPig leaves the table
ZinePablo: raises $2 to $3
PayTaxOrDie: calls $2
*** FLOP *** [Qs 2c Tc]
ZinePablo: bets $1.88
PayTaxOrDie: folds 
Uncalled bet ($1.88) returned to ZinePablo
ZinePablo collected $5.70 from pot
*** SUMMARY ***
Total pot $6 | Rake $0.30 
Board [Qs 2c Tc]
Seat 3: avstero
Seat 4: Special One4444
Seat 1: ImaPeppaPig (button) folded before Flop (didn't bet)
Seat 2: ZinePablo (small blind) collected ($5.70)
Seat 6: PayTaxOrDie (big blind) folded on the Flop



