PokerStars Hand #254745022323:  Hold'em No Limit ($0.50/$1.00 USD) - 2025/02/06 2:46:37 WET [2025/02/06 21:46:37 ET]
Table 'Ella II' 6-max Seat #4 is the button
Seat 1: joaquin612 ($103.19 in chips) is sitting out
Seat 2: franbasualdo10 ($0 in chips) is sitting out
Seat 4: fossil500 ($100 in chips) 
Seat 5: theredpokers ($32.37 in chips) 
Seat 6: KeR888 ($105.75 in chips) 
theredpokers: posts small blind $0.50
KeR888: posts big blind $1
joaquin612: sits out 
*** HOLE CARDS ***
fossil500: folds 
theredpokers: folds 
Uncalled bet ($0.50) returned to KeR888
KeR888 collected $1 from pot
KeR888: doesn't show hand 
*** SUMMARY ***
Total pot $1 | Rake $0 
Seat 1: joaquin612
Seat 2: franbasualdo10
Seat 4: fossil500 (button) folded before Flop (didn't bet)
Seat 5: theredpokers (small blind) folded before Flop
Seat 6: KeR888 (big blind) collected ($1)



PokerStars Hand #254745023772:  Hold'em No Limit ($0.50/$1.00 USD) - 2025/02/06 2:46:47 WET [2025/02/06 21:46:47 ET]
Table 'Ella II' 6-max Seat #5 is the button
Seat 2: franbasualdo10 ($0 in chips) is sitting out
Seat 1: joaquin612 ($103.19 in chips) 
Seat 4: fossil500 ($100 in chips) 
Seat 5: theredpokers ($31.87 in chips) 
Seat 6: KeR888 ($106.25 in chips) 
KeR888: posts small blind $0.50
joaquin612: posts big blind $1
*** HOLE CARDS ***
fossil500: folds 
theredpokers: folds 
KeR888: raises $2 to $3
joaquin612: calls $2
*** FLOP *** [Ts 4d Ad]
KeR888: checks 
joaquin612: checks 
*** TURN *** [Ts 4d Ad] [4s]
KeR888: bets $1.71
joaquin612: folds 
Uncalled bet ($1.71) returned to KeR888
KeR888 collected $5.70 from pot
KeR888: doesn't show hand 
*** SUMMARY ***
Total pot $6 | Rake $0.30 
Board [Ts 4d Ad 4s]
Seat 2: franbasualdo10
Seat 1: joaquin612 (big blind) folded on the Turn
Seat 4: fossil500 folded before Flop (didn't bet)
Seat 5: theredpokers (button) folded before Flop (didn't bet)
Seat 6: KeR888 (small blind) collected ($5.70)



PokerStars Hand #254745030535:  Hold'em No Limit ($0.50/$1.00 USD) - 2025/02/06 2:47:35 WET [2025/02/06 21:47:35 ET]
Table 'Ella II' 6-max Seat #6 is the button
Seat 2: franbasualdo10 ($0 in chips) is sitting out
Seat 1: joaquin612 ($100.19 in chips) 
Seat 4: fossil500 ($100 in chips) 
Seat 5: theredpokers ($31.87 in chips) 
Seat 6: KeR888 ($108.95 in chips) 
joaquin612: posts small blind $0.50
fossil500: posts big blind $1
*** HOLE CARDS ***
theredpokers: raises $1.50 to $2.50
KeR888: folds 
joaquin612: folds 
fossil500: folds 
Uncalled bet ($1.50) returned to theredpokers
theredpokers collected $2.50 from pot
theredpokers: doesn't show hand 
*** SUMMARY ***
Total pot $2.50 | Rake $0 
Seat 2: franbasualdo10
Seat 1: joaquin612 (small blind) folded before Flop
Seat 4: fossil500 (big blind) folded before Flop
Seat 5: theredpokers collected ($2.50)
Seat 6: KeR888 (button) folded before Flop (didn't bet)



PokerStars Hand #254745032953:  Hold'em No Limit ($0.50/$1.00 USD) - 2025/02/06 2:47:52 WET [2025/02/06 21:47:52 ET]
Table 'Ella II' 6-max Seat #1 is the button
Seat 2: franbasualdo10 ($0 in chips) is sitting out
Seat 1: joaquin612 ($100 in chips) 
Seat 4: fossil500 ($100 in chips) 
Seat 5: theredpokers ($33.37 in chips) 
Seat 6: KeR888 ($108.95 in chips) 
fossil500: posts small blind $0.50
theredpokers: posts big blind $1
*** HOLE CARDS ***
KeR888: raises $1.50 to $2.50
joaquin612: folds 
fossil500: folds 
ru_ruu_ru joins the table at seat #3 
theredpokers: calls $1.50
*** FLOP *** [Jc 3h 3d]
theredpokers: checks 
KeR888: bets $1.31
theredpokers: folds 
Uncalled bet ($1.31) returned to KeR888
KeR888 collected $5.22 from pot
KeR888: doesn't show hand 
*** SUMMARY ***
Total pot $5.50 | Rake $0.28 
Board [Jc 3h 3d]
Seat 2: franbasualdo10
Seat 1: joaquin612 (button) folded before Flop (didn't bet)
Seat 4: fossil500 (small blind) folded before Flop
Seat 5: theredpokers (big blind) folded on the Flop
Seat 6: KeR888 collected ($5.22)



PokerStars Hand #254745036627:  Hold'em No Limit ($0.50/$1.00 USD) - 2025/02/06 2:48:17 WET [2025/02/06 21:48:17 ET]
Table 'Ella II' 6-max Seat #4 is the button
Seat 2: franbasualdo10 ($0 in chips) is sitting out
Seat 3: ru_ruu_ru ($100 in chips) is sitting out
Seat 1: joaquin612 ($100 in chips) 
Seat 4: fossil500 ($100 in chips) 
Seat 5: theredpokers ($30.87 in chips) 
Seat 6: KeR888 ($111.67 in chips) 
theredpokers: posts small blind $0.50
KeR888: posts big blind $1
ru_ruu_ru: sits out 
*** HOLE CARDS ***
joaquin612: folds 
fossil500: folds 
theredpokers: folds 
Uncalled bet ($0.50) returned to KeR888
KeR888 collected $1 from pot
KeR888: doesn't show hand 
*** SUMMARY ***
Total pot $1 | Rake $0 
Seat 2: franbasualdo10
Seat 3: ru_ruu_ru
Seat 1: joaquin612 folded before Flop (didn't bet)
Seat 4: fossil500 (button) folded before Flop (didn't bet)
Seat 5: theredpokers (small blind) folded before Flop
Seat 6: KeR888 (big blind) collected ($1)



PokerStars Hand #254745038265:  Hold'em No Limit ($0.50/$1.00 USD) - 2025/02/06 2:48:29 WET [2025/02/06 21:48:29 ET]
Table 'Ella II' 6-max Seat #5 is the button
Seat 2: franbasualdo10 ($0 in chips) is sitting out
Seat 3: ru_ruu_ru ($100 in chips) is sitting out
Seat 1: joaquin612 ($100 in chips) 
Seat 4: fossil500 ($100 in chips) 
Seat 5: theredpokers ($30.37 in chips) 
Seat 6: KeR888 ($112.17 in chips) 
KeR888: posts small blind $0.50
joaquin612: posts big blind $1
ru_ruu_ru: sits out 
*** HOLE CARDS ***
fossil500: folds 
theredpokers: raises $1.50 to $2.50
KeR888: folds 
joaquin612: calls $1.50
*** FLOP *** [4s Tc 9d]
joaquin612: checks 
theredpokers: checks 
*** TURN *** [4s Tc 9d] [Kh]
joaquin612: checks 
theredpokers: bets $1.61
joaquin612: calls $1.61
*** RIVER *** [4s Tc 9d Kh] [8d]
joaquin612: checks 
theredpokers: checks 
*** SHOW DOWN ***
joaquin612: shows [Ts Jc] (a pair of Tens)
theredpokers: mucks hand 
joaquin612 collected $8.28 from pot
*** SUMMARY ***
Total pot $8.72 | Rake $0.44 
Board [4s Tc 9d Kh 8d]
Seat 2: franbasualdo10
Seat 3: ru_ruu_ru
Seat 1: joaquin612 (big blind) showed [Ts Jc] and won ($8.28) with a pair of Tens
Seat 4: fossil500 folded before Flop (didn't bet)
Seat 5: theredpokers (button) mucked
Seat 6: KeR888 (small blind) folded before Flop



PokerStars Hand #254745044195:  Hold'em No Limit ($0.50/$1.00 USD) - 2025/02/06 2:49:11 WET [2025/02/06 21:49:11 ET]
Table 'Ella II' 6-max Seat #6 is the button
Seat 2: franbasualdo10 ($0 in chips) is sitting out
Seat 1: joaquin612 ($104.17 in chips) 
Seat 3: ru_ruu_ru ($100 in chips) 
Seat 4: fossil500 ($100 in chips) 
Seat 5: theredpokers ($26.26 in chips) 
Seat 6: KeR888 ($111.67 in chips) 
joaquin612: posts small blind $0.50
ru_ruu_ru: posts big blind $1
*** HOLE CARDS ***
fossil500: folds 
theredpokers: folds 
KeR888: folds 
joaquin612: folds 
Uncalled bet ($0.50) returned to ru_ruu_ru
ru_ruu_ru collected $1 from pot
ru_ruu_ru: doesn't show hand 
*** SUMMARY ***
Total pot $1 | Rake $0 
Seat 2: franbasualdo10
Seat 1: joaquin612 (small blind) folded before Flop
Seat 3: ru_ruu_ru (big blind) collected ($1)
Seat 4: fossil500 folded before Flop (didn't bet)
Seat 5: theredpokers folded before Flop (didn't bet)
Seat 6: KeR888 (button) folded before Flop (didn't bet)



PokerStars Hand #254745045640:  Hold'em No Limit ($0.50/$1.00 USD) - 2025/02/06 2:49:21 WET [2025/02/06 21:49:21 ET]
Table 'Ella II' 6-max Seat #1 is the button
Seat 2: franbasualdo10 ($0 in chips) is sitting out
Seat 1: joaquin612 ($103.67 in chips) 
Seat 3: ru_ruu_ru ($100.50 in chips) 
Seat 4: fossil500 ($100 in chips) 
Seat 5: theredpokers ($26.26 in chips) 
Seat 6: KeR888 ($111.67 in chips) 
ru_ruu_ru: posts small blind $0.50
fossil500: posts big blind $1
*** HOLE CARDS ***
theredpokers: folds 
KeR888: raises $1.50 to $2.50
joaquin612: folds 
ru_ruu_ru: folds 
fossil500: folds 
Uncalled bet ($1.50) returned to KeR888
KeR888 collected $2.50 from pot
KeR888: doesn't show hand 
*** SUMMARY ***
Total pot $2.50 | Rake $0 
Seat 2: franbasualdo10
Seat 1: joaquin612 (button) folded before Flop (didn't bet)
Seat 3: ru_ruu_ru (small blind) folded before Flop
Seat 4: fossil500 (big blind) folded before Flop
Seat 5: theredpokers folded before Flop (didn't bet)
Seat 6: KeR888 collected ($2.50)



PokerStars Hand #254745048834:  Hold'em No Limit ($0.50/$1.00 USD) - 2025/02/06 2:49:44 WET [2025/02/06 21:49:44 ET]
Table 'Ella II' 6-max Seat #3 is the button
Seat 2: franbasualdo10 ($0 in chips) is sitting out
Seat 1: joaquin612 ($103.67 in chips) 
Seat 3: ru_ruu_ru ($100 in chips) 
Seat 4: fossil500 ($100 in chips) 
Seat 5: theredpokers ($26.26 in chips) 
Seat 6: KeR888 ($113.17 in chips) 
fossil500: posts small blind $0.50
theredpokers: posts big blind $1
*** HOLE CARDS ***
KeR888: folds 
joaquin612: raises $1.50 to $2.50
ru_ruu_ru: folds 
fossil500: folds 
theredpokers: calls $1.50
*** FLOP *** [Kh 7d Qd]
theredpokers: checks 
joaquin612: checks 
*** TURN *** [Kh 7d Qd] [Ks]
theredpokers: checks 
joaquin612: bets $3
theredpokers: calls $3
*** RIVER *** [Kh 7d Qd Ks] [6h]
theredpokers: bets $5.46
joaquin612: raises $32.76 to $38.22
theredpokers: calls $15.30 and is all-in
Uncalled bet ($17.46) returned to joaquin612
*** SHOW DOWN ***
joaquin612: shows [8d As] (a pair of Kings)
theredpokers: shows [Kc Th] (three of a kind, Kings)
theredpokers collected $50.52 from pot
*** SUMMARY ***
Total pot $53.02 | Rake $2.50 
Board [Kh 7d Qd Ks 6h]
Seat 2: franbasualdo10
Seat 1: joaquin612 showed [8d As] and lost with a pair of Kings
Seat 3: ru_ruu_ru (button) folded before Flop (didn't bet)
Seat 4: fossil500 (small blind) folded before Flop
Seat 5: theredpokers (big blind) showed [Kc Th] and won ($50.52) with three of a kind, Kings
Seat 6: KeR888 folded before Flop (didn't bet)



PokerStars Hand #254745059556:  Hold'em No Limit ($0.50/$1.00 USD) - 2025/02/06 2:51:01 WET [2025/02/06 21:51:01 ET]
Table 'Ella II' 6-max Seat #4 is the button
Seat 2: franbasualdo10 ($0 in chips) is sitting out
Seat 1: joaquin612 ($100 in chips) 
Seat 3: ru_ruu_ru ($100 in chips) 
Seat 4: fossil500 ($100 in chips) 
Seat 5: theredpokers ($50.52 in chips) 
Seat 6: KeR888 ($113.17 in chips) 
theredpokers: posts small blind $0.50
KeR888: posts big blind $1
*** HOLE CARDS ***
joaquin612: raises $1.50 to $2.50
ru_ruu_ru: folds 
fossil500: folds 
theredpokers: folds 
KeR888: calls $1.50
*** FLOP *** [Kd 6s 3h]
KeR888: checks 
joaquin612: bets $2.61
KeR888: calls $2.61
*** TURN *** [Kd 6s 3h] [7c]
KeR888: checks 
joaquin612: checks 
*** RIVER *** [Kd 6s 3h 7c] [3c]
KeR888: bets $15
joaquin612: folds 
Uncalled bet ($15) returned to KeR888
KeR888 collected $10.18 from pot
KeR888: doesn't show hand 
*** SUMMARY ***
Total pot $10.72 | Rake $0.54 
Board [Kd 6s 3h 7c 3c]
Seat 2: franbasualdo10
Seat 1: joaquin612 folded on the River
Seat 3: ru_ruu_ru folded before Flop (didn't bet)
Seat 4: fossil500 (button) folded before Flop (didn't bet)
Seat 5: theredpokers (small blind) folded before Flop
Seat 6: KeR888 (big blind) collected ($10.18)



PokerStars Hand #254745071681:  Hold'em No Limit ($0.50/$1.00 USD) - 2025/02/06 2:52:28 WET [2025/02/06 21:52:28 ET]
Table 'Ella II' 6-max Seat #5 is the button
Seat 2: franbasualdo10 ($0 in chips) is sitting out
Seat 1: joaquin612 ($100 in chips) 
Seat 3: ru_ruu_ru ($100 in chips) 
Seat 4: fossil500 ($100 in chips) 
Seat 5: theredpokers ($50.02 in chips) 
Seat 6: KeR888 ($118.24 in chips) 
KeR888: posts small blind $0.50
joaquin612: posts big blind $1
*** HOLE CARDS ***
ru_ruu_ru: folds 
fossil500: folds 
theredpokers: folds 
KeR888: folds 
Uncalled bet ($0.50) returned to joaquin612
joaquin612 collected $1 from pot
joaquin612: doesn't show hand 
*** SUMMARY ***
Total pot $1 | Rake $0 
Seat 2: franbasualdo10
Seat 1: joaquin612 (big blind) collected ($1)
Seat 3: ru_ruu_ru folded before Flop (didn't bet)
Seat 4: fossil500 folded before Flop (didn't bet)
Seat 5: theredpokers (button) folded before Flop (didn't bet)
Seat 6: KeR888 (small blind) folded before Flop



PokerStars Hand #254745073735:  Hold'em No Limit ($0.50/$1.00 USD) - 2025/02/06 2:52:43 WET [2025/02/06 21:52:43 ET]
Table 'Ella II' 6-max Seat #6 is the button
Seat 2: franbasualdo10 ($0 in chips) is sitting out
Seat 1: joaquin612 ($100.50 in chips) 
Seat 3: ru_ruu_ru ($100 in chips) 
Seat 4: fossil500 ($100 in chips) 
Seat 5: theredpokers ($50.02 in chips) 
Seat 6: KeR888 ($117.74 in chips) 
joaquin612: posts small blind $0.50
ru_ruu_ru: posts big blind $1
*** HOLE CARDS ***
fossil500: folds 
theredpokers: folds 
KeR888: folds 
joaquin612: folds 
Uncalled bet ($0.50) returned to ru_ruu_ru
ru_ruu_ru collected $1 from pot
franbasualdo10 leaves the table
ru_ruu_ru: doesn't show hand 
*** SUMMARY ***
Total pot $1 | Rake $0 
Seat 2: franbasualdo10
Seat 1: joaquin612 (small blind) folded before Flop
Seat 3: ru_ruu_ru (big blind) collected ($1)
Seat 4: fossil500 folded before Flop (didn't bet)
Seat 5: theredpokers folded before Flop (didn't bet)
Seat 6: KeR888 (button) folded before Flop (didn't bet)



PokerStars Hand #254745075481:  Hold'em No Limit ($0.50/$1.00 USD) - 2025/02/06 2:52:55 WET [2025/02/06 21:52:55 ET]
Table 'Ella II' 6-max Seat #1 is the button
Seat 1: joaquin612 ($100 in chips) 
Seat 3: ru_ruu_ru ($100.50 in chips) 
Seat 4: fossil500 ($100 in chips) 
Seat 5: theredpokers ($50.02 in chips) 
Seat 6: KeR888 ($117.74 in chips) 
ru_ruu_ru: posts small blind $0.50
fossil500: posts big blind $1
*** HOLE CARDS ***
theredpokers: folds 
KeR888: raises $1.50 to $2.50
joaquin612: folds 
ru_ruu_ru: folds 
fossil500: folds 
Uncalled bet ($1.50) returned to KeR888
KeR888 collected $2.50 from pot
KeR888: doesn't show hand 
*** SUMMARY ***
Total pot $2.50 | Rake $0 
Seat 1: joaquin612 (button) folded before Flop (didn't bet)
Seat 3: ru_ruu_ru (small blind) folded before Flop
Seat 4: fossil500 (big blind) folded before Flop
Seat 5: theredpokers folded before Flop (didn't bet)
Seat 6: KeR888 collected ($2.50)



PokerStars Hand #254745078015:  Hold'em No Limit ($0.50/$1.00 USD) - 2025/02/06 2:53:14 WET [2025/02/06 21:53:14 ET]
Table 'Ella II' 6-max Seat #3 is the button
Seat 1: joaquin612 ($100 in chips) 
Seat 3: ru_ruu_ru ($100 in chips) 
Seat 4: fossil500 ($100 in chips) 
Seat 5: theredpokers ($50.02 in chips) 
Seat 6: KeR888 ($119.24 in chips) 
fossil500: posts small blind $0.50
theredpokers: posts big blind $1
*** HOLE CARDS ***
KeR888: folds 
joaquin612: folds 
ru_ruu_ru: raises $1.50 to $2.50
fossil500: folds 
theredpokers: calls $1.50
*** FLOP *** [5d Qh 8h]
theredpokers: checks 
ru_ruu_ru: bets $1.72
theredpokers: calls $1.72
*** TURN *** [5d Qh 8h] [5c]
7bekon7 joins the table at seat #2 
theredpokers: bets $3.25
ru_ruu_ru: folds 
Uncalled bet ($3.25) returned to theredpokers
theredpokers collected $8.49 from pot
theredpokers: doesn't show hand 
*** SUMMARY ***
Total pot $8.94 | Rake $0.45 
Board [5d Qh 8h 5c]
Seat 1: joaquin612 folded before Flop (didn't bet)
Seat 3: ru_ruu_ru (button) folded on the Turn
Seat 4: fossil500 (small blind) folded before Flop
Seat 5: theredpokers (big blind) collected ($8.49)
Seat 6: KeR888 folded before Flop (didn't bet)



PokerStars Hand #254745084691:  Hold'em No Limit ($0.50/$1.00 USD) - 2025/02/06 2:54:02 WET [2025/02/06 21:54:02 ET]
Table 'Ella II' 6-max Seat #4 is the button
Seat 2: 7bekon7 ($100 in chips) is sitting out
Seat 1: joaquin612 ($100 in chips) 
Seat 3: ru_ruu_ru ($100 in chips) 
Seat 4: fossil500 ($100 in chips) 
Seat 5: theredpokers ($54.29 in chips) 
Seat 6: KeR888 ($119.24 in chips) 
theredpokers: posts small blind $0.50
KeR888: posts big blind $1
7bekon7: sits out 
*** HOLE CARDS ***
joaquin612: folds 
ru_ruu_ru: raises $1.50 to $2.50
fossil500: folds 
theredpokers: folds 
KeR888: folds 
Uncalled bet ($1.50) returned to ru_ruu_ru
ru_ruu_ru collected $2.50 from pot
ru_ruu_ru: doesn't show hand 
*** SUMMARY ***
Total pot $2.50 | Rake $0 
Seat 2: 7bekon7
Seat 1: joaquin612 folded before Flop (didn't bet)
Seat 3: ru_ruu_ru collected ($2.50)
Seat 4: fossil500 (button) folded before Flop (didn't bet)
Seat 5: theredpokers (small blind) folded before Flop
Seat 6: KeR888 (big blind) folded before Flop



PokerStars Hand #254745086562:  Hold'em No Limit ($0.50/$1.00 USD) - 2025/02/06 2:54:15 WET [2025/02/06 21:54:15 ET]
Table 'Ella II' 6-max Seat #5 is the button
Seat 2: 7bekon7 ($100 in chips) is sitting out
Seat 1: joaquin612 ($100 in chips) 
Seat 3: ru_ruu_ru ($101.50 in chips) 
Seat 4: fossil500 ($100 in chips) 
Seat 5: theredpokers ($53.79 in chips) 
Seat 6: KeR888 ($118.24 in chips) 
KeR888: posts small blind $0.50
joaquin612: posts big blind $1
7bekon7: sits out 
*** HOLE CARDS ***
ru_ruu_ru: folds 
fossil500: raises $1.50 to $2.50
theredpokers: folds 
KeR888: folds 
joaquin612: calls $1.50
*** FLOP *** [5d 5c 3h]
joaquin612: checks 
fossil500: bets $1.72
joaquin612: calls $1.72
*** TURN *** [5d 5c 3h] [3d]
joaquin612: checks 
fossil500: checks 
*** RIVER *** [5d 5c 3h 3d] [2d]
joaquin612: checks 
fossil500: bets $5.50
joaquin612: raises $25 to $30.50
fossil500: folds 
Uncalled bet ($25) returned to joaquin612
joaquin612 collected $18.94 from pot
joaquin612: doesn't show hand 
*** SUMMARY ***
Total pot $19.94 | Rake $1 
Board [5d 5c 3h 3d 2d]
Seat 2: 7bekon7
Seat 1: joaquin612 (big blind) collected ($18.94)
Seat 3: ru_ruu_ru folded before Flop (didn't bet)
Seat 4: fossil500 folded on the River
Seat 5: theredpokers (button) folded before Flop (didn't bet)
Seat 6: KeR888 (small blind) folded before Flop



PokerStars Hand #254745097900:  Hold'em No Limit ($0.50/$1.00 USD) - 2025/02/06 2:55:46 WET [2025/02/06 21:55:46 ET]
Table 'Ella II' 6-max Seat #6 is the button
Seat 1: joaquin612 ($109.22 in chips) 
Seat 2: 7bekon7 ($100 in chips) 
Seat 3: ru_ruu_ru ($101.50 in chips) 
Seat 4: fossil500 ($100 in chips) 
Seat 5: theredpokers ($53.79 in chips) 
Seat 6: KeR888 ($117.74 in chips) 
joaquin612: posts small blind $0.50
7bekon7: posts big blind $1
*** HOLE CARDS ***
ru_ruu_ru has timed out
ru_ruu_ru: folds 
fossil500: folds 
theredpokers: raises $1.50 to $2.50
KeR888: folds 
joaquin612: folds 
7bekon7: calls $1.50
*** FLOP *** [Ts Th Ac]
7bekon7: checks 
theredpokers: bets $1.61
7bekon7: calls $1.61
*** TURN *** [Ts Th Ac] [Qs]
7bekon7: checks 
theredpokers: checks 
*** RIVER *** [Ts Th Ac Qs] [Kd]
7bekon7: checks 
theredpokers: checks 
*** SHOW DOWN ***
7bekon7: shows [Ah Td] (a full house, Tens full of Aces)
theredpokers: mucks hand 
7bekon7 collected $8.28 from pot
*** SUMMARY ***
Total pot $8.72 | Rake $0.44 
Board [Ts Th Ac Qs Kd]
Seat 1: joaquin612 (small blind) folded before Flop
Seat 2: 7bekon7 (big blind) showed [Ah Td] and won ($8.28) with a full house, Tens full of Aces
Seat 3: ru_ruu_ru folded before Flop (didn't bet)
Seat 4: fossil500 folded before Flop (didn't bet)
Seat 5: theredpokers mucked
Seat 6: KeR888 (button) folded before Flop (didn't bet)



PokerStars Hand #254745105612:  Hold'em No Limit ($0.50/$1.00 USD) - 2025/02/06 2:56:56 WET [2025/02/06 21:56:56 ET]
Table 'Ella II' 6-max Seat #1 is the button
Seat 1: joaquin612 ($108.72 in chips) 
Seat 2: 7bekon7 ($104.17 in chips) 
Seat 3: ru_ruu_ru ($101.50 in chips) 
Seat 4: fossil500 ($100 in chips) 
Seat 5: theredpokers ($49.68 in chips) 
Seat 6: KeR888 ($117.74 in chips) 
7bekon7: posts small blind $0.50
ru_ruu_ru: posts big blind $1
*** HOLE CARDS ***
fossil500: raises $1 to $2
theredpokers: folds 
KeR888: folds 
joaquin612: folds 
7bekon7: folds 
ru_ruu_ru: folds 
Uncalled bet ($1) returned to fossil500
fossil500 collected $2.50 from pot
fossil500: doesn't show hand 
*** SUMMARY ***
Total pot $2.50 | Rake $0 
Seat 1: joaquin612 (button) folded before Flop (didn't bet)
Seat 2: 7bekon7 (small blind) folded before Flop
Seat 3: ru_ruu_ru (big blind) folded before Flop
Seat 4: fossil500 collected ($2.50)
Seat 5: theredpokers folded before Flop (didn't bet)
Seat 6: KeR888 folded before Flop (didn't bet)



PokerStars Hand #254745108581:  Hold'em No Limit ($0.50/$1.00 USD) - 2025/02/06 2:57:23 WET [2025/02/06 21:57:23 ET]
Table 'Ella II' 6-max Seat #2 is the button
Seat 1: joaquin612 ($108.72 in chips) 
Seat 2: 7bekon7 ($103.67 in chips) 
Seat 3: ru_ruu_ru ($100.50 in chips) 
Seat 4: fossil500 ($101.50 in chips) 
Seat 5: theredpokers ($49.68 in chips) 
Seat 6: KeR888 ($117.74 in chips) 
ru_ruu_ru: posts small blind $0.50
fossil500: posts big blind $1
*** HOLE CARDS ***
theredpokers: folds 
KeR888: raises $1.20 to $2.20
joaquin612: raises $5.40 to $7.60
7bekon7: folds 
ru_ruu_ru: folds 
fossil500: folds 
KeR888: folds 
Uncalled bet ($5.40) returned to joaquin612
joaquin612 collected $5.90 from pot
joaquin612: doesn't show hand 
*** SUMMARY ***
Total pot $5.90 | Rake $0 
Seat 1: joaquin612 collected ($5.90)
Seat 2: 7bekon7 (button) folded before Flop (didn't bet)
Seat 3: ru_ruu_ru (small blind) folded before Flop
Seat 4: fossil500 (big blind) folded before Flop
Seat 5: theredpokers folded before Flop (didn't bet)
Seat 6: KeR888 folded before Flop



PokerStars Hand #254745111091:  Hold'em No Limit ($0.50/$1.00 USD) - 2025/02/06 2:57:46 WET [2025/02/06 21:57:46 ET]
Table 'Ella II' 6-max Seat #3 is the button
Seat 1: joaquin612 ($112.42 in chips) 
Seat 2: 7bekon7 ($103.67 in chips) 
Seat 3: ru_ruu_ru ($100 in chips) 
Seat 4: fossil500 ($100.50 in chips) 
Seat 5: theredpokers ($49.68 in chips) 
Seat 6: KeR888 ($115.54 in chips) 
fossil500: posts small blind $0.50
theredpokers: posts big blind $1
*** HOLE CARDS ***
KeR888: raises $1.20 to $2.20
joaquin612: folds 
7bekon7: raises $5.90 to $8.10
ru_ruu_ru: folds 
fossil500: folds 
theredpokers: folds 
KeR888: folds 
Uncalled bet ($5.90) returned to 7bekon7
7bekon7 collected $5.90 from pot
7bekon7: doesn't show hand 
*** SUMMARY ***
Total pot $5.90 | Rake $0 
Seat 1: joaquin612 folded before Flop (didn't bet)
Seat 2: 7bekon7 collected ($5.90)
Seat 3: ru_ruu_ru (button) folded before Flop (didn't bet)
Seat 4: fossil500 (small blind) folded before Flop
Seat 5: theredpokers (big blind) folded before Flop
Seat 6: KeR888 folded before Flop



PokerStars Hand #254745113379:  Hold'em No Limit ($0.50/$1.00 USD) - 2025/02/06 2:58:06 WET [2025/02/06 21:58:06 ET]
Table 'Ella II' 6-max Seat #4 is the button
Seat 1: joaquin612 ($112.42 in chips) 
Seat 2: 7bekon7 ($107.37 in chips) 
Seat 3: ru_ruu_ru ($100 in chips) 
Seat 4: fossil500 ($100 in chips) 
Seat 5: theredpokers ($48.68 in chips) 
Seat 6: KeR888 ($113.34 in chips) 
theredpokers: posts small blind $0.50
KeR888: posts big blind $1
*** HOLE CARDS ***
joaquin612: folds 
7bekon7: folds 
ru_ruu_ru: raises $1.50 to $2.50
fossil500: folds 
theredpokers: folds 
KeR888: folds 
Uncalled bet ($1.50) returned to ru_ruu_ru
ru_ruu_ru collected $2.50 from pot
ru_ruu_ru: doesn't show hand 
*** SUMMARY ***
Total pot $2.50 | Rake $0 
Seat 1: joaquin612 folded before Flop (didn't bet)
Seat 2: 7bekon7 folded before Flop (didn't bet)
Seat 3: ru_ruu_ru collected ($2.50)
Seat 4: fossil500 (button) folded before Flop (didn't bet)
Seat 5: theredpokers (small blind) folded before Flop
Seat 6: KeR888 (big blind) folded before Flop



PokerStars Hand #254745115220:  Hold'em No Limit ($0.50/$1.00 USD) - 2025/02/06 2:58:23 WET [2025/02/06 21:58:23 ET]
Table 'Ella II' 6-max Seat #5 is the button
Seat 1: joaquin612 ($112.42 in chips) 
Seat 2: 7bekon7 ($107.37 in chips) 
Seat 3: ru_ruu_ru ($101.50 in chips) 
Seat 4: fossil500 ($100 in chips) 
Seat 5: theredpokers ($48.18 in chips) 
Seat 6: KeR888 ($112.34 in chips) 
KeR888: posts small blind $0.50
joaquin612: posts big blind $1
*** HOLE CARDS ***
7bekon7: raises $1.25 to $2.25
ru_ruu_ru: folds 
fossil500: folds 
theredpokers: folds 
KeR888: folds 
joaquin612: folds 
Uncalled bet ($1.25) returned to 7bekon7
7bekon7 collected $2.50 from pot
7bekon7: doesn't show hand 
*** SUMMARY ***
Total pot $2.50 | Rake $0 
Seat 1: joaquin612 (big blind) folded before Flop
Seat 2: 7bekon7 collected ($2.50)
Seat 3: ru_ruu_ru folded before Flop (didn't bet)
Seat 4: fossil500 folded before Flop (didn't bet)
Seat 5: theredpokers (button) folded before Flop (didn't bet)
Seat 6: KeR888 (small blind) folded before Flop



PokerStars Hand #254745116996:  Hold'em No Limit ($0.50/$1.00 USD) - 2025/02/06 2:58:39 WET [2025/02/06 21:58:39 ET]
Table 'Ella II' 6-max Seat #6 is the button
Seat 1: joaquin612 ($111.42 in chips) 
Seat 2: 7bekon7 ($108.87 in chips) 
Seat 3: ru_ruu_ru ($101.50 in chips) 
Seat 4: fossil500 ($100 in chips) 
Seat 5: theredpokers ($48.18 in chips) 
Seat 6: KeR888 ($111.84 in chips) 
joaquin612: posts small blind $0.50
7bekon7: posts big blind $1
*** HOLE CARDS ***
ru_ruu_ru: folds 
fossil500: folds 
theredpokers: raises $1.50 to $2.50
KeR888: folds 
joaquin612: folds 
7bekon7: folds 
Uncalled bet ($1.50) returned to theredpokers
theredpokers collected $2.50 from pot
theredpokers: doesn't show hand 
*** SUMMARY ***
Total pot $2.50 | Rake $0 
Seat 1: joaquin612 (small blind) folded before Flop
Seat 2: 7bekon7 (big blind) folded before Flop
Seat 3: ru_ruu_ru folded before Flop (didn't bet)
Seat 4: fossil500 folded before Flop (didn't bet)
Seat 5: theredpokers collected ($2.50)
Seat 6: KeR888 (button) folded before Flop (didn't bet)



PokerStars Hand #254745119209:  Hold'em No Limit ($0.50/$1.00 USD) - 2025/02/06 2:58:59 WET [2025/02/06 21:58:59 ET]
Table 'Ella II' 6-max Seat #1 is the button
Seat 1: joaquin612 ($110.92 in chips) 
Seat 2: 7bekon7 ($107.87 in chips) 
Seat 3: ru_ruu_ru ($101.50 in chips) 
Seat 4: fossil500 ($100 in chips) 
Seat 5: theredpokers ($49.68 in chips) 
Seat 6: KeR888 ($111.84 in chips) 
7bekon7: posts small blind $0.50
ru_ruu_ru: posts big blind $1
*** HOLE CARDS ***
fossil500: folds 
theredpokers: folds 
KeR888: raises $1.50 to $2.50
joaquin612: raises $5 to $7.50
7bekon7: folds 
ru_ruu_ru: folds 
KeR888: calls $5
*** FLOP *** [5s 8d 7c]
KeR888: checks 
joaquin612: checks 
*** TURN *** [5s 8d 7c] [8h]
KeR888: bets $11.76
joaquin612: folds 
Uncalled bet ($11.76) returned to KeR888
KeR888 collected $15.68 from pot
KeR888: doesn't show hand 
*** SUMMARY ***
Total pot $16.50 | Rake $0.82 
Board [5s 8d 7c 8h]
Seat 1: joaquin612 (button) folded on the Turn
Seat 2: 7bekon7 (small blind) folded before Flop
Seat 3: ru_ruu_ru (big blind) folded before Flop
Seat 4: fossil500 folded before Flop (didn't bet)
Seat 5: theredpokers folded before Flop (didn't bet)
Seat 6: KeR888 collected ($15.68)



PokerStars Hand #254745125018:  Hold'em No Limit ($0.50/$1.00 USD) - 2025/02/06 2:59:54 WET [2025/02/06 21:59:54 ET]
Table 'Ella II' 6-max Seat #2 is the button
Seat 1: joaquin612 ($103.42 in chips) 
Seat 2: 7bekon7 ($107.37 in chips) 
Seat 3: ru_ruu_ru ($100.50 in chips) 
Seat 4: fossil500 ($100 in chips) 
Seat 5: theredpokers ($49.68 in chips) 
Seat 6: KeR888 ($120.02 in chips) 
ru_ruu_ru: posts small blind $0.50
fossil500: posts big blind $1
*** HOLE CARDS ***
theredpokers: raises $1.50 to $2.50
KeR888: folds 
joaquin612: folds 
7bekon7: folds 
ru_ruu_ru: folds 
fossil500: calls $1.50
*** FLOP *** [Th 2d 8c]
fossil500: checks 
theredpokers: checks 
*** TURN *** [Th 2d 8c] [Kc]
fossil500: checks 
theredpokers: bets $1.61
fossil500: folds 
Uncalled bet ($1.61) returned to theredpokers
theredpokers collected $5.22 from pot
theredpokers: doesn't show hand 
*** SUMMARY ***
Total pot $5.50 | Rake $0.28 
Board [Th 2d 8c Kc]
Seat 1: joaquin612 folded before Flop (didn't bet)
Seat 2: 7bekon7 (button) folded before Flop (didn't bet)
Seat 3: ru_ruu_ru (small blind) folded before Flop
Seat 4: fossil500 (big blind) folded on the Turn
Seat 5: theredpokers collected ($5.22)
Seat 6: KeR888 folded before Flop (didn't bet)



PokerStars Hand #254745131599:  Hold'em No Limit ($0.50/$1.00 USD) - 2025/02/06 3:00:50 WET [2025/02/06 22:00:50 ET]
Table 'Ella II' 6-max Seat #3 is the button
Seat 1: joaquin612 ($103.42 in chips) 
Seat 2: 7bekon7 ($107.37 in chips) 
Seat 3: ru_ruu_ru ($100 in chips) 
Seat 4: fossil500 ($100 in chips) 
Seat 5: theredpokers ($52.40 in chips) 
Seat 6: KeR888 ($120.02 in chips) 
fossil500: posts small blind $0.50
theredpokers: posts big blind $1
*** HOLE CARDS ***
KeR888: raises $1.20 to $2.20
joaquin612: folds 
7bekon7: folds 
ru_ruu_ru: folds 
fossil500: folds 
theredpokers: calls $1.20
*** FLOP *** [6d Jd 6s]
theredpokers: checks 
KeR888: bets $1.17
theredpokers: raises $2.50 to $3.67
KeR888: folds 
Uncalled bet ($2.50) returned to theredpokers
theredpokers collected $6.88 from pot
theredpokers: doesn't show hand 
*** SUMMARY ***
Total pot $7.24 | Rake $0.36 
Board [6d Jd 6s]
Seat 1: joaquin612 folded before Flop (didn't bet)
Seat 2: 7bekon7 folded before Flop (didn't bet)
Seat 3: ru_ruu_ru (button) folded before Flop (didn't bet)
Seat 4: fossil500 (small blind) folded before Flop
Seat 5: theredpokers (big blind) collected ($6.88)
Seat 6: KeR888 folded on the Flop



PokerStars Hand #254745136454:  Hold'em No Limit ($0.50/$1.00 USD) - 2025/02/06 3:01:27 WET [2025/02/06 22:01:27 ET]
Table 'Ella II' 6-max Seat #4 is the button
Seat 1: joaquin612 ($103.42 in chips) 
Seat 2: 7bekon7 ($107.37 in chips) 
Seat 3: ru_ruu_ru ($100 in chips) 
Seat 4: fossil500 ($100 in chips) 
Seat 5: theredpokers ($55.91 in chips) 
Seat 6: KeR888 ($116.65 in chips) 
theredpokers: posts small blind $0.50
KeR888: posts big blind $1
*** HOLE CARDS ***
joaquin612: folds 
7bekon7: folds 
ru_ruu_ru: raises $1.50 to $2.50
fossil500: folds 
theredpokers: folds 
KeR888: folds 
Uncalled bet ($1.50) returned to ru_ruu_ru
ru_ruu_ru collected $2.50 from pot
ru_ruu_ru: doesn't show hand 
*** SUMMARY ***
Total pot $2.50 | Rake $0 
Seat 1: joaquin612 folded before Flop (didn't bet)
Seat 2: 7bekon7 folded before Flop (didn't bet)
Seat 3: ru_ruu_ru collected ($2.50)
Seat 4: fossil500 (button) folded before Flop (didn't bet)
Seat 5: theredpokers (small blind) folded before Flop
Seat 6: KeR888 (big blind) folded before Flop



PokerStars Hand #254745138700:  Hold'em No Limit ($0.50/$1.00 USD) - 2025/02/06 3:01:44 WET [2025/02/06 22:01:44 ET]
Table 'Ella II' 6-max Seat #5 is the button
Seat 1: joaquin612 ($103.42 in chips) 
Seat 2: 7bekon7 ($107.37 in chips) 
Seat 3: ru_ruu_ru ($101.50 in chips) 
Seat 4: fossil500 ($100 in chips) 
Seat 5: theredpokers ($55.41 in chips) 
Seat 6: KeR888 ($115.65 in chips) 
KeR888: posts small blind $0.50
joaquin612: posts big blind $1
*** HOLE CARDS ***
7bekon7: folds 
ru_ruu_ru: folds 
fossil500: raises $1.50 to $2.50
theredpokers: folds 
KeR888: folds 
joaquin612: folds 
Uncalled bet ($1.50) returned to fossil500
fossil500 collected $2.50 from pot
fossil500: doesn't show hand 
*** SUMMARY ***
Total pot $2.50 | Rake $0 
Seat 1: joaquin612 (big blind) folded before Flop
Seat 2: 7bekon7 folded before Flop (didn't bet)
Seat 3: ru_ruu_ru folded before Flop (didn't bet)
Seat 4: fossil500 collected ($2.50)
Seat 5: theredpokers (button) folded before Flop (didn't bet)
Seat 6: KeR888 (small blind) folded before Flop



PokerStars Hand #254745141602:  Hold'em No Limit ($0.50/$1.00 USD) - 2025/02/06 3:02:05 WET [2025/02/06 22:02:05 ET]
Table 'Ella II' 6-max Seat #6 is the button
Seat 1: joaquin612 ($102.42 in chips) 
Seat 2: 7bekon7 ($107.37 in chips) 
Seat 3: ru_ruu_ru ($101.50 in chips) 
Seat 4: fossil500 ($101.50 in chips) 
Seat 5: theredpokers ($55.41 in chips) 
Seat 6: KeR888 ($115.15 in chips) 
joaquin612: posts small blind $0.50
7bekon7: posts big blind $1
*** HOLE CARDS ***
ru_ruu_ru: folds 
fossil500: raises $1 to $2
theredpokers: calls $2
KeR888: folds 
joaquin612: folds 
7bekon7: folds 
*** FLOP *** [2s Tc 4d]
fossil500: checks 
theredpokers: checks 
*** TURN *** [2s Tc 4d] [Td]
fossil500: bets $3.92
theredpokers: calls $3.92
*** RIVER *** [2s Tc 4d Td] [Jh]
fossil500: bets $4.18
theredpokers: raises $12.52 to $16.70
fossil500: calls $12.52
*** SHOW DOWN ***
theredpokers: shows [4s 4h] (a full house, Fours full of Tens)
fossil500: mucks hand 
theredpokers collected $44.40 from pot
*** SUMMARY ***
Total pot $46.74 | Rake $2.34 
Board [2s Tc 4d Td Jh]
Seat 1: joaquin612 (small blind) folded before Flop
Seat 2: 7bekon7 (big blind) folded before Flop
Seat 3: ru_ruu_ru folded before Flop (didn't bet)
Seat 4: fossil500 mucked
Seat 5: theredpokers showed [4s 4h] and won ($44.40) with a full house, Fours full of Tens
Seat 6: KeR888 (button) folded before Flop (didn't bet)



PokerStars Hand #254745149427:  Hold'em No Limit ($0.50/$1.00 USD) - 2025/02/06 3:03:03 WET [2025/02/06 22:03:03 ET]
Table 'Ella II' 6-max Seat #1 is the button
Seat 1: joaquin612 ($101.92 in chips) 
Seat 2: 7bekon7 ($106.37 in chips) 
Seat 3: ru_ruu_ru ($101.50 in chips) 
Seat 4: fossil500 ($92.71 in chips) 
Seat 5: theredpokers ($77.19 in chips) 
Seat 6: KeR888 ($115.15 in chips) 
7bekon7: posts small blind $0.50
ru_ruu_ru: posts big blind $1
*** HOLE CARDS ***
fossil500: folds 
theredpokers: folds 
KeR888: folds 
joaquin612: folds 
7bekon7: folds 
Uncalled bet ($0.50) returned to ru_ruu_ru
ru_ruu_ru collected $1 from pot
ru_ruu_ru: doesn't show hand 
*** SUMMARY ***
Total pot $1 | Rake $0 
Seat 1: joaquin612 (button) folded before Flop (didn't bet)
Seat 2: 7bekon7 (small blind) folded before Flop
Seat 3: ru_ruu_ru (big blind) collected ($1)
Seat 4: fossil500 folded before Flop (didn't bet)
Seat 5: theredpokers folded before Flop (didn't bet)
Seat 6: KeR888 folded before Flop (didn't bet)



PokerStars Hand #254745151666:  Hold'em No Limit ($0.50/$1.00 USD) - 2025/02/06 3:03:20 WET [2025/02/06 22:03:20 ET]
Table 'Ella II' 6-max Seat #2 is the button
Seat 1: joaquin612 ($101.92 in chips) 
Seat 2: 7bekon7 ($105.87 in chips) 
Seat 3: ru_ruu_ru ($102 in chips) 
Seat 4: fossil500 ($92.71 in chips) 
Seat 5: theredpokers ($77.19 in chips) 
Seat 6: KeR888 ($115.15 in chips) 
ru_ruu_ru: posts small blind $0.50
fossil500: posts big blind $1
*** HOLE CARDS ***
theredpokers: folds 
KeR888: folds 
joaquin612: raises $1.50 to $2.50
7bekon7: folds 
ru_ruu_ru: folds 
fossil500: calls $1.50
*** FLOP *** [Qs 8h 4h]
fossil500: checks 
joaquin612: bets $2.61
fossil500: calls $2.61
*** TURN *** [Qs 8h 4h] [3h]
fossil500: checks 
joaquin612: checks 
*** RIVER *** [Qs 8h 4h 3h] [4d]
fossil500: bets $7.63
joaquin612: folds 
Uncalled bet ($7.63) returned to fossil500
fossil500 collected $10.18 from pot
fossil500: doesn't show hand 
*** SUMMARY ***
Total pot $10.72 | Rake $0.54 
Board [Qs 8h 4h 3h 4d]
Seat 1: joaquin612 folded on the River
Seat 2: 7bekon7 (button) folded before Flop (didn't bet)
Seat 3: ru_ruu_ru (small blind) folded before Flop
Seat 4: fossil500 (big blind) collected ($10.18)
Seat 5: theredpokers folded before Flop (didn't bet)
Seat 6: KeR888 folded before Flop (didn't bet)



PokerStars Hand #254745157896:  Hold'em No Limit ($0.50/$1.00 USD) - 2025/02/06 3:04:06 WET [2025/02/06 22:04:06 ET]
Table 'Ella II' 6-max Seat #3 is the button
Seat 1: joaquin612 ($100 in chips) 
Seat 2: 7bekon7 ($105.87 in chips) 
Seat 3: ru_ruu_ru ($101.50 in chips) 
Seat 4: fossil500 ($97.78 in chips) 
Seat 5: theredpokers ($77.19 in chips) 
Seat 6: KeR888 ($115.15 in chips) 
fossil500: posts small blind $0.50
theredpokers: posts big blind $1
*** HOLE CARDS ***
KeR888: raises $1.20 to $2.20
joaquin612: folds 
7bekon7: raises $5.90 to $8.10
ru_ruu_ru: folds 
fossil500: folds 
theredpokers: folds 
KeR888: folds 
Uncalled bet ($5.90) returned to 7bekon7
7bekon7 collected $5.90 from pot
7bekon7: doesn't show hand 
*** SUMMARY ***
Total pot $5.90 | Rake $0 
Seat 1: joaquin612 folded before Flop (didn't bet)
Seat 2: 7bekon7 collected ($5.90)
Seat 3: ru_ruu_ru (button) folded before Flop (didn't bet)
Seat 4: fossil500 (small blind) folded before Flop
Seat 5: theredpokers (big blind) folded before Flop
Seat 6: KeR888 folded before Flop



PokerStars Hand #254745160985:  Hold'em No Limit ($0.50/$1.00 USD) - 2025/02/06 3:04:29 WET [2025/02/06 22:04:29 ET]
Table 'Ella II' 6-max Seat #4 is the button
Seat 1: joaquin612 ($100 in chips) 
Seat 2: 7bekon7 ($109.57 in chips) 
Seat 3: ru_ruu_ru ($101.50 in chips) 
Seat 4: fossil500 ($97.28 in chips) 
Seat 5: theredpokers ($76.19 in chips) 
Seat 6: KeR888 ($112.95 in chips) 
theredpokers: posts small blind $0.50
KeR888: posts big blind $1
*** HOLE CARDS ***
joaquin612: folds 
7bekon7: folds 
ru_ruu_ru: raises $1.50 to $2.50
fossil500: folds 
theredpokers: calls $2
KeR888: folds 
*** FLOP *** [7s 3d Kh]
theredpokers: checks 
ru_ruu_ru: bets $1.88
theredpokers: calls $1.88
*** TURN *** [7s 3d Kh] [Ad]
theredpokers: checks 
ru_ruu_ru: bets $6.95
theredpokers: folds 
Uncalled bet ($6.95) returned to ru_ruu_ru
ru_ruu_ru collected $9.27 from pot
ru_ruu_ru: doesn't show hand 
*** SUMMARY ***
Total pot $9.76 | Rake $0.49 
Board [7s 3d Kh Ad]
Seat 1: joaquin612 folded before Flop (didn't bet)
Seat 2: 7bekon7 folded before Flop (didn't bet)
Seat 3: ru_ruu_ru collected ($9.27)
Seat 4: fossil500 (button) folded before Flop (didn't bet)
Seat 5: theredpokers (small blind) folded on the Turn
Seat 6: KeR888 (big blind) folded before Flop



PokerStars Hand #254745167467:  Hold'em No Limit ($0.50/$1.00 USD) - 2025/02/06 3:05:16 WET [2025/02/06 22:05:16 ET]
Table 'Ella II' 6-max Seat #5 is the button
Seat 1: joaquin612 ($100 in chips) 
Seat 2: 7bekon7 ($109.57 in chips) 
Seat 3: ru_ruu_ru ($106.39 in chips) 
Seat 4: fossil500 ($97.28 in chips) 
Seat 5: theredpokers ($71.81 in chips) 
Seat 6: KeR888 ($111.95 in chips) 
KeR888: posts small blind $0.50
joaquin612: posts big blind $1
*** HOLE CARDS ***
7bekon7: folds 
ru_ruu_ru: folds 
fossil500: folds 
theredpokers: folds 
KeR888: folds 
Uncalled bet ($0.50) returned to joaquin612
joaquin612 collected $1 from pot
joaquin612: doesn't show hand 
*** SUMMARY ***
Total pot $1 | Rake $0 
Seat 1: joaquin612 (big blind) collected ($1)
Seat 2: 7bekon7 folded before Flop (didn't bet)
Seat 3: ru_ruu_ru folded before Flop (didn't bet)
Seat 4: fossil500 folded before Flop (didn't bet)
Seat 5: theredpokers (button) folded before Flop (didn't bet)
Seat 6: KeR888 (small blind) folded before Flop



PokerStars Hand #254745168992:  Hold'em No Limit ($0.50/$1.00 USD) - 2025/02/06 3:05:27 WET [2025/02/06 22:05:27 ET]
Table 'Ella II' 6-max Seat #6 is the button
Seat 2: 7bekon7 ($109.57 in chips) is sitting out
Seat 1: joaquin612 ($100.50 in chips) 
Seat 3: ru_ruu_ru ($106.39 in chips) 
Seat 4: fossil500 ($97.28 in chips) 
Seat 5: theredpokers ($71.81 in chips) 
Seat 6: KeR888 ($111.45 in chips) 
joaquin612: posts small blind $0.50
7bekon7: is sitting out 
ru_ruu_ru: posts big blind $1
*** HOLE CARDS ***
fossil500: folds 
7bekon7 leaves the table
theredpokers: raises $1.50 to $2.50
KeR888: folds 
joaquin612: folds 
ru_ruu_ru: calls $1.50
*** FLOP *** [3d Ah 6d]
ru_ruu_ru: checks 
theredpokers: bets $1.61
ru_ruu_ru: folds 
Uncalled bet ($1.61) returned to theredpokers
theredpokers collected $5.22 from pot
theredpokers: doesn't show hand 
*** SUMMARY ***
Total pot $5.50 | Rake $0.28 
Board [3d Ah 6d]
Seat 2: 7bekon7
Seat 1: joaquin612 (small blind) folded before Flop
Seat 3: ru_ruu_ru (big blind) folded on the Flop
Seat 4: fossil500 folded before Flop (didn't bet)
Seat 5: theredpokers collected ($5.22)
Seat 6: KeR888 (button) folded before Flop (didn't bet)



PokerStars Hand #254745172522:  Hold'em No Limit ($0.50/$1.00 USD) - 2025/02/06 3:05:53 WET [2025/02/06 22:05:53 ET]
Table 'Ella II' 6-max Seat #1 is the button
Seat 1: joaquin612 ($100 in chips) 
Seat 3: ru_ruu_ru ($103.89 in chips) 
Seat 4: fossil500 ($97.28 in chips) 
Seat 5: theredpokers ($74.53 in chips) 
Seat 6: KeR888 ($111.45 in chips) 
ru_ruu_ru: posts small blind $0.50
fossil500: posts big blind $1
*** HOLE CARDS ***
theredpokers: raises $1.50 to $2.50
KeR888: folds 
joaquin612: raises $11.50 to $14
ru_ruu_ru: folds 
fossil500: folds 
theredpokers: folds 
Uncalled bet ($11.50) returned to joaquin612
joaquin612 collected $6.50 from pot
joaquin612: doesn't show hand 
*** SUMMARY ***
Total pot $6.50 | Rake $0 
Seat 1: joaquin612 (button) collected ($6.50)
Seat 3: ru_ruu_ru (small blind) folded before Flop
Seat 4: fossil500 (big blind) folded before Flop
Seat 5: theredpokers folded before Flop
Seat 6: KeR888 folded before Flop (didn't bet)



PokerStars Hand #254745176439:  Hold'em No Limit ($0.50/$1.00 USD) - 2025/02/06 3:06:22 WET [2025/02/06 22:06:22 ET]
Table 'Ella II' 6-max Seat #3 is the button
Seat 1: joaquin612 ($104 in chips) 
Seat 3: ru_ruu_ru ($103.39 in chips) 
Seat 4: fossil500 ($96.28 in chips) 
Seat 5: theredpokers ($72.03 in chips) 
Seat 6: KeR888 ($111.45 in chips) 
fossil500: posts small blind $0.50
theredpokers: posts big blind $1
*** HOLE CARDS ***
KeR888: folds 
joaquin612: folds 
ru_ruu_ru: folds 
fossil500: raises $2 to $3
theredpokers: folds 
Uncalled bet ($2) returned to fossil500
fossil500 collected $2 from pot
fossil500: doesn't show hand 
*** SUMMARY ***
Total pot $2 | Rake $0 
Seat 1: joaquin612 folded before Flop (didn't bet)
Seat 3: ru_ruu_ru (button) folded before Flop (didn't bet)
Seat 4: fossil500 (small blind) collected ($2)
Seat 5: theredpokers (big blind) folded before Flop
Seat 6: KeR888 folded before Flop (didn't bet)



PokerStars Hand #254745178700:  Hold'em No Limit ($0.50/$1.00 USD) - 2025/02/06 3:06:39 WET [2025/02/06 22:06:39 ET]
Table 'Ella II' 6-max Seat #4 is the button
Seat 1: joaquin612 ($104 in chips) 
Seat 3: ru_ruu_ru ($103.39 in chips) 
Seat 4: fossil500 ($97.28 in chips) 
Seat 5: theredpokers ($71.03 in chips) 
Seat 6: KeR888 ($111.45 in chips) 
theredpokers: posts small blind $0.50
KeR888: posts big blind $1
*** HOLE CARDS ***
joaquin612: folds 
ru_ruu_ru: folds 
fossil500: folds 
theredpokers: calls $0.50
KeR888: checks 
*** FLOP *** [Ah Qd 7d]
theredpokers: bets $1
KeR888: folds 
Uncalled bet ($1) returned to theredpokers
theredpokers collected $1.90 from pot
theredpokers: doesn't show hand 
Melenya joins the table at seat #2 
*** SUMMARY ***
Total pot $2 | Rake $0.10 
Board [Ah Qd 7d]
Seat 1: joaquin612 folded before Flop (didn't bet)
Seat 3: ru_ruu_ru folded before Flop (didn't bet)
Seat 4: fossil500 (button) folded before Flop (didn't bet)
Seat 5: theredpokers (small blind) collected ($1.90)
Seat 6: KeR888 (big blind) folded on the Flop



PokerStars Hand #254745181573:  Hold'em No Limit ($0.50/$1.00 USD) - 2025/02/06 3:07:00 WET [2025/02/06 22:07:00 ET]
Table 'Ella II' 6-max Seat #5 is the button
Seat 2: Melenya ($100 in chips) is sitting out
Seat 1: joaquin612 ($104 in chips) 
Seat 3: ru_ruu_ru ($103.39 in chips) 
Seat 4: fossil500 ($97.28 in chips) 
Seat 5: theredpokers ($71.93 in chips) 
Seat 6: KeR888 ($110.45 in chips) 
KeR888: posts small blind $0.50
joaquin612: posts big blind $1
Melenya: sits out 
*** HOLE CARDS ***
ru_ruu_ru: folds 
fossil500: folds 
theredpokers: raises $1.50 to $2.50
KeR888: folds 
joaquin612: calls $1.50
*** FLOP *** [7c Th 3c]
joaquin612: checks 
theredpokers: bets $1.61
joaquin612: calls $1.61
*** TURN *** [7c Th 3c] [5d]
joaquin612: checks 
theredpokers: bets $4.14
joaquin612: folds 
Uncalled bet ($4.14) returned to theredpokers
theredpokers collected $8.28 from pot
theredpokers: doesn't show hand 
*** SUMMARY ***
Total pot $8.72 | Rake $0.44 
Board [7c Th 3c 5d]
Seat 2: Melenya
Seat 1: joaquin612 (big blind) folded on the Turn
Seat 3: ru_ruu_ru folded before Flop (didn't bet)
Seat 4: fossil500 folded before Flop (didn't bet)
Seat 5: theredpokers (button) collected ($8.28)
Seat 6: KeR888 (small blind) folded before Flop



PokerStars Hand #254745223012:  Hold'em No Limit ($0.50/$1.00 USD) - 2025/02/06 3:12:11 WET [2025/02/06 22:12:11 ET]
Table 'Ella II' 6-max Seat #6 is the button
Seat 1: joaquin612 ($103.55 in chips) 
Seat 2: Melenya ($103.70 in chips) 
Seat 3: ru_ruu_ru ($105.09 in chips) 
Seat 4: fossil500 ($88.80 in chips) 
Seat 5: theredpokers ($78.28 in chips) 
Seat 6: KeR888 ($106.25 in chips) 
joaquin612: posts small blind $0.50
Melenya: posts big blind $1
*** HOLE CARDS ***
ru_ruu_ru: folds 
fossil500: folds 
theredpokers: folds 
KeR888: raises $1.50 to $2.50
joaquin612: folds 
Melenya: calls $1.50
*** FLOP *** [4d 3h Th]
Melenya: checks 
ru_ruu_ru leaves the table
ptolejmus joins the table at seat #3 
KeR888: bets $6.50
Melenya: folds 
Uncalled bet ($6.50) returned to KeR888
KeR888 collected $5.22 from pot
KeR888: doesn't show hand 
*** SUMMARY ***
Total pot $5.50 | Rake $0.28 
Board [4d 3h Th]
Seat 1: joaquin612 (small blind) folded before Flop
Seat 2: Melenya (big blind) folded on the Flop
Seat 3: ru_ruu_ru folded before Flop (didn't bet)
Seat 4: fossil500 folded before Flop (didn't bet)
Seat 5: theredpokers folded before Flop (didn't bet)
Seat 6: KeR888 (button) collected ($5.22)



PokerStars Hand #254745228879:  Hold'em No Limit ($0.50/$1.00 USD) - 2025/02/06 3:12:54 WET [2025/02/06 22:12:54 ET]
Table 'Ella II' 6-max Seat #1 is the button
Seat 1: joaquin612 ($103.05 in chips) 
Seat 2: Melenya ($101.20 in chips) 
Seat 3: ptolejmus ($10 in chips) 
Seat 4: fossil500 ($100 in chips) 
Seat 5: theredpokers ($78.28 in chips) 
Seat 6: KeR888 ($108.97 in chips) 
Melenya: posts small blind $0.50
ptolejmus: posts big blind $1
*** HOLE CARDS ***
fossil500: folds 
theredpokers: folds 
KeR888: folds 
joaquin612: folds 
Melenya: raises $9 to $10
ptolejmus: calls $9 and is all-in
*** FIRST FLOP *** [2c 7c 7d]
*** FIRST TURN *** [2c 7c 7d] [Td]
*** FIRST RIVER *** [2c 7c 7d Td] [Qd]
*** SECOND FLOP *** [Qh Jd Ks]
*** SECOND TURN *** [Qh Jd Ks] [8h]
*** SECOND RIVER *** [Qh Jd Ks 8h] [Jh]
*** FIRST SHOW DOWN ***
Melenya: shows [6c 8c] (a pair of Sevens)
ptolejmus: shows [5d As] (a pair of Sevens - Ace kicker)
ptolejmus collected $9.50 from pot
*** SECOND SHOW DOWN ***
Melenya: shows [6c 8c] (two pair, Jacks and Eights)
ptolejmus: shows [5d As] (a pair of Jacks)
Melenya collected $9.50 from pot
*** SUMMARY ***
Total pot $20 | Rake $1 
Hand was run twice
FIRST Board [2c 7c 7d Td Qd]
SECOND Board [Qh Jd Ks 8h Jh]
Seat 1: joaquin612 (button) folded before Flop (didn't bet)
Seat 2: Melenya (small blind) showed [6c 8c] and lost with a pair of Sevens, and won ($9.50) with two pair, Jacks and Eights
Seat 3: ptolejmus (big blind) showed [5d As] and won ($9.50) with a pair of Sevens, and lost with a pair of Jacks
Seat 4: fossil500 folded before Flop (didn't bet)
Seat 5: theredpokers folded before Flop (didn't bet)
Seat 6: KeR888 folded before Flop (didn't bet)



PokerStars Hand #254745234142:  Hold'em No Limit ($0.50/$1.00 USD) - 2025/02/06 3:13:34 WET [2025/02/06 22:13:34 ET]
Table 'Ella II' 6-max Seat #2 is the button
Seat 1: joaquin612 ($103.05 in chips) 
Seat 2: Melenya ($100.70 in chips) 
Seat 3: ptolejmus ($10 in chips) 
Seat 4: fossil500 ($100 in chips) 
Seat 5: theredpokers ($78.28 in chips) 
Seat 6: KeR888 ($108.97 in chips) 
ptolejmus: posts small blind $0.50
fossil500: posts big blind $1
*** HOLE CARDS ***
theredpokers: raises $1.50 to $2.50
KeR888: folds 
joaquin612: folds 
Melenya: raises $5 to $7.50
ptolejmus: folds 
fossil500: folds 
theredpokers: raises $20.50 to $28
Melenya: folds 
Uncalled bet ($20.50) returned to theredpokers
theredpokers collected $16.50 from pot
theredpokers: doesn't show hand 
*** SUMMARY ***
Total pot $16.50 | Rake $0 
Seat 1: joaquin612 folded before Flop (didn't bet)
Seat 2: Melenya (button) folded before Flop
Seat 3: ptolejmus (small blind) folded before Flop
Seat 4: fossil500 (big blind) folded before Flop
Seat 5: theredpokers collected ($16.50)
Seat 6: KeR888 folded before Flop (didn't bet)



PokerStars Hand #254745238504:  Hold'em No Limit ($0.50/$1.00 USD) - 2025/02/06 3:14:07 WET [2025/02/06 22:14:07 ET]
Table 'Ella II' 6-max Seat #3 is the button
Seat 1: joaquin612 ($103.05 in chips) 
Seat 2: Melenya ($100 in chips) 
Seat 3: ptolejmus ($10 in chips) 
Seat 4: fossil500 ($100 in chips) 
Seat 5: theredpokers ($87.28 in chips) 
Seat 6: KeR888 ($108.97 in chips) 
fossil500: posts small blind $0.50
theredpokers: posts big blind $1
*** HOLE CARDS ***
KeR888: folds 
joaquin612: raises $1.50 to $2.50
Melenya: folds 
ptolejmus: raises $7.50 to $10 and is all-in
fossil500: folds 
theredpokers: folds 
joaquin612: calls $7.50
*** FLOP *** [4d 6d 6h]
*** TURN *** [4d 6d 6h] [2c]
*** RIVER *** [4d 6d 6h 2c] [9d]
*** SHOW DOWN ***
joaquin612: shows [Th Tc] (two pair, Tens and Sixes)
ptolejmus: shows [5d 5s] (two pair, Sixes and Fives)
joaquin612 collected $20.42 from pot
*** SUMMARY ***
Total pot $21.50 | Rake $1.08 
Board [4d 6d 6h 2c 9d]
Seat 1: joaquin612 showed [Th Tc] and won ($20.42) with two pair, Tens and Sixes
Seat 2: Melenya folded before Flop (didn't bet)
Seat 3: ptolejmus (button) showed [5d 5s] and lost with two pair, Sixes and Fives
Seat 4: fossil500 (small blind) folded before Flop
Seat 5: theredpokers (big blind) folded before Flop
Seat 6: KeR888 folded before Flop (didn't bet)



PokerStars Hand #254745247094:  Hold'em No Limit ($0.50/$1.00 USD) - 2025/02/06 3:15:13 WET [2025/02/06 22:15:13 ET]
Table 'Ella II' 6-max Seat #4 is the button
Seat 1: joaquin612 ($113.47 in chips) 
Seat 2: Melenya ($100 in chips) 
Seat 3: ptolejmus ($10 in chips) 
Seat 4: fossil500 ($100 in chips) 
Seat 5: theredpokers ($86.28 in chips) 
Seat 6: KeR888 ($108.97 in chips) 
theredpokers: posts small blind $0.50
KeR888: posts big blind $1
*** HOLE CARDS ***
joaquin612: folds 
Melenya: folds 
ptolejmus: folds 
fossil500: folds 
theredpokers: calls $0.50
KeR888: checks 
*** FLOP *** [9c 4s 6d]
theredpokers: bets $1
KeR888: folds 
Uncalled bet ($1) returned to theredpokers
theredpokers collected $1.90 from pot
theredpokers: doesn't show hand 
*** SUMMARY ***
Total pot $2 | Rake $0.10 
Board [9c 4s 6d]
Seat 1: joaquin612 folded before Flop (didn't bet)
Seat 2: Melenya folded before Flop (didn't bet)
Seat 3: ptolejmus folded before Flop (didn't bet)
Seat 4: fossil500 (button) folded before Flop (didn't bet)
Seat 5: theredpokers (small blind) collected ($1.90)
Seat 6: KeR888 (big blind) folded on the Flop



PokerStars Hand #254745250184:  Hold'em No Limit ($0.50/$1.00 USD) - 2025/02/06 3:15:37 WET [2025/02/06 22:15:37 ET]
Table 'Ella II' 6-max Seat #5 is the button
Seat 1: joaquin612 ($113.47 in chips) 
Seat 2: Melenya ($100 in chips) 
Seat 3: ptolejmus ($10 in chips) 
Seat 4: fossil500 ($100 in chips) 
Seat 5: theredpokers ($87.18 in chips) 
Seat 6: KeR888 ($107.97 in chips) 
KeR888: posts small blind $0.50
joaquin612: posts big blind $1
*** HOLE CARDS ***
Melenya: folds 
ptolejmus: folds 
fossil500: raises $1.50 to $2.50
theredpokers: folds 
KeR888: folds 
joaquin612: calls $1.50
*** FLOP *** [Kh 2h 4h]
joaquin612: checks 
fossil500: checks 
*** TURN *** [Kh 2h 4h] [Ad]
joaquin612: checks 
fossil500: checks 
*** RIVER *** [Kh 2h 4h Ad] [As]
joaquin612: checks 
fossil500: bets $2.61
joaquin612: folds 
Uncalled bet ($2.61) returned to fossil500
fossil500 collected $5.22 from pot
fossil500: doesn't show hand 
*** SUMMARY ***
Total pot $5.50 | Rake $0.28 
Board [Kh 2h 4h Ad As]
Seat 1: joaquin612 (big blind) folded on the River
Seat 2: Melenya folded before Flop (didn't bet)
Seat 3: ptolejmus folded before Flop (didn't bet)
Seat 4: fossil500 collected ($5.22)
Seat 5: theredpokers (button) folded before Flop (didn't bet)
Seat 6: KeR888 (small blind) folded before Flop



PokerStars Hand #254745258119:  Hold'em No Limit ($0.50/$1.00 USD) - 2025/02/06 3:16:37 WET [2025/02/06 22:16:37 ET]
Table 'Ella II' 6-max Seat #6 is the button
Seat 2: Melenya ($100 in chips) is sitting out
Seat 1: joaquin612 ($110.97 in chips) 
Seat 3: ptolejmus ($10 in chips) 
Seat 4: fossil500 ($102.72 in chips) 
Seat 5: theredpokers ($87.18 in chips) 
Seat 6: KeR888 ($107.47 in chips) 
joaquin612: posts small blind $0.50
Melenya: is sitting out 
ptolejmus: posts big blind $1
*** HOLE CARDS ***
fossil500: folds 
theredpokers: folds 
KeR888: raises $1.50 to $2.50
Melenya leaves the table
joaquin612: folds 
ptolejmus: folds 
Uncalled bet ($1.50) returned to KeR888
KeR888 collected $2.50 from pot
KeR888: doesn't show hand 
*** SUMMARY ***
Total pot $2.50 | Rake $0 
Seat 2: Melenya
Seat 1: joaquin612 (small blind) folded before Flop
Seat 3: ptolejmus (big blind) folded before Flop
Seat 4: fossil500 folded before Flop (didn't bet)
Seat 5: theredpokers folded before Flop (didn't bet)
Seat 6: KeR888 (button) collected ($2.50)



PokerStars Hand #254745260873:  Hold'em No Limit ($0.50/$1.00 USD) - 2025/02/06 3:16:58 WET [2025/02/06 22:16:58 ET]
Table 'Ella II' 6-max Seat #1 is the button
Seat 1: joaquin612 ($110.47 in chips) 
Seat 3: ptolejmus ($10 in chips) 
Seat 4: fossil500 ($102.72 in chips) 
Seat 5: theredpokers ($87.18 in chips) 
Seat 6: KeR888 ($108.97 in chips) 
ptolejmus: posts small blind $0.50
fossil500: posts big blind $1
*** HOLE CARDS ***
theredpokers: raises $1.50 to $2.50
KeR888: folds 
joaquin612: folds 
ptolejmus: folds 
fossil500: calls $1.50
*** FLOP *** [4c 3h 5h]
fossil500: checks 
theredpokers: bets $2.61
fossil500: folds 
Uncalled bet ($2.61) returned to theredpokers
theredpokers collected $5.22 from pot
theredpokers: doesn't show hand 
*** SUMMARY ***
Total pot $5.50 | Rake $0.28 
Board [4c 3h 5h]
Seat 1: joaquin612 (button) folded before Flop (didn't bet)
Seat 3: ptolejmus (small blind) folded before Flop
Seat 4: fossil500 (big blind) folded on the Flop
Seat 5: theredpokers collected ($5.22)
Seat 6: KeR888 folded before Flop (didn't bet)



PokerStars Hand #254745264691:  Hold'em No Limit ($0.50/$1.00 USD) - 2025/02/06 3:17:28 WET [2025/02/06 22:17:28 ET]
Table 'Ella II' 6-max Seat #3 is the button
Seat 1: joaquin612 ($110.47 in chips) 
Seat 3: ptolejmus ($10 in chips) 
Seat 4: fossil500 ($100.22 in chips) 
Seat 5: theredpokers ($89.90 in chips) 
Seat 6: KeR888 ($108.97 in chips) 
fossil500: posts small blind $0.50
theredpokers: posts big blind $1
*** HOLE CARDS ***
KeR888: raises $1.20 to $2.20
joaquin612: raises $5.30 to $7.50
ptolejmus: folds 
fossil500: folds 
theredpokers: folds 
KeR888: folds 
Uncalled bet ($5.30) returned to joaquin612
joaquin612 collected $5.90 from pot
joaquin612: doesn't show hand 
*** SUMMARY ***
Total pot $5.90 | Rake $0 
Seat 1: joaquin612 collected ($5.90)
Seat 3: ptolejmus (button) folded before Flop (didn't bet)
Seat 4: fossil500 (small blind) folded before Flop
Seat 5: theredpokers (big blind) folded before Flop
Seat 6: KeR888 folded before Flop



PokerStars Hand #254745267232:  Hold'em No Limit ($0.50/$1.00 USD) - 2025/02/06 3:17:47 WET [2025/02/06 22:17:47 ET]
Table 'Ella II' 6-max Seat #4 is the button
Seat 1: joaquin612 ($114.17 in chips) 
Seat 3: ptolejmus ($10 in chips) 
Seat 4: fossil500 ($100 in chips) 
Seat 5: theredpokers ($88.90 in chips) 
Seat 6: KeR888 ($106.77 in chips) 
theredpokers: posts small blind $0.50
KeR888: posts big blind $1
*** HOLE CARDS ***
joaquin612: folds 
ptolejmus: folds 
fossil500: folds 
Jean_Ferrer joins the table at seat #2 
Jean_Ferrer is disconnected 
theredpokers: calls $0.50
KeR888: checks 
*** FLOP *** [7d 9d Ad]
theredpokers: bets $1
KeR888: folds 
Uncalled bet ($1) returned to theredpokers
theredpokers collected $1.90 from pot
theredpokers: doesn't show hand 
*** SUMMARY ***
Total pot $2 | Rake $0.10 
Board [7d 9d Ad]
Seat 1: joaquin612 folded before Flop (didn't bet)
Seat 3: ptolejmus folded before Flop (didn't bet)
Seat 4: fossil500 (button) folded before Flop (didn't bet)
Seat 5: theredpokers (small blind) collected ($1.90)
Seat 6: KeR888 (big blind) folded on the Flop



PokerStars Hand #254745270075:  Hold'em No Limit ($0.50/$1.00 USD) - 2025/02/06 3:18:08 WET [2025/02/06 22:18:08 ET]
Table 'Ella II' 6-max Seat #5 is the button
Seat 1: joaquin612 ($114.17 in chips) 
Seat 2: Jean_Ferrer ($10 in chips) 
Seat 3: ptolejmus ($10 in chips) 
Seat 4: fossil500 ($100 in chips) 
Seat 5: theredpokers ($89.80 in chips) 
Seat 6: KeR888 ($105.77 in chips) 
KeR888: posts small blind $0.50
joaquin612: posts big blind $1
Jean_Ferrer: posts big blind $1
*** HOLE CARDS ***
Jean_Ferrer: checks 
ptolejmus: folds 
fossil500: folds 
theredpokers: folds 
KeR888: calls $0.50
joaquin612: raises $9 to $10
Jean_Ferrer: folds 
KeR888: folds 
Uncalled bet ($9) returned to joaquin612
joaquin612 collected $3 from pot
joaquin612: doesn't show hand 
*** SUMMARY ***
Total pot $3 | Rake $0 
Seat 1: joaquin612 (big blind) collected ($3)
Seat 2: Jean_Ferrer folded before Flop (didn't bet)
Seat 3: ptolejmus folded before Flop (didn't bet)
Seat 4: fossil500 folded before Flop (didn't bet)
Seat 5: theredpokers (button) folded before Flop (didn't bet)
Seat 6: KeR888 (small blind) folded before Flop



PokerStars Hand #254745275494:  Hold'em No Limit ($0.50/$1.00 USD) - 2025/02/06 3:18:50 WET [2025/02/06 22:18:50 ET]
Table 'Ella II' 6-max Seat #6 is the button
Seat 1: joaquin612 ($116.17 in chips) 
Seat 2: Jean_Ferrer ($9 in chips) 
Seat 3: ptolejmus ($10 in chips) 
Seat 4: fossil500 ($100 in chips) 
Seat 5: theredpokers ($89.80 in chips) 
Seat 6: KeR888 ($104.77 in chips) 
joaquin612: posts small blind $0.50
Jean_Ferrer: posts big blind $1
*** HOLE CARDS ***
ptolejmus: raises $1 to $2
fossil500: folds 
theredpokers: folds 
KeR888: folds 
joaquin612: folds 
Jean_Ferrer: folds 
Uncalled bet ($1) returned to ptolejmus
ptolejmus collected $2.50 from pot
*** SUMMARY ***
Total pot $2.50 | Rake $0 
Seat 1: joaquin612 (small blind) folded before Flop
Seat 2: Jean_Ferrer (big blind) folded before Flop
Seat 3: ptolejmus collected ($2.50)
Seat 4: fossil500 folded before Flop (didn't bet)
Seat 5: theredpokers folded before Flop (didn't bet)
Seat 6: KeR888 (button) folded before Flop (didn't bet)



PokerStars Hand #254745279103:  Hold'em No Limit ($0.50/$1.00 USD) - 2025/02/06 3:19:17 WET [2025/02/06 22:19:17 ET]
Table 'Ella II' 6-max Seat #1 is the button
Seat 1: joaquin612 ($115.67 in chips) 
Seat 2: Jean_Ferrer ($8 in chips) 
Seat 3: ptolejmus ($11.50 in chips) 
Seat 4: fossil500 ($100 in chips) 
Seat 5: theredpokers ($89.80 in chips) 
Seat 6: KeR888 ($104.77 in chips) 
Jean_Ferrer: posts small blind $0.50
ptolejmus: posts big blind $1
*** HOLE CARDS ***
fossil500: folds 
theredpokers: folds 
KeR888: folds 
joaquin612: folds 
Jean_Ferrer: folds 
Uncalled bet ($0.50) returned to ptolejmus
Jean_Ferrer leaves the table
ptolejmus collected $1 from pot
*** SUMMARY ***
Total pot $1 | Rake $0 
Seat 1: joaquin612 (button) folded before Flop (didn't bet)
Seat 2: Jean_Ferrer (small blind) folded before Flop
Seat 3: ptolejmus (big blind) collected ($1)
Seat 4: fossil500 folded before Flop (didn't bet)
Seat 5: theredpokers folded before Flop (didn't bet)
Seat 6: KeR888 folded before Flop (didn't bet)



PokerStars Hand #254745280601:  Hold'em No Limit ($0.50/$1.00 USD) - 2025/02/06 3:19:29 WET [2025/02/06 22:19:29 ET]
Table 'Ella II' 6-max Seat #3 is the button
Seat 1: joaquin612 ($115.67 in chips) 
Seat 3: ptolejmus ($12 in chips) 
Seat 4: fossil500 ($100 in chips) 
Seat 5: theredpokers ($89.80 in chips) 
Seat 6: KeR888 ($104.77 in chips) 
fossil500: posts small blind $0.50
theredpokers: posts big blind $1
*** HOLE CARDS ***
KeR888: raises $1.20 to $2.20
joaquin612: folds 
ptolejmus: folds 
fossil500: folds 
theredpokers: folds 
Uncalled bet ($1.20) returned to KeR888
KeR888 collected $2.50 from pot
KeR888: doesn't show hand 
*** SUMMARY ***
Total pot $2.50 | Rake $0 
Seat 1: joaquin612 folded before Flop (didn't bet)
Seat 3: ptolejmus (button) folded before Flop (didn't bet)
Seat 4: fossil500 (small blind) folded before Flop
Seat 5: theredpokers (big blind) folded before Flop
Seat 6: KeR888 collected ($2.50)



PokerStars Hand #254745283789:  Hold'em No Limit ($0.50/$1.00 USD) - 2025/02/06 3:19:53 WET [2025/02/06 22:19:53 ET]
Table 'Ella II' 6-max Seat #4 is the button
Seat 1: joaquin612 ($115.67 in chips) 
Seat 3: ptolejmus ($12 in chips) 
Seat 4: fossil500 ($100 in chips) 
Seat 5: theredpokers ($88.80 in chips) 
Seat 6: KeR888 ($106.27 in chips) 
theredpokers: posts small blind $0.50
KeR888: posts big blind $1
*** HOLE CARDS ***
joaquin612: folds 
ptolejmus: folds 
fossil500: raises $1.50 to $2.50
theredpokers: folds 
KeR888: raises $8.50 to $11
fossil500: folds 
Uncalled bet ($8.50) returned to KeR888
KeR888 collected $5.50 from pot
KeR888: doesn't show hand 
ru_ruu_ru joins the table at seat #2 
*** SUMMARY ***
Total pot $5.50 | Rake $0 
Seat 1: joaquin612 folded before Flop (didn't bet)
Seat 3: ptolejmus folded before Flop (didn't bet)
Seat 4: fossil500 (button) folded before Flop
Seat 5: theredpokers (small blind) folded before Flop
Seat 6: KeR888 (big blind) collected ($5.50)



PokerStars Hand #254745287001:  Hold'em No Limit ($0.50/$1.00 USD) - 2025/02/06 3:20:18 WET [2025/02/06 22:20:18 ET]
Table 'Ella II' 6-max Seat #5 is the button
Seat 2: ru_ruu_ru ($105.09 in chips) is sitting out
Seat 1: joaquin612 ($115.67 in chips) 
Seat 3: ptolejmus ($12 in chips) 
Seat 4: fossil500 ($100 in chips) 
Seat 5: theredpokers ($88.30 in chips) 
Seat 6: KeR888 ($109.27 in chips) 
KeR888: posts small blind $0.50
joaquin612: posts big blind $1
ru_ruu_ru: sits out 
*** HOLE CARDS ***
ptolejmus: folds 
fossil500: folds 
theredpokers: folds 
KeR888: raises $2 to $3
joaquin612: raises $6 to $9
KeR888: folds 
Uncalled bet ($6) returned to joaquin612
joaquin612 collected $6 from pot
joaquin612: doesn't show hand 
*** SUMMARY ***
Total pot $6 | Rake $0 
Seat 2: ru_ruu_ru
Seat 1: joaquin612 (big blind) collected ($6)
Seat 3: ptolejmus folded before Flop (didn't bet)
Seat 4: fossil500 folded before Flop (didn't bet)
Seat 5: theredpokers (button) folded before Flop (didn't bet)
Seat 6: KeR888 (small blind) folded before Flop



PokerStars Hand #254745290970:  Hold'em No Limit ($0.50/$1.00 USD) - 2025/02/06 3:20:48 WET [2025/02/06 22:20:48 ET]
Table 'Ella II' 6-max Seat #6 is the button
Seat 1: joaquin612 ($118.67 in chips) 
Seat 2: ru_ruu_ru ($105.09 in chips) 
Seat 3: ptolejmus ($12 in chips) 
Seat 4: fossil500 ($100 in chips) 
Seat 5: theredpokers ($88.30 in chips) 
Seat 6: KeR888 ($106.27 in chips) 
joaquin612: posts small blind $0.50
ru_ruu_ru: posts big blind $1
*** HOLE CARDS ***
ptolejmus: folds 
fossil500: raises $1 to $2
theredpokers: calls $2
KeR888: calls $2
joaquin612: folds 
ru_ruu_ru: raises $15 to $17
fossil500: folds 
theredpokers: folds 
KeR888: folds 
Uncalled bet ($15) returned to ru_ruu_ru
ru_ruu_ru collected $8.50 from pot
ru_ruu_ru: doesn't show hand 
*** SUMMARY ***
Total pot $8.50 | Rake $0 
Seat 1: joaquin612 (small blind) folded before Flop
Seat 2: ru_ruu_ru (big blind) collected ($8.50)
Seat 3: ptolejmus folded before Flop (didn't bet)
Seat 4: fossil500 folded before Flop
Seat 5: theredpokers folded before Flop
Seat 6: KeR888 (button) folded before Flop



PokerStars Hand #254745296358:  Hold'em No Limit ($0.50/$1.00 USD) - 2025/02/06 3:21:29 WET [2025/02/06 22:21:29 ET]
Table 'Ella II' 6-max Seat #1 is the button
Seat 1: joaquin612 ($118.17 in chips) 
Seat 2: ru_ruu_ru ($111.59 in chips) 
Seat 3: ptolejmus ($12 in chips) 
Seat 4: fossil500 ($100 in chips) 
Seat 5: theredpokers ($86.30 in chips) 
Seat 6: KeR888 ($104.27 in chips) 
ru_ruu_ru: posts small blind $0.50
ptolejmus: posts big blind $1
*** HOLE CARDS ***
fossil500: folds 
theredpokers: folds 
KeR888: folds 
joaquin612: raises $1.50 to $2.50
ru_ruu_ru: folds 
ptolejmus: raises $9.50 to $12 and is all-in
joaquin612: calls $9.50
*** FLOP *** [3s 9d 7s]
*** TURN *** [3s 9d 7s] [Ts]
*** RIVER *** [3s 9d 7s Ts] [Js]
*** SHOW DOWN ***
ptolejmus: shows [Jc Kh] (a pair of Jacks)
joaquin612: shows [Kc Td] (a pair of Tens)
ptolejmus collected $23.28 from pot
*** SUMMARY ***
Total pot $24.50 | Rake $1.22 
Board [3s 9d 7s Ts Js]
Seat 1: joaquin612 (button) showed [Kc Td] and lost with a pair of Tens
Seat 2: ru_ruu_ru (small blind) folded before Flop
Seat 3: ptolejmus (big blind) showed [Jc Kh] and won ($23.28) with a pair of Jacks
Seat 4: fossil500 folded before Flop (didn't bet)
Seat 5: theredpokers folded before Flop (didn't bet)
Seat 6: KeR888 folded before Flop (didn't bet)



PokerStars Hand #254745304130:  Hold'em No Limit ($0.50/$1.00 USD) - 2025/02/06 3:22:28 WET [2025/02/06 22:22:28 ET]
Table 'Ella II' 6-max Seat #2 is the button
Seat 1: joaquin612 ($106.17 in chips) 
Seat 2: ru_ruu_ru ($111.09 in chips) 
Seat 3: ptolejmus ($23.28 in chips) 
Seat 4: fossil500 ($100 in chips) 
Seat 5: theredpokers ($86.30 in chips) 
Seat 6: KeR888 ($104.27 in chips) 
ptolejmus: posts small blind $0.50
fossil500: posts big blind $1
*** HOLE CARDS ***
theredpokers: folds 
KeR888: folds 
joaquin612: raises $1.50 to $2.50
ru_ruu_ru: folds 
ptolejmus: folds 
fossil500: folds 
Uncalled bet ($1.50) returned to joaquin612
joaquin612 collected $2.50 from pot
joaquin612: doesn't show hand 
*** SUMMARY ***
Total pot $2.50 | Rake $0 
Seat 1: joaquin612 collected ($2.50)
Seat 2: ru_ruu_ru (button) folded before Flop (didn't bet)
Seat 3: ptolejmus (small blind) folded before Flop
Seat 4: fossil500 (big blind) folded before Flop
Seat 5: theredpokers folded before Flop (didn't bet)
Seat 6: KeR888 folded before Flop (didn't bet)



PokerStars Hand #254745306159:  Hold'em No Limit ($0.50/$1.00 USD) - 2025/02/06 3:22:44 WET [2025/02/06 22:22:44 ET]
Table 'Ella II' 6-max Seat #3 is the button
Seat 1: joaquin612 ($107.67 in chips) 
Seat 2: ru_ruu_ru ($111.09 in chips) 
Seat 3: ptolejmus ($22.78 in chips) 
Seat 4: fossil500 ($100 in chips) 
Seat 5: theredpokers ($86.30 in chips) 
Seat 6: KeR888 ($104.27 in chips) 
fossil500: posts small blind $0.50
theredpokers: posts big blind $1
*** HOLE CARDS ***
KeR888: folds 
joaquin612: folds 
ru_ruu_ru: raises $1.50 to $2.50
ptolejmus: folds 
fossil500: folds 
theredpokers: calls $1.50
*** FLOP *** [Qs 2d 4s]
theredpokers: checks 
ru_ruu_ru: bets $1.72
theredpokers: folds 
Uncalled bet ($1.72) returned to ru_ruu_ru
ru_ruu_ru collected $5.22 from pot
ru_ruu_ru: doesn't show hand 
*** SUMMARY ***
Total pot $5.50 | Rake $0.28 
Board [Qs 2d 4s]
Seat 1: joaquin612 folded before Flop (didn't bet)
Seat 2: ru_ruu_ru collected ($5.22)
Seat 3: ptolejmus (button) folded before Flop (didn't bet)
Seat 4: fossil500 (small blind) folded before Flop
Seat 5: theredpokers (big blind) folded on the Flop
Seat 6: KeR888 folded before Flop (didn't bet)



PokerStars Hand #254745309068:  Hold'em No Limit ($0.50/$1.00 USD) - 2025/02/06 3:23:06 WET [2025/02/06 22:23:06 ET]
Table 'Ella II' 6-max Seat #4 is the button
Seat 1: joaquin612 ($107.67 in chips) 
Seat 2: ru_ruu_ru ($113.81 in chips) 
Seat 3: ptolejmus ($22.78 in chips) 
Seat 4: fossil500 ($100 in chips) 
Seat 5: theredpokers ($83.80 in chips) 
Seat 6: KeR888 ($104.27 in chips) 
theredpokers: posts small blind $0.50
KeR888: posts big blind $1
*** HOLE CARDS ***
joaquin612: folds 
ru_ruu_ru: folds 
ptolejmus: folds 
fossil500: folds 
theredpokers: raises $1.50 to $2.50
KeR888: folds 
Uncalled bet ($1.50) returned to theredpokers
theredpokers collected $2 from pot
theredpokers: doesn't show hand 
*** SUMMARY ***
Total pot $2 | Rake $0 
Seat 1: joaquin612 folded before Flop (didn't bet)
Seat 2: ru_ruu_ru folded before Flop (didn't bet)
Seat 3: ptolejmus folded before Flop (didn't bet)
Seat 4: fossil500 (button) folded before Flop (didn't bet)
Seat 5: theredpokers (small blind) collected ($2)
Seat 6: KeR888 (big blind) folded before Flop



PokerStars Hand #254745337026:  Hold'em No Limit ($0.50/$1.00 USD) - 2025/02/06 3:26:42 WET [2025/02/06 22:26:42 ET]
Table 'Ella II' 6-max Seat #6 is the button
Seat 3: vezis3 ($100 in chips) is sitting out
Seat 1: joaquin612 ($105.17 in chips) 
Seat 2: ru_ruu_ru ($100 in chips) 
Seat 4: fossil500 ($104 in chips) 
Seat 5: theredpokers ($104.18 in chips) 
Seat 6: KeR888 ($101.27 in chips) 
joaquin612: posts small blind $0.50
ru_ruu_ru: posts big blind $1
vezis3: sits out 
*** HOLE CARDS ***
fossil500: folds 
theredpokers: folds 
KeR888: raises $1.50 to $2.50
joaquin612: raises $8.50 to $11
ru_ruu_ru: folds 
KeR888: calls $8.50
*** FLOP *** [2d 8s 6s]
joaquin612: bets $7.21
KeR888: calls $7.21
*** TURN *** [2d 8s 6s] [8c]
joaquin612: checks 
KeR888: checks 
*** RIVER *** [2d 8s 6s 8c] [5d]
joaquin612: checks 
KeR888: checks 
*** SHOW DOWN ***
joaquin612: shows [Kc Ac] (a pair of Eights)
KeR888: mucks hand 
joaquin612 collected $35.55 from pot
*** SUMMARY ***
Total pot $37.42 | Rake $1.87 
Board [2d 8s 6s 8c 5d]
Seat 3: vezis3
Seat 1: joaquin612 (small blind) showed [Kc Ac] and won ($35.55) with a pair of Eights
Seat 2: ru_ruu_ru (big blind) folded before Flop
Seat 4: fossil500 folded before Flop (didn't bet)
Seat 5: theredpokers folded before Flop (didn't bet)
Seat 6: KeR888 (button) mucked



PokerStars Hand #254745347476:  Hold'em No Limit ($0.50/$1.00 USD) - 2025/02/06 3:28:03 WET [2025/02/06 22:28:03 ET]
Table 'Ella II' 6-max Seat #1 is the button
Seat 1: joaquin612 ($122.51 in chips) 
Seat 2: ru_ruu_ru ($100 in chips) 
Seat 3: vezis3 ($100 in chips) 
Seat 4: fossil500 ($104 in chips) 
Seat 5: theredpokers ($104.18 in chips) 
Seat 6: KeR888 ($100 in chips) 
ru_ruu_ru: posts small blind $0.50
vezis3: posts big blind $1
*** HOLE CARDS ***
fossil500: folds 
theredpokers: raises $1.50 to $2.50
KeR888: folds 
joaquin612: folds 
ru_ruu_ru: folds 
vezis3: folds 
Uncalled bet ($1.50) returned to theredpokers
theredpokers collected $2.50 from pot
theredpokers: doesn't show hand 
*** SUMMARY ***
Total pot $2.50 | Rake $0 
Seat 1: joaquin612 (button) folded before Flop (didn't bet)
Seat 2: ru_ruu_ru (small blind) folded before Flop
Seat 3: vezis3 (big blind) folded before Flop
Seat 4: fossil500 folded before Flop (didn't bet)
Seat 5: theredpokers collected ($2.50)
Seat 6: KeR888 folded before Flop (didn't bet)



PokerStars Hand #254745349951:  Hold'em No Limit ($0.50/$1.00 USD) - 2025/02/06 3:28:22 WET [2025/02/06 22:28:22 ET]
Table 'Ella II' 6-max Seat #2 is the button
Seat 1: joaquin612 ($122.51 in chips) 
Seat 2: ru_ruu_ru ($100 in chips) 
Seat 3: vezis3 ($100 in chips) 
Seat 4: fossil500 ($104 in chips) 
Seat 5: theredpokers ($105.68 in chips) 
Seat 6: KeR888 ($100 in chips) 
vezis3: posts small blind $0.50
fossil500: posts big blind $1
*** HOLE CARDS ***
theredpokers: raises $1.50 to $2.50
KeR888: folds 
joaquin612: folds 
ru_ruu_ru: folds 
vezis3: folds 
fossil500: folds 
Uncalled bet ($1.50) returned to theredpokers
theredpokers collected $2.50 from pot
theredpokers: doesn't show hand 
*** SUMMARY ***
Total pot $2.50 | Rake $0 
Seat 1: joaquin612 folded before Flop (didn't bet)
Seat 2: ru_ruu_ru (button) folded before Flop (didn't bet)
Seat 3: vezis3 (small blind) folded before Flop
Seat 4: fossil500 (big blind) folded before Flop
Seat 5: theredpokers collected ($2.50)
Seat 6: KeR888 folded before Flop (didn't bet)



PokerStars Hand #254745352382:  Hold'em No Limit ($0.50/$1.00 USD) - 2025/02/06 3:28:41 WET [2025/02/06 22:28:41 ET]
Table 'Ella II' 6-max Seat #3 is the button
Seat 1: joaquin612 ($122.51 in chips) 
Seat 2: ru_ruu_ru ($100 in chips) 
Seat 3: vezis3 ($100 in chips) 
Seat 4: fossil500 ($103 in chips) 
Seat 5: theredpokers ($107.18 in chips) 
Seat 6: KeR888 ($100 in chips) 
fossil500: posts small blind $0.50
theredpokers: posts big blind $1
*** HOLE CARDS ***
KeR888: folds 
joaquin612: folds 
ru_ruu_ru: folds 
vezis3: folds 
fossil500: folds 
Uncalled bet ($0.50) returned to theredpokers
theredpokers collected $1 from pot
theredpokers: doesn't show hand 
*** SUMMARY ***
Total pot $1 | Rake $0 
Seat 1: joaquin612 folded before Flop (didn't bet)
Seat 2: ru_ruu_ru folded before Flop (didn't bet)
Seat 3: vezis3 (button) folded before Flop (didn't bet)
Seat 4: fossil500 (small blind) folded before Flop
Seat 5: theredpokers (big blind) collected ($1)
Seat 6: KeR888 folded before Flop (didn't bet)



PokerStars Hand #254745355720:  Hold'em No Limit ($0.50/$1.00 USD) - 2025/02/06 3:29:08 WET [2025/02/06 22:29:08 ET]
Table 'Ella II' 6-max Seat #4 is the button
Seat 1: joaquin612 ($122.51 in chips) 
Seat 2: ru_ruu_ru ($100 in chips) 
Seat 3: vezis3 ($100 in chips) 
Seat 4: fossil500 ($102.50 in chips) 
Seat 5: theredpokers ($107.68 in chips) 
Seat 6: KeR888 ($100 in chips) 
theredpokers: posts small blind $0.50
KeR888: posts big blind $1
*** HOLE CARDS ***
joaquin612: folds 
ru_ruu_ru: raises $2 to $3
vezis3: folds 
fossil500: folds 
theredpokers: folds 
KeR888: folds 
Uncalled bet ($2) returned to ru_ruu_ru
ru_ruu_ru collected $2.50 from pot
ru_ruu_ru: doesn't show hand 
*** SUMMARY ***
Total pot $2.50 | Rake $0 
Seat 1: joaquin612 folded before Flop (didn't bet)
Seat 2: ru_ruu_ru collected ($2.50)
Seat 3: vezis3 folded before Flop (didn't bet)
Seat 4: fossil500 (button) folded before Flop (didn't bet)
Seat 5: theredpokers (small blind) folded before Flop
Seat 6: KeR888 (big blind) folded before Flop



PokerStars Hand #254745357319:  Hold'em No Limit ($0.50/$1.00 USD) - 2025/02/06 3:29:20 WET [2025/02/06 22:29:20 ET]
Table 'Ella II' 6-max Seat #5 is the button
Seat 1: joaquin612 ($122.51 in chips) 
Seat 2: ru_ruu_ru ($101.50 in chips) 
Seat 3: vezis3 ($100 in chips) 
Seat 4: fossil500 ($102.50 in chips) 
Seat 5: theredpokers ($107.18 in chips) 
Seat 6: KeR888 ($100 in chips) 
KeR888: posts small blind $0.50
joaquin612: posts big blind $1
*** HOLE CARDS ***
ru_ruu_ru: raises $1.20 to $2.20
vezis3: raises $5.80 to $8
fossil500: folds 
theredpokers: folds 
KeR888: folds 
joaquin612: raises $14.50 to $22.50
ru_ruu_ru: folds 
vezis3: raises $77.50 to $100 and is all-in
joaquin612: calls $77.50
joaquin612 has timed out
*** FLOP *** [Qd 8s 3h]
*** TURN *** [Qd 8s 3h] [2c]
*** RIVER *** [Qd 8s 3h 2c] [9d]
*** SHOW DOWN ***
joaquin612: shows [Js Jc] (a pair of Jacks)
vezis3: shows [Kh Kd] (a pair of Kings)
vezis3 collected $200.20 from pot
*** SUMMARY ***
Total pot $202.70 | Rake $2.50 
Board [Qd 8s 3h 2c 9d]
Seat 1: joaquin612 (big blind) showed [Js Jc] and lost with a pair of Jacks
Seat 2: ru_ruu_ru folded before Flop
Seat 3: vezis3 showed [Kh Kd] and won ($200.20) with a pair of Kings
Seat 4: fossil500 folded before Flop (didn't bet)
Seat 5: theredpokers (button) folded before Flop (didn't bet)
Seat 6: KeR888 (small blind) folded before Flop



PokerStars Hand #254745364510:  Hold'em No Limit ($0.50/$1.00 USD) - 2025/02/06 3:30:18 WET [2025/02/06 22:30:18 ET]
Table 'Ella II' 6-max Seat #6 is the button
Seat 1: joaquin612 ($100 in chips) 
Seat 2: ru_ruu_ru ($100 in chips) 
Seat 3: vezis3 ($200.20 in chips) 
Seat 4: fossil500 ($102.50 in chips) 
Seat 5: theredpokers ($107.18 in chips) 
Seat 6: KeR888 ($100 in chips) 
joaquin612: posts small blind $0.50
ru_ruu_ru: posts big blind $1
*** HOLE CARDS ***
vezis3: raises $1 to $2
fossil500: folds 
theredpokers: folds 
KeR888: folds 
joaquin612: folds 
ru_ruu_ru: folds 
Uncalled bet ($1) returned to vezis3
vezis3 collected $2.50 from pot
vezis3: doesn't show hand 
*** SUMMARY ***
Total pot $2.50 | Rake $0 
Seat 1: joaquin612 (small blind) folded before Flop
Seat 2: ru_ruu_ru (big blind) folded before Flop
Seat 3: vezis3 collected ($2.50)
Seat 4: fossil500 folded before Flop (didn't bet)
Seat 5: theredpokers folded before Flop (didn't bet)
Seat 6: KeR888 (button) folded before Flop (didn't bet)



PokerStars Hand #254745366821:  Hold'em No Limit ($0.50/$1.00 USD) - 2025/02/06 3:30:36 WET [2025/02/06 22:30:36 ET]
Table 'Ella II' 6-max Seat #1 is the button
Seat 1: joaquin612 ($100 in chips) 
Seat 2: ru_ruu_ru ($100 in chips) 
Seat 3: vezis3 ($201.70 in chips) 
Seat 4: fossil500 ($102.50 in chips) 
Seat 5: theredpokers ($107.18 in chips) 
Seat 6: KeR888 ($100 in chips) 
ru_ruu_ru: posts small blind $0.50
vezis3: posts big blind $1
*** HOLE CARDS ***
fossil500: folds 
theredpokers: folds 
KeR888: folds 
joaquin612: folds 
ru_ruu_ru: raises $2 to $3
vezis3: calls $2
*** FLOP *** [9d 7d Ah]
ru_ruu_ru: checks 
vezis3: checks 
*** TURN *** [9d 7d Ah] [9c]
ru_ruu_ru: bets $4.27
vezis3: folds 
Uncalled bet ($4.27) returned to ru_ruu_ru
ru_ruu_ru collected $5.70 from pot
ru_ruu_ru: doesn't show hand 
*** SUMMARY ***
Total pot $6 | Rake $0.30 
Board [9d 7d Ah 9c]
Seat 1: joaquin612 (button) folded before Flop (didn't bet)
Seat 2: ru_ruu_ru (small blind) collected ($5.70)
Seat 3: vezis3 (big blind) folded on the Turn
Seat 4: fossil500 folded before Flop (didn't bet)
Seat 5: theredpokers folded before Flop (didn't bet)
Seat 6: KeR888 folded before Flop (didn't bet)



PokerStars Hand #254745372522:  Hold'em No Limit ($0.50/$1.00 USD) - 2025/02/06 3:31:22 WET [2025/02/06 22:31:22 ET]
Table 'Ella II' 6-max Seat #2 is the button
Seat 1: joaquin612 ($100 in chips) 
Seat 2: ru_ruu_ru ($102.70 in chips) 
Seat 3: vezis3 ($198.70 in chips) 
Seat 4: fossil500 ($102.50 in chips) 
Seat 5: theredpokers ($107.18 in chips) 
Seat 6: KeR888 ($100 in chips) 
vezis3: posts small blind $0.50
fossil500: posts big blind $1
*** HOLE CARDS ***
theredpokers: folds 
KeR888: folds 
joaquin612: raises $1.50 to $2.50
ru_ruu_ru: folds 
vezis3: raises $9.50 to $12
fossil500: folds 
joaquin612: folds 
Uncalled bet ($9.50) returned to vezis3
vezis3 collected $6 from pot
vezis3: doesn't show hand 
*** SUMMARY ***
Total pot $6 | Rake $0 
Seat 1: joaquin612 folded before Flop
Seat 2: ru_ruu_ru (button) folded before Flop (didn't bet)
Seat 3: vezis3 (small blind) collected ($6)
Seat 4: fossil500 (big blind) folded before Flop
Seat 5: theredpokers folded before Flop (didn't bet)
Seat 6: KeR888 folded before Flop (didn't bet)



PokerStars Hand #254745375143:  Hold'em No Limit ($0.50/$1.00 USD) - 2025/02/06 3:31:42 WET [2025/02/06 22:31:42 ET]
Table 'Ella II' 6-max Seat #3 is the button
Seat 1: joaquin612 ($100 in chips) 
Seat 2: ru_ruu_ru ($102.70 in chips) 
Seat 3: vezis3 ($202.20 in chips) 
Seat 4: fossil500 ($101.50 in chips) 
Seat 5: theredpokers ($107.18 in chips) 
Seat 6: KeR888 ($100 in chips) 
fossil500: posts small blind $0.50
theredpokers: posts big blind $1
*** HOLE CARDS ***
KeR888: folds 
joaquin612: folds 
ru_ruu_ru: folds 
vezis3: raises $1.40 to $2.40
fossil500: folds 
theredpokers: calls $1.40
*** FLOP *** [6c 6h Jc]
theredpokers: checks 
vezis3: bets $1.66
theredpokers: folds 
Uncalled bet ($1.66) returned to vezis3
vezis3 collected $5.04 from pot
vezis3: doesn't show hand 
*** SUMMARY ***
Total pot $5.30 | Rake $0.26 
Board [6c 6h Jc]
Seat 1: joaquin612 folded before Flop (didn't bet)
Seat 2: ru_ruu_ru folded before Flop (didn't bet)
Seat 3: vezis3 (button) collected ($5.04)
Seat 4: fossil500 (small blind) folded before Flop
Seat 5: theredpokers (big blind) folded on the Flop
Seat 6: KeR888 folded before Flop (didn't bet)



PokerStars Hand #254745378168:  Hold'em No Limit ($0.50/$1.00 USD) - 2025/02/06 3:32:07 WET [2025/02/06 22:32:07 ET]
Table 'Ella II' 6-max Seat #4 is the button
Seat 1: joaquin612 ($100 in chips) 
Seat 2: ru_ruu_ru ($102.70 in chips) 
Seat 3: vezis3 ($204.84 in chips) 
Seat 4: fossil500 ($101 in chips) 
Seat 5: theredpokers ($104.78 in chips) 
Seat 6: KeR888 ($100 in chips) 
theredpokers: posts small blind $0.50
KeR888: posts big blind $1
*** HOLE CARDS ***
joaquin612: folds 
ru_ruu_ru: folds 
vezis3: folds 
fossil500: folds 
theredpokers: calls $0.50
KeR888: checks 
*** FLOP *** [Qd 5h Jh]
theredpokers: bets $1
KeR888: folds 
Uncalled bet ($1) returned to theredpokers
theredpokers collected $1.90 from pot
theredpokers: doesn't show hand 
*** SUMMARY ***
Total pot $2 | Rake $0.10 
Board [Qd 5h Jh]
Seat 1: joaquin612 folded before Flop (didn't bet)
Seat 2: ru_ruu_ru folded before Flop (didn't bet)
Seat 3: vezis3 folded before Flop (didn't bet)
Seat 4: fossil500 (button) folded before Flop (didn't bet)
Seat 5: theredpokers (small blind) collected ($1.90)
Seat 6: KeR888 (big blind) folded on the Flop



PokerStars Hand #254745381085:  Hold'em No Limit ($0.50/$1.00 USD) - 2025/02/06 3:32:30 WET [2025/02/06 22:32:30 ET]
Table 'Ella II' 6-max Seat #5 is the button
Seat 1: joaquin612 ($100 in chips) 
Seat 2: ru_ruu_ru ($102.70 in chips) 
Seat 3: vezis3 ($204.84 in chips) 
Seat 4: fossil500 ($101 in chips) 
Seat 5: theredpokers ($105.68 in chips) 
Seat 6: KeR888 ($100 in chips) 
KeR888: posts small blind $0.50
joaquin612: posts big blind $1
*** HOLE CARDS ***
ru_ruu_ru: folds 
vezis3: folds 
fossil500: raises $1.50 to $2.50
theredpokers: folds 
KeR888: folds 
joaquin612: folds 
Uncalled bet ($1.50) returned to fossil500
fossil500 collected $2.50 from pot
fossil500: doesn't show hand 
*** SUMMARY ***
Total pot $2.50 | Rake $0 
Seat 1: joaquin612 (big blind) folded before Flop
Seat 2: ru_ruu_ru folded before Flop (didn't bet)
Seat 3: vezis3 folded before Flop (didn't bet)
Seat 4: fossil500 collected ($2.50)
Seat 5: theredpokers (button) folded before Flop (didn't bet)
Seat 6: KeR888 (small blind) folded before Flop



PokerStars Hand #254745382345:  Hold'em No Limit ($0.50/$1.00 USD) - 2025/02/06 3:32:41 WET [2025/02/06 22:32:41 ET]
Table 'Ella II' 6-max Seat #6 is the button
Seat 1: joaquin612 ($100 in chips) 
Seat 2: ru_ruu_ru ($102.70 in chips) 
Seat 3: vezis3 ($204.84 in chips) 
Seat 4: fossil500 ($102.50 in chips) 
Seat 5: theredpokers ($105.68 in chips) 
Seat 6: KeR888 ($100 in chips) 
joaquin612: posts small blind $0.50
ru_ruu_ru: posts big blind $1
*** HOLE CARDS ***
vezis3: folds 
fossil500: folds 
theredpokers: raises $1.50 to $2.50
KeR888: raises $5 to $7.50
joaquin612: folds 
ru_ruu_ru: folds 
theredpokers: calls $5
*** FLOP *** [Jd 6d 8c]
theredpokers: checks 
KeR888: checks 
*** TURN *** [Jd 6d 8c] [9c]
theredpokers: bets $6.84
KeR888: calls $6.84
*** RIVER *** [Jd 6d 8c 9c] [9h]
theredpokers: checks 
KeR888: checks 
*** SHOW DOWN ***
theredpokers: shows [Kd Jc] (two pair, Jacks and Nines)
KeR888: mucks hand 
theredpokers collected $28.67 from pot
*** SUMMARY ***
Total pot $30.18 | Rake $1.51 
Board [Jd 6d 8c 9c 9h]
Seat 1: joaquin612 (small blind) folded before Flop
Seat 2: ru_ruu_ru (big blind) folded before Flop
Seat 3: vezis3 folded before Flop (didn't bet)
Seat 4: fossil500 folded before Flop (didn't bet)
Seat 5: theredpokers showed [Kd Jc] and won ($28.67) with two pair, Jacks and Nines
Seat 6: KeR888 (button) mucked



PokerStars Hand #254745387575:  Hold'em No Limit ($0.50/$1.00 USD) - 2025/02/06 3:33:24 WET [2025/02/06 22:33:24 ET]
Table 'Ella II' 6-max Seat #1 is the button
Seat 1: joaquin612 ($100 in chips) 
Seat 2: ru_ruu_ru ($101.70 in chips) 
Seat 3: vezis3 ($204.84 in chips) 
Seat 4: fossil500 ($102.50 in chips) 
Seat 5: theredpokers ($120.01 in chips) 
Seat 6: KeR888 ($100 in chips) 
ru_ruu_ru: posts small blind $0.50
vezis3: posts big blind $1
*** HOLE CARDS ***
fossil500: raises $1 to $2
theredpokers: calls $2
KeR888: folds 
joaquin612: folds 
ru_ruu_ru: folds 
vezis3: folds 
*** FLOP *** [7c 5d 5h]
fossil500: checks 
theredpokers: bets $1.61
fossil500: folds 
Uncalled bet ($1.61) returned to theredpokers
theredpokers collected $5.22 from pot
theredpokers: doesn't show hand 
*** SUMMARY ***
Total pot $5.50 | Rake $0.28 
Board [7c 5d 5h]
Seat 1: joaquin612 (button) folded before Flop (didn't bet)
Seat 2: ru_ruu_ru (small blind) folded before Flop
Seat 3: vezis3 (big blind) folded before Flop
Seat 4: fossil500 folded on the Flop
Seat 5: theredpokers collected ($5.22)
Seat 6: KeR888 folded before Flop (didn't bet)



PokerStars Hand #254745393568:  Hold'em No Limit ($0.50/$1.00 USD) - 2025/02/06 3:34:13 WET [2025/02/06 22:34:13 ET]
Table 'Ella II' 6-max Seat #2 is the button
Seat 1: joaquin612 ($100 in chips) 
Seat 2: ru_ruu_ru ($101.20 in chips) 
Seat 3: vezis3 ($203.84 in chips) 
Seat 4: fossil500 ($100.50 in chips) 
Seat 5: theredpokers ($123.23 in chips) 
Seat 6: KeR888 ($100 in chips) 
vezis3: posts small blind $0.50
fossil500: posts big blind $1
*** HOLE CARDS ***
theredpokers: folds 
KeR888: folds 
joaquin612: raises $1.50 to $2.50
ru_ruu_ru: raises $5 to $7.50
vezis3: folds 
fossil500: folds 
joaquin612: raises $13.50 to $21
ru_ruu_ru: calls $13.50
*** FLOP *** [Ac 5c Kc]
joaquin612: bets $4
ru_ruu_ru: calls $4
*** TURN *** [Ac 5c Kc] [8s]
joaquin612: bets $27
ru_ruu_ru: calls $27
*** RIVER *** [Ac 5c Kc 8s] [9c]
joaquin612: checks 
ru_ruu_ru: checks 
*** SHOW DOWN ***
joaquin612: shows [Kd As] (two pair, Aces and Kings)
ru_ruu_ru: mucks hand 
joaquin612 collected $103 from pot
*** SUMMARY ***
Total pot $105.50 | Rake $2.50 
Board [Ac 5c Kc 8s 9c]
Seat 1: joaquin612 showed [Kd As] and won ($103) with two pair, Aces and Kings
Seat 2: ru_ruu_ru (button) mucked
Seat 3: vezis3 (small blind) folded before Flop
Seat 4: fossil500 (big blind) folded before Flop
Seat 5: theredpokers folded before Flop (didn't bet)
Seat 6: KeR888 folded before Flop (didn't bet)



PokerStars Hand #254745406014:  Hold'em No Limit ($0.50/$1.00 USD) - 2025/02/06 3:35:54 WET [2025/02/06 22:35:54 ET]
Table 'Ella II' 6-max Seat #3 is the button
Seat 1: joaquin612 ($151 in chips) 
Seat 2: ru_ruu_ru ($100 in chips) 
Seat 3: vezis3 ($203.34 in chips) 
Seat 4: fossil500 ($100 in chips) 
Seat 5: theredpokers ($123.23 in chips) 
Seat 6: KeR888 ($100 in chips) 
fossil500: posts small blind $0.50
theredpokers: posts big blind $1
*** HOLE CARDS ***
KeR888: raises $1.20 to $2.20
joaquin612: folds 
ru_ruu_ru: folds 
vezis3: folds 
fossil500: folds 
theredpokers: calls $1.20
*** FLOP *** [5d 5h 9s]
theredpokers: checks 
KeR888: bets $1.17
theredpokers: calls $1.17
*** TURN *** [5d 5h 9s] [7h]
theredpokers: checks 
KeR888: checks 
*** RIVER *** [5d 5h 9s 7h] [8d]
theredpokers: bets $5.44
KeR888: folds 
Uncalled bet ($5.44) returned to theredpokers
theredpokers collected $6.88 from pot
theredpokers: doesn't show hand 
*** SUMMARY ***
Total pot $7.24 | Rake $0.36 
Board [5d 5h 9s 7h 8d]
Seat 1: joaquin612 folded before Flop (didn't bet)
Seat 2: ru_ruu_ru folded before Flop (didn't bet)
Seat 3: vezis3 (button) folded before Flop (didn't bet)
Seat 4: fossil500 (small blind) folded before Flop
Seat 5: theredpokers (big blind) collected ($6.88)
Seat 6: KeR888 folded on the River



PokerStars Hand #254745411804:  Hold'em No Limit ($0.50/$1.00 USD) - 2025/02/06 3:36:42 WET [2025/02/06 22:36:42 ET]
Table 'Ella II' 6-max Seat #4 is the button
Seat 1: joaquin612 ($151 in chips) 
Seat 2: ru_ruu_ru ($100 in chips) 
Seat 3: vezis3 ($203.34 in chips) 
Seat 4: fossil500 ($100 in chips) 
Seat 5: theredpokers ($126.74 in chips) 
Seat 6: KeR888 ($100 in chips) 
theredpokers: posts small blind $0.50
KeR888: posts big blind $1
*** HOLE CARDS ***
joaquin612: folds 
ru_ruu_ru: folds 
vezis3: folds 
fossil500: raises $1.50 to $2.50
theredpokers: calls $2
KeR888: calls $1.50
*** FLOP *** [7d Qc Th]
theredpokers: checks 
KeR888: checks 
fossil500: bets $1.78
theredpokers: calls $1.78
KeR888: folds 
*** TURN *** [7d Qc Th] [6h]
theredpokers: bets $4.26
fossil500: folds 
Uncalled bet ($4.26) returned to theredpokers
theredpokers collected $10.51 from pot
theredpokers: doesn't show hand 
*** SUMMARY ***
Total pot $11.06 | Rake $0.55 
Board [7d Qc Th 6h]
Seat 1: joaquin612 folded before Flop (didn't bet)
Seat 2: ru_ruu_ru folded before Flop (didn't bet)
Seat 3: vezis3 folded before Flop (didn't bet)
Seat 4: fossil500 (button) folded on the Turn
Seat 5: theredpokers (small blind) collected ($10.51)
Seat 6: KeR888 (big blind) folded on the Flop



PokerStars Hand #254745417472:  Hold'em No Limit ($0.50/$1.00 USD) - 2025/02/06 3:37:30 WET [2025/02/06 22:37:30 ET]
Table 'Ella II' 6-max Seat #5 is the button
Seat 1: joaquin612 ($151 in chips) 
Seat 2: ru_ruu_ru ($100 in chips) 
Seat 3: vezis3 ($203.34 in chips) 
Seat 4: fossil500 ($100 in chips) 
Seat 5: theredpokers ($132.97 in chips) 
Seat 6: KeR888 ($100 in chips) 
KeR888: posts small blind $0.50
joaquin612: posts big blind $1
*** HOLE CARDS ***
ru_ruu_ru: folds 
vezis3: folds 
fossil500: raises $1.50 to $2.50
theredpokers: calls $2.50
KeR888: folds 
joaquin612: folds 
*** FLOP *** [3h Ad Qc]
fossil500: checks 
theredpokers: checks 
*** TURN *** [3h Ad Qc] [Qs]
fossil500: bets $4.63
theredpokers: folds 
Uncalled bet ($4.63) returned to fossil500
fossil500 collected $6.18 from pot
fossil500: doesn't show hand 
*** SUMMARY ***
Total pot $6.50 | Rake $0.32 
Board [3h Ad Qc Qs]
Seat 1: joaquin612 (big blind) folded before Flop
Seat 2: ru_ruu_ru folded before Flop (didn't bet)
Seat 3: vezis3 folded before Flop (didn't bet)
Seat 4: fossil500 collected ($6.18)
Seat 5: theredpokers (button) folded on the Turn
Seat 6: KeR888 (small blind) folded before Flop



PokerStars Hand #254745420507:  Hold'em No Limit ($0.50/$1.00 USD) - 2025/02/06 3:37:55 WET [2025/02/06 22:37:55 ET]
Table 'Ella II' 6-max Seat #6 is the button
Seat 1: joaquin612 ($150 in chips) 
Seat 2: ru_ruu_ru ($100 in chips) 
Seat 3: vezis3 ($203.34 in chips) 
Seat 4: fossil500 ($103.68 in chips) 
Seat 5: theredpokers ($130.47 in chips) 
Seat 6: KeR888 ($100 in chips) 
joaquin612: posts small blind $0.50
ru_ruu_ru: posts big blind $1
*** HOLE CARDS ***
vezis3: raises $1 to $2
fossil500: calls $2
theredpokers: folds 
KeR888: folds 
joaquin612: folds 
ru_ruu_ru: folds 
*** FLOP *** [Qd 4h 5d]
vezis3: checks 
fossil500: checks 
*** TURN *** [Qd 4h 5d] [2s]
vezis3: checks 
fossil500: bets $1.72
vezis3: raises $6.67 to $8.39
fossil500: calls $6.67
*** RIVER *** [Qd 4h 5d 2s] [3s]
vezis3: checks 
fossil500: checks 
*** SHOW DOWN ***
vezis3: shows [3d Ad] (a straight, Ace to Five)
fossil500: mucks hand 
vezis3 collected $21.17 from pot
*** SUMMARY ***
Total pot $22.28 | Rake $1.11 
Board [Qd 4h 5d 2s 3s]
Seat 1: joaquin612 (small blind) folded before Flop
Seat 2: ru_ruu_ru (big blind) folded before Flop
Seat 3: vezis3 showed [3d Ad] and won ($21.17) with a straight, Ace to Five
Seat 4: fossil500 mucked
Seat 5: theredpokers folded before Flop (didn't bet)
Seat 6: KeR888 (button) folded before Flop (didn't bet)



PokerStars Hand #254745427132:  Hold'em No Limit ($0.50/$1.00 USD) - 2025/02/06 3:38:50 WET [2025/02/06 22:38:50 ET]
Table 'Ella II' 6-max Seat #1 is the button
Seat 1: joaquin612 ($149.50 in chips) 
Seat 2: ru_ruu_ru ($100 in chips) 
Seat 3: vezis3 ($214.12 in chips) 
Seat 4: fossil500 ($100 in chips) 
Seat 5: theredpokers ($130.47 in chips) 
Seat 6: KeR888 ($100 in chips) 
ru_ruu_ru: posts small blind $0.50
vezis3: posts big blind $1
*** HOLE CARDS ***
fossil500: raises $1 to $2
theredpokers: folds 
KeR888: folds 
joaquin612: folds 
ru_ruu_ru: folds 
vezis3: calls $1
*** FLOP *** [7c 3d As]
vezis3: checks 
fossil500: bets $1.41
vezis3: calls $1.41
*** TURN *** [7c 3d As] [2d]
vezis3: checks 
fossil500: bets $6.60
vezis3: calls $6.60
*** RIVER *** [7c 3d As 2d] [Kd]
vezis3: checks 
fossil500: checks 
*** SHOW DOWN ***
vezis3: shows [8h Ah] (a pair of Aces)
fossil500: mucks hand 
vezis3 collected $19.49 from pot
*** SUMMARY ***
Total pot $20.52 | Rake $1.03 
Board [7c 3d As 2d Kd]
Seat 1: joaquin612 (button) folded before Flop (didn't bet)
Seat 2: ru_ruu_ru (small blind) folded before Flop
Seat 3: vezis3 (big blind) showed [8h Ah] and won ($19.49) with a pair of Aces
Seat 4: fossil500 mucked
Seat 5: theredpokers folded before Flop (didn't bet)
Seat 6: KeR888 folded before Flop (didn't bet)



PokerStars Hand #254745431928:  Hold'em No Limit ($0.50/$1.00 USD) - 2025/02/06 3:39:29 WET [2025/02/06 22:39:29 ET]
Table 'Ella II' 6-max Seat #2 is the button
Seat 1: joaquin612 ($149.50 in chips) 
Seat 2: ru_ruu_ru ($100 in chips) 
Seat 3: vezis3 ($223.60 in chips) 
Seat 4: fossil500 ($100 in chips) 
Seat 5: theredpokers ($130.47 in chips) 
Seat 6: KeR888 ($100 in chips) 
vezis3: posts small blind $0.50
fossil500: posts big blind $1
*** HOLE CARDS ***
theredpokers: raises $1.50 to $2.50
KeR888: folds 
joaquin612: raises $13.50 to $16
ru_ruu_ru: folds 
vezis3: folds 
fossil500: folds 
theredpokers: folds 
Uncalled bet ($13.50) returned to joaquin612
joaquin612 collected $6.50 from pot
joaquin612: doesn't show hand 
*** SUMMARY ***
Total pot $6.50 | Rake $0 
Seat 1: joaquin612 collected ($6.50)
Seat 2: ru_ruu_ru (button) folded before Flop (didn't bet)
Seat 3: vezis3 (small blind) folded before Flop
Seat 4: fossil500 (big blind) folded before Flop
Seat 5: theredpokers folded before Flop
Seat 6: KeR888 folded before Flop (didn't bet)



PokerStars Hand #254745434971:  Hold'em No Limit ($0.50/$1.00 USD) - 2025/02/06 3:39:54 WET [2025/02/06 22:39:54 ET]
Table 'Ella II' 6-max Seat #3 is the button
Seat 1: joaquin612 ($153.50 in chips) 
Seat 2: ru_ruu_ru ($100 in chips) 
Seat 3: vezis3 ($223.10 in chips) 
Seat 4: fossil500 ($100 in chips) 
Seat 5: theredpokers ($127.97 in chips) 
Seat 6: KeR888 ($100 in chips) 
fossil500: posts small blind $0.50
theredpokers: posts big blind $1
*** HOLE CARDS ***
KeR888: folds 
joaquin612: folds 
ru_ruu_ru: raises $1.50 to $2.50
vezis3: calls $2.50
fossil500: raises $11.50 to $14
theredpokers: folds 
ru_ruu_ru: folds 
vezis3: folds 
Uncalled bet ($11.50) returned to fossil500
fossil500 collected $8.50 from pot
fossil500: doesn't show hand 
*** SUMMARY ***
Total pot $8.50 | Rake $0 
Seat 1: joaquin612 folded before Flop (didn't bet)
Seat 2: ru_ruu_ru folded before Flop
Seat 3: vezis3 (button) folded before Flop
Seat 4: fossil500 (small blind) collected ($8.50)
Seat 5: theredpokers (big blind) folded before Flop
Seat 6: KeR888 folded before Flop (didn't bet)



PokerStars Hand #254745437802:  Hold'em No Limit ($0.50/$1.00 USD) - 2025/02/06 3:40:19 WET [2025/02/06 22:40:19 ET]
Table 'Ella II' 6-max Seat #4 is the button
Seat 1: joaquin612 ($153.50 in chips) 
Seat 2: ru_ruu_ru ($100 in chips) 
Seat 3: vezis3 ($220.60 in chips) 
Seat 4: fossil500 ($106 in chips) 
Seat 5: theredpokers ($126.97 in chips) 
Seat 6: KeR888 ($100 in chips) 
theredpokers: posts small blind $0.50
KeR888: posts big blind $1
*** HOLE CARDS ***
joaquin612: raises $1.50 to $2.50
ru_ruu_ru: folds 
vezis3: folds 
fossil500: raises $5 to $7.50
theredpokers: folds 
KeR888: folds 
joaquin612: folds 
Uncalled bet ($5) returned to fossil500
fossil500 collected $6.50 from pot
fossil500: doesn't show hand 
*** SUMMARY ***
Total pot $6.50 | Rake $0 
Seat 1: joaquin612 folded before Flop
Seat 2: ru_ruu_ru folded before Flop (didn't bet)
Seat 3: vezis3 folded before Flop (didn't bet)
Seat 4: fossil500 (button) collected ($6.50)
Seat 5: theredpokers (small blind) folded before Flop
Seat 6: KeR888 (big blind) folded before Flop



PokerStars Hand #254745439593:  Hold'em No Limit ($0.50/$1.00 USD) - 2025/02/06 3:40:33 WET [2025/02/06 22:40:33 ET]
Table 'Ella II' 6-max Seat #5 is the button
Seat 1: joaquin612 ($151 in chips) 
Seat 2: ru_ruu_ru ($100 in chips) 
Seat 3: vezis3 ($220.60 in chips) 
Seat 4: fossil500 ($110 in chips) 
Seat 5: theredpokers ($126.47 in chips) 
Seat 6: KeR888 ($100 in chips) 
KeR888: posts small blind $0.50
joaquin612: posts big blind $1
*** HOLE CARDS ***
ru_ruu_ru: folds 
vezis3: folds 
fossil500: raises $1.50 to $2.50
theredpokers: folds 
KeR888: folds 
joaquin612: folds 
Uncalled bet ($1.50) returned to fossil500
fossil500 collected $2.50 from pot
fossil500: doesn't show hand 
*** SUMMARY ***
Total pot $2.50 | Rake $0 
Seat 1: joaquin612 (big blind) folded before Flop
Seat 2: ru_ruu_ru folded before Flop (didn't bet)
Seat 3: vezis3 folded before Flop (didn't bet)
Seat 4: fossil500 collected ($2.50)
Seat 5: theredpokers (button) folded before Flop (didn't bet)
Seat 6: KeR888 (small blind) folded before Flop



PokerStars Hand #254745441361:  Hold'em No Limit ($0.50/$1.00 USD) - 2025/02/06 3:40:48 WET [2025/02/06 22:40:48 ET]
Table 'Ella II' 6-max Seat #6 is the button
Seat 1: joaquin612 ($150 in chips) 
Seat 2: ru_ruu_ru ($100 in chips) 
Seat 3: vezis3 ($220.60 in chips) 
Seat 4: fossil500 ($111.50 in chips) 
Seat 5: theredpokers ($126.47 in chips) 
Seat 6: KeR888 ($100 in chips) 
joaquin612: posts small blind $0.50
ru_ruu_ru: posts big blind $1
*** HOLE CARDS ***
vezis3: folds 
fossil500: folds 
theredpokers: raises $1.50 to $2.50
KeR888: folds 
joaquin612: folds 
ru_ruu_ru: calls $1.50
*** FLOP *** [8s Kd 8c]
ru_ruu_ru: checks 
theredpokers: bets $1.61
ru_ruu_ru: calls $1.61
*** TURN *** [8s Kd 8c] [6h]
ru_ruu_ru: checks 
theredpokers: checks 
*** RIVER *** [8s Kd 8c 6h] [2c]
ru_ruu_ru: bets $6.21
theredpokers: folds 
Uncalled bet ($6.21) returned to ru_ruu_ru
ru_ruu_ru collected $8.28 from pot
ru_ruu_ru: doesn't show hand 
*** SUMMARY ***
Total pot $8.72 | Rake $0.44 
Board [8s Kd 8c 6h 2c]
Seat 1: joaquin612 (small blind) folded before Flop
Seat 2: ru_ruu_ru (big blind) collected ($8.28)
Seat 3: vezis3 folded before Flop (didn't bet)
Seat 4: fossil500 folded before Flop (didn't bet)
Seat 5: theredpokers folded on the River
Seat 6: KeR888 (button) folded before Flop (didn't bet)



PokerStars Hand #254745447249:  Hold'em No Limit ($0.50/$1.00 USD) - 2025/02/06 3:41:38 WET [2025/02/06 22:41:38 ET]
Table 'Ella II' 6-max Seat #1 is the button
Seat 1: joaquin612 ($149.50 in chips) 
Seat 2: ru_ruu_ru ($104.17 in chips) 
Seat 3: vezis3 ($220.60 in chips) 
Seat 4: fossil500 ($111.50 in chips) 
Seat 5: theredpokers ($122.36 in chips) 
Seat 6: KeR888 ($100 in chips) 
ru_ruu_ru: posts small blind $0.50
vezis3: posts big blind $1
*** HOLE CARDS ***
fossil500: folds 
theredpokers: folds 
KeR888: folds 
joaquin612: folds 
ru_ruu_ru: raises $2 to $3
vezis3: folds 
Uncalled bet ($2) returned to ru_ruu_ru
ru_ruu_ru collected $2 from pot
ru_ruu_ru: doesn't show hand 
*** SUMMARY ***
Total pot $2 | Rake $0 
Seat 1: joaquin612 (button) folded before Flop (didn't bet)
Seat 2: ru_ruu_ru (small blind) collected ($2)
Seat 3: vezis3 (big blind) folded before Flop
Seat 4: fossil500 folded before Flop (didn't bet)
Seat 5: theredpokers folded before Flop (didn't bet)
Seat 6: KeR888 folded before Flop (didn't bet)



PokerStars Hand #254745449097:  Hold'em No Limit ($0.50/$1.00 USD) - 2025/02/06 3:41:53 WET [2025/02/06 22:41:53 ET]
Table 'Ella II' 6-max Seat #2 is the button
Seat 1: joaquin612 ($149.50 in chips) 
Seat 2: ru_ruu_ru ($105.17 in chips) 
Seat 3: vezis3 ($219.60 in chips) 
Seat 4: fossil500 ($111.50 in chips) 
Seat 5: theredpokers ($122.36 in chips) 
Seat 6: KeR888 ($100 in chips) 
vezis3: posts small blind $0.50
fossil500: posts big blind $1
*** HOLE CARDS ***
theredpokers: folds 
KeR888: folds 
joaquin612: folds 
ru_ruu_ru: raises $1.50 to $2.50
vezis3: folds 
fossil500: folds 
Uncalled bet ($1.50) returned to ru_ruu_ru
ru_ruu_ru collected $2.50 from pot
ru_ruu_ru: doesn't show hand 
*** SUMMARY ***
Total pot $2.50 | Rake $0 
Seat 1: joaquin612 folded before Flop (didn't bet)
Seat 2: ru_ruu_ru (button) collected ($2.50)
Seat 3: vezis3 (small blind) folded before Flop
Seat 4: fossil500 (big blind) folded before Flop
Seat 5: theredpokers folded before Flop (didn't bet)
Seat 6: KeR888 folded before Flop (didn't bet)



PokerStars Hand #254745450608:  Hold'em No Limit ($0.50/$1.00 USD) - 2025/02/06 3:42:06 WET [2025/02/06 22:42:06 ET]
Table 'Ella II' 6-max Seat #3 is the button
Seat 1: joaquin612 ($149.50 in chips) 
Seat 2: ru_ruu_ru ($106.67 in chips) 
Seat 3: vezis3 ($219.10 in chips) 
Seat 4: fossil500 ($110.50 in chips) 
Seat 5: theredpokers ($122.36 in chips) 
Seat 6: KeR888 ($100 in chips) 
fossil500: posts small blind $0.50
theredpokers: posts big blind $1
*** HOLE CARDS ***
KeR888: folds 
joaquin612: folds 
ru_ruu_ru: raises $1.50 to $2.50
vezis3: raises $5.50 to $8
fossil500: folds 
theredpokers: folds 
ru_ruu_ru: folds 
Uncalled bet ($5.50) returned to vezis3
vezis3 collected $6.50 from pot
vezis3: doesn't show hand 
*** SUMMARY ***
Total pot $6.50 | Rake $0 
Seat 1: joaquin612 folded before Flop (didn't bet)
Seat 2: ru_ruu_ru folded before Flop
Seat 3: vezis3 (button) collected ($6.50)
Seat 4: fossil500 (small blind) folded before Flop
Seat 5: theredpokers (big blind) folded before Flop
Seat 6: KeR888 folded before Flop (didn't bet)



PokerStars Hand #254745453315:  Hold'em No Limit ($0.50/$1.00 USD) - 2025/02/06 3:42:29 WET [2025/02/06 22:42:29 ET]
Table 'Ella II' 6-max Seat #4 is the button
Seat 1: joaquin612 ($149.50 in chips) 
Seat 2: ru_ruu_ru ($104.17 in chips) 
Seat 3: vezis3 ($223.10 in chips) 
Seat 4: fossil500 ($110 in chips) 
Seat 5: theredpokers ($121.36 in chips) 
Seat 6: KeR888 ($100 in chips) 
theredpokers: posts small blind $0.50
KeR888: posts big blind $1
*** HOLE CARDS ***
joaquin612: folds 
ru_ruu_ru: folds 
vezis3: folds 
fossil500: raises $1.50 to $2.50
theredpokers: calls $2
KeR888: folds 
*** FLOP *** [9c 2s Ts]
theredpokers: checks 
fossil500: bets $4.28
theredpokers: folds 
Uncalled bet ($4.28) returned to fossil500
fossil500 collected $5.70 from pot
fossil500: doesn't show hand 
*** SUMMARY ***
Total pot $6 | Rake $0.30 
Board [9c 2s Ts]
Seat 1: joaquin612 folded before Flop (didn't bet)
Seat 2: ru_ruu_ru folded before Flop (didn't bet)
Seat 3: vezis3 folded before Flop (didn't bet)
Seat 4: fossil500 (button) collected ($5.70)
Seat 5: theredpokers (small blind) folded on the Flop
Seat 6: KeR888 (big blind) folded before Flop



PokerStars Hand #254745457353:  Hold'em No Limit ($0.50/$1.00 USD) - 2025/02/06 3:43:03 WET [2025/02/06 22:43:03 ET]
Table 'Ella II' 6-max Seat #5 is the button
Seat 1: joaquin612 ($149.50 in chips) 
Seat 2: ru_ruu_ru ($104.17 in chips) 
Seat 3: vezis3 ($223.10 in chips) 
Seat 4: fossil500 ($113.20 in chips) 
Seat 5: theredpokers ($118.86 in chips) 
Seat 6: KeR888 ($100 in chips) 
KeR888: posts small blind $0.50
joaquin612: posts big blind $1
*** HOLE CARDS ***
ru_ruu_ru: folds 
vezis3: folds 
fossil500: raises $1.50 to $2.50
theredpokers: calls $2.50
KeR888: folds 
joaquin612: calls $1.50
*** FLOP *** [4h 7d 9s]
joaquin612: checks 
fossil500: checks 
theredpokers: bets $2.80
joaquin612: calls $2.80
fossil500: folds 
*** TURN *** [4h 7d 9s] [Kh]
joaquin612: bets $3.50
theredpokers: folds 
Uncalled bet ($3.50) returned to joaquin612
joaquin612 collected $12.92 from pot
joaquin612: doesn't show hand 
*** SUMMARY ***
Total pot $13.60 | Rake $0.68 
Board [4h 7d 9s Kh]
Seat 1: joaquin612 (big blind) collected ($12.92)
Seat 2: ru_ruu_ru folded before Flop (didn't bet)
Seat 3: vezis3 folded before Flop (didn't bet)
Seat 4: fossil500 folded on the Flop
Seat 5: theredpokers (button) folded on the Turn
Seat 6: KeR888 (small blind) folded before Flop



PokerStars Hand #254745463218:  Hold'em No Limit ($0.50/$1.00 USD) - 2025/02/06 3:43:52 WET [2025/02/06 22:43:52 ET]
Table 'Ella II' 6-max Seat #6 is the button
Seat 1: joaquin612 ($157.12 in chips) 
Seat 2: ru_ruu_ru ($104.17 in chips) 
Seat 3: vezis3 ($223.10 in chips) 
Seat 4: fossil500 ($110.70 in chips) 
Seat 5: theredpokers ($113.56 in chips) 
Seat 6: KeR888 ($100 in chips) 
joaquin612: posts small blind $0.50
ru_ruu_ru: posts big blind $1
*** HOLE CARDS ***
vezis3: raises $1 to $2
fossil500: folds 
theredpokers: folds 
KeR888: folds 
joaquin612: folds 
ru_ruu_ru: folds 
Uncalled bet ($1) returned to vezis3
vezis3 collected $2.50 from pot
vezis3: doesn't show hand 
*** SUMMARY ***
Total pot $2.50 | Rake $0 
Seat 1: joaquin612 (small blind) folded before Flop
Seat 2: ru_ruu_ru (big blind) folded before Flop
Seat 3: vezis3 collected ($2.50)
Seat 4: fossil500 folded before Flop (didn't bet)
Seat 5: theredpokers folded before Flop (didn't bet)
Seat 6: KeR888 (button) folded before Flop (didn't bet)



PokerStars Hand #254745464751:  Hold'em No Limit ($0.50/$1.00 USD) - 2025/02/06 3:44:05 WET [2025/02/06 22:44:05 ET]
Table 'Ella II' 6-max Seat #1 is the button
Seat 1: joaquin612 ($156.62 in chips) 
Seat 2: ru_ruu_ru ($103.17 in chips) 
Seat 3: vezis3 ($224.60 in chips) 
Seat 4: fossil500 ($110.70 in chips) 
Seat 5: theredpokers ($113.56 in chips) 
Seat 6: KeR888 ($100 in chips) 
ru_ruu_ru: posts small blind $0.50
vezis3: posts big blind $1
*** HOLE CARDS ***
fossil500: raises $1 to $2
theredpokers: folds 
KeR888: folds 
joaquin612: folds 
ru_ruu_ru: folds 
vezis3: folds 
Uncalled bet ($1) returned to fossil500
fossil500 collected $2.50 from pot
fossil500: doesn't show hand 
*** SUMMARY ***
Total pot $2.50 | Rake $0 
Seat 1: joaquin612 (button) folded before Flop (didn't bet)
Seat 2: ru_ruu_ru (small blind) folded before Flop
Seat 3: vezis3 (big blind) folded before Flop
Seat 4: fossil500 collected ($2.50)
Seat 5: theredpokers folded before Flop (didn't bet)
Seat 6: KeR888 folded before Flop (didn't bet)



PokerStars Hand #254745467001:  Hold'em No Limit ($0.50/$1.00 USD) - 2025/02/06 3:44:24 WET [2025/02/06 22:44:24 ET]
Table 'Ella II' 6-max Seat #2 is the button
Seat 1: joaquin612 ($156.62 in chips) 
Seat 2: ru_ruu_ru ($102.67 in chips) 
Seat 3: vezis3 ($223.60 in chips) 
Seat 4: fossil500 ($112.20 in chips) 
Seat 5: theredpokers ($113.56 in chips) 
Seat 6: KeR888 ($100 in chips) 
vezis3: posts small blind $0.50
fossil500: posts big blind $1
*** HOLE CARDS ***
theredpokers: folds 
KeR888: folds 
joaquin612: folds 
ru_ruu_ru: raises $1.50 to $2.50
vezis3: folds 
fossil500: calls $1.50
*** FLOP *** [Kh 3h 9h]
fossil500: checks 
ru_ruu_ru: bets $2.61
fossil500: calls $2.61
*** TURN *** [Kh 3h 9h] [8c]
fossil500: checks 
ru_ruu_ru: checks 
*** RIVER *** [Kh 3h 9h 8c] [Qd]
fossil500: bets $9.67
ru_ruu_ru: folds 
Uncalled bet ($9.67) returned to fossil500
fossil500 collected $10.18 from pot
fossil500: doesn't show hand 
*** SUMMARY ***
Total pot $10.72 | Rake $0.54 
Board [Kh 3h 9h 8c Qd]
Seat 1: joaquin612 folded before Flop (didn't bet)
Seat 2: ru_ruu_ru (button) folded on the River
Seat 3: vezis3 (small blind) folded before Flop
Seat 4: fossil500 (big blind) collected ($10.18)
Seat 5: theredpokers folded before Flop (didn't bet)
Seat 6: KeR888 folded before Flop (didn't bet)



PokerStars Hand #254745477091:  Hold'em No Limit ($0.50/$1.00 USD) - 2025/02/06 3:45:48 WET [2025/02/06 22:45:48 ET]
Table 'Ella II' 6-max Seat #3 is the button
Seat 1: joaquin612 ($156.62 in chips) 
Seat 2: ru_ruu_ru ($100 in chips) 
Seat 3: vezis3 ($223.10 in chips) 
Seat 4: fossil500 ($117.27 in chips) 
Seat 5: theredpokers ($113.56 in chips) 
Seat 6: KeR888 ($100 in chips) 
fossil500: posts small blind $0.50
theredpokers: posts big blind $1
*** HOLE CARDS ***
KeR888: folds 
joaquin612: folds 
ru_ruu_ru: raises $1.50 to $2.50
vezis3: folds 
fossil500: folds 
theredpokers: folds 
Uncalled bet ($1.50) returned to ru_ruu_ru
ru_ruu_ru collected $2.50 from pot
ru_ruu_ru: doesn't show hand 
*** SUMMARY ***
Total pot $2.50 | Rake $0 
Seat 1: joaquin612 folded before Flop (didn't bet)
Seat 2: ru_ruu_ru collected ($2.50)
Seat 3: vezis3 (button) folded before Flop (didn't bet)
Seat 4: fossil500 (small blind) folded before Flop
Seat 5: theredpokers (big blind) folded before Flop
Seat 6: KeR888 folded before Flop (didn't bet)



PokerStars Hand #254745479226:  Hold'em No Limit ($0.50/$1.00 USD) - 2025/02/06 3:46:07 WET [2025/02/06 22:46:07 ET]
Table 'Ella II' 6-max Seat #4 is the button
Seat 1: joaquin612 ($156.62 in chips) 
Seat 2: ru_ruu_ru ($101.50 in chips) 
Seat 3: vezis3 ($223.10 in chips) 
Seat 4: fossil500 ($116.77 in chips) 
Seat 5: theredpokers ($112.56 in chips) 
Seat 6: KeR888 ($100 in chips) 
theredpokers: posts small blind $0.50
KeR888: posts big blind $1
*** HOLE CARDS ***
joaquin612: raises $1.50 to $2.50
ru_ruu_ru: folds 
vezis3: folds 
fossil500: folds 
theredpokers: calls $2
KeR888: folds 
*** FLOP *** [2h 2s 5s]
theredpokers: checks 
joaquin612: bets $1.88
theredpokers: calls $1.88
*** TURN *** [2h 2s 5s] [Ah]
theredpokers: checks 
joaquin612: checks 
*** RIVER *** [2h 2s 5s Ah] [Kc]
theredpokers: bets $2
joaquin612: raises $2 to $4
theredpokers: calls $2
*** SHOW DOWN ***
joaquin612: shows [As Th] (two pair, Aces and Deuces)
theredpokers: mucks hand 
joaquin612 collected $16.87 from pot
*** SUMMARY ***
Total pot $17.76 | Rake $0.89 
Board [2h 2s 5s Ah Kc]
Seat 1: joaquin612 showed [As Th] and won ($16.87) with two pair, Aces and Deuces
Seat 2: ru_ruu_ru folded before Flop (didn't bet)
Seat 3: vezis3 folded before Flop (didn't bet)
Seat 4: fossil500 (button) folded before Flop (didn't bet)
Seat 5: theredpokers (small blind) mucked
Seat 6: KeR888 (big blind) folded before Flop



PokerStars Hand #254745485006:  Hold'em No Limit ($0.50/$1.00 USD) - 2025/02/06 3:46:56 WET [2025/02/06 22:46:56 ET]
Table 'Ella II' 6-max Seat #5 is the button
Seat 1: joaquin612 ($165.11 in chips) 
Seat 2: ru_ruu_ru ($101.50 in chips) 
Seat 3: vezis3 ($223.10 in chips) 
Seat 4: fossil500 ($116.77 in chips) 
Seat 5: theredpokers ($104.18 in chips) 
Seat 6: KeR888 ($100 in chips) 
KeR888: posts small blind $0.50
joaquin612: posts big blind $1
*** HOLE CARDS ***
ru_ruu_ru: folds 
vezis3: folds 
fossil500: raises $1.50 to $2.50
theredpokers: raises $6.50 to $9
KeR888: folds 
joaquin612: folds 
fossil500: folds 
Uncalled bet ($6.50) returned to theredpokers
theredpokers collected $6.50 from pot
theredpokers: doesn't show hand 
*** SUMMARY ***
Total pot $6.50 | Rake $0 
Seat 1: joaquin612 (big blind) folded before Flop
Seat 2: ru_ruu_ru folded before Flop (didn't bet)
Seat 3: vezis3 folded before Flop (didn't bet)
Seat 4: fossil500 folded before Flop
Seat 5: theredpokers (button) collected ($6.50)
Seat 6: KeR888 (small blind) folded before Flop



PokerStars Hand #254745487683:  Hold'em No Limit ($0.50/$1.00 USD) - 2025/02/06 3:47:19 WET [2025/02/06 22:47:19 ET]
Table 'Ella II' 6-max Seat #6 is the button
Seat 1: joaquin612 ($164.11 in chips) 
Seat 2: ru_ruu_ru ($101.50 in chips) 
Seat 3: vezis3 ($223.10 in chips) 
Seat 4: fossil500 ($114.27 in chips) 
Seat 5: theredpokers ($108.18 in chips) 
Seat 6: KeR888 ($100 in chips) 
joaquin612: posts small blind $0.50
ru_ruu_ru: posts big blind $1
*** HOLE CARDS ***
vezis3: folds 
fossil500: folds 
theredpokers: folds 
KeR888: folds 
joaquin612: folds 
Uncalled bet ($0.50) returned to ru_ruu_ru
ru_ruu_ru collected $1 from pot
ru_ruu_ru: doesn't show hand 
*** SUMMARY ***
Total pot $1 | Rake $0 
Seat 1: joaquin612 (small blind) folded before Flop
Seat 2: ru_ruu_ru (big blind) collected ($1)
Seat 3: vezis3 folded before Flop (didn't bet)
Seat 4: fossil500 folded before Flop (didn't bet)
Seat 5: theredpokers folded before Flop (didn't bet)
Seat 6: KeR888 (button) folded before Flop (didn't bet)



PokerStars Hand #254745489410:  Hold'em No Limit ($0.50/$1.00 USD) - 2025/02/06 3:47:34 WET [2025/02/06 22:47:34 ET]
Table 'Ella II' 6-max Seat #1 is the button
Seat 1: joaquin612 ($163.61 in chips) 
Seat 2: ru_ruu_ru ($102 in chips) 
Seat 3: vezis3 ($223.10 in chips) 
Seat 4: fossil500 ($114.27 in chips) 
Seat 5: theredpokers ($108.18 in chips) 
Seat 6: KeR888 ($100 in chips) 
ru_ruu_ru: posts small blind $0.50
vezis3: posts big blind $1
*** HOLE CARDS ***
fossil500: raises $1 to $2
theredpokers: folds 
KeR888: folds 
joaquin612: folds 
ru_ruu_ru: folds 
vezis3: raises $10 to $12
fossil500: folds 
Uncalled bet ($10) returned to vezis3
vezis3 collected $4.50 from pot
vezis3: doesn't show hand 
*** SUMMARY ***
Total pot $4.50 | Rake $0 
Seat 1: joaquin612 (button) folded before Flop (didn't bet)
Seat 2: ru_ruu_ru (small blind) folded before Flop
Seat 3: vezis3 (big blind) collected ($4.50)
Seat 4: fossil500 folded before Flop
Seat 5: theredpokers folded before Flop (didn't bet)
Seat 6: KeR888 folded before Flop (didn't bet)



PokerStars Hand #254745492083:  Hold'em No Limit ($0.50/$1.00 USD) - 2025/02/06 3:47:56 WET [2025/02/06 22:47:56 ET]
Table 'Ella II' 6-max Seat #2 is the button
Seat 1: joaquin612 ($163.61 in chips) 
Seat 2: ru_ruu_ru ($101.50 in chips) 
Seat 3: vezis3 ($225.60 in chips) 
Seat 4: fossil500 ($112.27 in chips) 
Seat 5: theredpokers ($108.18 in chips) 
Seat 6: KeR888 ($100 in chips) 
vezis3: posts small blind $0.50
fossil500: posts big blind $1
*** HOLE CARDS ***
theredpokers: raises $1.50 to $2.50
KeR888: folds 
joaquin612: folds 
ru_ruu_ru: folds 
vezis3: folds 
fossil500: folds 
Uncalled bet ($1.50) returned to theredpokers
theredpokers collected $2.50 from pot
theredpokers: doesn't show hand 
*** SUMMARY ***
Total pot $2.50 | Rake $0 
Seat 1: joaquin612 folded before Flop (didn't bet)
Seat 2: ru_ruu_ru (button) folded before Flop (didn't bet)
Seat 3: vezis3 (small blind) folded before Flop
Seat 4: fossil500 (big blind) folded before Flop
Seat 5: theredpokers collected ($2.50)
Seat 6: KeR888 folded before Flop (didn't bet)



PokerStars Hand #254745495067:  Hold'em No Limit ($0.50/$1.00 USD) - 2025/02/06 3:48:23 WET [2025/02/06 22:48:23 ET]
Table 'Ella II' 6-max Seat #3 is the button
Seat 1: joaquin612 ($163.61 in chips) 
Seat 2: ru_ruu_ru ($101.50 in chips) 
Seat 3: vezis3 ($225.10 in chips) 
Seat 4: fossil500 ($111.27 in chips) 
Seat 5: theredpokers ($109.68 in chips) 
Seat 6: KeR888 ($100 in chips) 
fossil500: posts small blind $0.50
theredpokers: posts big blind $1
*** HOLE CARDS ***
KeR888: folds 
joaquin612: folds 
ru_ruu_ru: folds 
vezis3: folds 
fossil500: raises $2 to $3
theredpokers: calls $2
*** FLOP *** [Jc Qd 4h]
fossil500: bets $2.28
theredpokers: calls $2.28
*** TURN *** [Jc Qd 4h] [3c]
fossil500: bets $5.01
theredpokers: calls $5.01
*** RIVER *** [Jc Qd 4h 3c] [8c]
fossil500: checks 
theredpokers: checks 
*** SHOW DOWN ***
fossil500: shows [Ks Jd] (a pair of Jacks)
theredpokers: mucks hand 
fossil500 collected $19.55 from pot
*** SUMMARY ***
Total pot $20.58 | Rake $1.03 
Board [Jc Qd 4h 3c 8c]
Seat 1: joaquin612 folded before Flop (didn't bet)
Seat 2: ru_ruu_ru folded before Flop (didn't bet)
Seat 3: vezis3 (button) folded before Flop (didn't bet)
Seat 4: fossil500 (small blind) showed [Ks Jd] and won ($19.55) with a pair of Jacks
Seat 5: theredpokers (big blind) mucked
Seat 6: KeR888 folded before Flop (didn't bet)



PokerStars Hand #254745500904:  Hold'em No Limit ($0.50/$1.00 USD) - 2025/02/06 3:49:14 WET [2025/02/06 22:49:14 ET]
Table 'Ella II' 6-max Seat #4 is the button
Seat 1: joaquin612 ($163.61 in chips) 
Seat 2: ru_ruu_ru ($101.50 in chips) 
Seat 3: vezis3 ($225.10 in chips) 
Seat 4: fossil500 ($120.53 in chips) 
Seat 5: theredpokers ($99.39 in chips) 
Seat 6: KeR888 ($100 in chips) 
theredpokers: posts small blind $0.50
KeR888: posts big blind $1
*** HOLE CARDS ***
joaquin612: folds 
ru_ruu_ru: folds 
vezis3: folds 
joaquin612 leaves the table
fossil500: folds 
theredpokers: calls $0.50
KeR888: checks 
*** FLOP *** [3c Ac Th]
theredpokers: bets $1
KeR888: calls $1
*** TURN *** [3c Ac Th] [Kc]
theredpokers: bets $1
KeR888: folds 
Uncalled bet ($1) returned to theredpokers
theredpokers collected $3.80 from pot
theredpokers: doesn't show hand 
*** SUMMARY ***
Total pot $4 | Rake $0.20 
Board [3c Ac Th Kc]
Seat 1: joaquin612 folded before Flop (didn't bet)
Seat 2: ru_ruu_ru folded before Flop (didn't bet)
Seat 3: vezis3 folded before Flop (didn't bet)
Seat 4: fossil500 (button) folded before Flop (didn't bet)
Seat 5: theredpokers (small blind) collected ($3.80)
Seat 6: KeR888 (big blind) folded on the Turn



PokerStars Hand #254745503464:  Hold'em No Limit ($0.50/$1.00 USD) - 2025/02/06 3:49:36 WET [2025/02/06 22:49:36 ET]
Table 'Ella II' 6-max Seat #5 is the button
Seat 2: ru_ruu_ru ($101.50 in chips) 
Seat 3: vezis3 ($225.10 in chips) 
Seat 4: fossil500 ($120.53 in chips) 
Seat 5: theredpokers ($101.19 in chips) 
Seat 6: KeR888 ($100 in chips) 
KeR888: posts small blind $0.50
ru_ruu_ru: posts big blind $1
*** HOLE CARDS ***
vezis3: folds 
fossil500: raises $1.50 to $2.50
theredpokers: folds 
KeR888: folds 
ru_ruu_ru: folds 
Uncalled bet ($1.50) returned to fossil500
fossil500 collected $2.50 from pot
fossil500: doesn't show hand 
*** SUMMARY ***
Total pot $2.50 | Rake $0 
Seat 2: ru_ruu_ru (big blind) folded before Flop
Seat 3: vezis3 folded before Flop (didn't bet)
Seat 4: fossil500 collected ($2.50)
Seat 5: theredpokers (button) folded before Flop (didn't bet)
Seat 6: KeR888 (small blind) folded before Flop



PokerStars Hand #254745504952:  Hold'em No Limit ($0.50/$1.00 USD) - 2025/02/06 3:49:50 WET [2025/02/06 22:49:50 ET]
Table 'Ella II' 6-max Seat #6 is the button
Seat 2: ru_ruu_ru ($100.50 in chips) 
Seat 3: vezis3 ($225.10 in chips) 
Seat 4: fossil500 ($122.03 in chips) 
Seat 5: theredpokers ($101.19 in chips) 
Seat 6: KeR888 ($100 in chips) 
ru_ruu_ru: posts small blind $0.50
vezis3: posts big blind $1
*** HOLE CARDS ***
fossil500: folds 
theredpokers: raises $1.50 to $2.50
KeR888: folds 
ru_ruu_ru: folds 
vezis3: folds 
Uncalled bet ($1.50) returned to theredpokers
theredpokers collected $2.50 from pot
theredpokers: doesn't show hand 
*** SUMMARY ***
Total pot $2.50 | Rake $0 
Seat 2: ru_ruu_ru (small blind) folded before Flop
Seat 3: vezis3 (big blind) folded before Flop
Seat 4: fossil500 folded before Flop (didn't bet)
Seat 5: theredpokers collected ($2.50)
Seat 6: KeR888 (button) folded before Flop (didn't bet)



