PokerStars Hand #254730628476:  Hold'em No Limit ($0.50/$1.00 USD) - 2025/02/06 6:53:04 WET [2025/02/06 1:53:04 ET]
Table 'Sichuan' 6-max Seat #6 is the button
Seat 1: Timonessb ($206.76 in chips) 
Seat 2: Edi131313 ($78.21 in chips) 
Seat 3: nickreason17 ($101.50 in chips) 
Seat 4: Supermegopro ($109.52 in chips) 
Seat 5: fish my nuts ($100 in chips) 
Seat 6: Slami4 ($175.29 in chips) 
Timonessb: posts small blind $0.50
Edi131313: posts big blind $1
*** HOLE CARDS ***
nickreason17: folds 
Supermegopro: folds 
fish my nuts: folds 
Slami4: raises $1.50 to $2.50
Timonessb: folds 
Edi131313: calls $1.50
*** FLOP *** [9d 2s 5s]
Edi131313: checks 
Slami4: bets $1.72
Edi131313: folds 
Uncalled bet ($1.72) returned to Slami4
Slami4 collected $5.22 from pot
Slami4: doesn't show hand 
*** SUMMARY ***
Total pot $5.50 | Rake $0.28 
Board [9d 2s 5s]
Seat 1: Timonessb (small blind) folded before Flop
Seat 2: Edi131313 (big blind) folded on the Flop
Seat 3: nickreason17 folded before Flop (didn't bet)
Seat 4: Supermegopro folded before Flop (didn't bet)
Seat 5: fish my nuts folded before Flop (didn't bet)
Seat 6: Slami4 (button) collected ($5.22)



PokerStars Hand #254730630056:  Hold'em No Limit ($0.50/$1.00 USD) - 2025/02/06 6:53:27 WET [2025/02/06 1:53:27 ET]
Table 'Sichuan' 6-max Seat #1 is the button
Seat 1: Timonessb ($206.26 in chips) 
Seat 2: Edi131313 ($75.71 in chips) 
Seat 3: nickreason17 ($101.50 in chips) 
Seat 4: Supermegopro ($109.52 in chips) 
Seat 5: fish my nuts ($100 in chips) 
Seat 6: Slami4 ($178.01 in chips) 
Edi131313: posts small blind $0.50
nickreason17: posts big blind $1
*** HOLE CARDS ***
Supermegopro: folds 
fish my nuts: folds 
Slami4: folds 
Timonessb: folds 
Edi131313: folds 
Uncalled bet ($0.50) returned to nickreason17
nickreason17 collected $1 from pot
nickreason17: doesn't show hand 
*** SUMMARY ***
Total pot $1 | Rake $0 
Seat 1: Timonessb (button) folded before Flop (didn't bet)
Seat 2: Edi131313 (small blind) folded before Flop
Seat 3: nickreason17 (big blind) collected ($1)
Seat 4: Supermegopro folded before Flop (didn't bet)
Seat 5: fish my nuts folded before Flop (didn't bet)
Seat 6: Slami4 folded before Flop (didn't bet)



PokerStars Hand #254730630833:  Hold'em No Limit ($0.50/$1.00 USD) - 2025/02/06 6:53:37 WET [2025/02/06 1:53:37 ET]
Table 'Sichuan' 6-max Seat #2 is the button
Seat 1: Timonessb ($206.26 in chips) 
Seat 2: Edi131313 ($75.21 in chips) 
Seat 3: nickreason17 ($102 in chips) 
Seat 4: Supermegopro ($109.52 in chips) 
Seat 5: fish my nuts ($100 in chips) 
Seat 6: Slami4 ($178.01 in chips) 
nickreason17: posts small blind $0.50
Supermegopro: posts big blind $1
*** HOLE CARDS ***
fish my nuts: folds 
Slami4: folds 
Timonessb: raises $1.30 to $2.30
Edi131313: folds 
nickreason17: folds 
Supermegopro: raises $9.70 to $12
Timonessb: folds 
Uncalled bet ($9.70) returned to Supermegopro
Supermegopro collected $5.10 from pot
Supermegopro: doesn't show hand 
*** SUMMARY ***
Total pot $5.10 | Rake $0 
Seat 1: Timonessb folded before Flop
Seat 2: Edi131313 (button) folded before Flop (didn't bet)
Seat 3: nickreason17 (small blind) folded before Flop
Seat 4: Supermegopro (big blind) collected ($5.10)
Seat 5: fish my nuts folded before Flop (didn't bet)
Seat 6: Slami4 folded before Flop (didn't bet)



PokerStars Hand #254730632430:  Hold'em No Limit ($0.50/$1.00 USD) - 2025/02/06 6:54:00 WET [2025/02/06 1:54:00 ET]
Table 'Sichuan' 6-max Seat #3 is the button
Seat 1: Timonessb ($203.96 in chips) 
Seat 2: Edi131313 ($75.21 in chips) 
Seat 3: nickreason17 ($101.50 in chips) 
Seat 4: Supermegopro ($112.32 in chips) 
Seat 5: fish my nuts ($100 in chips) 
Seat 6: Slami4 ($178.01 in chips) 
Supermegopro: posts small blind $0.50
fish my nuts: posts big blind $1
*** HOLE CARDS ***
Slami4: folds 
Timonessb: folds 
Edi131313: folds 
nickreason17: folds 
Supermegopro: raises $2 to $3
fish my nuts: folds 
Uncalled bet ($2) returned to Supermegopro
Supermegopro collected $2 from pot
Supermegopro: doesn't show hand 
*** SUMMARY ***
Total pot $2 | Rake $0 
Seat 1: Timonessb folded before Flop (didn't bet)
Seat 2: Edi131313 folded before Flop (didn't bet)
Seat 3: nickreason17 (button) folded before Flop (didn't bet)
Seat 4: Supermegopro (small blind) collected ($2)
Seat 5: fish my nuts (big blind) folded before Flop
Seat 6: Slami4 folded before Flop (didn't bet)



PokerStars Hand #254730633978:  Hold'em No Limit ($0.50/$1.00 USD) - 2025/02/06 6:54:23 WET [2025/02/06 1:54:23 ET]
Table 'Sichuan' 6-max Seat #4 is the button
Seat 1: Timonessb ($203.96 in chips) 
Seat 2: Edi131313 ($75.21 in chips) 
Seat 3: nickreason17 ($101.50 in chips) 
Seat 4: Supermegopro ($113.32 in chips) 
Seat 5: fish my nuts ($100 in chips) 
Seat 6: Slami4 ($178.01 in chips) 
fish my nuts: posts small blind $0.50
Slami4: posts big blind $1
*** HOLE CARDS ***
Timonessb: folds 
Edi131313: raises $1 to $2
nickreason17: folds 
Supermegopro: folds 
fish my nuts: folds 
Slami4: calls $1
*** FLOP *** [Kd Qh Ah]
Slami4: checks 
Edi131313: checks 
*** TURN *** [Kd Qh Ah] [5s]
Slami4: checks 
Edi131313: bets $2.14
Slami4: calls $2.14
*** RIVER *** [Kd Qh Ah 5s] [4c]
Slami4: checks 
Edi131313: bets $2
Slami4: calls $2
*** SHOW DOWN ***
Edi131313: shows [As 5h] (two pair, Aces and Fives)
Slami4: mucks hand 
Edi131313 collected $12.14 from pot
*** SUMMARY ***
Total pot $12.78 | Rake $0.64 
Board [Kd Qh Ah 5s 4c]
Seat 1: Timonessb folded before Flop (didn't bet)
Seat 2: Edi131313 showed [As 5h] and won ($12.14) with two pair, Aces and Fives
Seat 3: nickreason17 folded before Flop (didn't bet)
Seat 4: Supermegopro (button) folded before Flop (didn't bet)
Seat 5: fish my nuts (small blind) folded before Flop
Seat 6: Slami4 (big blind) mucked



PokerStars Hand #254730637493:  Hold'em No Limit ($0.50/$1.00 USD) - 2025/02/06 6:55:13 WET [2025/02/06 1:55:13 ET]
Table 'Sichuan' 6-max Seat #5 is the button
Seat 1: Timonessb ($203.96 in chips) 
Seat 2: Edi131313 ($81.21 in chips) 
Seat 3: nickreason17 ($101.50 in chips) 
Seat 4: Supermegopro ($113.32 in chips) 
Seat 5: fish my nuts ($100 in chips) 
Seat 6: Slami4 ($171.87 in chips) 
Slami4: posts small blind $0.50
Timonessb: posts big blind $1
*** HOLE CARDS ***
Edi131313: folds 
nickreason17: folds 
Supermegopro: raises $1.50 to $2.50
fish my nuts: folds 
Slami4: folds 
Timonessb: raises $9.50 to $12
Supermegopro: calls $9.50
*** FLOP *** [8h 5d 2d]
Timonessb: bets $17.10
Supermegopro: calls $17.10
*** TURN *** [8h 5d 2d] [7d]
Timonessb: bets $174.86 and is all-in
Supermegopro: calls $84.22 and is all-in
Uncalled bet ($90.64) returned to Timonessb
*** RIVER *** [8h 5d 2d 7d] [2s]
*** SHOW DOWN ***
Timonessb: shows [Ks Kc] (two pair, Kings and Deuces)
Supermegopro: shows [8s 8d] (a full house, Eights full of Deuces)
Supermegopro cashed out the hand for $215.14 | Cash Out Fee $4.39
*** SUMMARY ***
Total pot $227.14 | Rake $2.50 
Board [8h 5d 2d 7d 2s]
Seat 1: Timonessb (big blind) showed [Ks Kc] and lost with two pair, Kings and Deuces
Seat 2: Edi131313 folded before Flop (didn't bet)
Seat 3: nickreason17 folded before Flop (didn't bet)
Seat 4: Supermegopro showed [8s 8d] and won ($224.64) with a full house, Eights full of Deuces (pot not awarded as player cashed out)
Seat 5: fish my nuts (button) folded before Flop (didn't bet)
Seat 6: Slami4 (small blind) folded before Flop



PokerStars Hand #254730639645:  Hold'em No Limit ($0.50/$1.00 USD) - 2025/02/06 6:55:50 WET [2025/02/06 1:55:50 ET]
Table 'Sichuan' 6-max Seat #6 is the button
Seat 1: Timonessb ($100 in chips) 
Seat 2: Edi131313 ($81.21 in chips) 
Seat 3: nickreason17 ($101.50 in chips) 
Seat 4: Supermegopro ($215.14 in chips) 
Seat 5: fish my nuts ($100 in chips) 
Seat 6: Slami4 ($171.37 in chips) 
Timonessb: posts small blind $0.50
Edi131313: posts big blind $1
*** HOLE CARDS ***
nickreason17: folds 
Supermegopro: folds 
fish my nuts: folds 
Slami4: folds 
Timonessb: raises $2 to $3
Edi131313: calls $2
*** FLOP *** [6h 4s 3s]
Timonessb: bets $4.32
Edi131313: folds 
Uncalled bet ($4.32) returned to Timonessb
Timonessb collected $5.70 from pot
*** SUMMARY ***
Total pot $6 | Rake $0.30 
Board [6h 4s 3s]
Seat 1: Timonessb (small blind) collected ($5.70)
Seat 2: Edi131313 (big blind) folded on the Flop
Seat 3: nickreason17 folded before Flop (didn't bet)
Seat 4: Supermegopro folded before Flop (didn't bet)
Seat 5: fish my nuts folded before Flop (didn't bet)
Seat 6: Slami4 (button) folded before Flop (didn't bet)



PokerStars Hand #254730641486:  Hold'em No Limit ($0.50/$1.00 USD) - 2025/02/06 6:56:21 WET [2025/02/06 1:56:21 ET]
Table 'Sichuan' 6-max Seat #1 is the button
Seat 1: Timonessb ($102.70 in chips) 
Seat 2: Edi131313 ($78.21 in chips) 
Seat 3: nickreason17 ($101.50 in chips) 
Seat 4: Supermegopro ($215.14 in chips) 
Seat 5: fish my nuts ($100 in chips) 
Seat 6: Slami4 ($171.37 in chips) 
Edi131313: posts small blind $0.50
nickreason17: posts big blind $1
*** HOLE CARDS ***
Supermegopro: folds 
fish my nuts: folds 
Slami4: folds 
Timonessb: raises $1.50 to $2.50
Edi131313: calls $2
nickreason17: calls $1.50
*** FLOP *** [8s 2s Th]
Edi131313: checks 
nickreason17: checks 
Timonessb: checks 
*** TURN *** [8s 2s Th] [6c]
Edi131313: bets $1
nickreason17: calls $1
Timonessb: calls $1
*** RIVER *** [8s 2s Th 6c] [Ad]
Edi131313: checks 
nickreason17: checks 
Timonessb: bets $5.59
Edi131313: folds 
nickreason17: folds 
Uncalled bet ($5.59) returned to Timonessb
Timonessb collected $9.98 from pot
*** SUMMARY ***
Total pot $10.50 | Rake $0.52 
Board [8s 2s Th 6c Ad]
Seat 1: Timonessb (button) collected ($9.98)
Seat 2: Edi131313 (small blind) folded on the River
Seat 3: nickreason17 (big blind) folded on the River
Seat 4: Supermegopro folded before Flop (didn't bet)
Seat 5: fish my nuts folded before Flop (didn't bet)
Seat 6: Slami4 folded before Flop (didn't bet)



PokerStars Hand #254730644055:  Hold'em No Limit ($0.50/$1.00 USD) - 2025/02/06 6:57:05 WET [2025/02/06 1:57:05 ET]
Table 'Sichuan' 6-max Seat #2 is the button
Seat 1: Timonessb ($109.18 in chips) 
Seat 2: Edi131313 ($74.71 in chips) 
Seat 3: nickreason17 ($100 in chips) 
Seat 4: Supermegopro ($215.14 in chips) 
Seat 5: fish my nuts ($100 in chips) 
Seat 6: Slami4 ($171.37 in chips) 
nickreason17: posts small blind $0.50
Supermegopro: posts big blind $1
*** HOLE CARDS ***
fish my nuts: raises $1.30 to $2.30
Slami4: folds 
Timonessb: raises $5.20 to $7.50
Edi131313: folds 
nickreason17: folds 
Supermegopro: folds 
fish my nuts: folds 
Uncalled bet ($5.20) returned to Timonessb
Timonessb collected $6.10 from pot
*** SUMMARY ***
Total pot $6.10 | Rake $0 
Seat 1: Timonessb collected ($6.10)
Seat 2: Edi131313 (button) folded before Flop (didn't bet)
Seat 3: nickreason17 (small blind) folded before Flop
Seat 4: Supermegopro (big blind) folded before Flop
Seat 5: fish my nuts folded before Flop
Seat 6: Slami4 folded before Flop (didn't bet)



PokerStars Hand #254730645611:  Hold'em No Limit ($0.50/$1.00 USD) - 2025/02/06 6:57:31 WET [2025/02/06 1:57:31 ET]
Table 'Sichuan' 6-max Seat #3 is the button
Seat 1: Timonessb ($112.98 in chips) 
Seat 2: Edi131313 ($74.71 in chips) 
Seat 3: nickreason17 ($100 in chips) 
Seat 4: Supermegopro ($214.14 in chips) 
Seat 5: fish my nuts ($100 in chips) 
Seat 6: Slami4 ($171.37 in chips) 
Supermegopro: posts small blind $0.50
fish my nuts: posts big blind $1
*** HOLE CARDS ***
Slami4: folds 
Timonessb: raises $1.30 to $2.30
Edi131313: calls $2.30
nickreason17: folds 
Supermegopro: folds 
fish my nuts: calls $1.30
*** FLOP *** [Jh Qc Kc]
fish my nuts: checks 
Timonessb: bets $3.59
Edi131313: calls $3.59
fish my nuts: calls $3.59
*** TURN *** [Jh Qc Kc] [3d]
fish my nuts: checks 
Timonessb: checks 
Edi131313: checks 
*** RIVER *** [Jh Qc Kc 3d] [5h]
fish my nuts: checks 
Timonessb: bets $5.70
Edi131313: folds 
fish my nuts: calls $5.70
*** SHOW DOWN ***
Timonessb: shows [Ks 7s] (a pair of Kings)
fish my nuts: mucks hand 
Timonessb collected $28.09 from pot
*** SUMMARY ***
Total pot $29.57 | Rake $1.48 
Board [Jh Qc Kc 3d 5h]
Seat 1: Timonessb showed [Ks 7s] and won ($28.09) with a pair of Kings
Seat 2: Edi131313 folded on the River
Seat 3: nickreason17 (button) folded before Flop (didn't bet)
Seat 4: Supermegopro (small blind) folded before Flop
Seat 5: fish my nuts (big blind) mucked
Seat 6: Slami4 folded before Flop (didn't bet)



PokerStars Hand #254730648180:  Hold'em No Limit ($0.50/$1.00 USD) - 2025/02/06 6:58:14 WET [2025/02/06 1:58:14 ET]
Table 'Sichuan' 6-max Seat #4 is the button
Seat 1: Timonessb ($129.48 in chips) 
Seat 2: Edi131313 ($68.82 in chips) 
Seat 3: nickreason17 ($100 in chips) 
Seat 4: Supermegopro ($213.64 in chips) 
Seat 5: fish my nuts ($100 in chips) 
Seat 6: Slami4 ($171.37 in chips) 
fish my nuts: posts small blind $0.50
Slami4: posts big blind $1
*** HOLE CARDS ***
Timonessb: folds 
Edi131313: folds 
nickreason17: folds 
Supermegopro: raises $1.50 to $2.50
fish my nuts: folds 
Slami4: folds 
Uncalled bet ($1.50) returned to Supermegopro
Supermegopro collected $2.50 from pot
Supermegopro: doesn't show hand 
*** SUMMARY ***
Total pot $2.50 | Rake $0 
Seat 1: Timonessb folded before Flop (didn't bet)
Seat 2: Edi131313 folded before Flop (didn't bet)
Seat 3: nickreason17 folded before Flop (didn't bet)
Seat 4: Supermegopro (button) collected ($2.50)
Seat 5: fish my nuts (small blind) folded before Flop
Seat 6: Slami4 (big blind) folded before Flop



PokerStars Hand #254730648972:  Hold'em No Limit ($0.50/$1.00 USD) - 2025/02/06 6:58:26 WET [2025/02/06 1:58:26 ET]
Table 'Sichuan' 6-max Seat #5 is the button
Seat 1: Timonessb ($129.48 in chips) 
Seat 2: Edi131313 ($68.82 in chips) 
Seat 3: nickreason17 ($100 in chips) 
Seat 4: Supermegopro ($215.14 in chips) 
Seat 5: fish my nuts ($100 in chips) 
Seat 6: Slami4 ($170.37 in chips) 
Slami4: posts small blind $0.50
Timonessb: posts big blind $1
*** HOLE CARDS ***
Edi131313: folds 
nickreason17: folds 
Supermegopro: folds 
fish my nuts: raises $1.30 to $2.30
Slami4: folds 
Timonessb: calls $1.30
*** FLOP *** [4h 9s 4d]
Timonessb: checks 
fish my nuts: checks 
*** TURN *** [4h 9s 4d] [Tc]
Timonessb: bets $4.79
fish my nuts: calls $4.79
*** RIVER *** [4h 9s 4d Tc] [3c]
Timonessb: bets $13.81
fish my nuts: folds 
Uncalled bet ($13.81) returned to Timonessb
Timonessb collected $13.95 from pot
Timonessb: doesn't show hand 
*** SUMMARY ***
Total pot $14.68 | Rake $0.73 
Board [4h 9s 4d Tc 3c]
Seat 1: Timonessb (big blind) collected ($13.95)
Seat 2: Edi131313 folded before Flop (didn't bet)
Seat 3: nickreason17 folded before Flop (didn't bet)
Seat 4: Supermegopro folded before Flop (didn't bet)
Seat 5: fish my nuts (button) folded on the River
Seat 6: Slami4 (small blind) folded before Flop



PokerStars Hand #254730650656:  Hold'em No Limit ($0.50/$1.00 USD) - 2025/02/06 6:58:54 WET [2025/02/06 1:58:54 ET]
Table 'Sichuan' 6-max Seat #6 is the button
Seat 1: Timonessb ($136.34 in chips) 
Seat 2: Edi131313 ($68.82 in chips) 
Seat 3: nickreason17 ($100 in chips) 
Seat 4: Supermegopro ($215.14 in chips) 
Seat 5: fish my nuts ($100 in chips) 
Seat 6: Slami4 ($169.87 in chips) 
Timonessb: posts small blind $0.50
Edi131313: posts big blind $1
*** HOLE CARDS ***
nickreason17: folds 
Supermegopro: folds 
fish my nuts: raises $1.30 to $2.30
Slami4: folds 
Timonessb: calls $1.80
Edi131313: calls $1.30
*** FLOP *** [3s 6c 2d]
Timonessb: checks 
Edi131313: checks 
fish my nuts: checks 
*** TURN *** [3s 6c 2d] [Jd]
Timonessb: checks 
Edi131313: checks 
fish my nuts: checks 
*** RIVER *** [3s 6c 2d Jd] [4c]
Timonessb: checks 
Edi131313: checks 
fish my nuts: checks 
*** SHOW DOWN ***
Timonessb: shows [Td As] (high card Ace)
Edi131313: mucks hand 
fish my nuts: mucks hand 
Timonessb collected $6.56 from pot
*** SUMMARY ***
Total pot $6.90 | Rake $0.34 
Board [3s 6c 2d Jd 4c]
Seat 1: Timonessb (small blind) showed [Td As] and won ($6.56) with high card Ace
Seat 2: Edi131313 (big blind) mucked
Seat 3: nickreason17 folded before Flop (didn't bet)
Seat 4: Supermegopro folded before Flop (didn't bet)
Seat 5: fish my nuts mucked
Seat 6: Slami4 (button) folded before Flop (didn't bet)



PokerStars Hand #254730652574:  Hold'em No Limit ($0.50/$1.00 USD) - 2025/02/06 6:59:27 WET [2025/02/06 1:59:27 ET]
Table 'Sichuan' 6-max Seat #1 is the button
Seat 1: Timonessb ($140.60 in chips) 
Seat 2: Edi131313 ($66.52 in chips) 
Seat 3: nickreason17 ($100 in chips) 
Seat 4: Supermegopro ($215.14 in chips) 
Seat 5: fish my nuts ($100 in chips) 
Seat 6: Slami4 ($169.87 in chips) 
Edi131313: posts small blind $0.50
nickreason17: posts big blind $1
*** HOLE CARDS ***
Supermegopro: folds 
fish my nuts: raises $1.30 to $2.30
Slami4: folds 
Timonessb: folds 
Edi131313: folds 
nickreason17: folds 
Uncalled bet ($1.30) returned to fish my nuts
fish my nuts collected $2.50 from pot
fish my nuts: doesn't show hand 
*** SUMMARY ***
Total pot $2.50 | Rake $0 
Seat 1: Timonessb (button) folded before Flop (didn't bet)
Seat 2: Edi131313 (small blind) folded before Flop
Seat 3: nickreason17 (big blind) folded before Flop
Seat 4: Supermegopro folded before Flop (didn't bet)
Seat 5: fish my nuts collected ($2.50)
Seat 6: Slami4 folded before Flop (didn't bet)



PokerStars Hand #254730653179:  Hold'em No Limit ($0.50/$1.00 USD) - 2025/02/06 6:59:37 WET [2025/02/06 1:59:37 ET]
Table 'Sichuan' 6-max Seat #2 is the button
Seat 1: Timonessb ($140.60 in chips) 
Seat 2: Edi131313 ($66.02 in chips) 
Seat 3: nickreason17 ($100 in chips) 
Seat 4: Supermegopro ($215.14 in chips) 
Seat 5: fish my nuts ($101.50 in chips) 
Seat 6: Slami4 ($169.87 in chips) 
nickreason17: posts small blind $0.50
Supermegopro: posts big blind $1
*** HOLE CARDS ***
fish my nuts: raises $1.30 to $2.30
Slami4: folds 
Timonessb: folds 
Edi131313: folds 
nickreason17: folds 
Supermegopro: calls $1.30
*** FLOP *** [6h Ah 3s]
Supermegopro: checks 
fish my nuts: checks 
*** TURN *** [6h Ah 3s] [8h]
Supermegopro: bets $1.60
fish my nuts: folds 
Uncalled bet ($1.60) returned to Supermegopro
Supermegopro collected $4.84 from pot
Supermegopro: doesn't show hand 
*** SUMMARY ***
Total pot $5.10 | Rake $0.26 
Board [6h Ah 3s 8h]
Seat 1: Timonessb folded before Flop (didn't bet)
Seat 2: Edi131313 (button) folded before Flop (didn't bet)
Seat 3: nickreason17 (small blind) folded before Flop
Seat 4: Supermegopro (big blind) collected ($4.84)
Seat 5: fish my nuts folded on the Turn
Seat 6: Slami4 folded before Flop (didn't bet)



PokerStars Hand #254730654783:  Hold'em No Limit ($0.50/$1.00 USD) - 2025/02/06 7:00:04 WET [2025/02/06 2:00:04 ET]
Table 'Sichuan' 6-max Seat #3 is the button
Seat 1: Timonessb ($140.60 in chips) 
Seat 2: Edi131313 ($66.02 in chips) 
Seat 3: nickreason17 ($100 in chips) 
Seat 4: Supermegopro ($217.68 in chips) 
Seat 5: fish my nuts ($100 in chips) 
Seat 6: Slami4 ($169.87 in chips) 
Supermegopro: posts small blind $0.50
fish my nuts: posts big blind $1
*** HOLE CARDS ***
Slami4: folds 
Timonessb: folds 
Edi131313: raises $1 to $2
nickreason17: raises $5 to $7
Supermegopro: folds 
fish my nuts: folds 
Edi131313: raises $15.50 to $22.50
nickreason17: raises $77.50 to $100 and is all-in
Edi131313: calls $43.52 and is all-in
Uncalled bet ($33.98) returned to nickreason17
*** FLOP *** [Qh Qd Kc]
*** TURN *** [Qh Qd Kc] [4s]
*** RIVER *** [Qh Qd Kc 4s] [5c]
*** SHOW DOWN ***
Edi131313: shows [Kh Ac] (two pair, Kings and Queens)
nickreason17: shows [Ad Kd] (two pair, Kings and Queens)
Edi131313 collected $65.52 from pot
nickreason17 collected $65.52 from pot
*** SUMMARY ***
Total pot $133.54 | Rake $2.50 
Board [Qh Qd Kc 4s 5c]
Seat 1: Timonessb folded before Flop (didn't bet)
Seat 2: Edi131313 showed [Kh Ac] and won ($65.52) with two pair, Kings and Queens
Seat 3: nickreason17 (button) showed [Ad Kd] and won ($65.52) with two pair, Kings and Queens
Seat 4: Supermegopro (small blind) folded before Flop
Seat 5: fish my nuts (big blind) folded before Flop
Seat 6: Slami4 folded before Flop (didn't bet)



PokerStars Hand #254730657140:  Hold'em No Limit ($0.50/$1.00 USD) - 2025/02/06 7:00:43 WET [2025/02/06 2:00:43 ET]
Table 'Sichuan' 6-max Seat #4 is the button
Seat 1: Timonessb ($140.60 in chips) 
Seat 2: Edi131313 ($65.52 in chips) 
Seat 3: nickreason17 ($100 in chips) 
Seat 4: Supermegopro ($217.18 in chips) 
Seat 5: fish my nuts ($100 in chips) 
Seat 6: Slami4 ($169.87 in chips) 
fish my nuts: posts small blind $0.50
Slami4: posts big blind $1
*** HOLE CARDS ***
Timonessb: folds 
Edi131313: folds 
nickreason17: folds 
Supermegopro: folds 
fish my nuts: folds 
Uncalled bet ($0.50) returned to Slami4
Slami4 collected $1 from pot
Slami4: doesn't show hand 
*** SUMMARY ***
Total pot $1 | Rake $0 
Seat 1: Timonessb folded before Flop (didn't bet)
Seat 2: Edi131313 folded before Flop (didn't bet)
Seat 3: nickreason17 folded before Flop (didn't bet)
Seat 4: Supermegopro (button) folded before Flop (didn't bet)
Seat 5: fish my nuts (small blind) folded before Flop
Seat 6: Slami4 (big blind) collected ($1)



PokerStars Hand #254730658077:  Hold'em No Limit ($0.50/$1.00 USD) - 2025/02/06 7:00:56 WET [2025/02/06 2:00:56 ET]
Table 'Sichuan' 6-max Seat #5 is the button
Seat 1: Timonessb ($140.60 in chips) 
Seat 2: Edi131313 ($65.52 in chips) 
Seat 3: nickreason17 ($100 in chips) 
Seat 4: Supermegopro ($217.18 in chips) 
Seat 5: fish my nuts ($100 in chips) 
Seat 6: Slami4 ($170.37 in chips) 
Slami4: posts small blind $0.50
Timonessb: posts big blind $1
*** HOLE CARDS ***
Edi131313: folds 
nickreason17: folds 
Supermegopro: folds 
fish my nuts: folds 
Slami4: raises $2 to $3
Timonessb: folds 
Uncalled bet ($2) returned to Slami4
Slami4 collected $2 from pot
Slami4: doesn't show hand 
*** SUMMARY ***
Total pot $2 | Rake $0 
Seat 1: Timonessb (big blind) folded before Flop
Seat 2: Edi131313 folded before Flop (didn't bet)
Seat 3: nickreason17 folded before Flop (didn't bet)
Seat 4: Supermegopro folded before Flop (didn't bet)
Seat 5: fish my nuts (button) folded before Flop (didn't bet)
Seat 6: Slami4 (small blind) collected ($2)



PokerStars Hand #254730659311:  Hold'em No Limit ($0.50/$1.00 USD) - 2025/02/06 7:01:15 WET [2025/02/06 2:01:15 ET]
Table 'Sichuan' 6-max Seat #6 is the button
Seat 1: Timonessb ($139.60 in chips) 
Seat 2: Edi131313 ($65.52 in chips) 
Seat 3: nickreason17 ($100 in chips) 
Seat 4: Supermegopro ($217.18 in chips) 
Seat 5: fish my nuts ($100 in chips) 
Seat 6: Slami4 ($171.37 in chips) 
Timonessb: posts small blind $0.50
Edi131313: posts big blind $1
*** HOLE CARDS ***
nickreason17: folds 
Supermegopro: folds 
fish my nuts: folds 
Slami4: folds 
Timonessb: folds 
Uncalled bet ($0.50) returned to Edi131313
Edi131313 collected $1 from pot
Edi131313: doesn't show hand 
*** SUMMARY ***
Total pot $1 | Rake $0 
Seat 1: Timonessb (small blind) folded before Flop
Seat 2: Edi131313 (big blind) collected ($1)
Seat 3: nickreason17 folded before Flop (didn't bet)
Seat 4: Supermegopro folded before Flop (didn't bet)
Seat 5: fish my nuts folded before Flop (didn't bet)
Seat 6: Slami4 (button) folded before Flop (didn't bet)



PokerStars Hand #254730659843:  Hold'em No Limit ($0.50/$1.00 USD) - 2025/02/06 7:01:23 WET [2025/02/06 2:01:23 ET]
Table 'Sichuan' 6-max Seat #1 is the button
Seat 1: Timonessb ($139.10 in chips) 
Seat 2: Edi131313 ($66.02 in chips) 
Seat 3: nickreason17 ($100 in chips) 
Seat 4: Supermegopro ($217.18 in chips) 
Seat 5: fish my nuts ($100 in chips) 
Seat 6: Slami4 ($171.37 in chips) 
Edi131313: posts small blind $0.50
nickreason17: posts big blind $1
*** HOLE CARDS ***
Supermegopro: folds 
fish my nuts: raises $1.30 to $2.30
Slami4: folds 
Timonessb: calls $2.30
Edi131313: folds 
nickreason17: folds 
*** FLOP *** [Ts 6s 2d]
fish my nuts: checks 
Timonessb: bets $1.91
fish my nuts: folds 
Uncalled bet ($1.91) returned to Timonessb
Timonessb collected $5.80 from pot
Timonessb: doesn't show hand 
*** SUMMARY ***
Total pot $6.10 | Rake $0.30 
Board [Ts 6s 2d]
Seat 1: Timonessb (button) collected ($5.80)
Seat 2: Edi131313 (small blind) folded before Flop
Seat 3: nickreason17 (big blind) folded before Flop
Seat 4: Supermegopro folded before Flop (didn't bet)
Seat 5: fish my nuts folded on the Flop
Seat 6: Slami4 folded before Flop (didn't bet)



PokerStars Hand #254730661617:  Hold'em No Limit ($0.50/$1.00 USD) - 2025/02/06 7:01:48 WET [2025/02/06 2:01:48 ET]
Table 'Sichuan' 6-max Seat #2 is the button
Seat 1: Timonessb ($142.60 in chips) 
Seat 2: Edi131313 ($65.52 in chips) 
Seat 3: nickreason17 ($100 in chips) 
Seat 4: Supermegopro ($217.18 in chips) 
Seat 5: fish my nuts ($100 in chips) 
Seat 6: Slami4 ($171.37 in chips) 
nickreason17: posts small blind $0.50
Supermegopro: posts big blind $1
*** HOLE CARDS ***
fish my nuts: folds 
Slami4: folds 
Timonessb: folds 
Edi131313: folds 
nickreason17: folds 
Uncalled bet ($0.50) returned to Supermegopro
Supermegopro collected $1 from pot
Supermegopro: doesn't show hand 
*** SUMMARY ***
Total pot $1 | Rake $0 
Seat 1: Timonessb folded before Flop (didn't bet)
Seat 2: Edi131313 (button) folded before Flop (didn't bet)
Seat 3: nickreason17 (small blind) folded before Flop
Seat 4: Supermegopro (big blind) collected ($1)
Seat 5: fish my nuts folded before Flop (didn't bet)
Seat 6: Slami4 folded before Flop (didn't bet)



PokerStars Hand #254730662637:  Hold'em No Limit ($0.50/$1.00 USD) - 2025/02/06 7:02:02 WET [2025/02/06 2:02:02 ET]
Table 'Sichuan' 6-max Seat #3 is the button
Seat 1: Timonessb ($142.60 in chips) 
Seat 2: Edi131313 ($65.52 in chips) 
Seat 3: nickreason17 ($100 in chips) 
Seat 4: Supermegopro ($217.68 in chips) 
Seat 5: fish my nuts ($100 in chips) 
Seat 6: Slami4 ($171.37 in chips) 
Supermegopro: posts small blind $0.50
fish my nuts: posts big blind $1
*** HOLE CARDS ***
Slami4: folds 
Timonessb: folds 
Edi131313: folds 
nickreason17: raises $1.50 to $2.50
Supermegopro: folds 
fish my nuts: folds 
Uncalled bet ($1.50) returned to nickreason17
nickreason17 collected $2.50 from pot
nickreason17: doesn't show hand 
*** SUMMARY ***
Total pot $2.50 | Rake $0 
Seat 1: Timonessb folded before Flop (didn't bet)
Seat 2: Edi131313 folded before Flop (didn't bet)
Seat 3: nickreason17 (button) collected ($2.50)
Seat 4: Supermegopro (small blind) folded before Flop
Seat 5: fish my nuts (big blind) folded before Flop
Seat 6: Slami4 folded before Flop (didn't bet)



PokerStars Hand #254730663967:  Hold'em No Limit ($0.50/$1.00 USD) - 2025/02/06 7:02:21 WET [2025/02/06 2:02:21 ET]
Table 'Sichuan' 6-max Seat #4 is the button
Seat 1: Timonessb ($142.60 in chips) 
Seat 2: Edi131313 ($65.52 in chips) 
Seat 3: nickreason17 ($101.50 in chips) 
Seat 4: Supermegopro ($217.18 in chips) 
Seat 5: fish my nuts ($100 in chips) 
Seat 6: Slami4 ($171.37 in chips) 
fish my nuts: posts small blind $0.50
Slami4: posts big blind $1
*** HOLE CARDS ***
Timonessb: folds 
Edi131313: folds 
nickreason17: folds 
Supermegopro: raises $1.50 to $2.50
fish my nuts: folds 
Slami4: folds 
Uncalled bet ($1.50) returned to Supermegopro
Supermegopro collected $2.50 from pot
Supermegopro: doesn't show hand 
*** SUMMARY ***
Total pot $2.50 | Rake $0 
Seat 1: Timonessb folded before Flop (didn't bet)
Seat 2: Edi131313 folded before Flop (didn't bet)
Seat 3: nickreason17 folded before Flop (didn't bet)
Seat 4: Supermegopro (button) collected ($2.50)
Seat 5: fish my nuts (small blind) folded before Flop
Seat 6: Slami4 (big blind) folded before Flop



PokerStars Hand #254730664938:  Hold'em No Limit ($0.50/$1.00 USD) - 2025/02/06 7:02:35 WET [2025/02/06 2:02:35 ET]
Table 'Sichuan' 6-max Seat #5 is the button
Seat 1: Timonessb ($142.60 in chips) is sitting out
Seat 2: Edi131313 ($65.52 in chips) 
Seat 3: nickreason17 ($101.50 in chips) 
Seat 4: Supermegopro ($218.68 in chips) 
Seat 5: fish my nuts ($100 in chips) 
Seat 6: Slami4 ($170.37 in chips) 
Slami4: posts small blind $0.50
Timonessb: is sitting out 
Edi131313: posts big blind $1
*** HOLE CARDS ***
Timonessb leaves the table
nickreason17: folds 
Supermegopro: folds 
fish my nuts: raises $1.30 to $2.30
Slami4: folds 
Edi131313: folds 
Uncalled bet ($1.30) returned to fish my nuts
fish my nuts collected $2.50 from pot
fish my nuts: doesn't show hand 
*** SUMMARY ***
Total pot $2.50 | Rake $0 
Seat 1: Timonessb
Seat 2: Edi131313 (big blind) folded before Flop
Seat 3: nickreason17 folded before Flop (didn't bet)
Seat 4: Supermegopro folded before Flop (didn't bet)
Seat 5: fish my nuts (button) collected ($2.50)
Seat 6: Slami4 (small blind) folded before Flop



PokerStars Hand #254730665718:  Hold'em No Limit ($0.50/$1.00 USD) - 2025/02/06 7:02:47 WET [2025/02/06 2:02:47 ET]
Table 'Sichuan' 6-max Seat #6 is the button
Seat 2: Edi131313 ($64.52 in chips) 
Seat 3: nickreason17 ($101.50 in chips) 
Seat 4: Supermegopro ($218.68 in chips) 
Seat 5: fish my nuts ($101.50 in chips) 
Seat 6: Slami4 ($169.87 in chips) 
Edi131313: posts small blind $0.50
nickreason17: posts big blind $1
*** HOLE CARDS ***
Supermegopro: folds 
fish my nuts: folds 
Pon4uk.ua joins the table at seat #1 
Slami4: folds 
Edi131313: folds 
Uncalled bet ($0.50) returned to nickreason17
nickreason17 collected $1 from pot
nickreason17: doesn't show hand 
*** SUMMARY ***
Total pot $1 | Rake $0 
Seat 2: Edi131313 (small blind) folded before Flop
Seat 3: nickreason17 (big blind) collected ($1)
Seat 4: Supermegopro folded before Flop (didn't bet)
Seat 5: fish my nuts folded before Flop (didn't bet)
Seat 6: Slami4 (button) folded before Flop (didn't bet)



PokerStars Hand #254730666560:  Hold'em No Limit ($0.50/$1.00 USD) - 2025/02/06 7:02:59 WET [2025/02/06 2:02:59 ET]
Table 'Sichuan' 6-max Seat #2 is the button
Seat 1: Pon4uk.ua ($100 in chips) is sitting out
Seat 2: Edi131313 ($64.02 in chips) 
Seat 3: nickreason17 ($102 in chips) 
Seat 4: Supermegopro ($218.68 in chips) 
Seat 5: fish my nuts ($101.50 in chips) 
Seat 6: Slami4 ($169.87 in chips) 
nickreason17: posts small blind $0.50
Supermegopro: posts big blind $1
Pon4uk.ua: sits out 
*** HOLE CARDS ***
fish my nuts: folds 
Slami4: folds 
Edi131313: folds 
nickreason17: folds 
Uncalled bet ($0.50) returned to Supermegopro
Supermegopro collected $1 from pot
Supermegopro: doesn't show hand 
*** SUMMARY ***
Total pot $1 | Rake $0 
Seat 1: Pon4uk.ua
Seat 2: Edi131313 (button) folded before Flop (didn't bet)
Seat 3: nickreason17 (small blind) folded before Flop
Seat 4: Supermegopro (big blind) collected ($1)
Seat 5: fish my nuts folded before Flop (didn't bet)
Seat 6: Slami4 folded before Flop (didn't bet)



PokerStars Hand #254730667229:  Hold'em No Limit ($0.50/$1.00 USD) - 2025/02/06 7:03:08 WET [2025/02/06 2:03:08 ET]
Table 'Sichuan' 6-max Seat #3 is the button
Seat 1: Pon4uk.ua ($100 in chips) is sitting out
Seat 2: Edi131313 ($64.02 in chips) 
Seat 3: nickreason17 ($101.50 in chips) 
Seat 4: Supermegopro ($219.18 in chips) 
Seat 5: fish my nuts ($101.50 in chips) 
Seat 6: Slami4 ($169.87 in chips) 
Supermegopro: posts small blind $0.50
fish my nuts: posts big blind $1
Pon4uk.ua: sits out 
*** HOLE CARDS ***
Slami4: folds 
Edi131313: raises $1 to $2
nickreason17: folds 
Supermegopro: raises $7 to $9
fish my nuts: folds 
Edi131313: calls $7
*** FLOP *** [Ac 6h 6d]
Supermegopro: bets $5.96
Edi131313: calls $5.96
*** TURN *** [Ac 6h 6d] [5s]
Supermegopro: bets $14.69
Edi131313: raises $14.69 to $29.38
Supermegopro: raises $35.25 to $64.63
Edi131313: calls $19.68 and is all-in
Uncalled bet ($15.57) returned to Supermegopro
*** RIVER *** [Ac 6h 6d 5s] [9h]
*** SHOW DOWN ***
Supermegopro: shows [Qd Ah] (two pair, Aces and Sixes)
Edi131313: shows [7c 6c] (three of a kind, Sixes)
Edi131313 cashed out the hand for $118.36 | Cash Out Fee $2.42
*** SUMMARY ***
Total pot $129.04 | Rake $2.50 
Board [Ac 6h 6d 5s 9h]
Seat 1: Pon4uk.ua
Seat 2: Edi131313 showed [7c 6c] and won ($126.54) with three of a kind, Sixes (pot not awarded as player cashed out)
Seat 3: nickreason17 (button) folded before Flop (didn't bet)
Seat 4: Supermegopro (small blind) showed [Qd Ah] and lost with two pair, Aces and Sixes
Seat 5: fish my nuts (big blind) folded before Flop
Seat 6: Slami4 folded before Flop (didn't bet)



PokerStars Hand #254730670454:  Hold'em No Limit ($0.50/$1.00 USD) - 2025/02/06 7:03:54 WET [2025/02/06 2:03:54 ET]
Table 'Sichuan' 6-max Seat #4 is the button
Seat 1: Pon4uk.ua ($100 in chips) is sitting out
Seat 2: Edi131313 ($118.36 in chips) 
Seat 3: nickreason17 ($101.50 in chips) 
Seat 4: Supermegopro ($155.16 in chips) 
Seat 5: fish my nuts ($100.50 in chips) 
Seat 6: Slami4 ($169.87 in chips) 
fish my nuts: posts small blind $0.50
Slami4: posts big blind $1
Pon4uk.ua: sits out 
*** HOLE CARDS ***
Edi131313: folds 
nickreason17: raises $1.25 to $2.25
Supermegopro: raises $5.25 to $7.50
fish my nuts: folds 
Slami4: folds 
nickreason17: folds 
Uncalled bet ($5.25) returned to Supermegopro
Supermegopro collected $6 from pot
Supermegopro: doesn't show hand 
*** SUMMARY ***
Total pot $6 | Rake $0 
Seat 1: Pon4uk.ua
Seat 2: Edi131313 folded before Flop (didn't bet)
Seat 3: nickreason17 folded before Flop
Seat 4: Supermegopro (button) collected ($6)
Seat 5: fish my nuts (small blind) folded before Flop
Seat 6: Slami4 (big blind) folded before Flop



PokerStars Hand #254730671670:  Hold'em No Limit ($0.50/$1.00 USD) - 2025/02/06 7:04:12 WET [2025/02/06 2:04:12 ET]
Table 'Sichuan' 6-max Seat #5 is the button
Seat 1: Pon4uk.ua ($100 in chips) 
Seat 2: Edi131313 ($118.36 in chips) 
Seat 3: nickreason17 ($100 in chips) 
Seat 4: Supermegopro ($158.91 in chips) 
Seat 5: fish my nuts ($100 in chips) 
Seat 6: Slami4 ($168.87 in chips) 
Slami4: posts small blind $0.50
Pon4uk.ua: posts big blind $1
*** HOLE CARDS ***
Edi131313: folds 
nickreason17: folds 
Supermegopro: folds 
fish my nuts: raises $1.30 to $2.30
Slami4: folds 
Pon4uk.ua: folds 
Uncalled bet ($1.30) returned to fish my nuts
fish my nuts collected $2.50 from pot
fish my nuts: doesn't show hand 
*** SUMMARY ***
Total pot $2.50 | Rake $0 
Seat 1: Pon4uk.ua (big blind) folded before Flop
Seat 2: Edi131313 folded before Flop (didn't bet)
Seat 3: nickreason17 folded before Flop (didn't bet)
Seat 4: Supermegopro folded before Flop (didn't bet)
Seat 5: fish my nuts (button) collected ($2.50)
Seat 6: Slami4 (small blind) folded before Flop



PokerStars Hand #254730672885:  Hold'em No Limit ($0.50/$1.00 USD) - 2025/02/06 7:04:30 WET [2025/02/06 2:04:30 ET]
Table 'Sichuan' 6-max Seat #6 is the button
Seat 1: Pon4uk.ua ($100 in chips) 
Seat 2: Edi131313 ($118.36 in chips) 
Seat 3: nickreason17 ($100 in chips) 
Seat 4: Supermegopro ($158.91 in chips) 
Seat 5: fish my nuts ($101.50 in chips) 
Seat 6: Slami4 ($168.37 in chips) 
Pon4uk.ua: posts small blind $0.50
Edi131313: posts big blind $1
*** HOLE CARDS ***
nickreason17: raises $1.25 to $2.25
Supermegopro: folds 
fish my nuts: folds 
Slami4: folds 
Pon4uk.ua: raises $8.75 to $11
Edi131313: folds 
nickreason17: folds 
Uncalled bet ($8.75) returned to Pon4uk.ua
Pon4uk.ua collected $5.50 from pot
Pon4uk.ua: doesn't show hand 
*** SUMMARY ***
Total pot $5.50 | Rake $0 
Seat 1: Pon4uk.ua (small blind) collected ($5.50)
Seat 2: Edi131313 (big blind) folded before Flop
Seat 3: nickreason17 folded before Flop
Seat 4: Supermegopro folded before Flop (didn't bet)
Seat 5: fish my nuts folded before Flop (didn't bet)
Seat 6: Slami4 (button) folded before Flop (didn't bet)



PokerStars Hand #254730674192:  Hold'em No Limit ($0.50/$1.00 USD) - 2025/02/06 7:04:49 WET [2025/02/06 2:04:49 ET]
Table 'Sichuan' 6-max Seat #1 is the button
Seat 1: Pon4uk.ua ($103.25 in chips) 
Seat 2: Edi131313 ($117.36 in chips) 
Seat 3: nickreason17 ($100 in chips) 
Seat 4: Supermegopro ($158.91 in chips) 
Seat 5: fish my nuts ($101.50 in chips) 
Seat 6: Slami4 ($168.37 in chips) 
Edi131313: posts small blind $0.50
nickreason17: posts big blind $1
*** HOLE CARDS ***
Supermegopro: folds 
fish my nuts: raises $1.30 to $2.30
Slami4: folds 
Pon4uk.ua: folds 
Edi131313: folds 
nickreason17: folds 
Uncalled bet ($1.30) returned to fish my nuts
fish my nuts collected $2.50 from pot
fish my nuts: doesn't show hand 
*** SUMMARY ***
Total pot $2.50 | Rake $0 
Seat 1: Pon4uk.ua (button) folded before Flop (didn't bet)
Seat 2: Edi131313 (small blind) folded before Flop
Seat 3: nickreason17 (big blind) folded before Flop
Seat 4: Supermegopro folded before Flop (didn't bet)
Seat 5: fish my nuts collected ($2.50)
Seat 6: Slami4 folded before Flop (didn't bet)



PokerStars Hand #254730675584:  Hold'em No Limit ($0.50/$1.00 USD) - 2025/02/06 7:05:07 WET [2025/02/06 2:05:07 ET]
Table 'Sichuan' 6-max Seat #2 is the button
Seat 1: Pon4uk.ua ($103.25 in chips) 
Seat 2: Edi131313 ($116.86 in chips) 
Seat 3: nickreason17 ($100 in chips) 
Seat 4: Supermegopro ($158.91 in chips) 
Seat 5: fish my nuts ($103 in chips) 
Seat 6: Slami4 ($168.37 in chips) 
nickreason17: posts small blind $0.50
Supermegopro: posts big blind $1
*** HOLE CARDS ***
fish my nuts: folds 
Slami4: folds 
Pon4uk.ua: folds 
Edi131313: folds 
nickreason17: raises $2 to $3
Supermegopro: folds 
Uncalled bet ($2) returned to nickreason17
nickreason17 collected $2 from pot
nickreason17: doesn't show hand 
*** SUMMARY ***
Total pot $2 | Rake $0 
Seat 1: Pon4uk.ua folded before Flop (didn't bet)
Seat 2: Edi131313 (button) folded before Flop (didn't bet)
Seat 3: nickreason17 (small blind) collected ($2)
Seat 4: Supermegopro (big blind) folded before Flop
Seat 5: fish my nuts folded before Flop (didn't bet)
Seat 6: Slami4 folded before Flop (didn't bet)



PokerStars Hand #254730676575:  Hold'em No Limit ($0.50/$1.00 USD) - 2025/02/06 7:05:22 WET [2025/02/06 2:05:22 ET]
Table 'Sichuan' 6-max Seat #3 is the button
Seat 1: Pon4uk.ua ($103.25 in chips) 
Seat 2: Edi131313 ($116.86 in chips) 
Seat 3: nickreason17 ($101 in chips) 
Seat 4: Supermegopro ($157.91 in chips) 
Seat 5: fish my nuts ($103 in chips) 
Seat 6: Slami4 ($168.37 in chips) 
Supermegopro: posts small blind $0.50
fish my nuts: posts big blind $1
*** HOLE CARDS ***
Slami4: folds 
Pon4uk.ua: folds 
Edi131313: raises $1 to $2
nickreason17: raises $5 to $7
Supermegopro: folds 
fish my nuts: folds 
Edi131313: calls $5
*** FLOP *** [Qd 4d Ac]
Edi131313: checks 
nickreason17: checks 
*** TURN *** [Qd 4d Ac] [7d]
Edi131313: bets $7.36
nickreason17: calls $7.36
*** RIVER *** [Qd 4d Ac 7d] [8h]
Edi131313: bets $1
nickreason17: calls $1
*** SHOW DOWN ***
Edi131313: shows [As Kh] (a pair of Aces)
nickreason17: mucks hand 
Edi131313 collected $30.61 from pot
*** SUMMARY ***
Total pot $32.22 | Rake $1.61 
Board [Qd 4d Ac 7d 8h]
Seat 1: Pon4uk.ua folded before Flop (didn't bet)
Seat 2: Edi131313 showed [As Kh] and won ($30.61) with a pair of Aces
Seat 3: nickreason17 (button) mucked
Seat 4: Supermegopro (small blind) folded before Flop
Seat 5: fish my nuts (big blind) folded before Flop
Seat 6: Slami4 folded before Flop (didn't bet)



PokerStars Hand #254730679848:  Hold'em No Limit ($0.50/$1.00 USD) - 2025/02/06 7:06:09 WET [2025/02/06 2:06:09 ET]
Table 'Sichuan' 6-max Seat #4 is the button
Seat 1: Pon4uk.ua ($103.25 in chips) 
Seat 2: Edi131313 ($132.11 in chips) 
Seat 3: nickreason17 ($100 in chips) 
Seat 4: Supermegopro ($157.41 in chips) 
Seat 5: fish my nuts ($102 in chips) 
Seat 6: Slami4 ($168.37 in chips) 
fish my nuts: posts small blind $0.50
Slami4: posts big blind $1
*** HOLE CARDS ***
Pon4uk.ua: folds 
Edi131313: folds 
nickreason17: folds 
Supermegopro: folds 
fish my nuts: raises $1.80 to $2.80
Slami4: calls $1.80
*** FLOP *** [Jc 6c 4c]
fish my nuts: checks 
Slami4: checks 
*** TURN *** [Jc 6c 4c] [8c]
fish my nuts: checks 
Slami4: checks 
*** RIVER *** [Jc 6c 4c 8c] [7c]
fish my nuts: checks 
Slami4: checks 
*** SHOW DOWN ***
fish my nuts: shows [9d 9c] (a flush, Jack high)
Slami4: mucks hand 
fish my nuts collected $5.32 from pot
*** SUMMARY ***
Total pot $5.60 | Rake $0.28 
Board [Jc 6c 4c 8c 7c]
Seat 1: Pon4uk.ua folded before Flop (didn't bet)
Seat 2: Edi131313 folded before Flop (didn't bet)
Seat 3: nickreason17 folded before Flop (didn't bet)
Seat 4: Supermegopro (button) folded before Flop (didn't bet)
Seat 5: fish my nuts (small blind) showed [9d 9c] and won ($5.32) with a flush, Jack high
Seat 6: Slami4 (big blind) mucked



PokerStars Hand #254730681887:  Hold'em No Limit ($0.50/$1.00 USD) - 2025/02/06 7:06:39 WET [2025/02/06 2:06:39 ET]
Table 'Sichuan' 6-max Seat #5 is the button
Seat 1: Pon4uk.ua ($103.25 in chips) 
Seat 2: Edi131313 ($132.11 in chips) 
Seat 3: nickreason17 ($100 in chips) 
Seat 4: Supermegopro ($157.41 in chips) 
Seat 5: fish my nuts ($104.52 in chips) 
Seat 6: Slami4 ($165.57 in chips) 
Slami4: posts small blind $0.50
Pon4uk.ua: posts big blind $1
*** HOLE CARDS ***
Edi131313: folds 
nickreason17: folds 
Supermegopro: folds 
fish my nuts: raises $1.30 to $2.30
Edi131313 leaves the table
Slami4: raises $8.70 to $11
Pon4uk.ua: folds 
fish my nuts: folds 
Uncalled bet ($8.70) returned to Slami4
Slami4 collected $5.60 from pot
Slami4: doesn't show hand 
*** SUMMARY ***
Total pot $5.60 | Rake $0 
Seat 1: Pon4uk.ua (big blind) folded before Flop
Seat 2: Edi131313 folded before Flop (didn't bet)
Seat 3: nickreason17 folded before Flop (didn't bet)
Seat 4: Supermegopro folded before Flop (didn't bet)
Seat 5: fish my nuts (button) folded before Flop
Seat 6: Slami4 (small blind) collected ($5.60)



PokerStars Hand #254730683481:  Hold'em No Limit ($0.50/$1.00 USD) - 2025/02/06 7:07:01 WET [2025/02/06 2:07:01 ET]
Table 'Sichuan' 6-max Seat #6 is the button
Seat 3: nickreason17 ($100 in chips) is sitting out
Seat 1: Pon4uk.ua ($102.25 in chips) 
Seat 4: Supermegopro ($157.41 in chips) 
Seat 5: fish my nuts ($102.22 in chips) 
Seat 6: Slami4 ($168.87 in chips) 
Pon4uk.ua: posts small blind $0.50
nickreason17: is sitting out 
nickreason17 leaves the table
Supermegopro: posts big blind $1
*** HOLE CARDS ***
fish my nuts: folds 
Slami4: raises $1.50 to $2.50
Pon4uk.ua: folds 
Supermegopro: folds 
Uncalled bet ($1.50) returned to Slami4
Slami4 collected $2.50 from pot
Slami4: doesn't show hand 
*** SUMMARY ***
Total pot $2.50 | Rake $0 
Seat 3: nickreason17
Seat 1: Pon4uk.ua (small blind) folded before Flop
Seat 4: Supermegopro (big blind) folded before Flop
Seat 5: fish my nuts folded before Flop (didn't bet)
Seat 6: Slami4 (button) collected ($2.50)



PokerStars Hand #254730684338:  Hold'em No Limit ($0.50/$1.00 USD) - 2025/02/06 7:07:15 WET [2025/02/06 2:07:15 ET]
Table 'Sichuan' 6-max Seat #1 is the button
Seat 1: Pon4uk.ua ($101.75 in chips) 
Seat 4: Supermegopro ($156.41 in chips) 
Seat 5: fish my nuts ($102.22 in chips) 
Seat 6: Slami4 ($170.37 in chips) 
Supermegopro: posts small blind $0.50
fish my nuts: posts big blind $1
*** HOLE CARDS ***
Slami4: folds 
Pon4uk.ua: raises $1.50 to $2.50
Supermegopro: calls $2
fish my nuts: folds 
*** FLOP *** [Ac 2d 8h]
Supermegopro: checks 
Pon4uk.ua: bets $2.85
Supermegopro: folds 
Uncalled bet ($2.85) returned to Pon4uk.ua
Pon4uk.ua collected $5.70 from pot
Pon4uk.ua: doesn't show hand 
*** SUMMARY ***
Total pot $6 | Rake $0.30 
Board [Ac 2d 8h]
Seat 1: Pon4uk.ua (button) collected ($5.70)
Seat 4: Supermegopro (small blind) folded on the Flop
Seat 5: fish my nuts (big blind) folded before Flop
Seat 6: Slami4 folded before Flop (didn't bet)



PokerStars Hand #254730686834:  Hold'em No Limit ($0.50/$1.00 USD) - 2025/02/06 7:07:51 WET [2025/02/06 2:07:51 ET]
Table 'Sichuan' 6-max Seat #4 is the button
Seat 6: Slami4 ($170.37 in chips) is sitting out
Seat 1: Pon4uk.ua ($104.95 in chips) 
Seat 4: Supermegopro ($153.91 in chips) 
Seat 5: fish my nuts ($101.22 in chips) 
fish my nuts: posts small blind $0.50
Slami4: is sitting out 
Pon4uk.ua: posts big blind $1
*** HOLE CARDS ***
Slami4 leaves the table
Supermegopro: raises $1.50 to $2.50
fish my nuts: folds 
Pon4uk.ua: folds 
Uncalled bet ($1.50) returned to Supermegopro
Supermegopro collected $2.50 from pot
Supermegopro: doesn't show hand 
*** SUMMARY ***
Total pot $2.50 | Rake $0 
Seat 6: Slami4
Seat 1: Pon4uk.ua (big blind) folded before Flop
Seat 4: Supermegopro (button) collected ($2.50)
Seat 5: fish my nuts (small blind) folded before Flop



PokerStars Hand #254730687776:  Hold'em No Limit ($0.50/$1.00 USD) - 2025/02/06 7:08:05 WET [2025/02/06 2:08:05 ET]
Table 'Sichuan' 6-max Seat #1 is the button
Seat 4: Supermegopro ($155.41 in chips) is sitting out
Seat 1: Pon4uk.ua ($103.95 in chips) 
Seat 5: fish my nuts ($100.72 in chips) 
Pon4uk.ua: posts small blind $0.50
Supermegopro: is sitting out 
fish my nuts: posts big blind $1
*** HOLE CARDS ***
Supermegopro leaves the table
Pon4uk.ua: raises $1.50 to $2.50
fish my nuts: raises $9.50 to $12
Pon4uk.ua: folds 
Uncalled bet ($9.50) returned to fish my nuts
fish my nuts collected $5 from pot
fish my nuts: doesn't show hand 
*** SUMMARY ***
Total pot $5 | Rake $0 
Seat 4: Supermegopro
Seat 1: Pon4uk.ua (button) (small blind) folded before Flop
Seat 5: fish my nuts (big blind) collected ($5)



PokerStars Hand #254730535700:  Hold'em No Limit ($0.50/$1.00 USD) - 2025/02/06 6:31:04 WET [2025/02/06 1:31:04 ET]
Table 'Sichuan' 6-max Seat #5 is the button
Seat 1: Flix2204 ($103 in chips) is sitting out
Seat 2: Edi131313 ($93 in chips) 
Seat 3: nickreason17 ($107.72 in chips) 
Seat 4: Melenya ($100 in chips) 
Seat 5: vitalik_sw ($101.50 in chips) 
Seat 6: Burlica2013 ($102.95 in chips) 
Burlica2013: posts small blind $0.50
Flix2204: is sitting out 
Edi131313: posts big blind $1
*** HOLE CARDS ***
nickreason17: folds 
Flix2204 leaves the table
Melenya: folds 
vitalik_sw: folds 
Burlica2013: folds 
Uncalled bet ($0.50) returned to Edi131313
Edi131313 collected $1 from pot
Edi131313: doesn't show hand 
*** SUMMARY ***
Total pot $1 | Rake $0 
Seat 1: Flix2204
Seat 2: Edi131313 (big blind) collected ($1)
Seat 3: nickreason17 folded before Flop (didn't bet)
Seat 4: Melenya folded before Flop (didn't bet)
Seat 5: vitalik_sw (button) folded before Flop (didn't bet)
Seat 6: Burlica2013 (small blind) folded before Flop



PokerStars Hand #254730689146:  Hold'em No Limit ($0.50/$1.00 USD) - 2025/02/06 7:08:25 WET [2025/02/06 2:08:25 ET]
Table 'Sichuan' 6-max Seat #5 is the button
Seat 1: Pon4uk.ua ($101.45 in chips) 
Seat 5: fish my nuts ($103.22 in chips) 
fish my nuts: posts small blind $0.50
Pon4uk.ua: posts big blind $1
*** HOLE CARDS ***
fish my nuts: raises $1.30 to $2.30
Pon4uk.ua: calls $1.30
*** FLOP *** [7s 7h 6s]
Pon4uk.ua: checks 
fish my nuts: checks 
*** TURN *** [7s 7h 6s] [8h]
Pon4uk.ua: checks 
fish my nuts: checks 
*** RIVER *** [7s 7h 6s 8h] [6h]
Pon4uk.ua: checks 
fish my nuts: checks 
*** SHOW DOWN ***
Pon4uk.ua: shows [Ks Qc] (two pair, Sevens and Sixes)
fish my nuts: shows [As 2s] (two pair, Sevens and Sixes - Ace kicker)
fish my nuts collected $4.37 from pot
*** SUMMARY ***
Total pot $4.60 | Rake $0.23 
Board [7s 7h 6s 8h 6h]
Seat 1: Pon4uk.ua (big blind) showed [Ks Qc] and lost with two pair, Sevens and Sixes
Seat 5: fish my nuts (button) (small blind) showed [As 2s] and won ($4.37) with two pair, Sevens and Sixes



PokerStars Hand #254730536705:  Hold'em No Limit ($0.50/$1.00 USD) - 2025/02/06 6:31:19 WET [2025/02/06 1:31:19 ET]
Table 'Sichuan' 6-max Seat #6 is the button
Seat 2: Edi131313 ($93.50 in chips) 
Seat 3: nickreason17 ($107.72 in chips) 
Seat 4: Melenya ($100 in chips) 
Seat 5: vitalik_sw ($101.50 in chips) 
Seat 6: Burlica2013 ($102.45 in chips) 
Edi131313: posts small blind $0.50
nickreason17: posts big blind $1
*** HOLE CARDS ***
Melenya: folds 
vitalik_sw: raises $1.50 to $2.50
Burlica2013: folds 
Edi131313: calls $2
nickreason17: raises $11.50 to $14
vitalik_sw: folds 
Edi131313: calls $11.50
*** FLOP *** [2h 8h 4s]
Edi131313: checks 
Timonessb joins the table at seat #1 
nickreason17: bets $14.49
Edi131313: calls $14.49
*** TURN *** [2h 8h 4s] [5s]
Edi131313: checks 
nickreason17: bets $79.23 and is all-in
Edi131313: folds 
Uncalled bet ($79.23) returned to nickreason17
nickreason17 collected $56.98 from pot
nickreason17: doesn't show hand 
*** SUMMARY ***
Total pot $59.48 | Rake $2.50 
Board [2h 8h 4s 5s]
Seat 2: Edi131313 (small blind) folded on the Turn
Seat 3: nickreason17 (big blind) collected ($56.98)
Seat 4: Melenya folded before Flop (didn't bet)
Seat 5: vitalik_sw folded before Flop
Seat 6: Burlica2013 (button) folded before Flop (didn't bet)



PokerStars Hand #254730539855:  Hold'em No Limit ($0.50/$1.00 USD) - 2025/02/06 6:32:03 WET [2025/02/06 1:32:03 ET]
Table 'Sichuan' 6-max Seat #2 is the button
Seat 1: Timonessb ($100 in chips) is sitting out
Seat 2: Edi131313 ($65.01 in chips) 
Seat 3: nickreason17 ($136.21 in chips) 
Seat 4: Melenya ($100 in chips) 
Seat 5: vitalik_sw ($100 in chips) 
Seat 6: Burlica2013 ($102.45 in chips) 
nickreason17: posts small blind $0.50
Melenya: posts big blind $1
Timonessb: sits out 
*** HOLE CARDS ***
vitalik_sw: folds 
Burlica2013: folds 
Edi131313: raises $1 to $2
nickreason17: folds 
Melenya: folds 
Uncalled bet ($1) returned to Edi131313
Edi131313 collected $2.50 from pot
Edi131313: doesn't show hand 
*** SUMMARY ***
Total pot $2.50 | Rake $0 
Seat 1: Timonessb
Seat 2: Edi131313 (button) collected ($2.50)
Seat 3: nickreason17 (small blind) folded before Flop
Seat 4: Melenya (big blind) folded before Flop
Seat 5: vitalik_sw folded before Flop (didn't bet)
Seat 6: Burlica2013 folded before Flop (didn't bet)



PokerStars Hand #254730541013:  Hold'em No Limit ($0.50/$1.00 USD) - 2025/02/06 6:32:20 WET [2025/02/06 1:32:20 ET]
Table 'Sichuan' 6-max Seat #3 is the button
Seat 5: vitalik_sw ($100 in chips) is sitting out
Seat 6: Burlica2013 ($102.45 in chips) is sitting out
Seat 1: Timonessb ($100 in chips) 
Seat 2: Edi131313 ($66.51 in chips) 
Seat 3: nickreason17 ($135.71 in chips) 
Seat 4: Melenya ($100 in chips) 
Melenya: posts small blind $0.50
vitalik_sw: is sitting out 
Burlica2013: is sitting out 
Timonessb: posts big blind $1
*** HOLE CARDS ***
vitalik_sw leaves the table
Edi131313: folds 
Burlica2013 leaves the table
nickreason17: raises $1.50 to $2.50
Melenya: folds 
Timonessb: folds 
Uncalled bet ($1.50) returned to nickreason17
nickreason17 collected $2.50 from pot
nickreason17: doesn't show hand 
*** SUMMARY ***
Total pot $2.50 | Rake $0 
Seat 5: vitalik_sw
Seat 6: Burlica2013
Seat 1: Timonessb (big blind) folded before Flop
Seat 2: Edi131313 folded before Flop (didn't bet)
Seat 3: nickreason17 (button) collected ($2.50)
Seat 4: Melenya (small blind) folded before Flop



PokerStars Hand #254730542240:  Hold'em No Limit ($0.50/$1.00 USD) - 2025/02/06 6:32:37 WET [2025/02/06 1:32:37 ET]
Table 'Sichuan' 6-max Seat #4 is the button
Seat 1: Timonessb ($100 in chips) 
Seat 2: Edi131313 ($66.51 in chips) 
Seat 3: nickreason17 ($137.21 in chips) 
Seat 4: Melenya ($100 in chips) 
Timonessb: posts small blind $0.50
Edi131313: posts big blind $1
*** HOLE CARDS ***
fish my nuts joins the table at seat #5 
nickreason17: folds 
Melenya: folds 
Timonessb: raises $2 to $3
Edi131313: folds 
Uncalled bet ($2) returned to Timonessb
Timonessb collected $2 from pot
Timonessb: doesn't show hand 
*** SUMMARY ***
Total pot $2 | Rake $0 
Seat 1: Timonessb (small blind) collected ($2)
Seat 2: Edi131313 (big blind) folded before Flop
Seat 3: nickreason17 folded before Flop (didn't bet)
Seat 4: Melenya (button) folded before Flop (didn't bet)



PokerStars Hand #254730543300:  Hold'em No Limit ($0.50/$1.00 USD) - 2025/02/06 6:32:52 WET [2025/02/06 1:32:52 ET]
Table 'Sichuan' 6-max Seat #1 is the button
Seat 5: fish my nuts ($100 in chips) is sitting out
Seat 1: Timonessb ($101 in chips) 
Seat 2: Edi131313 ($65.51 in chips) 
Seat 3: nickreason17 ($137.21 in chips) 
Seat 4: Melenya ($100 in chips) 
Edi131313: posts small blind $0.50
nickreason17: posts big blind $1
fish my nuts: sits out 
*** HOLE CARDS ***
Melenya: folds 
Timonessb: folds 
Edi131313: folds 
Uncalled bet ($0.50) returned to nickreason17
nickreason17 collected $1 from pot
nickreason17: doesn't show hand 
*** SUMMARY ***
Total pot $1 | Rake $0 
Seat 5: fish my nuts
Seat 1: Timonessb (button) folded before Flop (didn't bet)
Seat 2: Edi131313 (small blind) folded before Flop
Seat 3: nickreason17 (big blind) collected ($1)
Seat 4: Melenya folded before Flop (didn't bet)



PokerStars Hand #254730543835:  Hold'em No Limit ($0.50/$1.00 USD) - 2025/02/06 6:32:59 WET [2025/02/06 1:32:59 ET]
Table 'Sichuan' 6-max Seat #2 is the button
Seat 5: fish my nuts ($100 in chips) is sitting out
Seat 1: Timonessb ($101 in chips) 
Seat 2: Edi131313 ($65.01 in chips) 
Seat 3: nickreason17 ($137.71 in chips) 
Seat 4: Melenya ($100 in chips) 
nickreason17: posts small blind $0.50
Melenya: posts big blind $1
fish my nuts: sits out 
*** HOLE CARDS ***
Timonessb: raises $1.30 to $2.30
Edi131313: raises $6.10 to $8.40
nickreason17: folds 
Melenya: folds 
Timonessb: folds 
Uncalled bet ($6.10) returned to Edi131313
Edi131313 collected $6.10 from pot
Edi131313: doesn't show hand 
*** SUMMARY ***
Total pot $6.10 | Rake $0 
Seat 5: fish my nuts
Seat 1: Timonessb folded before Flop
Seat 2: Edi131313 (button) collected ($6.10)
Seat 3: nickreason17 (small blind) folded before Flop
Seat 4: Melenya (big blind) folded before Flop



PokerStars Hand #254730545062:  Hold'em No Limit ($0.50/$1.00 USD) - 2025/02/06 6:33:17 WET [2025/02/06 1:33:17 ET]
Table 'Sichuan' 6-max Seat #3 is the button
Seat 1: Timonessb ($100 in chips) 
Seat 2: Edi131313 ($68.81 in chips) 
Seat 3: nickreason17 ($137.21 in chips) 
Seat 4: Melenya ($100 in chips) 
Seat 5: fish my nuts ($100 in chips) 
Melenya: posts small blind $0.50
fish my nuts: posts big blind $1
*** HOLE CARDS ***
Timonessb: folds 
Edi131313: folds 
nickreason17: raises $1.50 to $2.50
Melenya: folds 
fish my nuts is disconnected 
fish my nuts has timed out while disconnected
fish my nuts: folds 
Uncalled bet ($1.50) returned to nickreason17
nickreason17 collected $2.50 from pot
nickreason17: doesn't show hand 
*** SUMMARY ***
Total pot $2.50 | Rake $0 
Seat 1: Timonessb folded before Flop (didn't bet)
Seat 2: Edi131313 folded before Flop (didn't bet)
Seat 3: nickreason17 (button) collected ($2.50)
Seat 4: Melenya (small blind) folded before Flop
Seat 5: fish my nuts (big blind) folded before Flop



PokerStars Hand #254730548257:  Hold'em No Limit ($0.50/$1.00 USD) - 2025/02/06 6:34:01 WET [2025/02/06 1:34:01 ET]
Table 'Sichuan' 6-max Seat #4 is the button
Seat 5: fish my nuts ($99 in chips) is sitting out
Seat 1: Timonessb ($100 in chips) 
Seat 2: Edi131313 ($68.81 in chips) 
Seat 3: nickreason17 ($138.71 in chips) 
Seat 4: Melenya ($100 in chips) 
Timonessb: posts small blind $0.50
Edi131313: posts big blind $1
*** HOLE CARDS ***
nickreason17: folds 
Melenya: raises $1.50 to $2.50
Timonessb: folds 
Edi131313: folds 
Uncalled bet ($1.50) returned to Melenya
Melenya collected $2.50 from pot
Melenya: doesn't show hand 
*** SUMMARY ***
Total pot $2.50 | Rake $0 
Seat 5: fish my nuts
Seat 1: Timonessb (small blind) folded before Flop
Seat 2: Edi131313 (big blind) folded before Flop
Seat 3: nickreason17 folded before Flop (didn't bet)
Seat 4: Melenya (button) collected ($2.50)



PokerStars Hand #254730549121:  Hold'em No Limit ($0.50/$1.00 USD) - 2025/02/06 6:34:13 WET [2025/02/06 1:34:13 ET]
Table 'Sichuan' 6-max Seat #1 is the button
Seat 5: fish my nuts ($99 in chips) is sitting out
Seat 1: Timonessb ($100 in chips) 
Seat 2: Edi131313 ($67.81 in chips) 
Seat 3: nickreason17 ($138.71 in chips) 
Seat 4: Melenya ($101.50 in chips) 
Edi131313: posts small blind $0.50
nickreason17: posts big blind $1
*** HOLE CARDS ***
Melenya: folds 
Timonessb: raises $1.50 to $2.50
Edi131313: folds 
nickreason17: raises $9.50 to $12
Slami4 joins the table at seat #6 
Timonessb: calls $9.50
*** FLOP *** [Jd 2c Qd]
nickreason17: bets $7.05
Timonessb: folds 
Uncalled bet ($7.05) returned to nickreason17
nickreason17 collected $23.50 from pot
nickreason17: doesn't show hand 
*** SUMMARY ***
Total pot $24.50 | Rake $1 
Board [Jd 2c Qd]
Seat 5: fish my nuts
Seat 1: Timonessb (button) folded on the Flop
Seat 2: Edi131313 (small blind) folded before Flop
Seat 3: nickreason17 (big blind) collected ($23.50)
Seat 4: Melenya folded before Flop (didn't bet)



PokerStars Hand #254730552196:  Hold'em No Limit ($0.50/$1.00 USD) - 2025/02/06 6:34:57 WET [2025/02/06 1:34:57 ET]
Table 'Sichuan' 6-max Seat #2 is the button
Seat 5: fish my nuts ($100 in chips) is sitting out
Seat 6: Slami4 ($100 in chips) is sitting out
Seat 1: Timonessb ($100 in chips) 
Seat 2: Edi131313 ($67.31 in chips) 
Seat 3: nickreason17 ($150.21 in chips) 
Seat 4: Melenya ($101.50 in chips) 
nickreason17: posts small blind $0.50
Melenya: posts big blind $1
fish my nuts: sits out 
Slami4: sits out 
*** HOLE CARDS ***
Timonessb: folds 
Edi131313: raises $1 to $2
nickreason17: raises $1 to $3
Melenya: folds 
Edi131313: raises $7 to $10
nickreason17: calls $7
*** FLOP *** [6d Kc 7h]
nickreason17: checks 
Edi131313: bets $10
nickreason17: calls $10
*** TURN *** [6d Kc 7h] [Ac]
nickreason17: checks 
Edi131313: bets $20
nickreason17: folds 
Uncalled bet ($20) returned to Edi131313
Edi131313 collected $40 from pot
Edi131313: doesn't show hand 
*** SUMMARY ***
Total pot $41 | Rake $1 
Board [6d Kc 7h Ac]
Seat 5: fish my nuts
Seat 6: Slami4
Seat 1: Timonessb folded before Flop (didn't bet)
Seat 2: Edi131313 (button) collected ($40)
Seat 3: nickreason17 (small blind) folded on the Turn
Seat 4: Melenya (big blind) folded before Flop



PokerStars Hand #254730556073:  Hold'em No Limit ($0.50/$1.00 USD) - 2025/02/06 6:35:52 WET [2025/02/06 1:35:52 ET]
Table 'Sichuan' 6-max Seat #3 is the button
Seat 6: Slami4 ($100 in chips) is sitting out
Seat 1: Timonessb ($100 in chips) 
Seat 2: Edi131313 ($87.31 in chips) 
Seat 3: nickreason17 ($130.21 in chips) 
Seat 4: Melenya ($100.50 in chips) 
Seat 5: fish my nuts ($100 in chips) 
Melenya: posts small blind $0.50
fish my nuts: posts big blind $1
Slami4: sits out 
*** HOLE CARDS ***
Timonessb: folds 
Edi131313: folds 
nickreason17: folds 
Melenya: folds 
Uncalled bet ($0.50) returned to fish my nuts
fish my nuts collected $1 from pot
fish my nuts: doesn't show hand 
*** SUMMARY ***
Total pot $1 | Rake $0 
Seat 6: Slami4
Seat 1: Timonessb folded before Flop (didn't bet)
Seat 2: Edi131313 folded before Flop (didn't bet)
Seat 3: nickreason17 (button) folded before Flop (didn't bet)
Seat 4: Melenya (small blind) folded before Flop
Seat 5: fish my nuts (big blind) collected ($1)



PokerStars Hand #254730557074:  Hold'em No Limit ($0.50/$1.00 USD) - 2025/02/06 6:36:06 WET [2025/02/06 1:36:06 ET]
Table 'Sichuan' 6-max Seat #4 is the button
Seat 1: Timonessb ($100 in chips) 
Seat 2: Edi131313 ($87.31 in chips) 
Seat 3: nickreason17 ($130.21 in chips) 
Seat 4: Melenya ($100 in chips) 
Seat 5: fish my nuts ($100.50 in chips) 
Seat 6: Slami4 ($100 in chips) 
fish my nuts: posts small blind $0.50
Slami4: posts big blind $1
*** HOLE CARDS ***
Timonessb: folds 
Edi131313: raises $1 to $2
nickreason17: folds 
Melenya: folds 
fish my nuts has timed out
fish my nuts: folds 
Slami4: calls $1
*** FLOP *** [6h Qs Ah]
Slami4: checks 
Edi131313: checks 
*** TURN *** [6h Qs Ah] [5d]
Slami4: checks 
Edi131313: checks 
*** RIVER *** [6h Qs Ah 5d] [4s]
fish my nuts is disconnected 
Slami4: checks 
Edi131313: checks 
*** SHOW DOWN ***
Slami4: shows [8c 8s] (a pair of Eights)
Edi131313: mucks hand 
Slami4 collected $4.28 from pot
*** SUMMARY ***
Total pot $4.50 | Rake $0.22 
Board [6h Qs Ah 5d 4s]
Seat 1: Timonessb folded before Flop (didn't bet)
Seat 2: Edi131313 mucked
Seat 3: nickreason17 folded before Flop (didn't bet)
Seat 4: Melenya (button) folded before Flop (didn't bet)
Seat 5: fish my nuts (small blind) folded before Flop
Seat 6: Slami4 (big blind) showed [8c 8s] and won ($4.28) with a pair of Eights



PokerStars Hand #254730561134:  Hold'em No Limit ($0.50/$1.00 USD) - 2025/02/06 6:37:03 WET [2025/02/06 1:37:03 ET]
Table 'Sichuan' 6-max Seat #6 is the button
Seat 5: fish my nuts ($100 in chips) is sitting out
Seat 1: Timonessb ($100 in chips) 
Seat 2: Edi131313 ($85.31 in chips) 
Seat 3: nickreason17 ($130.21 in chips) 
Seat 4: Melenya ($100 in chips) 
Seat 6: Slami4 ($102.28 in chips) 
Timonessb: posts small blind $0.50
Edi131313: posts big blind $1
*** HOLE CARDS ***
nickreason17: folds 
Melenya: folds 
Slami4: folds 
Timonessb: raises $2 to $3
Edi131313: folds 
Uncalled bet ($2) returned to Timonessb
Timonessb collected $2 from pot
*** SUMMARY ***
Total pot $2 | Rake $0 
Seat 5: fish my nuts
Seat 1: Timonessb (small blind) collected ($2)
Seat 2: Edi131313 (big blind) folded before Flop
Seat 3: nickreason17 folded before Flop (didn't bet)
Seat 4: Melenya folded before Flop (didn't bet)
Seat 6: Slami4 (button) folded before Flop (didn't bet)



PokerStars Hand #254730562503:  Hold'em No Limit ($0.50/$1.00 USD) - 2025/02/06 6:37:22 WET [2025/02/06 1:37:22 ET]
Table 'Sichuan' 6-max Seat #1 is the button
Seat 5: fish my nuts ($100 in chips) is sitting out
Seat 1: Timonessb ($101 in chips) 
Seat 2: Edi131313 ($84.31 in chips) 
Seat 3: nickreason17 ($130.21 in chips) 
Seat 4: Melenya ($100 in chips) 
Seat 6: Slami4 ($102.28 in chips) 
Edi131313: posts small blind $0.50
nickreason17: posts big blind $1
*** HOLE CARDS ***
Melenya: folds 
Slami4: folds 
Timonessb: raises $1.50 to $2.50
Edi131313: folds 
nickreason17: folds 
Uncalled bet ($1.50) returned to Timonessb
Timonessb collected $2.50 from pot
*** SUMMARY ***
Total pot $2.50 | Rake $0 
Seat 5: fish my nuts
Seat 1: Timonessb (button) collected ($2.50)
Seat 2: Edi131313 (small blind) folded before Flop
Seat 3: nickreason17 (big blind) folded before Flop
Seat 4: Melenya folded before Flop (didn't bet)
Seat 6: Slami4 folded before Flop (didn't bet)



PokerStars Hand #254730563441:  Hold'em No Limit ($0.50/$1.00 USD) - 2025/02/06 6:37:36 WET [2025/02/06 1:37:36 ET]
Table 'Sichuan' 6-max Seat #2 is the button
Seat 1: Timonessb ($102.50 in chips) 
Seat 2: Edi131313 ($83.81 in chips) 
Seat 3: nickreason17 ($129.21 in chips) 
Seat 4: Melenya ($100 in chips) 
Seat 5: fish my nuts ($100 in chips) 
Seat 6: Slami4 ($102.28 in chips) 
nickreason17: posts small blind $0.50
Melenya: posts big blind $1
*** HOLE CARDS ***
fish my nuts: folds 
Slami4: folds 
Timonessb: raises $1.30 to $2.30
Edi131313: folds 
nickreason17: raises $8.70 to $11
Melenya: folds 
Timonessb: calls $8.70
*** FLOP *** [3s Kh 5c]
nickreason17: bets $6.56
Timonessb: calls $6.56
*** TURN *** [3s Kh 5c] [5h]
nickreason17: bets $25.73
Timonessb: calls $25.73
*** RIVER *** [3s Kh 5c 5h] [3h]
nickreason17: bets $85.92 and is all-in
Timonessb: calls $59.21 and is all-in
Uncalled bet ($26.71) returned to nickreason17
*** SHOW DOWN ***
nickreason17: shows [Js Ks] (two pair, Kings and Fives)
Timonessb: shows [Ah Ac] (two pair, Aces and Fives)
Timonessb collected $203.50 from pot
*** SUMMARY ***
Total pot $206 | Rake $2.50 
Board [3s Kh 5c 5h 3h]
Seat 1: Timonessb showed [Ah Ac] and won ($203.50) with two pair, Aces and Fives
Seat 2: Edi131313 (button) folded before Flop (didn't bet)
Seat 3: nickreason17 (small blind) showed [Js Ks] and lost with two pair, Kings and Fives
Seat 4: Melenya (big blind) folded before Flop
Seat 5: fish my nuts folded before Flop (didn't bet)
Seat 6: Slami4 folded before Flop (didn't bet)



PokerStars Hand #254730569230:  Hold'em No Limit ($0.50/$1.00 USD) - 2025/02/06 6:38:58 WET [2025/02/06 1:38:58 ET]
Table 'Sichuan' 6-max Seat #3 is the button
Seat 1: Timonessb ($203.50 in chips) 
Seat 2: Edi131313 ($83.81 in chips) 
Seat 3: nickreason17 ($100 in chips) 
Seat 4: Melenya ($100 in chips) 
Seat 5: fish my nuts ($100 in chips) 
Seat 6: Slami4 ($102.28 in chips) 
Melenya: posts small blind $0.50
fish my nuts: posts big blind $1
*** HOLE CARDS ***
Slami4: folds 
Timonessb: raises $1.30 to $2.30
Edi131313: folds 
nickreason17: folds 
Melenya: folds 
fish my nuts: folds 
Uncalled bet ($1.30) returned to Timonessb
Timonessb collected $2.50 from pot
*** SUMMARY ***
Total pot $2.50 | Rake $0 
Seat 1: Timonessb collected ($2.50)
Seat 2: Edi131313 folded before Flop (didn't bet)
Seat 3: nickreason17 (button) folded before Flop (didn't bet)
Seat 4: Melenya (small blind) folded before Flop
Seat 5: fish my nuts (big blind) folded before Flop
Seat 6: Slami4 folded before Flop (didn't bet)



PokerStars Hand #254730570120:  Hold'em No Limit ($0.50/$1.00 USD) - 2025/02/06 6:39:11 WET [2025/02/06 1:39:11 ET]
Table 'Sichuan' 6-max Seat #4 is the button
Seat 1: Timonessb ($205 in chips) 
Seat 2: Edi131313 ($83.81 in chips) 
Seat 3: nickreason17 ($100 in chips) 
Seat 4: Melenya ($100 in chips) 
Seat 5: fish my nuts ($100 in chips) 
Seat 6: Slami4 ($102.28 in chips) 
fish my nuts: posts small blind $0.50
Slami4: posts big blind $1
*** HOLE CARDS ***
Timonessb: folds 
Edi131313: folds 
nickreason17: folds 
Melenya: folds 
fish my nuts: folds 
Uncalled bet ($0.50) returned to Slami4
Slami4 collected $1 from pot
Slami4: doesn't show hand 
*** SUMMARY ***
Total pot $1 | Rake $0 
Seat 1: Timonessb folded before Flop (didn't bet)
Seat 2: Edi131313 folded before Flop (didn't bet)
Seat 3: nickreason17 folded before Flop (didn't bet)
Seat 4: Melenya (button) folded before Flop (didn't bet)
Seat 5: fish my nuts (small blind) folded before Flop
Seat 6: Slami4 (big blind) collected ($1)



PokerStars Hand #254730570801:  Hold'em No Limit ($0.50/$1.00 USD) - 2025/02/06 6:39:21 WET [2025/02/06 1:39:21 ET]
Table 'Sichuan' 6-max Seat #5 is the button
Seat 1: Timonessb ($205 in chips) 
Seat 2: Edi131313 ($83.81 in chips) 
Seat 3: nickreason17 ($100 in chips) 
Seat 4: Melenya ($100 in chips) 
Seat 5: fish my nuts ($100 in chips) 
Seat 6: Slami4 ($102.78 in chips) 
Slami4: posts small blind $0.50
Timonessb: posts big blind $1
*** HOLE CARDS ***
Edi131313: raises $1 to $2
nickreason17: folds 
Melenya: raises $7 to $9
fish my nuts: folds 
Slami4: folds 
Timonessb: folds 
Edi131313: calls $7
*** FLOP *** [Td 3c Th]
Edi131313: checks 
Melenya: bets $13.89
Edi131313: folds 
Uncalled bet ($13.89) returned to Melenya
Melenya collected $18.52 from pot
Melenya: doesn't show hand 
*** SUMMARY ***
Total pot $19.50 | Rake $0.98 
Board [Td 3c Th]
Seat 1: Timonessb (big blind) folded before Flop
Seat 2: Edi131313 folded on the Flop
Seat 3: nickreason17 folded before Flop (didn't bet)
Seat 4: Melenya collected ($18.52)
Seat 5: fish my nuts (button) folded before Flop (didn't bet)
Seat 6: Slami4 (small blind) folded before Flop



PokerStars Hand #254730573364:  Hold'em No Limit ($0.50/$1.00 USD) - 2025/02/06 6:39:58 WET [2025/02/06 1:39:58 ET]
Table 'Sichuan' 6-max Seat #6 is the button
Seat 1: Timonessb ($204 in chips) 
Seat 2: Edi131313 ($74.81 in chips) 
Seat 3: nickreason17 ($100 in chips) 
Seat 4: Melenya ($109.52 in chips) 
Seat 5: fish my nuts ($100 in chips) 
Seat 6: Slami4 ($102.28 in chips) 
Timonessb: posts small blind $0.50
Edi131313: posts big blind $1
*** HOLE CARDS ***
nickreason17: folds 
Melenya: folds 
fish my nuts: folds 
Slami4: folds 
Timonessb: calls $0.50
Edi131313: checks 
*** FLOP *** [2s 5s 8h]
Timonessb: checks 
Edi131313: checks 
*** TURN *** [2s 5s 8h] [Js]
Timonessb: checks 
Edi131313: checks 
*** RIVER *** [2s 5s 8h Js] [3h]
Timonessb: bets $1
Edi131313: calls $1
*** SHOW DOWN ***
Timonessb: shows [7c 3c] (a pair of Threes)
Edi131313: shows [5d 9h] (a pair of Fives)
Edi131313 collected $3.80 from pot
*** SUMMARY ***
Total pot $4 | Rake $0.20 
Board [2s 5s 8h Js 3h]
Seat 1: Timonessb (small blind) showed [7c 3c] and lost with a pair of Threes
Seat 2: Edi131313 (big blind) showed [5d 9h] and won ($3.80) with a pair of Fives
Seat 3: nickreason17 folded before Flop (didn't bet)
Seat 4: Melenya folded before Flop (didn't bet)
Seat 5: fish my nuts folded before Flop (didn't bet)
Seat 6: Slami4 (button) folded before Flop (didn't bet)



PokerStars Hand #254730575045:  Hold'em No Limit ($0.50/$1.00 USD) - 2025/02/06 6:40:22 WET [2025/02/06 1:40:22 ET]
Table 'Sichuan' 6-max Seat #1 is the button
Seat 1: Timonessb ($202 in chips) 
Seat 2: Edi131313 ($76.61 in chips) 
Seat 3: nickreason17 ($100 in chips) 
Seat 4: Melenya ($109.52 in chips) 
Seat 5: fish my nuts ($100 in chips) 
Seat 6: Slami4 ($102.28 in chips) 
Edi131313: posts small blind $0.50
nickreason17: posts big blind $1
*** HOLE CARDS ***
Melenya: folds 
fish my nuts: raises $1.30 to $2.30
Slami4: folds 
Timonessb: folds 
Edi131313: folds 
nickreason17: raises $9.70 to $12
fish my nuts: folds 
Uncalled bet ($9.70) returned to nickreason17
nickreason17 collected $5.10 from pot
nickreason17: doesn't show hand 
*** SUMMARY ***
Total pot $5.10 | Rake $0 
Seat 1: Timonessb (button) folded before Flop (didn't bet)
Seat 2: Edi131313 (small blind) folded before Flop
Seat 3: nickreason17 (big blind) collected ($5.10)
Seat 4: Melenya folded before Flop (didn't bet)
Seat 5: fish my nuts folded before Flop
Seat 6: Slami4 folded before Flop (didn't bet)



PokerStars Hand #254730576681:  Hold'em No Limit ($0.50/$1.00 USD) - 2025/02/06 6:40:45 WET [2025/02/06 1:40:45 ET]
Table 'Sichuan' 6-max Seat #2 is the button
Seat 4: Melenya ($109.52 in chips) is sitting out
Seat 1: Timonessb ($202 in chips) 
Seat 2: Edi131313 ($76.11 in chips) 
Seat 3: nickreason17 ($102.80 in chips) 
Seat 5: fish my nuts ($100 in chips) 
Seat 6: Slami4 ($102.28 in chips) 
nickreason17: posts small blind $0.50
Melenya: is sitting out 
fish my nuts: posts big blind $1
*** HOLE CARDS ***
Slami4: folds 
Timonessb: folds 
Melenya leaves the table
Edi131313: raises $1 to $2
nickreason17: folds 
fish my nuts: folds 
Uncalled bet ($1) returned to Edi131313
Edi131313 collected $2.50 from pot
Edi131313: doesn't show hand 
*** SUMMARY ***
Total pot $2.50 | Rake $0 
Seat 4: Melenya
Seat 1: Timonessb folded before Flop (didn't bet)
Seat 2: Edi131313 (button) collected ($2.50)
Seat 3: nickreason17 (small blind) folded before Flop
Seat 5: fish my nuts (big blind) folded before Flop
Seat 6: Slami4 folded before Flop (didn't bet)



PokerStars Hand #254730577904:  Hold'em No Limit ($0.50/$1.00 USD) - 2025/02/06 6:41:02 WET [2025/02/06 1:41:02 ET]
Table 'Sichuan' 6-max Seat #3 is the button
Seat 1: Timonessb ($202 in chips) 
Seat 2: Edi131313 ($77.61 in chips) 
Seat 3: nickreason17 ($102.30 in chips) 
Seat 5: fish my nuts ($100 in chips) 
Seat 6: Slami4 ($102.28 in chips) 
fish my nuts: posts small blind $0.50
Slami4: posts big blind $1
*** HOLE CARDS ***
Timonessb: folds 
Edi131313: raises $1 to $2
nickreason17: raises $5 to $7
fish my nuts: folds 
Slami4: folds 
Edi131313: calls $5
*** FLOP *** [As 3h 6d]
Edi131313: checks 
nickreason17: checks 
*** TURN *** [As 3h 6d] [Qc]
Edi131313: bets $7.36
Supermegopro joins the table at seat #4 
nickreason17: calls $7.36
*** RIVER *** [As 3h 6d Qc] [Jh]
Edi131313: checks 
nickreason17: checks 
*** SHOW DOWN ***
Edi131313: shows [Tc Ah] (a pair of Aces)
nickreason17: mucks hand 
Edi131313 collected $28.71 from pot
*** SUMMARY ***
Total pot $30.22 | Rake $1.51 
Board [As 3h 6d Qc Jh]
Seat 1: Timonessb folded before Flop (didn't bet)
Seat 2: Edi131313 showed [Tc Ah] and won ($28.71) with a pair of Aces
Seat 3: nickreason17 (button) mucked
Seat 5: fish my nuts (small blind) folded before Flop
Seat 6: Slami4 (big blind) folded before Flop



PokerStars Hand #254730580945:  Hold'em No Limit ($0.50/$1.00 USD) - 2025/02/06 6:41:46 WET [2025/02/06 1:41:46 ET]
Table 'Sichuan' 6-max Seat #5 is the button
Seat 4: Supermegopro ($100 in chips) is sitting out
Seat 1: Timonessb ($202 in chips) 
Seat 2: Edi131313 ($91.96 in chips) 
Seat 3: nickreason17 ($100 in chips) 
Seat 5: fish my nuts ($100 in chips) 
Seat 6: Slami4 ($101.28 in chips) 
Slami4: posts small blind $0.50
Timonessb: posts big blind $1
Supermegopro: sits out 
*** HOLE CARDS ***
Edi131313: raises $1 to $2
nickreason17: folds 
fish my nuts is disconnected 
fish my nuts has timed out while disconnected
fish my nuts: folds 
Slami4: folds 
Timonessb: raises $8 to $10
Edi131313: calls $8
*** FLOP *** [7h 4d Ts]
Timonessb: bets $9.93
Edi131313: folds 
Uncalled bet ($9.93) returned to Timonessb
Timonessb collected $19.48 from pot
*** SUMMARY ***
Total pot $20.50 | Rake $1.02 
Board [7h 4d Ts]
Seat 4: Supermegopro
Seat 1: Timonessb (big blind) collected ($19.48)
Seat 2: Edi131313 folded on the Flop
Seat 3: nickreason17 folded before Flop (didn't bet)
Seat 5: fish my nuts (button) folded before Flop (didn't bet)
Seat 6: Slami4 (small blind) folded before Flop



PokerStars Hand #254730583463:  Hold'em No Limit ($0.50/$1.00 USD) - 2025/02/06 6:42:21 WET [2025/02/06 1:42:21 ET]
Table 'Sichuan' 6-max Seat #6 is the button
Seat 4: Supermegopro ($100 in chips) is sitting out
Seat 5: fish my nuts ($100 in chips) is sitting out
Seat 1: Timonessb ($211.48 in chips) 
Seat 2: Edi131313 ($81.96 in chips) 
Seat 3: nickreason17 ($100 in chips) 
Seat 6: Slami4 ($100.78 in chips) 
Timonessb: posts small blind $0.50
Edi131313: posts big blind $1
Supermegopro: sits out 
*** HOLE CARDS ***
nickreason17: folds 
Slami4: folds 
Timonessb: folds 
Uncalled bet ($0.50) returned to Edi131313
Edi131313 collected $1 from pot
Edi131313: doesn't show hand 
*** SUMMARY ***
Total pot $1 | Rake $0 
Seat 4: Supermegopro
Seat 5: fish my nuts
Seat 1: Timonessb (small blind) folded before Flop
Seat 2: Edi131313 (big blind) collected ($1)
Seat 3: nickreason17 folded before Flop (didn't bet)
Seat 6: Slami4 (button) folded before Flop (didn't bet)



PokerStars Hand #254730584021:  Hold'em No Limit ($0.50/$1.00 USD) - 2025/02/06 6:42:29 WET [2025/02/06 1:42:29 ET]
Table 'Sichuan' 6-max Seat #1 is the button
Seat 4: Supermegopro ($100 in chips) is sitting out
Seat 5: fish my nuts ($100 in chips) is sitting out
Seat 1: Timonessb ($210.98 in chips) 
Seat 2: Edi131313 ($82.46 in chips) 
Seat 3: nickreason17 ($100 in chips) 
Seat 6: Slami4 ($100.78 in chips) 
Edi131313: posts small blind $0.50
nickreason17: posts big blind $1
Supermegopro: sits out 
*** HOLE CARDS ***
Slami4: folds 
Timonessb: folds 
Edi131313: folds 
Uncalled bet ($0.50) returned to nickreason17
nickreason17 collected $1 from pot
nickreason17: doesn't show hand 
*** SUMMARY ***
Total pot $1 | Rake $0 
Seat 4: Supermegopro
Seat 5: fish my nuts
Seat 1: Timonessb (button) folded before Flop (didn't bet)
Seat 2: Edi131313 (small blind) folded before Flop
Seat 3: nickreason17 (big blind) collected ($1)
Seat 6: Slami4 folded before Flop (didn't bet)



PokerStars Hand #254730584641:  Hold'em No Limit ($0.50/$1.00 USD) - 2025/02/06 6:42:38 WET [2025/02/06 1:42:38 ET]
Table 'Sichuan' 6-max Seat #2 is the button
Seat 1: Timonessb ($210.98 in chips) 
Seat 2: Edi131313 ($81.96 in chips) 
Seat 3: nickreason17 ($100.50 in chips) 
Seat 4: Supermegopro ($100 in chips) 
Seat 5: fish my nuts ($100 in chips) 
Seat 6: Slami4 ($100.78 in chips) 
nickreason17: posts small blind $0.50
Supermegopro: posts big blind $1
*** HOLE CARDS ***
fish my nuts: folds 
Slami4: folds 
Timonessb: raises $1.30 to $2.30
Edi131313: folds 
nickreason17: folds 
Supermegopro: raises $9.70 to $12
Timonessb: folds 
Uncalled bet ($9.70) returned to Supermegopro
Supermegopro collected $5.10 from pot
Supermegopro: doesn't show hand 
*** SUMMARY ***
Total pot $5.10 | Rake $0 
Seat 1: Timonessb folded before Flop
Seat 2: Edi131313 (button) folded before Flop (didn't bet)
Seat 3: nickreason17 (small blind) folded before Flop
Seat 4: Supermegopro (big blind) collected ($5.10)
Seat 5: fish my nuts folded before Flop (didn't bet)
Seat 6: Slami4 folded before Flop (didn't bet)



PokerStars Hand #254730586279:  Hold'em No Limit ($0.50/$1.00 USD) - 2025/02/06 6:43:01 WET [2025/02/06 1:43:01 ET]
Table 'Sichuan' 6-max Seat #3 is the button
Seat 1: Timonessb ($208.68 in chips) 
Seat 2: Edi131313 ($81.96 in chips) 
Seat 3: nickreason17 ($100 in chips) 
Seat 4: Supermegopro ($102.80 in chips) 
Seat 5: fish my nuts ($100 in chips) 
Seat 6: Slami4 ($100.78 in chips) 
Supermegopro: posts small blind $0.50
fish my nuts: posts big blind $1
*** HOLE CARDS ***
Slami4: folds 
Timonessb: folds 
Edi131313: raises $1 to $2
nickreason17: folds 
Supermegopro: folds 
fish my nuts: folds 
Uncalled bet ($1) returned to Edi131313
Edi131313 collected $2.50 from pot
Edi131313: doesn't show hand 
*** SUMMARY ***
Total pot $2.50 | Rake $0 
Seat 1: Timonessb folded before Flop (didn't bet)
Seat 2: Edi131313 collected ($2.50)
Seat 3: nickreason17 (button) folded before Flop (didn't bet)
Seat 4: Supermegopro (small blind) folded before Flop
Seat 5: fish my nuts (big blind) folded before Flop
Seat 6: Slami4 folded before Flop (didn't bet)



PokerStars Hand #254730587372:  Hold'em No Limit ($0.50/$1.00 USD) - 2025/02/06 6:43:16 WET [2025/02/06 1:43:16 ET]
Table 'Sichuan' 6-max Seat #4 is the button
Seat 1: Timonessb ($208.68 in chips) 
Seat 2: Edi131313 ($83.46 in chips) 
Seat 3: nickreason17 ($100 in chips) 
Seat 4: Supermegopro ($102.30 in chips) 
Seat 5: fish my nuts ($100 in chips) 
Seat 6: Slami4 ($100.78 in chips) 
fish my nuts: posts small blind $0.50
Slami4: posts big blind $1
*** HOLE CARDS ***
Timonessb: folds 
Edi131313: folds 
nickreason17: folds 
Supermegopro: raises $1.50 to $2.50
fish my nuts: folds 
Slami4: folds 
Uncalled bet ($1.50) returned to Supermegopro
Supermegopro collected $2.50 from pot
Supermegopro: doesn't show hand 
*** SUMMARY ***
Total pot $2.50 | Rake $0 
Seat 1: Timonessb folded before Flop (didn't bet)
Seat 2: Edi131313 folded before Flop (didn't bet)
Seat 3: nickreason17 folded before Flop (didn't bet)
Seat 4: Supermegopro (button) collected ($2.50)
Seat 5: fish my nuts (small blind) folded before Flop
Seat 6: Slami4 (big blind) folded before Flop



PokerStars Hand #254730589482:  Hold'em No Limit ($0.50/$1.00 USD) - 2025/02/06 6:43:46 WET [2025/02/06 1:43:46 ET]
Table 'Sichuan' 6-max Seat #5 is the button
Seat 1: Timonessb ($208.68 in chips) 
Seat 2: Edi131313 ($83.46 in chips) 
Seat 3: nickreason17 ($100 in chips) 
Seat 4: Supermegopro ($103.80 in chips) 
Seat 5: fish my nuts ($100 in chips) 
Seat 6: Slami4 ($100 in chips) 
Slami4: posts small blind $0.50
Timonessb: posts big blind $1
*** HOLE CARDS ***
Edi131313: raises $1 to $2
nickreason17: folds 
Supermegopro: folds 
fish my nuts: folds 
Slami4: raises $8 to $10
Timonessb: folds 
Edi131313: calls $8
*** FLOP *** [4d 5h Ks]
Slami4: bets $6.58
Edi131313: folds 
Uncalled bet ($6.58) returned to Slami4
Slami4 collected $19.95 from pot
Slami4: doesn't show hand 
*** SUMMARY ***
Total pot $21 | Rake $1.05 
Board [4d 5h Ks]
Seat 1: Timonessb (big blind) folded before Flop
Seat 2: Edi131313 folded on the Flop
Seat 3: nickreason17 folded before Flop (didn't bet)
Seat 4: Supermegopro folded before Flop (didn't bet)
Seat 5: fish my nuts (button) folded before Flop (didn't bet)
Seat 6: Slami4 (small blind) collected ($19.95)



PokerStars Hand #254730591491:  Hold'em No Limit ($0.50/$1.00 USD) - 2025/02/06 6:44:15 WET [2025/02/06 1:44:15 ET]
Table 'Sichuan' 6-max Seat #6 is the button
Seat 1: Timonessb ($207.68 in chips) 
Seat 2: Edi131313 ($73.46 in chips) 
Seat 3: nickreason17 ($100 in chips) 
Seat 4: Supermegopro ($103.80 in chips) 
Seat 5: fish my nuts ($100 in chips) 
Seat 6: Slami4 ($109.95 in chips) 
Timonessb: posts small blind $0.50
Edi131313: posts big blind $1
*** HOLE CARDS ***
nickreason17: folds 
Supermegopro: folds 
fish my nuts: folds 
Slami4: folds 
Timonessb: folds 
Uncalled bet ($0.50) returned to Edi131313
Edi131313 collected $1 from pot
Edi131313: doesn't show hand 
*** SUMMARY ***
Total pot $1 | Rake $0 
Seat 1: Timonessb (small blind) folded before Flop
Seat 2: Edi131313 (big blind) collected ($1)
Seat 3: nickreason17 folded before Flop (didn't bet)
Seat 4: Supermegopro folded before Flop (didn't bet)
Seat 5: fish my nuts folded before Flop (didn't bet)
Seat 6: Slami4 (button) folded before Flop (didn't bet)



PokerStars Hand #254730592224:  Hold'em No Limit ($0.50/$1.00 USD) - 2025/02/06 6:44:25 WET [2025/02/06 1:44:25 ET]
Table 'Sichuan' 6-max Seat #1 is the button
Seat 1: Timonessb ($207.18 in chips) 
Seat 2: Edi131313 ($73.96 in chips) 
Seat 3: nickreason17 ($100 in chips) 
Seat 4: Supermegopro ($103.80 in chips) 
Seat 5: fish my nuts ($100 in chips) 
Seat 6: Slami4 ($109.95 in chips) 
Edi131313: posts small blind $0.50
nickreason17: posts big blind $1
*** HOLE CARDS ***
Supermegopro: folds 
fish my nuts: folds 
Slami4: raises $1.50 to $2.50
Timonessb: folds 
Edi131313: folds 
nickreason17: folds 
Uncalled bet ($1.50) returned to Slami4
Slami4 collected $2.50 from pot
Slami4: doesn't show hand 
*** SUMMARY ***
Total pot $2.50 | Rake $0 
Seat 1: Timonessb (button) folded before Flop (didn't bet)
Seat 2: Edi131313 (small blind) folded before Flop
Seat 3: nickreason17 (big blind) folded before Flop
Seat 4: Supermegopro folded before Flop (didn't bet)
Seat 5: fish my nuts folded before Flop (didn't bet)
Seat 6: Slami4 collected ($2.50)



PokerStars Hand #254730593179:  Hold'em No Limit ($0.50/$1.00 USD) - 2025/02/06 6:44:39 WET [2025/02/06 1:44:39 ET]
Table 'Sichuan' 6-max Seat #2 is the button
Seat 1: Timonessb ($207.18 in chips) 
Seat 2: Edi131313 ($73.46 in chips) 
Seat 3: nickreason17 ($100 in chips) 
Seat 4: Supermegopro ($103.80 in chips) 
Seat 5: fish my nuts ($100 in chips) 
Seat 6: Slami4 ($111.45 in chips) 
nickreason17: posts small blind $0.50
Supermegopro: posts big blind $1
*** HOLE CARDS ***
fish my nuts: raises $1.30 to $2.30
Slami4: folds 
Timonessb: folds 
Edi131313: calls $2.30
nickreason17: folds 
Supermegopro: folds 
*** FLOP *** [7c 5s 6h]
fish my nuts: checks 
Edi131313: bets $2.90
fish my nuts: folds 
Uncalled bet ($2.90) returned to Edi131313
Edi131313 collected $5.80 from pot
Edi131313: doesn't show hand 
*** SUMMARY ***
Total pot $6.10 | Rake $0.30 
Board [7c 5s 6h]
Seat 1: Timonessb folded before Flop (didn't bet)
Seat 2: Edi131313 (button) collected ($5.80)
Seat 3: nickreason17 (small blind) folded before Flop
Seat 4: Supermegopro (big blind) folded before Flop
Seat 5: fish my nuts folded on the Flop
Seat 6: Slami4 folded before Flop (didn't bet)



PokerStars Hand #254730595043:  Hold'em No Limit ($0.50/$1.00 USD) - 2025/02/06 6:45:06 WET [2025/02/06 1:45:06 ET]
Table 'Sichuan' 6-max Seat #3 is the button
Seat 1: Timonessb ($207.18 in chips) 
Seat 2: Edi131313 ($76.96 in chips) 
Seat 3: nickreason17 ($100 in chips) 
Seat 4: Supermegopro ($102.80 in chips) 
Seat 5: fish my nuts ($100 in chips) 
Seat 6: Slami4 ($111.45 in chips) 
Supermegopro: posts small blind $0.50
fish my nuts: posts big blind $1
*** HOLE CARDS ***
Slami4: folds 
Timonessb: folds 
Edi131313: folds 
nickreason17: folds 
Supermegopro: folds 
Uncalled bet ($0.50) returned to fish my nuts
fish my nuts collected $1 from pot
fish my nuts: doesn't show hand 
*** SUMMARY ***
Total pot $1 | Rake $0 
Seat 1: Timonessb folded before Flop (didn't bet)
Seat 2: Edi131313 folded before Flop (didn't bet)
Seat 3: nickreason17 (button) folded before Flop (didn't bet)
Seat 4: Supermegopro (small blind) folded before Flop
Seat 5: fish my nuts (big blind) collected ($1)
Seat 6: Slami4 folded before Flop (didn't bet)



PokerStars Hand #254730596069:  Hold'em No Limit ($0.50/$1.00 USD) - 2025/02/06 6:45:21 WET [2025/02/06 1:45:21 ET]
Table 'Sichuan' 6-max Seat #4 is the button
Seat 1: Timonessb ($207.18 in chips) 
Seat 2: Edi131313 ($76.96 in chips) 
Seat 3: nickreason17 ($100 in chips) 
Seat 4: Supermegopro ($102.30 in chips) 
Seat 5: fish my nuts ($100.50 in chips) 
Seat 6: Slami4 ($111.45 in chips) 
fish my nuts: posts small blind $0.50
Slami4: posts big blind $1
*** HOLE CARDS ***
Timonessb: folds 
Edi131313: folds 
nickreason17: folds 
Supermegopro: raises $1.50 to $2.50
fish my nuts: folds 
Slami4: folds 
Uncalled bet ($1.50) returned to Supermegopro
Supermegopro collected $2.50 from pot
Supermegopro: doesn't show hand 
*** SUMMARY ***
Total pot $2.50 | Rake $0 
Seat 1: Timonessb folded before Flop (didn't bet)
Seat 2: Edi131313 folded before Flop (didn't bet)
Seat 3: nickreason17 folded before Flop (didn't bet)
Seat 4: Supermegopro (button) collected ($2.50)
Seat 5: fish my nuts (small blind) folded before Flop
Seat 6: Slami4 (big blind) folded before Flop



PokerStars Hand #254730597058:  Hold'em No Limit ($0.50/$1.00 USD) - 2025/02/06 6:45:35 WET [2025/02/06 1:45:35 ET]
Table 'Sichuan' 6-max Seat #5 is the button
Seat 1: Timonessb ($207.18 in chips) 
Seat 2: Edi131313 ($76.96 in chips) 
Seat 3: nickreason17 ($100 in chips) 
Seat 4: Supermegopro ($103.80 in chips) 
Seat 5: fish my nuts ($100 in chips) 
Seat 6: Slami4 ($110.45 in chips) 
Slami4: posts small blind $0.50
Timonessb: posts big blind $1
*** HOLE CARDS ***
Edi131313: folds 
nickreason17: raises $1.25 to $2.25
Supermegopro: folds 
fish my nuts: folds 
Slami4: raises $8.75 to $11
Timonessb: folds 
nickreason17: calls $8.75
*** FLOP *** [8s 5c 2h]
Slami4: bets $14.42
nickreason17: calls $14.42
*** TURN *** [8s 5c 2h] [4d]
Slami4: bets $31.60
nickreason17: calls $31.60
*** RIVER *** [8s 5c 2h 4d] [5d]
Slami4: checks 
nickreason17: checks 
*** SHOW DOWN ***
Slami4: shows [Th Ts] (two pair, Tens and Fives)
nickreason17: mucks hand 
Slami4 collected $112.54 from pot
*** SUMMARY ***
Total pot $115.04 | Rake $2.50 
Board [8s 5c 2h 4d 5d]
Seat 1: Timonessb (big blind) folded before Flop
Seat 2: Edi131313 folded before Flop (didn't bet)
Seat 3: nickreason17 mucked
Seat 4: Supermegopro folded before Flop (didn't bet)
Seat 5: fish my nuts (button) folded before Flop (didn't bet)
Seat 6: Slami4 (small blind) showed [Th Ts] and won ($112.54) with two pair, Tens and Fives



PokerStars Hand #254730605658:  Hold'em No Limit ($0.50/$1.00 USD) - 2025/02/06 6:47:40 WET [2025/02/06 1:47:40 ET]
Table 'Sichuan' 6-max Seat #6 is the button
Seat 1: Timonessb ($206.18 in chips) 
Seat 2: Edi131313 ($76.96 in chips) 
Seat 3: nickreason17 ($100 in chips) 
Seat 4: Supermegopro ($103.80 in chips) 
Seat 5: fish my nuts ($100 in chips) 
Seat 6: Slami4 ($165.97 in chips) 
Timonessb: posts small blind $0.50
Edi131313: posts big blind $1
*** HOLE CARDS ***
nickreason17: folds 
Supermegopro: folds 
fish my nuts: folds 
Slami4: raises $1.50 to $2.50
Timonessb: calls $2
Edi131313: calls $1.50
*** FLOP *** [Tc 8s 4c]
Timonessb: checks 
Edi131313: checks 
Slami4: checks 
*** TURN *** [Tc 8s 4c] [5s]
Timonessb: checks 
Edi131313: checks 
Slami4: bets $2.35
Timonessb: folds 
Edi131313: calls $2.35
*** RIVER *** [Tc 8s 4c 5s] [Qc]
Edi131313: checks 
Slami4: bets $5.65
Edi131313: calls $5.65
*** SHOW DOWN ***
Slami4: shows [5h 5c] (three of a kind, Fives)
Edi131313: mucks hand 
Slami4 collected $22.32 from pot
*** SUMMARY ***
Total pot $23.50 | Rake $1.18 
Board [Tc 8s 4c 5s Qc]
Seat 1: Timonessb (small blind) folded on the Turn
Seat 2: Edi131313 (big blind) mucked
Seat 3: nickreason17 folded before Flop (didn't bet)
Seat 4: Supermegopro folded before Flop (didn't bet)
Seat 5: fish my nuts folded before Flop (didn't bet)
Seat 6: Slami4 (button) showed [5h 5c] and won ($22.32) with three of a kind, Fives



PokerStars Hand #254730611047:  Hold'em No Limit ($0.50/$1.00 USD) - 2025/02/06 6:48:56 WET [2025/02/06 1:48:56 ET]
Table 'Sichuan' 6-max Seat #1 is the button
Seat 1: Timonessb ($203.68 in chips) 
Seat 2: Edi131313 ($66.46 in chips) 
Seat 3: nickreason17 ($100 in chips) 
Seat 4: Supermegopro ($103.80 in chips) 
Seat 5: fish my nuts ($100 in chips) 
Seat 6: Slami4 ($177.79 in chips) 
Edi131313: posts small blind $0.50
nickreason17: posts big blind $1
*** HOLE CARDS ***
Supermegopro: folds 
fish my nuts: folds 
Slami4: folds 
Timonessb: folds 
Edi131313: folds 
Uncalled bet ($0.50) returned to nickreason17
nickreason17 collected $1 from pot
nickreason17: doesn't show hand 
*** SUMMARY ***
Total pot $1 | Rake $0 
Seat 1: Timonessb (button) folded before Flop (didn't bet)
Seat 2: Edi131313 (small blind) folded before Flop
Seat 3: nickreason17 (big blind) collected ($1)
Seat 4: Supermegopro folded before Flop (didn't bet)
Seat 5: fish my nuts folded before Flop (didn't bet)
Seat 6: Slami4 folded before Flop (didn't bet)



PokerStars Hand #254730611648:  Hold'em No Limit ($0.50/$1.00 USD) - 2025/02/06 6:49:05 WET [2025/02/06 1:49:05 ET]
Table 'Sichuan' 6-max Seat #2 is the button
Seat 1: Timonessb ($203.68 in chips) 
Seat 2: Edi131313 ($65.96 in chips) 
Seat 3: nickreason17 ($100.50 in chips) 
Seat 4: Supermegopro ($103.80 in chips) 
Seat 5: fish my nuts ($100 in chips) 
Seat 6: Slami4 ($177.79 in chips) 
nickreason17: posts small blind $0.50
Supermegopro: posts big blind $1
*** HOLE CARDS ***
fish my nuts: folds 
Slami4: folds 
Timonessb: folds 
Edi131313: raises $1 to $2
nickreason17: folds 
Supermegopro: calls $1
*** FLOP *** [Ts 9h 8c]
Supermegopro: checks 
Edi131313: checks 
*** TURN *** [Ts 9h 8c] [7c]
Supermegopro: checks 
Edi131313: checks 
*** RIVER *** [Ts 9h 8c 7c] [Jh]
Supermegopro: checks 
Edi131313: checks 
*** SHOW DOWN ***
Supermegopro: shows [Ks 8h] (a straight, Seven to Jack)
Edi131313: shows [Td Ah] (a straight, Seven to Jack)
Supermegopro collected $2.14 from pot
Edi131313 collected $2.14 from pot
*** SUMMARY ***
Total pot $4.50 | Rake $0.22 
Board [Ts 9h 8c 7c Jh]
Seat 1: Timonessb folded before Flop (didn't bet)
Seat 2: Edi131313 (button) showed [Td Ah] and won ($2.14) with a straight, Seven to Jack
Seat 3: nickreason17 (small blind) folded before Flop
Seat 4: Supermegopro (big blind) showed [Ks 8h] and won ($2.14) with a straight, Seven to Jack
Seat 5: fish my nuts folded before Flop (didn't bet)
Seat 6: Slami4 folded before Flop (didn't bet)



PokerStars Hand #254730617011:  Hold'em No Limit ($0.50/$1.00 USD) - 2025/02/06 6:50:21 WET [2025/02/06 1:50:21 ET]
Table 'Sichuan' 6-max Seat #5 is the button
Seat 1: Timonessb ($203.68 in chips) 
Seat 2: Edi131313 ($63.60 in chips) 
Seat 3: nickreason17 ($100 in chips) 
Seat 4: Supermegopro ($109.52 in chips) 
Seat 5: fish my nuts ($100 in chips) 
Seat 6: Slami4 ($175.79 in chips) 
Slami4: posts small blind $0.50
Timonessb: posts big blind $1
*** HOLE CARDS ***
Edi131313: raises $1 to $2
nickreason17: folds 
Supermegopro: folds 
fish my nuts: folds 
Slami4: folds 
Timonessb: calls $1
*** FLOP *** [9c 4s 8s]
Timonessb: checks 
Edi131313: checks 
*** TURN *** [9c 4s 8s] [7c]
Timonessb: bets $4.24
Edi131313: folds 
Uncalled bet ($4.24) returned to Timonessb
Timonessb collected $4.28 from pot
*** SUMMARY ***
Total pot $4.50 | Rake $0.22 
Board [9c 4s 8s 7c]
Seat 1: Timonessb (big blind) collected ($4.28)
Seat 2: Edi131313 folded on the Turn
Seat 3: nickreason17 folded before Flop (didn't bet)
Seat 4: Supermegopro folded before Flop (didn't bet)
Seat 5: fish my nuts (button) folded before Flop (didn't bet)
Seat 6: Slami4 (small blind) folded before Flop



PokerStars Hand #254730618402:  Hold'em No Limit ($0.50/$1.00 USD) - 2025/02/06 6:50:40 WET [2025/02/06 1:50:40 ET]
Table 'Sichuan' 6-max Seat #6 is the button
Seat 1: Timonessb ($205.96 in chips) 
Seat 2: Edi131313 ($61.60 in chips) 
Seat 3: nickreason17 ($100 in chips) 
Seat 4: Supermegopro ($109.52 in chips) 
Seat 5: fish my nuts ($100 in chips) 
Seat 6: Slami4 ($175.29 in chips) 
Timonessb: posts small blind $0.50
Edi131313: posts big blind $1
*** HOLE CARDS ***
nickreason17: folds 
Supermegopro: folds 
fish my nuts: folds 
Slami4: folds 
Timonessb: raises $1 to $2
Edi131313: calls $1
*** FLOP *** [Kh Qc Ah]
Timonessb: checks 
Edi131313: checks 
*** TURN *** [Kh Qc Ah] [As]
Timonessb: bets $1.94
Edi131313: folds 
Uncalled bet ($1.94) returned to Timonessb
Timonessb collected $3.80 from pot
Timonessb: doesn't show hand 
*** SUMMARY ***
Total pot $4 | Rake $0.20 
Board [Kh Qc Ah As]
Seat 1: Timonessb (small blind) collected ($3.80)
Seat 2: Edi131313 (big blind) folded on the Turn
Seat 3: nickreason17 folded before Flop (didn't bet)
Seat 4: Supermegopro folded before Flop (didn't bet)
Seat 5: fish my nuts folded before Flop (didn't bet)
Seat 6: Slami4 (button) folded before Flop (didn't bet)



PokerStars Hand #254730620026:  Hold'em No Limit ($0.50/$1.00 USD) - 2025/02/06 6:51:03 WET [2025/02/06 1:51:03 ET]
Table 'Sichuan' 6-max Seat #1 is the button
Seat 1: Timonessb ($207.76 in chips) 
Seat 2: Edi131313 ($59.60 in chips) 
Seat 3: nickreason17 ($100 in chips) 
Seat 4: Supermegopro ($109.52 in chips) 
Seat 5: fish my nuts ($100 in chips) 
Seat 6: Slami4 ($175.29 in chips) 
Edi131313: posts small blind $0.50
nickreason17: posts big blind $1
*** HOLE CARDS ***
Supermegopro: folds 
fish my nuts: folds 
Slami4: folds 
Timonessb: folds 
Edi131313: raises $1 to $2
nickreason17: calls $1
*** FLOP *** [5h As 4c]
Edi131313: checks 
nickreason17: bets $1.14
Edi131313: calls $1.14
*** TURN *** [5h As 4c] [Qs]
Edi131313: checks 
nickreason17: bets $6
Edi131313: calls $6
*** RIVER *** [5h As 4c Qs] [Ah]
Edi131313: bets $8.69
nickreason17: folds 
Uncalled bet ($8.69) returned to Edi131313
Edi131313 collected $17.37 from pot
Edi131313: doesn't show hand 
*** SUMMARY ***
Total pot $18.28 | Rake $0.91 
Board [5h As 4c Qs Ah]
Seat 1: Timonessb (button) folded before Flop (didn't bet)
Seat 2: Edi131313 (small blind) collected ($17.37)
Seat 3: nickreason17 (big blind) folded on the River
Seat 4: Supermegopro folded before Flop (didn't bet)
Seat 5: fish my nuts folded before Flop (didn't bet)
Seat 6: Slami4 folded before Flop (didn't bet)



PokerStars Hand #254730622804:  Hold'em No Limit ($0.50/$1.00 USD) - 2025/02/06 6:51:42 WET [2025/02/06 1:51:42 ET]
Table 'Sichuan' 6-max Seat #2 is the button
Seat 1: Timonessb ($207.76 in chips) 
Seat 2: Edi131313 ($67.83 in chips) 
Seat 3: nickreason17 ($100 in chips) 
Seat 4: Supermegopro ($109.52 in chips) 
Seat 5: fish my nuts ($100 in chips) 
Seat 6: Slami4 ($175.29 in chips) 
nickreason17: posts small blind $0.50
Supermegopro: posts big blind $1
*** HOLE CARDS ***
fish my nuts: folds 
Slami4: folds 
Timonessb: folds 
Edi131313: folds 
nickreason17: folds 
Uncalled bet ($0.50) returned to Supermegopro
Supermegopro collected $1 from pot
Supermegopro: doesn't show hand 
*** SUMMARY ***
Total pot $1 | Rake $0 
Seat 1: Timonessb folded before Flop (didn't bet)
Seat 2: Edi131313 (button) folded before Flop (didn't bet)
Seat 3: nickreason17 (small blind) folded before Flop
Seat 4: Supermegopro (big blind) collected ($1)
Seat 5: fish my nuts folded before Flop (didn't bet)
Seat 6: Slami4 folded before Flop (didn't bet)



PokerStars Hand #254730623589:  Hold'em No Limit ($0.50/$1.00 USD) - 2025/02/06 6:51:54 WET [2025/02/06 1:51:54 ET]
Table 'Sichuan' 6-max Seat #3 is the button
Seat 1: Timonessb ($207.76 in chips) 
Seat 2: Edi131313 ($67.83 in chips) 
Seat 3: nickreason17 ($100 in chips) 
Seat 4: Supermegopro ($110.02 in chips) 
Seat 5: fish my nuts ($100 in chips) 
Seat 6: Slami4 ($175.29 in chips) 
Supermegopro: posts small blind $0.50
fish my nuts: posts big blind $1
*** HOLE CARDS ***
Slami4: folds 
Timonessb: folds 
Edi131313: folds 
nickreason17: raises $1.50 to $2.50
Supermegopro: folds 
fish my nuts: folds 
Uncalled bet ($1.50) returned to nickreason17
nickreason17 collected $2.50 from pot
nickreason17: doesn't show hand 
*** SUMMARY ***
Total pot $2.50 | Rake $0 
Seat 1: Timonessb folded before Flop (didn't bet)
Seat 2: Edi131313 folded before Flop (didn't bet)
Seat 3: nickreason17 (button) collected ($2.50)
Seat 4: Supermegopro (small blind) folded before Flop
Seat 5: fish my nuts (big blind) folded before Flop
Seat 6: Slami4 folded before Flop (didn't bet)



PokerStars Hand #254730624938:  Hold'em No Limit ($0.50/$1.00 USD) - 2025/02/06 6:52:13 WET [2025/02/06 1:52:13 ET]
Table 'Sichuan' 6-max Seat #4 is the button
Seat 1: Timonessb ($207.76 in chips) 
Seat 2: Edi131313 ($67.83 in chips) 
Seat 3: nickreason17 ($101.50 in chips) 
Seat 4: Supermegopro ($109.52 in chips) 
Seat 5: fish my nuts ($100 in chips) 
Seat 6: Slami4 ($175.29 in chips) 
fish my nuts: posts small blind $0.50
Slami4: posts big blind $1
*** HOLE CARDS ***
Timonessb: folds 
Edi131313: folds 
nickreason17: folds 
Supermegopro: folds 
fish my nuts: folds 
Uncalled bet ($0.50) returned to Slami4
Slami4 collected $1 from pot
Slami4: doesn't show hand 
*** SUMMARY ***
Total pot $1 | Rake $0 
Seat 1: Timonessb folded before Flop (didn't bet)
Seat 2: Edi131313 folded before Flop (didn't bet)
Seat 3: nickreason17 folded before Flop (didn't bet)
Seat 4: Supermegopro (button) folded before Flop (didn't bet)
Seat 5: fish my nuts (small blind) folded before Flop
Seat 6: Slami4 (big blind) collected ($1)



PokerStars Hand #254730625904:  Hold'em No Limit ($0.50/$1.00 USD) - 2025/02/06 6:52:28 WET [2025/02/06 1:52:28 ET]
Table 'Sichuan' 6-max Seat #5 is the button
Seat 1: Timonessb ($207.76 in chips) 
Seat 2: Edi131313 ($67.83 in chips) 
Seat 3: nickreason17 ($101.50 in chips) 
Seat 4: Supermegopro ($109.52 in chips) 
Seat 5: fish my nuts ($100 in chips) 
Seat 6: Slami4 ($175.79 in chips) 
Slami4: posts small blind $0.50
Timonessb: posts big blind $1
*** HOLE CARDS ***
Edi131313: raises $1 to $2
nickreason17: folds 
Supermegopro: folds 
fish my nuts: raises $4.50 to $6.50
Slami4: folds 
Timonessb: folds 
Edi131313: calls $4.50
*** FLOP *** [Ts 5h 4s]
Edi131313: checks 
fish my nuts: bets $3.45
Edi131313: calls $3.45
*** TURN *** [Ts 5h 4s] [2d]
Edi131313: checks 
fish my nuts: checks 
*** RIVER *** [Ts 5h 4s 2d] [2c]
Edi131313: bets $10.17
fish my nuts: folds 
Uncalled bet ($10.17) returned to Edi131313
Edi131313 collected $20.33 from pot
Edi131313: doesn't show hand 
*** SUMMARY ***
Total pot $21.40 | Rake $1.07 
Board [Ts 5h 4s 2d 2c]
Seat 1: Timonessb (big blind) folded before Flop
Seat 2: Edi131313 collected ($20.33)
Seat 3: nickreason17 folded before Flop (didn't bet)
Seat 4: Supermegopro folded before Flop (didn't bet)
Seat 5: fish my nuts (button) folded on the River
Seat 6: Slami4 (small blind) folded before Flop



PokerStars Hand #254730533620:  Hold'em No Limit ($0.50/$1.00 USD) - 2025/02/06 6:30:35 WET [2025/02/06 1:30:35 ET]
Table 'Sichuan' 6-max Seat #4 is the button
Seat 1: Flix2204 ($101.50 in chips) 
Seat 2: Edi131313 ($93 in chips) 
Seat 3: nickreason17 ($107.72 in chips) 
Seat 4: Melenya ($100 in chips) 
Seat 5: vitalik_sw ($102 in chips) 
Seat 6: Burlica2013 ($103.95 in chips) 
vitalik_sw: posts small blind $0.50
Burlica2013: posts big blind $1
*** HOLE CARDS ***
Flix2204: raises $1 to $2
Edi131313: folds 
nickreason17: folds 
Melenya: folds 
vitalik_sw: folds 
Burlica2013: folds 
Uncalled bet ($1) returned to Flix2204
Flix2204 collected $2.50 from pot
Flix2204: doesn't show hand 
*** SUMMARY ***
Total pot $2.50 | Rake $0 
Seat 1: Flix2204 collected ($2.50)
Seat 2: Edi131313 folded before Flop (didn't bet)
Seat 3: nickreason17 folded before Flop (didn't bet)
Seat 4: Melenya (button) folded before Flop (didn't bet)
Seat 5: vitalik_sw (small blind) folded before Flop
Seat 6: Burlica2013 (big blind) folded before Flop



PokerStars Hand #254730613544:  Hold'em No Limit ($0.50/$1.00 USD) - 2025/02/06 6:49:32 WET [2025/02/06 1:49:32 ET]
Table 'Sichuan' 6-max Seat #3 is the button
Seat 1: Timonessb ($203.68 in chips) 
Seat 2: Edi131313 ($66.10 in chips) 
Seat 3: nickreason17 ($100 in chips) 
Seat 4: Supermegopro ($103.94 in chips) 
Seat 5: fish my nuts ($100 in chips) 
Seat 6: Slami4 ($177.79 in chips) 
Supermegopro: posts small blind $0.50
fish my nuts: posts big blind $1
*** HOLE CARDS ***
Slami4: raises $1.50 to $2.50
Timonessb: folds 
Edi131313: calls $2.50
nickreason17: folds 
Supermegopro: calls $2
fish my nuts: folds 
*** FLOP *** [Th 4d Kd]
Supermegopro: checks 
Slami4: checks 
Edi131313: checks 
*** TURN *** [Th 4d Kd] [Kc]
Supermegopro: checks 
Slami4: checks 
Edi131313: checks 
*** RIVER *** [Th 4d Kd Kc] [8h]
Supermegopro: checks 
Slami4: checks 
Edi131313: checks 
*** SHOW DOWN ***
Supermegopro: shows [Jh As] (a pair of Kings)
Slami4: mucks hand 
Edi131313: mucks hand 
Supermegopro collected $8.08 from pot
*** SUMMARY ***
Total pot $8.50 | Rake $0.42 
Board [Th 4d Kd Kc 8h]
Seat 1: Timonessb folded before Flop (didn't bet)
Seat 2: Edi131313 mucked
Seat 3: nickreason17 (button) folded before Flop (didn't bet)
Seat 4: Supermegopro (small blind) showed [Jh As] and won ($8.08) with a pair of Kings
Seat 5: fish my nuts (big blind) folded before Flop
Seat 6: Slami4 mucked



PokerStars Hand #254730616147:  Hold'em No Limit ($0.50/$1.00 USD) - 2025/02/06 6:50:08 WET [2025/02/06 1:50:08 ET]
Table 'Sichuan' 6-max Seat #4 is the button
Seat 1: Timonessb ($203.68 in chips) 
Seat 2: Edi131313 ($63.60 in chips) 
Seat 3: nickreason17 ($100 in chips) 
Seat 4: Supermegopro ($109.52 in chips) 
Seat 5: fish my nuts ($100 in chips) 
Seat 6: Slami4 ($175.29 in chips) 
fish my nuts: posts small blind $0.50
Slami4: posts big blind $1
*** HOLE CARDS ***
Timonessb: folds 
Edi131313: folds 
nickreason17: folds 
Supermegopro: folds 
fish my nuts: folds 
Uncalled bet ($0.50) returned to Slami4
Slami4 collected $1 from pot
Slami4: doesn't show hand 
*** SUMMARY ***
Total pot $1 | Rake $0 
Seat 1: Timonessb folded before Flop (didn't bet)
Seat 2: Edi131313 folded before Flop (didn't bet)
Seat 3: nickreason17 folded before Flop (didn't bet)
Seat 4: Supermegopro (button) folded before Flop (didn't bet)
Seat 5: fish my nuts (small blind) folded before Flop
Seat 6: Slami4 (big blind) collected ($1)



PokerStars Hand #254740491926:  Hold'em No Limit ($0.50/$1.00 USD) - 2025/02/06 22:01:48 WET [2025/02/06 17:01:48 ET]
Table 'Sichuan' 6-max Seat #6 is the button
Seat 1: andutu34 ($100 in chips) 
Seat 2: lucasomanes ($83.41 in chips) 
Seat 3: steepfell ($100 in chips) 
Seat 4: Alinyr ($104.73 in chips) 
Seat 5: SorinS28 ($100 in chips) 
Seat 6: CichiChanMarian ($100 in chips) 
andutu34: posts small blind $0.50
lucasomanes: posts big blind $1
*** HOLE CARDS ***
steepfell: raises $1.50 to $2.50
Alinyr: folds 
SorinS28: folds 
CichiChanMarian: folds 
andutu34: folds 
lucasomanes: calls $1.50
*** FLOP *** [8c 5c 5d]
lucasomanes: checks 
steepfell: bets $2.61
lucasomanes: calls $2.61
*** TURN *** [8c 5c 5d] [4s]
lucasomanes: checks 
steepfell: bets $7.64
lucasomanes: folds 
Uncalled bet ($7.64) returned to steepfell
steepfell collected $10.18 from pot
steepfell: doesn't show hand 
*** SUMMARY ***
Total pot $10.72 | Rake $0.54 
Board [8c 5c 5d 4s]
Seat 1: andutu34 (small blind) folded before Flop
Seat 2: lucasomanes (big blind) folded on the Turn
Seat 3: steepfell collected ($10.18)
Seat 4: Alinyr folded before Flop (didn't bet)
Seat 5: SorinS28 folded before Flop (didn't bet)
Seat 6: CichiChanMarian (button) folded before Flop (didn't bet)



PokerStars Hand #254740501479:  Hold'em No Limit ($0.50/$1.00 USD) - 2025/02/06 22:02:23 WET [2025/02/06 17:02:23 ET]
Table 'Sichuan' 6-max Seat #1 is the button
Seat 1: andutu34 ($100 in chips) 
Seat 2: lucasomanes ($78.30 in chips) 
Seat 3: steepfell ($105.07 in chips) 
Seat 4: Alinyr ($104.73 in chips) 
Seat 5: SorinS28 ($100 in chips) 
Seat 6: CichiChanMarian ($100 in chips) 
lucasomanes: posts small blind $0.50
steepfell: posts big blind $1
*** HOLE CARDS ***
Alinyr: folds 
SorinS28: folds 
CichiChanMarian: folds 
andutu34: folds 
lucasomanes: calls $0.50
steepfell: checks 
*** FLOP *** [Td 3c Ah]
lucasomanes: checks 
steepfell: checks 
*** TURN *** [Td 3c Ah] [Qc]
lucasomanes: bets $1.90
steepfell: folds 
Uncalled bet ($1.90) returned to lucasomanes
lucasomanes collected $1.90 from pot
*** SUMMARY ***
Total pot $2 | Rake $0.10 
Board [Td 3c Ah Qc]
Seat 1: andutu34 (button) folded before Flop (didn't bet)
Seat 2: lucasomanes (small blind) collected ($1.90)
Seat 3: steepfell (big blind) folded on the Turn
Seat 4: Alinyr folded before Flop (didn't bet)
Seat 5: SorinS28 folded before Flop (didn't bet)
Seat 6: CichiChanMarian folded before Flop (didn't bet)



PokerStars Hand #254740508446:  Hold'em No Limit ($0.50/$1.00 USD) - 2025/02/06 22:02:47 WET [2025/02/06 17:02:47 ET]
Table 'Sichuan' 6-max Seat #2 is the button
Seat 1: andutu34 ($100 in chips) 
Seat 2: lucasomanes ($79.20 in chips) 
Seat 3: steepfell ($104.07 in chips) 
Seat 4: Alinyr ($104.73 in chips) 
Seat 5: SorinS28 ($100 in chips) 
Seat 6: CichiChanMarian ($100 in chips) 
steepfell: posts small blind $0.50
Alinyr: posts big blind $1
*** HOLE CARDS ***
SorinS28: folds 
CichiChanMarian: raises $1.50 to $2.50
andutu34: folds 
lucasomanes: raises $6.50 to $9
steepfell: folds 
Alinyr: folds 
CichiChanMarian: calls $6.50
*** FLOP *** [Ac 8d 2d]
CichiChanMarian: checks 
lucasomanes: bets $13.26
CichiChanMarian: calls $13.26
*** TURN *** [Ac 8d 2d] [Js]
CichiChanMarian: checks 
lucasomanes: checks 
*** RIVER *** [Ac 8d 2d Js] [As]
CichiChanMarian: checks 
lucasomanes: bets $21.86
CichiChanMarian: raises $55.88 to $77.74 and is all-in
lucasomanes: folds 
Uncalled bet ($55.88) returned to CichiChanMarian
CichiChanMarian collected $87.24 from pot
CichiChanMarian: doesn't show hand 
*** SUMMARY ***
Total pot $89.74 | Rake $2.50 
Board [Ac 8d 2d Js As]
Seat 1: andutu34 folded before Flop (didn't bet)
Seat 2: lucasomanes (button) folded on the River
Seat 3: steepfell (small blind) folded before Flop
Seat 4: Alinyr (big blind) folded before Flop
Seat 5: SorinS28 folded before Flop (didn't bet)
Seat 6: CichiChanMarian collected ($87.24)



PokerStars Hand #254740528323:  Hold'em No Limit ($0.50/$1.00 USD) - 2025/02/06 22:03:57 WET [2025/02/06 17:03:57 ET]
Table 'Sichuan' 6-max Seat #3 is the button
Seat 1: andutu34 ($100 in chips) 
Seat 2: lucasomanes ($35.08 in chips) 
Seat 3: steepfell ($103.57 in chips) 
Seat 4: Alinyr ($103.73 in chips) 
Seat 5: SorinS28 ($100 in chips) 
Seat 6: CichiChanMarian ($143.12 in chips) 
Alinyr: posts small blind $0.50
SorinS28: posts big blind $1
*** HOLE CARDS ***
CichiChanMarian: folds 
andutu34: folds 
lucasomanes: folds 
steepfell: raises $1.50 to $2.50
Alinyr: folds 
SorinS28: raises $10.50 to $13
steepfell: folds 
Uncalled bet ($10.50) returned to SorinS28
SorinS28 collected $5.50 from pot
SorinS28: doesn't show hand 
*** SUMMARY ***
Total pot $5.50 | Rake $0 
Seat 1: andutu34 folded before Flop (didn't bet)
Seat 2: lucasomanes folded before Flop (didn't bet)
Seat 3: steepfell (button) folded before Flop
Seat 4: Alinyr (small blind) folded before Flop
Seat 5: SorinS28 (big blind) collected ($5.50)
Seat 6: CichiChanMarian folded before Flop (didn't bet)



PokerStars Hand #254740535573:  Hold'em No Limit ($0.50/$1.00 USD) - 2025/02/06 22:04:22 WET [2025/02/06 17:04:22 ET]
Table 'Sichuan' 6-max Seat #4 is the button
Seat 1: andutu34 ($100 in chips) 
Seat 2: lucasomanes ($35.08 in chips) 
Seat 3: steepfell ($101.07 in chips) 
Seat 4: Alinyr ($103.23 in chips) 
Seat 5: SorinS28 ($103 in chips) 
Seat 6: CichiChanMarian ($143.12 in chips) 
SorinS28: posts small blind $0.50
CichiChanMarian: posts big blind $1
*** HOLE CARDS ***
andutu34: raises $1 to $2
lucasomanes: calls $2
steepfell: folds 
Alinyr: folds 
SorinS28: folds 
CichiChanMarian: folds 
*** FLOP *** [3d 7s 9d]
andutu34: checks 
lucasomanes: bets $2.61
andutu34: raises $7.83 to $10.44
lucasomanes: raises $22.64 to $33.08 and is all-in
andutu34: calls $22.64
*** TURN *** [3d 7s 9d] [Qh]
*** RIVER *** [3d 7s 9d Qh] [Kd]
*** SHOW DOWN ***
andutu34: shows [Kh Ks] (three of a kind, Kings)
lucasomanes: shows [7c Ac] (a pair of Sevens)
andutu34 collected $69.16 from pot
lucasomanes is disconnected 
*** SUMMARY ***
Total pot $71.66 | Rake $2.50 
Board [3d 7s 9d Qh Kd]
Seat 1: andutu34 showed [Kh Ks] and won ($69.16) with three of a kind, Kings
Seat 2: lucasomanes showed [7c Ac] and lost with a pair of Sevens
Seat 3: steepfell folded before Flop (didn't bet)
Seat 4: Alinyr (button) folded before Flop (didn't bet)
Seat 5: SorinS28 (small blind) folded before Flop
Seat 6: CichiChanMarian (big blind) folded before Flop



PokerStars Hand #254740545627:  Hold'em No Limit ($0.50/$1.00 USD) - 2025/02/06 22:04:56 WET [2025/02/06 17:04:56 ET]
Table 'Sichuan' 6-max Seat #5 is the button
Seat 2: lucasomanes ($0 in chips) is sitting out
Seat 1: andutu34 ($134.08 in chips) 
Seat 3: steepfell ($101.07 in chips) 
Seat 4: Alinyr ($103.23 in chips) 
Seat 5: SorinS28 ($102.50 in chips) 
Seat 6: CichiChanMarian ($142.12 in chips) 
CichiChanMarian: posts small blind $0.50
andutu34: posts big blind $1
*** HOLE CARDS ***
steepfell: folds 
Alinyr: folds 
SorinS28: raises $1.50 to $2.50
CichiChanMarian: folds 
andutu34: calls $1.50
*** FLOP *** [Ks Ac Kd]
andutu34: checks 
SorinS28: bets $1.46
andutu34: calls $1.46
*** TURN *** [Ks Ac Kd] [4s]
andutu34: checks 
SorinS28: checks 
*** RIVER *** [Ks Ac Kd 4s] [5s]
andutu34: checks 
SorinS28: bets $4
andutu34: folds 
Uncalled bet ($4) returned to SorinS28
SorinS28 collected $8 from pot
SorinS28: doesn't show hand 
*** SUMMARY ***
Total pot $8.42 | Rake $0.42 
Board [Ks Ac Kd 4s 5s]
Seat 2: lucasomanes
Seat 1: andutu34 (big blind) folded on the River
Seat 3: steepfell folded before Flop (didn't bet)
Seat 4: Alinyr folded before Flop (didn't bet)
Seat 5: SorinS28 (button) collected ($8)
Seat 6: CichiChanMarian (small blind) folded before Flop



PokerStars Hand #254740577828:  Hold'em No Limit ($0.50/$1.00 USD) - 2025/02/06 22:06:48 WET [2025/02/06 17:06:48 ET]
Table 'Sichuan' 6-max Seat #6 is the button
Seat 2: lucasomanes ($0 in chips) is sitting out
Seat 1: andutu34 ($130.12 in chips) 
Seat 3: steepfell ($101.07 in chips) 
Seat 4: Alinyr ($103.23 in chips) 
Seat 5: SorinS28 ($106.54 in chips) 
Seat 6: CichiChanMarian ($141.62 in chips) 
andutu34: posts small blind $0.50
steepfell: posts big blind $1
*** HOLE CARDS ***
Alinyr: folds 
SorinS28: raises $1.30 to $2.30
CichiChanMarian: folds 
andutu34: folds 
steepfell: folds 
Uncalled bet ($1.30) returned to SorinS28
SorinS28 collected $2.50 from pot
SorinS28: doesn't show hand 
*** SUMMARY ***
Total pot $2.50 | Rake $0 
Seat 2: lucasomanes
Seat 1: andutu34 (small blind) folded before Flop
Seat 3: steepfell (big blind) folded before Flop
Seat 4: Alinyr folded before Flop (didn't bet)
Seat 5: SorinS28 collected ($2.50)
Seat 6: CichiChanMarian (button) folded before Flop (didn't bet)



PokerStars Hand #254740582201:  Hold'em No Limit ($0.50/$1.00 USD) - 2025/02/06 22:07:03 WET [2025/02/06 17:07:03 ET]
Table 'Sichuan' 6-max Seat #1 is the button
Seat 2: lucasomanes ($0 in chips) is sitting out
Seat 1: andutu34 ($129.62 in chips) 
Seat 3: steepfell ($100.07 in chips) 
Seat 4: Alinyr ($103.23 in chips) 
Seat 5: SorinS28 ($108.04 in chips) 
Seat 6: CichiChanMarian ($141.62 in chips) 
steepfell: posts small blind $0.50
Alinyr: posts big blind $1
*** HOLE CARDS ***
SorinS28: folds 
SorinS28 leaves the table
CichiChanMarian: folds 
andutu34: folds 
steepfell: raises $2 to $3
Alinyr: folds 
Uncalled bet ($2) returned to steepfell
steepfell collected $2 from pot
steepfell: doesn't show hand 
*** SUMMARY ***
Total pot $2 | Rake $0 
Seat 2: lucasomanes
Seat 1: andutu34 (button) folded before Flop (didn't bet)
Seat 3: steepfell (small blind) collected ($2)
Seat 4: Alinyr (big blind) folded before Flop
Seat 5: SorinS28 folded before Flop (didn't bet)
Seat 6: CichiChanMarian folded before Flop (didn't bet)



PokerStars Hand #254740586757:  Hold'em No Limit ($0.50/$1.00 USD) - 2025/02/06 22:07:18 WET [2025/02/06 17:07:18 ET]
Table 'Sichuan' 6-max Seat #3 is the button
Seat 2: lucasomanes ($0 in chips) is sitting out
Seat 1: andutu34 ($129.62 in chips) 
Seat 3: steepfell ($101.07 in chips) 
Seat 4: Alinyr ($102.23 in chips) 
Seat 6: CichiChanMarian ($141.62 in chips) 
Alinyr: posts small blind $0.50
CichiChanMarian: posts big blind $1
*** HOLE CARDS ***
andutu34: folds 
andutu34 leaves the table
steepfell: raises $1.50 to $2.50
Alinyr: folds 
CichiChanMarian: calls $1.50
*** FLOP *** [7h 8s Qc]
CichiChanMarian: checks 
steepfell: checks 
*** TURN *** [7h 8s Qc] [Qs]
CichiChanMarian: checks 
steepfell: bets $2.61
CichiChanMarian: folds 
Uncalled bet ($2.61) returned to steepfell
steepfell collected $5.22 from pot
steepfell: doesn't show hand 
*** SUMMARY ***
Total pot $5.50 | Rake $0.28 
Board [7h 8s Qc Qs]
Seat 2: lucasomanes
Seat 1: andutu34 folded before Flop (didn't bet)
Seat 3: steepfell (button) collected ($5.22)
Seat 4: Alinyr (small blind) folded before Flop
Seat 6: CichiChanMarian (big blind) folded on the Turn



PokerStars Hand #254740597368:  Hold'em No Limit ($0.50/$1.00 USD) - 2025/02/06 22:07:56 WET [2025/02/06 17:07:56 ET]
Table 'Sichuan' 6-max Seat #4 is the button
Seat 2: lucasomanes ($0 in chips) is sitting out
Seat 3: steepfell ($103.79 in chips) 
Seat 4: Alinyr ($101.73 in chips) 
Seat 6: CichiChanMarian ($139.12 in chips) 
CichiChanMarian: posts small blind $0.50
steepfell: posts big blind $1
*** HOLE CARDS ***
Alinyr: folds 
CichiChanMarian: folds 
Uncalled bet ($0.50) returned to steepfell
steepfell collected $1 from pot
steepfell: doesn't show hand 
*** SUMMARY ***
Total pot $1 | Rake $0 
Seat 2: lucasomanes
Seat 3: steepfell (big blind) collected ($1)
Seat 4: Alinyr (button) folded before Flop (didn't bet)
Seat 6: CichiChanMarian (small blind) folded before Flop



