PokerStars Hand #254730539270:  Hold'em No Limit ($0.50/$1.00 USD) - 2025/02/06 6:31:55 WET [2025/02/06 1:31:55 ET]
Table 'Korczak' 6-max Seat #5 is the button
Seat 1: rao999 ($112.23 in chips) 
Seat 2: B1GBankroll ($130.82 in chips) 
Seat 3: CaHek-Ty3 ($133.30 in chips) 
Seat 4: Alinyr ($100 in chips) 
Seat 5: tzzatzza17 ($42.50 in chips) 
Seat 6: nastja336 ($146.42 in chips) 
nastja336: posts small blind $0.50
rao999: posts big blind $1
*** HOLE CARDS ***
B1GBankroll: folds 
CaHek-Ty3: folds 
Alinyr: raises $1.28 to $2.28
tzzatzza17: raises $40.22 to $42.50 and is all-in
nastja336: folds 
rao999: folds 
Alinyr: folds 
Uncalled bet ($40.22) returned to tzzatzza17
tzzatzza17 collected $6.06 from pot
*** SUMMARY ***
Total pot $6.06 | Rake $0 
Seat 1: rao999 (big blind) folded before Flop
Seat 2: B1GBankroll folded before Flop (didn't bet)
Seat 3: CaHek-Ty3 folded before Flop (didn't bet)
Seat 4: Alinyr folded before Flop
Seat 5: tzzatzza17 (button) collected ($6.06)
Seat 6: nastja336 (small blind) folded before Flop



PokerStars Hand #254730540826:  Hold'em No Limit ($0.50/$1.00 USD) - 2025/02/06 6:32:17 WET [2025/02/06 1:32:17 ET]
Table 'Korczak' 6-max Seat #6 is the button
Seat 1: rao999 ($111.23 in chips) 
Seat 2: B1GBankroll ($130.82 in chips) 
Seat 3: CaHek-Ty3 ($133.30 in chips) 
Seat 4: Alinyr ($100 in chips) 
Seat 5: tzzatzza17 ($46.28 in chips) 
Seat 6: nastja336 ($145.92 in chips) 
rao999: posts small blind $0.50
B1GBankroll: posts big blind $1
*** HOLE CARDS ***
CaHek-Ty3: folds 
Alinyr: folds 
tzzatzza17: calls $1
nastja336: raises $4 to $5
rao999: folds 
B1GBankroll: folds 
tzzatzza17: folds 
Uncalled bet ($4) returned to nastja336
nastja336 collected $3.50 from pot
nastja336: doesn't show hand 
*** SUMMARY ***
Total pot $3.50 | Rake $0 
Seat 1: rao999 (small blind) folded before Flop
Seat 2: B1GBankroll (big blind) folded before Flop
Seat 3: CaHek-Ty3 folded before Flop (didn't bet)
Seat 4: Alinyr folded before Flop (didn't bet)
Seat 5: tzzatzza17 folded before Flop
Seat 6: nastja336 (button) collected ($3.50)



PokerStars Hand #254730542591:  Hold'em No Limit ($0.50/$1.00 USD) - 2025/02/06 6:32:43 WET [2025/02/06 1:32:43 ET]
Table 'Korczak' 6-max Seat #1 is the button
Seat 1: rao999 ($110.73 in chips) 
Seat 2: B1GBankroll ($129.82 in chips) 
Seat 3: CaHek-Ty3 ($133.30 in chips) 
Seat 4: Alinyr ($100 in chips) 
Seat 5: tzzatzza17 ($45.28 in chips) 
Seat 6: nastja336 ($148.42 in chips) 
B1GBankroll: posts small blind $0.50
CaHek-Ty3: posts big blind $1
*** HOLE CARDS ***
Alinyr: raises $1.05 to $2.05
tzzatzza17: calls $2.05
nastja336: folds 
rao999: calls $2.05
B1GBankroll: folds 
CaHek-Ty3: folds 
*** FLOP *** [Kc Qd 7d]
Alinyr: checks 
tzzatzza17: bets $2
rao999: calls $2
Alinyr: raises $10.76 to $12.76
tzzatzza17: folds 
rao999: calls $10.76
*** TURN *** [Kc Qd 7d] [Ts]
Alinyr: bets $20.38
rao999: folds 
Uncalled bet ($20.38) returned to Alinyr
Alinyr collected $33.41 from pot
Alinyr: doesn't show hand 
*** SUMMARY ***
Total pot $35.17 | Rake $1.76 
Board [Kc Qd 7d Ts]
Seat 1: rao999 (button) folded on the Turn
Seat 2: B1GBankroll (small blind) folded before Flop
Seat 3: CaHek-Ty3 (big blind) folded before Flop
Seat 4: Alinyr collected ($33.41)
Seat 5: tzzatzza17 folded on the Flop
Seat 6: nastja336 folded before Flop (didn't bet)



PokerStars Hand #254730449615:  Hold'em No Limit ($0.50/$1.00 USD) - 2025/02/06 6:11:12 WET [2025/02/06 1:11:12 ET]
Table 'Korczak' 6-max Seat #1 is the button
Seat 1: rao999 ($100 in chips) 
Seat 2: B1GBankroll ($100 in chips) 
Seat 3: CaHek-Ty3 ($100 in chips) 
Seat 4: Alinyr ($100 in chips) 
Seat 5: tzzatzza17 ($103.27 in chips) 
Seat 6: nastja336 ($100 in chips) 
B1GBankroll: posts small blind $0.50
CaHek-Ty3: posts big blind $1
*** HOLE CARDS ***
Alinyr: folds 
tzzatzza17: folds 
nastja336: raises $1.50 to $2.50
rao999: folds 
B1GBankroll: folds 
CaHek-Ty3: folds 
Uncalled bet ($1.50) returned to nastja336
nastja336 collected $2.50 from pot
nastja336: doesn't show hand 
*** SUMMARY ***
Total pot $2.50 | Rake $0 
Seat 1: rao999 (button) folded before Flop (didn't bet)
Seat 2: B1GBankroll (small blind) folded before Flop
Seat 3: CaHek-Ty3 (big blind) folded before Flop
Seat 4: Alinyr folded before Flop (didn't bet)
Seat 5: tzzatzza17 folded before Flop (didn't bet)
Seat 6: nastja336 collected ($2.50)



PokerStars Hand #254730450776:  Hold'em No Limit ($0.50/$1.00 USD) - 2025/02/06 6:11:28 WET [2025/02/06 1:11:28 ET]
Table 'Korczak' 6-max Seat #2 is the button
Seat 1: rao999 ($100 in chips) 
Seat 2: B1GBankroll ($100 in chips) 
Seat 3: CaHek-Ty3 ($100 in chips) 
Seat 4: Alinyr ($100 in chips) 
Seat 5: tzzatzza17 ($103.27 in chips) 
Seat 6: nastja336 ($101.50 in chips) 
CaHek-Ty3: posts small blind $0.50
Alinyr: posts big blind $1
*** HOLE CARDS ***
tzzatzza17: calls $1
nastja336: folds 
rao999: folds 
B1GBankroll: folds 
CaHek-Ty3: folds 
Alinyr: checks 
*** FLOP *** [Kh 4c 3h]
Alinyr: checks 
tzzatzza17: checks 
*** TURN *** [Kh 4c 3h] [7d]
Alinyr: bets $3.59
tzzatzza17: folds 
Uncalled bet ($3.59) returned to Alinyr
Alinyr collected $2.38 from pot
Alinyr: doesn't show hand 
*** SUMMARY ***
Total pot $2.50 | Rake $0.12 
Board [Kh 4c 3h 7d]
Seat 1: rao999 folded before Flop (didn't bet)
Seat 2: B1GBankroll (button) folded before Flop (didn't bet)
Seat 3: CaHek-Ty3 (small blind) folded before Flop
Seat 4: Alinyr (big blind) collected ($2.38)
Seat 5: tzzatzza17 folded on the Turn
Seat 6: nastja336 folded before Flop (didn't bet)



PokerStars Hand #254730452965:  Hold'em No Limit ($0.50/$1.00 USD) - 2025/02/06 6:11:57 WET [2025/02/06 1:11:57 ET]
Table 'Korczak' 6-max Seat #3 is the button
Seat 1: rao999 ($100 in chips) 
Seat 2: B1GBankroll ($100 in chips) 
Seat 3: CaHek-Ty3 ($100 in chips) 
Seat 4: Alinyr ($101.38 in chips) 
Seat 5: tzzatzza17 ($102.27 in chips) 
Seat 6: nastja336 ($101.50 in chips) 
Alinyr: posts small blind $0.50
tzzatzza17: posts big blind $1
*** HOLE CARDS ***
nastja336: folds 
rao999: folds 
B1GBankroll: folds 
CaHek-Ty3: folds 
Alinyr: folds 
Uncalled bet ($0.50) returned to tzzatzza17
tzzatzza17 collected $1 from pot
*** SUMMARY ***
Total pot $1 | Rake $0 
Seat 1: rao999 folded before Flop (didn't bet)
Seat 2: B1GBankroll folded before Flop (didn't bet)
Seat 3: CaHek-Ty3 (button) folded before Flop (didn't bet)
Seat 4: Alinyr (small blind) folded before Flop
Seat 5: tzzatzza17 (big blind) collected ($1)
Seat 6: nastja336 folded before Flop (didn't bet)



PokerStars Hand #254730453891:  Hold'em No Limit ($0.50/$1.00 USD) - 2025/02/06 6:12:10 WET [2025/02/06 1:12:10 ET]
Table 'Korczak' 6-max Seat #4 is the button
Seat 1: rao999 ($100 in chips) 
Seat 2: B1GBankroll ($100 in chips) 
Seat 3: CaHek-Ty3 ($100 in chips) 
Seat 4: Alinyr ($100.88 in chips) 
Seat 5: tzzatzza17 ($102.77 in chips) 
Seat 6: nastja336 ($101.50 in chips) 
tzzatzza17: posts small blind $0.50
nastja336: posts big blind $1
*** HOLE CARDS ***
rao999: folds 
B1GBankroll: folds 
CaHek-Ty3: raises $1.50 to $2.50
Alinyr: raises $5.50 to $8
tzzatzza17: calls $7.50
nastja336: folds 
CaHek-Ty3: folds 
*** FLOP *** [9d Qh 9h]
tzzatzza17: bets $2
Alinyr: raises $10.43 to $12.43
tzzatzza17: folds 
Uncalled bet ($10.43) returned to Alinyr
Alinyr collected $22.32 from pot
Alinyr: doesn't show hand 
*** SUMMARY ***
Total pot $23.50 | Rake $1.18 
Board [9d Qh 9h]
Seat 1: rao999 folded before Flop (didn't bet)
Seat 2: B1GBankroll folded before Flop (didn't bet)
Seat 3: CaHek-Ty3 folded before Flop
Seat 4: Alinyr (button) collected ($22.32)
Seat 5: tzzatzza17 (small blind) folded on the Flop
Seat 6: nastja336 (big blind) folded before Flop



PokerStars Hand #254730457201:  Hold'em No Limit ($0.50/$1.00 USD) - 2025/02/06 6:12:56 WET [2025/02/06 1:12:56 ET]
Table 'Korczak' 6-max Seat #5 is the button
Seat 1: rao999 ($100 in chips) 
Seat 2: B1GBankroll ($100 in chips) 
Seat 3: CaHek-Ty3 ($100 in chips) 
Seat 4: Alinyr ($113.20 in chips) 
Seat 5: tzzatzza17 ($92.77 in chips) 
Seat 6: nastja336 ($100.50 in chips) 
nastja336: posts small blind $0.50
rao999: posts big blind $1
*** HOLE CARDS ***
B1GBankroll: folds 
CaHek-Ty3: raises $1.50 to $2.50
Alinyr: raises $5.50 to $8
tzzatzza17: folds 
nastja336: folds 
rao999: folds 
CaHek-Ty3: folds 
Uncalled bet ($5.50) returned to Alinyr
Alinyr collected $6.50 from pot
Alinyr: doesn't show hand 
*** SUMMARY ***
Total pot $6.50 | Rake $0 
Seat 1: rao999 (big blind) folded before Flop
Seat 2: B1GBankroll folded before Flop (didn't bet)
Seat 3: CaHek-Ty3 folded before Flop
Seat 4: Alinyr collected ($6.50)
Seat 5: tzzatzza17 (button) folded before Flop (didn't bet)
Seat 6: nastja336 (small blind) folded before Flop



PokerStars Hand #254730461183:  Hold'em No Limit ($0.50/$1.00 USD) - 2025/02/06 6:13:51 WET [2025/02/06 1:13:51 ET]
Table 'Korczak' 6-max Seat #6 is the button
Seat 1: rao999 ($100 in chips) 
Seat 2: B1GBankroll ($100 in chips) 
Seat 3: CaHek-Ty3 ($100 in chips) 
Seat 4: Alinyr ($117.20 in chips) 
Seat 5: tzzatzza17 ($92.77 in chips) 
Seat 6: nastja336 ($100 in chips) 
rao999: posts small blind $0.50
B1GBankroll: posts big blind $1
*** HOLE CARDS ***
CaHek-Ty3: folds 
Alinyr: folds 
tzzatzza17: calls $1
nastja336: folds 
rao999: calls $0.50
B1GBankroll: raises $4.50 to $5.50
tzzatzza17: folds 
rao999: folds 
Uncalled bet ($4.50) returned to B1GBankroll
B1GBankroll collected $3 from pot
B1GBankroll: doesn't show hand 
*** SUMMARY ***
Total pot $3 | Rake $0 
Seat 1: rao999 (small blind) folded before Flop
Seat 2: B1GBankroll (big blind) collected ($3)
Seat 3: CaHek-Ty3 folded before Flop (didn't bet)
Seat 4: Alinyr folded before Flop (didn't bet)
Seat 5: tzzatzza17 folded before Flop
Seat 6: nastja336 (button) folded before Flop (didn't bet)



PokerStars Hand #254730463042:  Hold'em No Limit ($0.50/$1.00 USD) - 2025/02/06 6:14:15 WET [2025/02/06 1:14:15 ET]
Table 'Korczak' 6-max Seat #1 is the button
Seat 1: rao999 ($100 in chips) 
Seat 2: B1GBankroll ($102 in chips) 
Seat 3: CaHek-Ty3 ($100 in chips) 
Seat 4: Alinyr ($117.20 in chips) 
Seat 5: tzzatzza17 ($91.77 in chips) 
Seat 6: nastja336 ($100 in chips) 
B1GBankroll: posts small blind $0.50
CaHek-Ty3: posts big blind $1
*** HOLE CARDS ***
Alinyr: folds 
tzzatzza17: calls $1
nastja336: folds 
rao999: folds 
B1GBankroll: folds 
CaHek-Ty3: checks 
*** FLOP *** [8h As 5c]
CaHek-Ty3: checks 
tzzatzza17: checks 
*** TURN *** [8h As 5c] [Jh]
CaHek-Ty3: checks 
tzzatzza17: checks 
*** RIVER *** [8h As 5c Jh] [Ah]
CaHek-Ty3: checks 
tzzatzza17: bets $4.38
CaHek-Ty3: folds 
Uncalled bet ($4.38) returned to tzzatzza17
tzzatzza17 collected $2.38 from pot
*** SUMMARY ***
Total pot $2.50 | Rake $0.12 
Board [8h As 5c Jh Ah]
Seat 1: rao999 (button) folded before Flop (didn't bet)
Seat 2: B1GBankroll (small blind) folded before Flop
Seat 3: CaHek-Ty3 (big blind) folded on the River
Seat 4: Alinyr folded before Flop (didn't bet)
Seat 5: tzzatzza17 collected ($2.38)
Seat 6: nastja336 folded before Flop (didn't bet)



PokerStars Hand #254730466166:  Hold'em No Limit ($0.50/$1.00 USD) - 2025/02/06 6:14:59 WET [2025/02/06 1:14:59 ET]
Table 'Korczak' 6-max Seat #2 is the button
Seat 1: rao999 ($100 in chips) 
Seat 2: B1GBankroll ($101.50 in chips) 
Seat 3: CaHek-Ty3 ($100 in chips) 
Seat 4: Alinyr ($117.20 in chips) 
Seat 5: tzzatzza17 ($93.15 in chips) 
Seat 6: nastja336 ($100 in chips) 
CaHek-Ty3: posts small blind $0.50
Alinyr: posts big blind $1
*** HOLE CARDS ***
tzzatzza17: calls $1
nastja336: folds 
rao999: folds 
B1GBankroll: folds 
CaHek-Ty3: folds 
Alinyr: raises $4 to $5
tzzatzza17 has timed out
tzzatzza17: folds 
Uncalled bet ($4) returned to Alinyr
Alinyr collected $2.50 from pot
Alinyr: doesn't show hand 
*** SUMMARY ***
Total pot $2.50 | Rake $0 
Seat 1: rao999 folded before Flop (didn't bet)
Seat 2: B1GBankroll (button) folded before Flop (didn't bet)
Seat 3: CaHek-Ty3 (small blind) folded before Flop
Seat 4: Alinyr (big blind) collected ($2.50)
Seat 5: tzzatzza17 folded before Flop
Seat 6: nastja336 folded before Flop (didn't bet)



PokerStars Hand #254730469583:  Hold'em No Limit ($0.50/$1.00 USD) - 2025/02/06 6:15:45 WET [2025/02/06 1:15:45 ET]
Table 'Korczak' 6-max Seat #3 is the button
Seat 5: tzzatzza17 ($92.15 in chips) is sitting out
Seat 1: rao999 ($100 in chips) 
Seat 2: B1GBankroll ($101.50 in chips) 
Seat 3: CaHek-Ty3 ($100 in chips) 
Seat 4: Alinyr ($118.70 in chips) 
Seat 6: nastja336 ($100 in chips) 
Alinyr: posts small blind $0.50
nastja336: posts big blind $1
*** HOLE CARDS ***
rao999: folds 
B1GBankroll: folds 
CaHek-Ty3: folds 
Alinyr: raises $2 to $3
nastja336: raises $7.50 to $10.50
Alinyr: folds 
Uncalled bet ($7.50) returned to nastja336
nastja336 collected $6 from pot
nastja336: doesn't show hand 
*** SUMMARY ***
Total pot $6 | Rake $0 
Seat 5: tzzatzza17
Seat 1: rao999 folded before Flop (didn't bet)
Seat 2: B1GBankroll folded before Flop (didn't bet)
Seat 3: CaHek-Ty3 (button) folded before Flop (didn't bet)
Seat 4: Alinyr (small blind) folded before Flop
Seat 6: nastja336 (big blind) collected ($6)



PokerStars Hand #254730471272:  Hold'em No Limit ($0.50/$1.00 USD) - 2025/02/06 6:16:09 WET [2025/02/06 1:16:09 ET]
Table 'Korczak' 6-max Seat #4 is the button
Seat 5: tzzatzza17 ($92.15 in chips) is sitting out
Seat 1: rao999 ($100 in chips) 
Seat 2: B1GBankroll ($101.50 in chips) 
Seat 3: CaHek-Ty3 ($100 in chips) 
Seat 4: Alinyr ($115.70 in chips) 
Seat 6: nastja336 ($103 in chips) 
nastja336: posts small blind $0.50
rao999: posts big blind $1
*** HOLE CARDS ***
B1GBankroll: raises $1.50 to $2.50
CaHek-Ty3: raises $5.50 to $8
Alinyr: folds 
nastja336: folds 
rao999: folds 
B1GBankroll: calls $5.50
*** FLOP *** [Js 8h 2s]
B1GBankroll: checks 
CaHek-Ty3: bets $8.30
B1GBankroll: calls $8.30
*** TURN *** [Js 8h 2s] [6s]
B1GBankroll: checks 
CaHek-Ty3: checks 
*** RIVER *** [Js 8h 2s 6s] [2c]
B1GBankroll: bets $22.50
CaHek-Ty3: calls $22.50
*** SHOW DOWN ***
B1GBankroll: shows [Qh Ah] (a pair of Deuces)
CaHek-Ty3: shows [Kc Kd] (two pair, Kings and Deuces)
CaHek-Ty3 collected $76.60 from pot
*** SUMMARY ***
Total pot $79.10 | Rake $2.50 
Board [Js 8h 2s 6s 2c]
Seat 5: tzzatzza17
Seat 1: rao999 (big blind) folded before Flop
Seat 2: B1GBankroll showed [Qh Ah] and lost with a pair of Deuces
Seat 3: CaHek-Ty3 showed [Kc Kd] and won ($76.60) with two pair, Kings and Deuces
Seat 4: Alinyr (button) folded before Flop (didn't bet)
Seat 6: nastja336 (small blind) folded before Flop



PokerStars Hand #254730480171:  Hold'em No Limit ($0.50/$1.00 USD) - 2025/02/06 6:18:11 WET [2025/02/06 1:18:11 ET]
Table 'Korczak' 6-max Seat #6 is the button
Seat 1: rao999 ($100 in chips) 
Seat 2: B1GBankroll ($100 in chips) 
Seat 3: CaHek-Ty3 ($137.80 in chips) 
Seat 4: Alinyr ($115.70 in chips) 
Seat 5: tzzatzza17 ($92.15 in chips) 
Seat 6: nastja336 ($102.50 in chips) 
rao999: posts small blind $0.50
B1GBankroll: posts big blind $1
tzzatzza17: posts small & big blinds $1.50
*** HOLE CARDS ***
CaHek-Ty3: folds 
Alinyr: raises $4 to $5
tzzatzza17: calls $4
nastja336: raises $13 to $18
rao999: folds 
B1GBankroll: folds 
Alinyr: folds 
tzzatzza17: calls $13
*** FLOP *** [8d Jd Th]
tzzatzza17: bets $4
nastja336: calls $4
*** TURN *** [8d Jd Th] [Qc]
tzzatzza17: bets $4
nastja336: calls $4
*** RIVER *** [8d Jd Th Qc] [2s]
tzzatzza17: bets $5
nastja336: calls $5
*** SHOW DOWN ***
tzzatzza17: shows [Ts Kc] (a pair of Tens)
nastja336: shows [As Qh] (a pair of Queens)
nastja336 collected $66.50 from pot
*** SUMMARY ***
Total pot $69 | Rake $2.50 
Board [8d Jd Th Qc 2s]
Seat 1: rao999 (small blind) folded before Flop
Seat 2: B1GBankroll (big blind) folded before Flop
Seat 3: CaHek-Ty3 folded before Flop (didn't bet)
Seat 4: Alinyr folded before Flop
Seat 5: tzzatzza17 showed [Ts Kc] and lost with a pair of Tens
Seat 6: nastja336 (button) showed [As Qh] and won ($66.50) with a pair of Queens



PokerStars Hand #254730483411:  Hold'em No Limit ($0.50/$1.00 USD) - 2025/02/06 6:18:57 WET [2025/02/06 1:18:57 ET]
Table 'Korczak' 6-max Seat #1 is the button
Seat 1: rao999 ($100 in chips) 
Seat 2: B1GBankroll ($100 in chips) 
Seat 3: CaHek-Ty3 ($137.80 in chips) 
Seat 4: Alinyr ($110.70 in chips) 
Seat 5: tzzatzza17 ($60.65 in chips) 
Seat 6: nastja336 ($138 in chips) 
B1GBankroll: posts small blind $0.50
CaHek-Ty3: posts big blind $1
*** HOLE CARDS ***
Alinyr: raises $1.05 to $2.05
tzzatzza17: calls $2.05
nastja336: folds 
rao999: folds 
B1GBankroll: folds 
CaHek-Ty3: folds 
*** FLOP *** [Jd Ah 2h]
Alinyr: checks 
tzzatzza17: bets $3
Alinyr: calls $3
*** TURN *** [Jd Ah 2h] [Js]
Alinyr: checks 
tzzatzza17: bets $5
Alinyr: calls $5
*** RIVER *** [Jd Ah 2h Js] [Qs]
Alinyr: checks 
tzzatzza17: bets $20.52
Alinyr: folds 
Uncalled bet ($20.52) returned to tzzatzza17
tzzatzza17 collected $20.52 from pot
*** SUMMARY ***
Total pot $21.60 | Rake $1.08 
Board [Jd Ah 2h Js Qs]
Seat 1: rao999 (button) folded before Flop (didn't bet)
Seat 2: B1GBankroll (small blind) folded before Flop
Seat 3: CaHek-Ty3 (big blind) folded before Flop
Seat 4: Alinyr folded on the River
Seat 5: tzzatzza17 collected ($20.52)
Seat 6: nastja336 folded before Flop (didn't bet)



PokerStars Hand #254730489389:  Hold'em No Limit ($0.50/$1.00 USD) - 2025/02/06 6:20:20 WET [2025/02/06 1:20:20 ET]
Table 'Korczak' 6-max Seat #2 is the button
Seat 1: rao999 ($100 in chips) 
Seat 2: B1GBankroll ($100 in chips) 
Seat 3: CaHek-Ty3 ($136.80 in chips) 
Seat 4: Alinyr ($100.65 in chips) 
Seat 5: tzzatzza17 ($71.12 in chips) 
Seat 6: nastja336 ($138 in chips) 
CaHek-Ty3: posts small blind $0.50
Alinyr: posts big blind $1
*** HOLE CARDS ***
tzzatzza17: calls $1
nastja336: folds 
rao999: folds 
B1GBankroll: raises $3 to $4
CaHek-Ty3: folds 
Alinyr: folds 
tzzatzza17: calls $3
*** FLOP *** [Ts 8c As]
tzzatzza17: bets $1
B1GBankroll: raises $19.80 to $20.80
tzzatzza17: folds 
Uncalled bet ($19.80) returned to B1GBankroll
B1GBankroll collected $10.92 from pot
B1GBankroll: doesn't show hand 
*** SUMMARY ***
Total pot $11.50 | Rake $0.58 
Board [Ts 8c As]
Seat 1: rao999 folded before Flop (didn't bet)
Seat 2: B1GBankroll (button) collected ($10.92)
Seat 3: CaHek-Ty3 (small blind) folded before Flop
Seat 4: Alinyr (big blind) folded before Flop
Seat 5: tzzatzza17 folded on the Flop
Seat 6: nastja336 folded before Flop (didn't bet)



PokerStars Hand #254730492611:  Hold'em No Limit ($0.50/$1.00 USD) - 2025/02/06 6:21:05 WET [2025/02/06 1:21:05 ET]
Table 'Korczak' 6-max Seat #3 is the button
Seat 1: rao999 ($100 in chips) 
Seat 2: B1GBankroll ($105.92 in chips) 
Seat 3: CaHek-Ty3 ($136.30 in chips) 
Seat 4: Alinyr ($100 in chips) 
Seat 5: tzzatzza17 ($66.12 in chips) 
Seat 6: nastja336 ($138 in chips) 
Alinyr: posts small blind $0.50
tzzatzza17: posts big blind $1
*** HOLE CARDS ***
nastja336: folds 
rao999: folds 
B1GBankroll: folds 
CaHek-Ty3: folds 
Alinyr: raises $2 to $3
tzzatzza17: calls $2
*** FLOP *** [Ad 5s 3h]
Alinyr: checks 
tzzatzza17: checks 
*** TURN *** [Ad 5s 3h] [7d]
Alinyr: checks 
tzzatzza17: bets $2
Alinyr: folds 
Uncalled bet ($2) returned to tzzatzza17
tzzatzza17 collected $5.70 from pot
*** SUMMARY ***
Total pot $6 | Rake $0.30 
Board [Ad 5s 3h 7d]
Seat 1: rao999 folded before Flop (didn't bet)
Seat 2: B1GBankroll folded before Flop (didn't bet)
Seat 3: CaHek-Ty3 (button) folded before Flop (didn't bet)
Seat 4: Alinyr (small blind) folded on the Turn
Seat 5: tzzatzza17 (big blind) collected ($5.70)
Seat 6: nastja336 folded before Flop (didn't bet)



PokerStars Hand #254730496482:  Hold'em No Limit ($0.50/$1.00 USD) - 2025/02/06 6:22:00 WET [2025/02/06 1:22:00 ET]
Table 'Korczak' 6-max Seat #4 is the button
Seat 1: rao999 ($100 in chips) 
Seat 2: B1GBankroll ($105.92 in chips) 
Seat 3: CaHek-Ty3 ($136.30 in chips) 
Seat 4: Alinyr ($100 in chips) 
Seat 5: tzzatzza17 ($68.82 in chips) 
Seat 6: nastja336 ($138 in chips) 
tzzatzza17: posts small blind $0.50
nastja336: posts big blind $1
*** HOLE CARDS ***
rao999: folds 
B1GBankroll: raises $1.50 to $2.50
CaHek-Ty3: folds 
Alinyr: folds 
tzzatzza17: calls $2
nastja336: folds 
*** FLOP *** [Kd 7d 5s]
tzzatzza17: bets $1
B1GBankroll: calls $1
*** TURN *** [Kd 7d 5s] [Ts]
tzzatzza17: bets $1
B1GBankroll: raises $18.54 to $19.54
tzzatzza17: folds 
Uncalled bet ($18.54) returned to B1GBankroll
B1GBankroll collected $9.50 from pot
B1GBankroll: doesn't show hand 
*** SUMMARY ***
Total pot $10 | Rake $0.50 
Board [Kd 7d 5s Ts]
Seat 1: rao999 folded before Flop (didn't bet)
Seat 2: B1GBankroll collected ($9.50)
Seat 3: CaHek-Ty3 folded before Flop (didn't bet)
Seat 4: Alinyr (button) folded before Flop (didn't bet)
Seat 5: tzzatzza17 (small blind) folded on the Turn
Seat 6: nastja336 (big blind) folded before Flop



PokerStars Hand #254730501369:  Hold'em No Limit ($0.50/$1.00 USD) - 2025/02/06 6:23:06 WET [2025/02/06 1:23:06 ET]
Table 'Korczak' 6-max Seat #5 is the button
Seat 1: rao999 ($100 in chips) 
Seat 2: B1GBankroll ($110.92 in chips) 
Seat 3: CaHek-Ty3 ($136.30 in chips) 
Seat 4: Alinyr ($100 in chips) 
Seat 5: tzzatzza17 ($64.32 in chips) 
Seat 6: nastja336 ($137 in chips) 
nastja336: posts small blind $0.50
rao999: posts big blind $1
*** HOLE CARDS ***
B1GBankroll: folds 
CaHek-Ty3: folds 
Alinyr: folds 
tzzatzza17: raises $1 to $2
nastja336: folds 
rao999: calls $1
*** FLOP *** [Tc 7h 3s]
rao999: checks 
tzzatzza17: bets $3
rao999: calls $3
*** TURN *** [Tc 7h 3s] [4h]
rao999: checks 
tzzatzza17: bets $3
rao999: calls $3
*** RIVER *** [Tc 7h 3s 4h] [5h]
rao999: checks 
tzzatzza17: bets $7.84
rao999: calls $7.84
*** SHOW DOWN ***
tzzatzza17: shows [Js As] (high card Ace)
rao999: shows [Ac 6c] (a straight, Three to Seven)
rao999 collected $30.57 from pot
*** SUMMARY ***
Total pot $32.18 | Rake $1.61 
Board [Tc 7h 3s 4h 5h]
Seat 1: rao999 (big blind) showed [Ac 6c] and won ($30.57) with a straight, Three to Seven
Seat 2: B1GBankroll folded before Flop (didn't bet)
Seat 3: CaHek-Ty3 folded before Flop (didn't bet)
Seat 4: Alinyr folded before Flop (didn't bet)
Seat 5: tzzatzza17 (button) showed [Js As] and lost with high card Ace
Seat 6: nastja336 (small blind) folded before Flop



PokerStars Hand #254730506000:  Hold'em No Limit ($0.50/$1.00 USD) - 2025/02/06 6:24:10 WET [2025/02/06 1:24:10 ET]
Table 'Korczak' 6-max Seat #6 is the button
Seat 1: rao999 ($114.73 in chips) 
Seat 2: B1GBankroll ($110.92 in chips) 
Seat 3: CaHek-Ty3 ($136.30 in chips) 
Seat 4: Alinyr ($100 in chips) 
Seat 5: tzzatzza17 ($48.48 in chips) 
Seat 6: nastja336 ($136.50 in chips) 
rao999: posts small blind $0.50
B1GBankroll: posts big blind $1
*** HOLE CARDS ***
CaHek-Ty3: folds 
Alinyr: folds 
tzzatzza17: calls $1
nastja336: folds 
rao999: calls $0.50
B1GBankroll: raises $4.50 to $5.50
tzzatzza17: calls $4.50
rao999: folds 
*** FLOP *** [4c 2c 2d]
B1GBankroll: checks 
tzzatzza17: bets $2
B1GBankroll: calls $2
*** TURN *** [4c 2c 2d] [Js]
B1GBankroll: checks 
tzzatzza17: bets $3
B1GBankroll: calls $3
*** RIVER *** [4c 2c 2d Js] [6c]
B1GBankroll: checks 
tzzatzza17: bets $5
B1GBankroll: calls $5
*** SHOW DOWN ***
tzzatzza17: shows [5s 7d] (a pair of Deuces)
B1GBankroll: shows [Ts Ad] (a pair of Deuces - Ace kicker)
B1GBankroll collected $30.40 from pot
*** SUMMARY ***
Total pot $32 | Rake $1.60 
Board [4c 2c 2d Js 6c]
Seat 1: rao999 (small blind) folded before Flop
Seat 2: B1GBankroll (big blind) showed [Ts Ad] and won ($30.40) with a pair of Deuces
Seat 3: CaHek-Ty3 folded before Flop (didn't bet)
Seat 4: Alinyr folded before Flop (didn't bet)
Seat 5: tzzatzza17 showed [5s 7d] and lost with a pair of Deuces
Seat 6: nastja336 (button) folded before Flop (didn't bet)



PokerStars Hand #254730509266:  Hold'em No Limit ($0.50/$1.00 USD) - 2025/02/06 6:24:56 WET [2025/02/06 1:24:56 ET]
Table 'Korczak' 6-max Seat #1 is the button
Seat 1: rao999 ($113.73 in chips) 
Seat 2: B1GBankroll ($125.82 in chips) 
Seat 3: CaHek-Ty3 ($136.30 in chips) 
Seat 4: Alinyr ($100 in chips) 
Seat 5: tzzatzza17 ($32.98 in chips) 
Seat 6: nastja336 ($136.50 in chips) 
B1GBankroll: posts small blind $0.50
CaHek-Ty3: posts big blind $1
*** HOLE CARDS ***
Alinyr: folds 
tzzatzza17: raises $3 to $4
nastja336: folds 
rao999: folds 
B1GBankroll: folds 
CaHek-Ty3: folds 
Uncalled bet ($3) returned to tzzatzza17
tzzatzza17 collected $2.50 from pot
*** SUMMARY ***
Total pot $2.50 | Rake $0 
Seat 1: rao999 (button) folded before Flop (didn't bet)
Seat 2: B1GBankroll (small blind) folded before Flop
Seat 3: CaHek-Ty3 (big blind) folded before Flop
Seat 4: Alinyr folded before Flop (didn't bet)
Seat 5: tzzatzza17 collected ($2.50)
Seat 6: nastja336 folded before Flop (didn't bet)



PokerStars Hand #254730510724:  Hold'em No Limit ($0.50/$1.00 USD) - 2025/02/06 6:25:16 WET [2025/02/06 1:25:16 ET]
Table 'Korczak' 6-max Seat #2 is the button
Seat 1: rao999 ($113.73 in chips) 
Seat 2: B1GBankroll ($125.32 in chips) 
Seat 3: CaHek-Ty3 ($135.30 in chips) 
Seat 4: Alinyr ($100 in chips) 
Seat 5: tzzatzza17 ($34.48 in chips) 
Seat 6: nastja336 ($136.50 in chips) 
CaHek-Ty3: posts small blind $0.50
Alinyr: posts big blind $1
*** HOLE CARDS ***
tzzatzza17: calls $1
nastja336: raises $4 to $5
rao999: folds 
B1GBankroll: folds 
CaHek-Ty3: folds 
Alinyr: folds 
tzzatzza17: calls $4
*** FLOP *** [Jd 2c 5d]
tzzatzza17: bets $3
nastja336: raises $6 to $9
tzzatzza17: calls $6
*** TURN *** [Jd 2c 5d] [Ac]
tzzatzza17: bets $3
nastja336: calls $3
*** RIVER *** [Jd 2c 5d Ac] [2d]
tzzatzza17: bets $3
nastja336: calls $3
*** SHOW DOWN ***
tzzatzza17: shows [Kd Qs] (a pair of Deuces)
nastja336: shows [Ks Jc] (two pair, Jacks and Deuces)
nastja336 collected $39.42 from pot
*** SUMMARY ***
Total pot $41.50 | Rake $2.08 
Board [Jd 2c 5d Ac 2d]
Seat 1: rao999 folded before Flop (didn't bet)
Seat 2: B1GBankroll (button) folded before Flop (didn't bet)
Seat 3: CaHek-Ty3 (small blind) folded before Flop
Seat 4: Alinyr (big blind) folded before Flop
Seat 5: tzzatzza17 showed [Kd Qs] and lost with a pair of Deuces
Seat 6: nastja336 showed [Ks Jc] and won ($39.42) with two pair, Jacks and Deuces



PokerStars Hand #254730514203:  Hold'em No Limit ($0.50/$1.00 USD) - 2025/02/06 6:26:04 WET [2025/02/06 1:26:04 ET]
Table 'Korczak' 6-max Seat #3 is the button
Seat 1: rao999 ($113.73 in chips) 
Seat 2: B1GBankroll ($125.32 in chips) 
Seat 3: CaHek-Ty3 ($134.80 in chips) 
Seat 4: Alinyr ($100 in chips) 
Seat 5: tzzatzza17 ($14.48 in chips) 
Seat 6: nastja336 ($155.92 in chips) 
Alinyr: posts small blind $0.50
tzzatzza17: posts big blind $1
*** HOLE CARDS ***
nastja336: folds 
rao999: folds 
B1GBankroll: folds 
CaHek-Ty3: folds 
Alinyr: calls $0.50
tzzatzza17: checks 
*** FLOP *** [3c 6c 3h]
Alinyr: checks 
tzzatzza17: checks 
*** TURN *** [3c 6c 3h] [7s]
Alinyr: bets $1.92
tzzatzza17: folds 
Uncalled bet ($1.92) returned to Alinyr
Alinyr collected $1.90 from pot
Alinyr: doesn't show hand 
*** SUMMARY ***
Total pot $2 | Rake $0.10 
Board [3c 6c 3h 7s]
Seat 1: rao999 folded before Flop (didn't bet)
Seat 2: B1GBankroll folded before Flop (didn't bet)
Seat 3: CaHek-Ty3 (button) folded before Flop (didn't bet)
Seat 4: Alinyr (small blind) collected ($1.90)
Seat 5: tzzatzza17 (big blind) folded on the Turn
Seat 6: nastja336 folded before Flop (didn't bet)



PokerStars Hand #254730516880:  Hold'em No Limit ($0.50/$1.00 USD) - 2025/02/06 6:26:41 WET [2025/02/06 1:26:41 ET]
Table 'Korczak' 6-max Seat #4 is the button
Seat 1: rao999 ($113.73 in chips) 
Seat 2: B1GBankroll ($125.32 in chips) 
Seat 3: CaHek-Ty3 ($134.80 in chips) 
Seat 4: Alinyr ($100.90 in chips) 
Seat 5: tzzatzza17 ($13.48 in chips) 
Seat 6: nastja336 ($155.92 in chips) 
tzzatzza17: posts small blind $0.50
nastja336: posts big blind $1
*** HOLE CARDS ***
rao999: folds 
B1GBankroll: folds 
CaHek-Ty3: folds 
Alinyr: folds 
tzzatzza17: raises $2 to $3
nastja336: calls $2
*** FLOP *** [8c Qd 7c]
tzzatzza17: bets $2
nastja336: folds 
Uncalled bet ($2) returned to tzzatzza17
tzzatzza17 collected $5.70 from pot
*** SUMMARY ***
Total pot $6 | Rake $0.30 
Board [8c Qd 7c]
Seat 1: rao999 folded before Flop (didn't bet)
Seat 2: B1GBankroll folded before Flop (didn't bet)
Seat 3: CaHek-Ty3 folded before Flop (didn't bet)
Seat 4: Alinyr (button) folded before Flop (didn't bet)
Seat 5: tzzatzza17 (small blind) collected ($5.70)
Seat 6: nastja336 (big blind) folded on the Flop



PokerStars Hand #254730518229:  Hold'em No Limit ($0.50/$1.00 USD) - 2025/02/06 6:26:59 WET [2025/02/06 1:26:59 ET]
Table 'Korczak' 6-max Seat #5 is the button
Seat 1: rao999 ($113.73 in chips) 
Seat 2: B1GBankroll ($125.32 in chips) 
Seat 3: CaHek-Ty3 ($134.80 in chips) 
Seat 4: Alinyr ($100.90 in chips) 
Seat 5: tzzatzza17 ($16.18 in chips) 
Seat 6: nastja336 ($152.92 in chips) 
nastja336: posts small blind $0.50
rao999: posts big blind $1
*** HOLE CARDS ***
B1GBankroll: raises $1.50 to $2.50
CaHek-Ty3: folds 
Alinyr: folds 
tzzatzza17: calls $2.50
nastja336: folds 
rao999: folds 
*** FLOP *** [Ad Qh 5c]
B1GBankroll: bets $2.10
tzzatzza17: folds 
Uncalled bet ($2.10) returned to B1GBankroll
B1GBankroll collected $6.18 from pot
B1GBankroll: doesn't show hand 
*** SUMMARY ***
Total pot $6.50 | Rake $0.32 
Board [Ad Qh 5c]
Seat 1: rao999 (big blind) folded before Flop
Seat 2: B1GBankroll collected ($6.18)
Seat 3: CaHek-Ty3 folded before Flop (didn't bet)
Seat 4: Alinyr folded before Flop (didn't bet)
Seat 5: tzzatzza17 (button) folded on the Flop
Seat 6: nastja336 (small blind) folded before Flop



PokerStars Hand #254730520012:  Hold'em No Limit ($0.50/$1.00 USD) - 2025/02/06 6:27:24 WET [2025/02/06 1:27:24 ET]
Table 'Korczak' 6-max Seat #6 is the button
Seat 1: rao999 ($112.73 in chips) 
Seat 2: B1GBankroll ($129 in chips) 
Seat 3: CaHek-Ty3 ($134.80 in chips) 
Seat 4: Alinyr ($100.90 in chips) 
Seat 5: tzzatzza17 ($13.68 in chips) 
Seat 6: nastja336 ($152.42 in chips) 
rao999: posts small blind $0.50
B1GBankroll: posts big blind $1
*** HOLE CARDS ***
CaHek-Ty3: folds 
Alinyr: raises $1.05 to $2.05
tzzatzza17: folds 
nastja336: folds 
rao999: folds 
B1GBankroll: calls $1.05
*** FLOP *** [4h Kh Qs]
B1GBankroll: checks 
Alinyr: checks 
*** TURN *** [4h Kh Qs] [Th]
B1GBankroll: checks 
Alinyr: checks 
*** RIVER *** [4h Kh Qs Th] [Ad]
B1GBankroll: bets $3.89
Alinyr: folds 
Uncalled bet ($3.89) returned to B1GBankroll
B1GBankroll collected $4.37 from pot
B1GBankroll: doesn't show hand 
*** SUMMARY ***
Total pot $4.60 | Rake $0.23 
Board [4h Kh Qs Th Ad]
Seat 1: rao999 (small blind) folded before Flop
Seat 2: B1GBankroll (big blind) collected ($4.37)
Seat 3: CaHek-Ty3 folded before Flop (didn't bet)
Seat 4: Alinyr folded on the River
Seat 5: tzzatzza17 folded before Flop (didn't bet)
Seat 6: nastja336 (button) folded before Flop (didn't bet)



PokerStars Hand #254730526255:  Hold'em No Limit ($0.50/$1.00 USD) - 2025/02/06 6:28:51 WET [2025/02/06 1:28:51 ET]
Table 'Korczak' 6-max Seat #1 is the button
Seat 1: rao999 ($112.23 in chips) 
Seat 2: B1GBankroll ($131.32 in chips) 
Seat 3: CaHek-Ty3 ($134.80 in chips) 
Seat 4: Alinyr ($100 in chips) 
Seat 5: tzzatzza17 ($13.68 in chips) 
Seat 6: nastja336 ($152.42 in chips) 
B1GBankroll: posts small blind $0.50
CaHek-Ty3: posts big blind $1
*** HOLE CARDS ***
Alinyr: folds 
tzzatzza17: raises $2 to $3
nastja336: raises $9 to $12
rao999: folds 
B1GBankroll: folds 
CaHek-Ty3: folds 
tzzatzza17: raises $1.68 to $13.68 and is all-in
nastja336: calls $1.68
*** FLOP *** [4c 8s Qd]
*** TURN *** [4c 8s Qd] [Jc]
*** RIVER *** [4c 8s Qd Jc] [Qc]
*** SHOW DOWN ***
tzzatzza17: shows [Td Jd] (two pair, Queens and Jacks)
nastja336: shows [Kd As] (a pair of Queens)
tzzatzza17 collected $27.42 from pot
*** SUMMARY ***
Total pot $28.86 | Rake $1.44 
Board [4c 8s Qd Jc Qc]
Seat 1: rao999 (button) folded before Flop (didn't bet)
Seat 2: B1GBankroll (small blind) folded before Flop
Seat 3: CaHek-Ty3 (big blind) folded before Flop
Seat 4: Alinyr folded before Flop (didn't bet)
Seat 5: tzzatzza17 showed [Td Jd] and won ($27.42) with two pair, Queens and Jacks
Seat 6: nastja336 showed [Kd As] and lost with a pair of Queens



PokerStars Hand #254730528762:  Hold'em No Limit ($0.50/$1.00 USD) - 2025/02/06 6:29:26 WET [2025/02/06 1:29:26 ET]
Table 'Korczak' 6-max Seat #2 is the button
Seat 1: rao999 ($112.23 in chips) 
Seat 2: B1GBankroll ($130.82 in chips) 
Seat 3: CaHek-Ty3 ($133.80 in chips) 
Seat 4: Alinyr ($100 in chips) 
Seat 5: tzzatzza17 ($27.42 in chips) 
Seat 6: nastja336 ($138.74 in chips) 
CaHek-Ty3: posts small blind $0.50
Alinyr: posts big blind $1
*** HOLE CARDS ***
tzzatzza17: calls $1
nastja336: raises $3 to $4
rao999: folds 
B1GBankroll: folds 
CaHek-Ty3: folds 
Alinyr: calls $3
tzzatzza17: calls $3
*** FLOP *** [9d Th 9c]
Alinyr: checks 
tzzatzza17: bets $2
nastja336: raises $5.24 to $7.24
Alinyr: folds 
tzzatzza17: folds 
Uncalled bet ($5.24) returned to nastja336
nastja336 collected $15.68 from pot
nastja336: doesn't show hand 
*** SUMMARY ***
Total pot $16.50 | Rake $0.82 
Board [9d Th 9c]
Seat 1: rao999 folded before Flop (didn't bet)
Seat 2: B1GBankroll (button) folded before Flop (didn't bet)
Seat 3: CaHek-Ty3 (small blind) folded before Flop
Seat 4: Alinyr (big blind) folded on the Flop
Seat 5: tzzatzza17 folded on the Flop
Seat 6: nastja336 collected ($15.68)



PokerStars Hand #254730533145:  Hold'em No Limit ($0.50/$1.00 USD) - 2025/02/06 6:30:29 WET [2025/02/06 1:30:29 ET]
Table 'Korczak' 6-max Seat #3 is the button
Seat 1: rao999 ($112.23 in chips) 
Seat 2: B1GBankroll ($130.82 in chips) 
Seat 3: CaHek-Ty3 ($133.30 in chips) 
Seat 4: Alinyr ($100 in chips) 
Seat 5: tzzatzza17 ($21.42 in chips) 
Seat 6: nastja336 ($148.42 in chips) 
Alinyr: posts small blind $0.50
tzzatzza17: posts big blind $1
*** HOLE CARDS ***
nastja336: folds 
rao999: folds 
B1GBankroll: folds 
CaHek-Ty3: folds 
Alinyr: raises $2 to $3
tzzatzza17: raises $3 to $6
Alinyr: raises $94 to $100 and is all-in
tzzatzza17: calls $15.42 and is all-in
Uncalled bet ($78.58) returned to Alinyr
*** FLOP *** [Ts 6h 2h]
*** TURN *** [Ts 6h 2h] [3d]
*** RIVER *** [Ts 6h 2h 3d] [3h]
*** SHOW DOWN ***
Alinyr: shows [As Kc] (a pair of Threes)
tzzatzza17: shows [Jh Jd] (two pair, Jacks and Threes)
tzzatzza17 collected $40.70 from pot
*** SUMMARY ***
Total pot $42.84 | Rake $2.14 
Board [Ts 6h 2h 3d 3h]
Seat 1: rao999 folded before Flop (didn't bet)
Seat 2: B1GBankroll folded before Flop (didn't bet)
Seat 3: CaHek-Ty3 (button) folded before Flop (didn't bet)
Seat 4: Alinyr (small blind) showed [As Kc] and lost with a pair of Threes
Seat 5: tzzatzza17 (big blind) showed [Jh Jd] and won ($40.70) with two pair, Jacks and Threes
Seat 6: nastja336 folded before Flop (didn't bet)



PokerStars Hand #254730534837:  Hold'em No Limit ($0.50/$1.00 USD) - 2025/02/06 6:30:53 WET [2025/02/06 1:30:53 ET]
Table 'Korczak' 6-max Seat #4 is the button
Seat 1: rao999 ($112.23 in chips) 
Seat 2: B1GBankroll ($130.82 in chips) 
Seat 3: CaHek-Ty3 ($133.30 in chips) 
Seat 4: Alinyr ($100 in chips) 
Seat 5: tzzatzza17 ($40.70 in chips) 
Seat 6: nastja336 ($148.42 in chips) 
tzzatzza17: posts small blind $0.50
nastja336: posts big blind $1
*** HOLE CARDS ***
rao999: folds 
B1GBankroll: folds 
CaHek-Ty3: folds 
Alinyr: folds 
tzzatzza17: calls $0.50
nastja336: checks 
*** FLOP *** [Ad 4s 3d]
tzzatzza17: checks 
nastja336: bets $1
tzzatzza17: calls $1
*** TURN *** [Ad 4s 3d] [8h]
tzzatzza17: checks 
nastja336: checks 
*** RIVER *** [Ad 4s 3d 8h] [5d]
tzzatzza17: checks 
nastja336: checks 
*** SHOW DOWN ***
tzzatzza17: shows [Tc 4c] (a pair of Fours)
nastja336: mucks hand 
tzzatzza17 collected $3.80 from pot
*** SUMMARY ***
Total pot $4 | Rake $0.20 
Board [Ad 4s 3d 8h 5d]
Seat 1: rao999 folded before Flop (didn't bet)
Seat 2: B1GBankroll folded before Flop (didn't bet)
Seat 3: CaHek-Ty3 folded before Flop (didn't bet)
Seat 4: Alinyr (button) folded before Flop (didn't bet)
Seat 5: tzzatzza17 (small blind) showed [Tc 4c] and won ($3.80) with a pair of Fours
Seat 6: nastja336 (big blind) mucked



PokerStars Hand #254730612352:  Hold'em No Limit ($0.50/$1.00 USD) - 2025/02/06 6:49:15 WET [2025/02/06 1:49:15 ET]
Table 'Korczak' 6-max Seat #5 is the button
Seat 1: rao999 ($107.22 in chips) 
Seat 2: B1GBankroll ($133.32 in chips) 
Seat 3: CaHek-Ty3 ($107.40 in chips) 
Seat 4: Alinyr ($100 in chips) 
Seat 5: tzzatzza17 ($153.05 in chips) 
Seat 6: nastja336 ($131.74 in chips) 
nastja336: posts small blind $0.50
rao999: posts big blind $1
*** HOLE CARDS ***
B1GBankroll: raises $1.50 to $2.50
CaHek-Ty3: folds 
Alinyr: folds 
tzzatzza17: calls $2.50
nastja336: folds 
rao999: calls $1.50
*** FLOP *** [4c 8s 2s]
rao999: checks 
B1GBankroll: checks 
tzzatzza17: checks 
*** TURN *** [4c 8s 2s] [7c]
rao999: checks 
B1GBankroll: bets $3.72
tzzatzza17: folds 
rao999: folds 
Uncalled bet ($3.72) returned to B1GBankroll
B1GBankroll collected $7.60 from pot
B1GBankroll: doesn't show hand 
*** SUMMARY ***
Total pot $8 | Rake $0.40 
Board [4c 8s 2s 7c]
Seat 1: rao999 (big blind) folded on the Turn
Seat 2: B1GBankroll collected ($7.60)
Seat 3: CaHek-Ty3 folded before Flop (didn't bet)
Seat 4: Alinyr folded before Flop (didn't bet)
Seat 5: tzzatzza17 (button) folded on the Turn
Seat 6: nastja336 (small blind) folded before Flop



PokerStars Hand #254730617824:  Hold'em No Limit ($0.50/$1.00 USD) - 2025/02/06 6:50:32 WET [2025/02/06 1:50:32 ET]
Table 'Korczak' 6-max Seat #6 is the button
Seat 1: rao999 ($104.72 in chips) 
Seat 2: B1GBankroll ($138.42 in chips) 
Seat 3: CaHek-Ty3 ($107.40 in chips) 
Seat 4: Alinyr ($100 in chips) 
Seat 5: tzzatzza17 ($150.55 in chips) 
Seat 6: nastja336 ($131.24 in chips) 
rao999: posts small blind $0.50
B1GBankroll: posts big blind $1
*** HOLE CARDS ***
CaHek-Ty3: folds 
Alinyr: raises $1.05 to $2.05
tzzatzza17: folds 
nastja336: folds 
rao999: folds 
B1GBankroll: calls $1.05
*** FLOP *** [Ts 3d Kd]
B1GBankroll: checks 
Alinyr: bets $1.09
B1GBankroll: calls $1.09
*** TURN *** [Ts 3d Kd] [5s]
B1GBankroll: checks 
Alinyr: bets $9.72
B1GBankroll: folds 
Uncalled bet ($9.72) returned to Alinyr
Alinyr collected $6.44 from pot
Alinyr: doesn't show hand 
*** SUMMARY ***
Total pot $6.78 | Rake $0.34 
Board [Ts 3d Kd 5s]
Seat 1: rao999 (small blind) folded before Flop
Seat 2: B1GBankroll (big blind) folded on the Turn
Seat 3: CaHek-Ty3 folded before Flop (didn't bet)
Seat 4: Alinyr collected ($6.44)
Seat 5: tzzatzza17 folded before Flop (didn't bet)
Seat 6: nastja336 (button) folded before Flop (didn't bet)



PokerStars Hand #254730622385:  Hold'em No Limit ($0.50/$1.00 USD) - 2025/02/06 6:51:36 WET [2025/02/06 1:51:36 ET]
Table 'Korczak' 6-max Seat #1 is the button
Seat 1: rao999 ($104.22 in chips) 
Seat 2: B1GBankroll ($135.28 in chips) 
Seat 3: CaHek-Ty3 ($107.40 in chips) 
Seat 4: Alinyr ($103.30 in chips) 
Seat 5: tzzatzza17 ($150.55 in chips) 
Seat 6: nastja336 ($131.24 in chips) 
B1GBankroll: posts small blind $0.50
CaHek-Ty3: posts big blind $1
*** HOLE CARDS ***
Alinyr: folds 
tzzatzza17 has timed out
tzzatzza17: folds 
nastja336: folds 
rao999: raises $1.50 to $2.50
B1GBankroll: folds 
CaHek-Ty3: folds 
Uncalled bet ($1.50) returned to rao999
rao999 collected $2.50 from pot
rao999: doesn't show hand 
*** SUMMARY ***
Total pot $2.50 | Rake $0 
Seat 1: rao999 (button) collected ($2.50)
Seat 2: B1GBankroll (small blind) folded before Flop
Seat 3: CaHek-Ty3 (big blind) folded before Flop
Seat 4: Alinyr folded before Flop (didn't bet)
Seat 5: tzzatzza17 folded before Flop (didn't bet)
Seat 6: nastja336 folded before Flop (didn't bet)



PokerStars Hand #254730625180:  Hold'em No Limit ($0.50/$1.00 USD) - 2025/02/06 6:52:17 WET [2025/02/06 1:52:17 ET]
Table 'Korczak' 6-max Seat #2 is the button
Seat 5: tzzatzza17 ($150.55 in chips) is sitting out
Seat 1: rao999 ($105.72 in chips) 
Seat 2: B1GBankroll ($134.78 in chips) 
Seat 3: CaHek-Ty3 ($106.40 in chips) 
Seat 4: Alinyr ($103.30 in chips) 
Seat 6: nastja336 ($131.24 in chips) 
CaHek-Ty3: posts small blind $0.50
Alinyr: posts big blind $1
*** HOLE CARDS ***
nastja336: folds 
rao999: folds 
B1GBankroll: folds 
CaHek-Ty3: raises $2 to $3
Alinyr: folds 
Uncalled bet ($2) returned to CaHek-Ty3
CaHek-Ty3 collected $2 from pot
*** SUMMARY ***
Total pot $2 | Rake $0 
Seat 5: tzzatzza17
Seat 1: rao999 folded before Flop (didn't bet)
Seat 2: B1GBankroll (button) folded before Flop (didn't bet)
Seat 3: CaHek-Ty3 (small blind) collected ($2)
Seat 4: Alinyr (big blind) folded before Flop
Seat 6: nastja336 folded before Flop (didn't bet)



PokerStars Hand #254730627961:  Hold'em No Limit ($0.50/$1.00 USD) - 2025/02/06 6:52:57 WET [2025/02/06 1:52:57 ET]
Table 'Korczak' 6-max Seat #3 is the button
Seat 1: rao999 ($105.72 in chips) 
Seat 2: B1GBankroll ($134.78 in chips) 
Seat 3: CaHek-Ty3 ($107.40 in chips) 
Seat 4: Alinyr ($102.30 in chips) 
Seat 5: tzzatzza17 ($150.55 in chips) 
Seat 6: nastja336 ($131.24 in chips) 
Alinyr: posts small blind $0.50
tzzatzza17: posts big blind $1
*** HOLE CARDS ***
nastja336: raises $1.50 to $2.50
rao999: folds 
B1GBankroll: folds 
CaHek-Ty3: folds 
Alinyr: folds 
tzzatzza17: folds 
Uncalled bet ($1.50) returned to nastja336
nastja336 collected $2.50 from pot
nastja336: doesn't show hand 
*** SUMMARY ***
Total pot $2.50 | Rake $0 
Seat 1: rao999 folded before Flop (didn't bet)
Seat 2: B1GBankroll folded before Flop (didn't bet)
Seat 3: CaHek-Ty3 (button) folded before Flop (didn't bet)
Seat 4: Alinyr (small blind) folded before Flop
Seat 5: tzzatzza17 (big blind) folded before Flop
Seat 6: nastja336 collected ($2.50)



PokerStars Hand #254730629706:  Hold'em No Limit ($0.50/$1.00 USD) - 2025/02/06 6:53:22 WET [2025/02/06 1:53:22 ET]
Table 'Korczak' 6-max Seat #4 is the button
Seat 1: rao999 ($105.72 in chips) 
Seat 2: B1GBankroll ($134.78 in chips) 
Seat 3: CaHek-Ty3 ($107.40 in chips) 
Seat 4: Alinyr ($101.80 in chips) 
Seat 5: tzzatzza17 ($149.55 in chips) 
Seat 6: nastja336 ($132.74 in chips) 
tzzatzza17: posts small blind $0.50
nastja336: posts big blind $1
*** HOLE CARDS ***
rao999: folds 
B1GBankroll: raises $1.50 to $2.50
CaHek-Ty3: folds 
Alinyr: calls $2.50
tzzatzza17: calls $2
nastja336: calls $1.50
*** FLOP *** [9c 2h Kc]
tzzatzza17: bets $2
nastja336: calls $2
B1GBankroll: folds 
Alinyr: raises $10.23 to $12.23
tzzatzza17: folds 
nastja336: folds 
Uncalled bet ($10.23) returned to Alinyr
Alinyr collected $15.20 from pot
Alinyr: doesn't show hand 
*** SUMMARY ***
Total pot $16 | Rake $0.80 
Board [9c 2h Kc]
Seat 1: rao999 folded before Flop (didn't bet)
Seat 2: B1GBankroll folded on the Flop
Seat 3: CaHek-Ty3 folded before Flop (didn't bet)
Seat 4: Alinyr (button) collected ($15.20)
Seat 5: tzzatzza17 (small blind) folded on the Flop
Seat 6: nastja336 (big blind) folded on the Flop



PokerStars Hand #254730633476:  Hold'em No Limit ($0.50/$1.00 USD) - 2025/02/06 6:54:15 WET [2025/02/06 1:54:15 ET]
Table 'Korczak' 6-max Seat #5 is the button
Seat 1: rao999 ($105.72 in chips) 
Seat 2: B1GBankroll ($132.28 in chips) 
Seat 3: CaHek-Ty3 ($107.40 in chips) 
Seat 4: Alinyr ($112.50 in chips) 
Seat 5: tzzatzza17 ($145.05 in chips) 
Seat 6: nastja336 ($128.24 in chips) 
nastja336: posts small blind $0.50
rao999: posts big blind $1
*** HOLE CARDS ***
B1GBankroll: folds 
CaHek-Ty3: raises $1.50 to $2.50
Alinyr: folds 
tzzatzza17: folds 
nastja336: folds 
rao999: folds 
Uncalled bet ($1.50) returned to CaHek-Ty3
CaHek-Ty3 collected $2.50 from pot
*** SUMMARY ***
Total pot $2.50 | Rake $0 
Seat 1: rao999 (big blind) folded before Flop
Seat 2: B1GBankroll folded before Flop (didn't bet)
Seat 3: CaHek-Ty3 collected ($2.50)
Seat 4: Alinyr folded before Flop (didn't bet)
Seat 5: tzzatzza17 (button) folded before Flop (didn't bet)
Seat 6: nastja336 (small blind) folded before Flop



PokerStars Hand #254730634860:  Hold'em No Limit ($0.50/$1.00 USD) - 2025/02/06 6:54:35 WET [2025/02/06 1:54:35 ET]
Table 'Korczak' 6-max Seat #6 is the button
Seat 1: rao999 ($104.72 in chips) 
Seat 2: B1GBankroll ($132.28 in chips) 
Seat 3: CaHek-Ty3 ($108.90 in chips) 
Seat 4: Alinyr ($112.50 in chips) 
Seat 5: tzzatzza17 ($145.05 in chips) 
Seat 6: nastja336 ($127.74 in chips) 
rao999: posts small blind $0.50
B1GBankroll: posts big blind $1
*** HOLE CARDS ***
CaHek-Ty3: folds 
Alinyr: folds 
tzzatzza17: calls $1
nastja336: raises $3 to $4
rao999: folds 
B1GBankroll: calls $3
tzzatzza17: calls $3
*** FLOP *** [Qc 6s 2s]
B1GBankroll: checks 
tzzatzza17: bets $3
nastja336: raises $3 to $6
B1GBankroll: folds 
tzzatzza17: calls $3
*** TURN *** [Qc 6s 2s] [8c]
tzzatzza17: bets $4
nastja336: raises $6 to $10
tzzatzza17: calls $6
*** RIVER *** [Qc 6s 2s 8c] [2h]
tzzatzza17: bets $5
nastja336: calls $5
*** SHOW DOWN ***
tzzatzza17: shows [Ks 4s] (a pair of Deuces)
nastja336: shows [5s Qs] (two pair, Queens and Deuces)
nastja336 collected $52 from pot
*** SUMMARY ***
Total pot $54.50 | Rake $2.50 
Board [Qc 6s 2s 8c 2h]
Seat 1: rao999 (small blind) folded before Flop
Seat 2: B1GBankroll (big blind) folded on the Flop
Seat 3: CaHek-Ty3 folded before Flop (didn't bet)
Seat 4: Alinyr folded before Flop (didn't bet)
Seat 5: tzzatzza17 showed [Ks 4s] and lost with a pair of Deuces
Seat 6: nastja336 (button) showed [5s Qs] and won ($52) with two pair, Queens and Deuces



PokerStars Hand #254730638483:  Hold'em No Limit ($0.50/$1.00 USD) - 2025/02/06 6:55:30 WET [2025/02/06 1:55:30 ET]
Table 'Korczak' 6-max Seat #1 is the button
Seat 1: rao999 ($104.22 in chips) 
Seat 2: B1GBankroll ($128.28 in chips) 
Seat 3: CaHek-Ty3 ($108.90 in chips) 
Seat 4: Alinyr ($112.50 in chips) 
Seat 5: tzzatzza17 ($120.05 in chips) 
Seat 6: nastja336 ($154.74 in chips) 
B1GBankroll: posts small blind $0.50
CaHek-Ty3: posts big blind $1
*** HOLE CARDS ***
Alinyr: folds 
tzzatzza17: calls $1
nastja336: folds 
rao999: folds 
B1GBankroll: folds 
CaHek-Ty3: checks 
*** FLOP *** [6h 3c Jh]
CaHek-Ty3: checks 
tzzatzza17: checks 
*** TURN *** [6h 3c Jh] [5d]
CaHek-Ty3: bets $1.79
tzzatzza17: calls $1.79
*** RIVER *** [6h 3c Jh 5d] [3s]
CaHek-Ty3: bets $3.81
tzzatzza17: folds 
Uncalled bet ($3.81) returned to CaHek-Ty3
CaHek-Ty3 collected $5.78 from pot
*** SUMMARY ***
Total pot $6.08 | Rake $0.30 
Board [6h 3c Jh 5d 3s]
Seat 1: rao999 (button) folded before Flop (didn't bet)
Seat 2: B1GBankroll (small blind) folded before Flop
Seat 3: CaHek-Ty3 (big blind) collected ($5.78)
Seat 4: Alinyr folded before Flop (didn't bet)
Seat 5: tzzatzza17 folded on the River
Seat 6: nastja336 folded before Flop (didn't bet)



PokerStars Hand #254730642943:  Hold'em No Limit ($0.50/$1.00 USD) - 2025/02/06 6:56:46 WET [2025/02/06 1:56:46 ET]
Table 'Korczak' 6-max Seat #2 is the button
Seat 1: rao999 ($104.22 in chips) 
Seat 2: B1GBankroll ($127.78 in chips) 
Seat 3: CaHek-Ty3 ($111.89 in chips) 
Seat 4: Alinyr ($112.50 in chips) 
Seat 5: tzzatzza17 ($117.26 in chips) 
Seat 6: nastja336 ($154.74 in chips) 
CaHek-Ty3: posts small blind $0.50
Alinyr: posts big blind $1
*** HOLE CARDS ***
tzzatzza17: folds 
nastja336: folds 
rao999: raises $1.50 to $2.50
tzzatzza17 leaves the table
B1GBankroll: folds 
CaHek-Ty3: folds 
nastja336 leaves the table
Alinyr: calls $1.50
*** FLOP *** [6h 6s 4d]
Alinyr: checks 
rao999: checks 
*** TURN *** [6h 6s 4d] [8s]
Alinyr: checks 
rao999: bets $1.72
Supermegopro joins the table at seat #5 
Alinyr: calls $1.72
*** RIVER *** [6h 6s 4d 8s] [5h]
Alinyr: checks 
rao999: checks 
*** SHOW DOWN ***
Alinyr: shows [Ad Qs] (a pair of Sixes)
rao999: shows [2s 2c] (two pair, Sixes and Deuces)
rao999 collected $8.49 from pot
*** SUMMARY ***
Total pot $8.94 | Rake $0.45 
Board [6h 6s 4d 8s 5h]
Seat 1: rao999 showed [2s 2c] and won ($8.49) with two pair, Sixes and Deuces
Seat 2: B1GBankroll (button) folded before Flop (didn't bet)
Seat 3: CaHek-Ty3 (small blind) folded before Flop
Seat 4: Alinyr (big blind) showed [Ad Qs] and lost with a pair of Sixes
Seat 5: tzzatzza17 folded before Flop (didn't bet)
Seat 6: nastja336 folded before Flop (didn't bet)



PokerStars Hand #254730645621:  Hold'em No Limit ($0.50/$1.00 USD) - 2025/02/06 6:57:31 WET [2025/02/06 1:57:31 ET]
Table 'Korczak' 6-max Seat #3 is the button
Seat 1: rao999 ($108.49 in chips) 
Seat 2: B1GBankroll ($127.78 in chips) 
Seat 3: CaHek-Ty3 ($111.39 in chips) 
Seat 4: Alinyr ($108.28 in chips) 
Seat 5: Supermegopro ($100 in chips) 
Alinyr: posts small blind $0.50
Supermegopro: posts big blind $1
*** HOLE CARDS ***
rao999: raises $1.50 to $2.50
B1GBankroll: folds 
CaHek-Ty3: folds 
Alinyr: folds 
Supermegopro: folds 
Uncalled bet ($1.50) returned to rao999
rao999 collected $2.50 from pot
rao999: doesn't show hand 
*** SUMMARY ***
Total pot $2.50 | Rake $0 
Seat 1: rao999 collected ($2.50)
Seat 2: B1GBankroll folded before Flop (didn't bet)
Seat 3: CaHek-Ty3 (button) folded before Flop (didn't bet)
Seat 4: Alinyr (small blind) folded before Flop
Seat 5: Supermegopro (big blind) folded before Flop



PokerStars Hand #254730646597:  Hold'em No Limit ($0.50/$1.00 USD) - 2025/02/06 6:57:48 WET [2025/02/06 1:57:48 ET]
Table 'Korczak' 6-max Seat #4 is the button
Seat 1: rao999 ($109.99 in chips) is sitting out
Seat 2: B1GBankroll ($127.78 in chips) 
Seat 3: CaHek-Ty3 ($111.39 in chips) 
Seat 4: Alinyr ($107.78 in chips) 
Seat 5: Supermegopro ($100 in chips) 
Supermegopro: posts small blind $0.50
rao999: is sitting out 
B1GBankroll: posts big blind $1
*** HOLE CARDS ***
CaHek-Ty3: folds 
Alinyr: folds 
Supermegopro: folds 
Uncalled bet ($0.50) returned to B1GBankroll
B1GBankroll collected $1 from pot
B1GBankroll: doesn't show hand 
*** SUMMARY ***
Total pot $1 | Rake $0 
Seat 1: rao999
Seat 2: B1GBankroll (big blind) collected ($1)
Seat 3: CaHek-Ty3 folded before Flop (didn't bet)
Seat 4: Alinyr (button) folded before Flop (didn't bet)
Seat 5: Supermegopro (small blind) folded before Flop



PokerStars Hand #254730548533:  Hold'em No Limit ($0.50/$1.00 USD) - 2025/02/06 6:34:05 WET [2025/02/06 1:34:05 ET]
Table 'Korczak' 6-max Seat #2 is the button
Seat 1: rao999 ($100 in chips) 
Seat 2: B1GBankroll ($129.32 in chips) 
Seat 3: CaHek-Ty3 ($132.30 in chips) 
Seat 4: Alinyr ($118.60 in chips) 
Seat 5: tzzatzza17 ($41.23 in chips) 
Seat 6: nastja336 ($148.42 in chips) 
CaHek-Ty3: posts small blind $0.50
Alinyr: posts big blind $1
*** HOLE CARDS ***
tzzatzza17: calls $1
nastja336: folds 
rao999: folds 
B1GBankroll: raises $4 to $5
CaHek-Ty3: folds 
Alinyr: folds 
tzzatzza17 is disconnected 
tzzatzza17 has timed out while disconnected
tzzatzza17: folds 
Uncalled bet ($4) returned to B1GBankroll
B1GBankroll collected $3.50 from pot
B1GBankroll: doesn't show hand 
*** SUMMARY ***
Total pot $3.50 | Rake $0 
Seat 1: rao999 folded before Flop (didn't bet)
Seat 2: B1GBankroll (button) collected ($3.50)
Seat 3: CaHek-Ty3 (small blind) folded before Flop
Seat 4: Alinyr (big blind) folded before Flop
Seat 5: tzzatzza17 folded before Flop
Seat 6: nastja336 folded before Flop (didn't bet)



PokerStars Hand #254730553168:  Hold'em No Limit ($0.50/$1.00 USD) - 2025/02/06 6:35:11 WET [2025/02/06 1:35:11 ET]
Table 'Korczak' 6-max Seat #3 is the button
Seat 5: tzzatzza17 ($40.23 in chips) is sitting out
Seat 1: rao999 ($100 in chips) 
Seat 2: B1GBankroll ($131.82 in chips) 
Seat 3: CaHek-Ty3 ($131.80 in chips) 
Seat 4: Alinyr ($117.60 in chips) 
Seat 6: nastja336 ($148.42 in chips) 
Alinyr: posts small blind $0.50
nastja336: posts big blind $1
*** HOLE CARDS ***
rao999: folds 
B1GBankroll: folds 
CaHek-Ty3: folds 
Alinyr: folds 
Uncalled bet ($0.50) returned to nastja336
nastja336 collected $1 from pot
nastja336: doesn't show hand 
*** SUMMARY ***
Total pot $1 | Rake $0 
Seat 5: tzzatzza17
Seat 1: rao999 folded before Flop (didn't bet)
Seat 2: B1GBankroll folded before Flop (didn't bet)
Seat 3: CaHek-Ty3 (button) folded before Flop (didn't bet)
Seat 4: Alinyr (small blind) folded before Flop
Seat 6: nastja336 (big blind) collected ($1)



PokerStars Hand #254730554308:  Hold'em No Limit ($0.50/$1.00 USD) - 2025/02/06 6:35:27 WET [2025/02/06 1:35:27 ET]
Table 'Korczak' 6-max Seat #4 is the button
Seat 5: tzzatzza17 ($40.23 in chips) is sitting out
Seat 1: rao999 ($100 in chips) 
Seat 2: B1GBankroll ($131.82 in chips) 
Seat 3: CaHek-Ty3 ($131.80 in chips) 
Seat 4: Alinyr ($117.10 in chips) 
Seat 6: nastja336 ($148.92 in chips) 
nastja336: posts small blind $0.50
rao999: posts big blind $1
*** HOLE CARDS ***
B1GBankroll: folds 
CaHek-Ty3: folds 
Alinyr: folds 
nastja336: folds 
Uncalled bet ($0.50) returned to rao999
rao999 collected $1 from pot
rao999: doesn't show hand 
*** SUMMARY ***
Total pot $1 | Rake $0 
Seat 5: tzzatzza17
Seat 1: rao999 (big blind) collected ($1)
Seat 2: B1GBankroll folded before Flop (didn't bet)
Seat 3: CaHek-Ty3 folded before Flop (didn't bet)
Seat 4: Alinyr (button) folded before Flop (didn't bet)
Seat 6: nastja336 (small blind) folded before Flop



PokerStars Hand #254730555145:  Hold'em No Limit ($0.50/$1.00 USD) - 2025/02/06 6:35:39 WET [2025/02/06 1:35:39 ET]
Table 'Korczak' 6-max Seat #6 is the button
Seat 5: tzzatzza17 ($40.23 in chips) is sitting out
Seat 1: rao999 ($100.50 in chips) 
Seat 2: B1GBankroll ($131.82 in chips) 
Seat 3: CaHek-Ty3 ($131.80 in chips) 
Seat 4: Alinyr ($117.10 in chips) 
Seat 6: nastja336 ($148.42 in chips) 
rao999: posts small blind $0.50
B1GBankroll: posts big blind $1
*** HOLE CARDS ***
CaHek-Ty3: folds 
Alinyr: folds 
nastja336: folds 
rao999: folds 
Uncalled bet ($0.50) returned to B1GBankroll
B1GBankroll collected $1 from pot
B1GBankroll: doesn't show hand 
*** SUMMARY ***
Total pot $1 | Rake $0 
Seat 5: tzzatzza17
Seat 1: rao999 (small blind) folded before Flop
Seat 2: B1GBankroll (big blind) collected ($1)
Seat 3: CaHek-Ty3 folded before Flop (didn't bet)
Seat 4: Alinyr folded before Flop (didn't bet)
Seat 6: nastja336 (button) folded before Flop (didn't bet)



PokerStars Hand #254730556067:  Hold'em No Limit ($0.50/$1.00 USD) - 2025/02/06 6:35:52 WET [2025/02/06 1:35:52 ET]
Table 'Korczak' 6-max Seat #1 is the button
Seat 5: tzzatzza17 ($40.23 in chips) is sitting out
Seat 1: rao999 ($100 in chips) 
Seat 2: B1GBankroll ($132.32 in chips) 
Seat 3: CaHek-Ty3 ($131.80 in chips) 
Seat 4: Alinyr ($117.10 in chips) 
Seat 6: nastja336 ($148.42 in chips) 
B1GBankroll: posts small blind $0.50
CaHek-Ty3: posts big blind $1
*** HOLE CARDS ***
Alinyr: folds 
nastja336: raises $1.50 to $2.50
rao999: raises $5 to $7.50
B1GBankroll: folds 
CaHek-Ty3: folds 
nastja336: folds 
Uncalled bet ($5) returned to rao999
rao999 collected $6.50 from pot
rao999: doesn't show hand 
*** SUMMARY ***
Total pot $6.50 | Rake $0 
Seat 5: tzzatzza17
Seat 1: rao999 (button) collected ($6.50)
Seat 2: B1GBankroll (small blind) folded before Flop
Seat 3: CaHek-Ty3 (big blind) folded before Flop
Seat 4: Alinyr folded before Flop (didn't bet)
Seat 6: nastja336 folded before Flop



PokerStars Hand #254730558702:  Hold'em No Limit ($0.50/$1.00 USD) - 2025/02/06 6:36:29 WET [2025/02/06 1:36:29 ET]
Table 'Korczak' 6-max Seat #2 is the button
Seat 5: tzzatzza17 ($40.23 in chips) is sitting out
Seat 1: rao999 ($104 in chips) 
Seat 2: B1GBankroll ($131.82 in chips) 
Seat 3: CaHek-Ty3 ($130.80 in chips) 
Seat 4: Alinyr ($117.10 in chips) 
Seat 6: nastja336 ($145.92 in chips) 
CaHek-Ty3: posts small blind $0.50
Alinyr: posts big blind $1
*** HOLE CARDS ***
nastja336: raises $1.50 to $2.50
rao999: folds 
B1GBankroll: folds 
CaHek-Ty3: folds 
Alinyr: folds 
Uncalled bet ($1.50) returned to nastja336
nastja336 collected $2.50 from pot
nastja336: doesn't show hand 
*** SUMMARY ***
Total pot $2.50 | Rake $0 
Seat 5: tzzatzza17
Seat 1: rao999 folded before Flop (didn't bet)
Seat 2: B1GBankroll (button) folded before Flop (didn't bet)
Seat 3: CaHek-Ty3 (small blind) folded before Flop
Seat 4: Alinyr (big blind) folded before Flop
Seat 6: nastja336 collected ($2.50)



PokerStars Hand #254730560148:  Hold'em No Limit ($0.50/$1.00 USD) - 2025/02/06 6:36:50 WET [2025/02/06 1:36:50 ET]
Table 'Korczak' 6-max Seat #3 is the button
Seat 5: tzzatzza17 ($40.23 in chips) is sitting out
Seat 1: rao999 ($104 in chips) 
Seat 2: B1GBankroll ($131.82 in chips) 
Seat 3: CaHek-Ty3 ($130.30 in chips) 
Seat 4: Alinyr ($116.10 in chips) 
Seat 6: nastja336 ($147.42 in chips) 
Alinyr: posts small blind $0.50
nastja336: posts big blind $1
*** HOLE CARDS ***
rao999: raises $1.50 to $2.50
B1GBankroll: folds 
CaHek-Ty3: raises $5.50 to $8
Alinyr: folds 
nastja336: folds 
rao999: calls $5.50
*** FLOP *** [Jc 9h 8c]
rao999: checks 
CaHek-Ty3: checks 
*** TURN *** [Jc 9h 8c] [8d]
rao999: bets $10.97
CaHek-Ty3: calls $10.97
*** RIVER *** [Jc 9h 8c 8d] [8s]
rao999: checks 
CaHek-Ty3: bets $28.10
rao999: calls $28.10
*** SHOW DOWN ***
CaHek-Ty3: shows [Qs Qh] (a full house, Eights full of Queens)
rao999: mucks hand 
CaHek-Ty3 collected $93.14 from pot
*** SUMMARY ***
Total pot $95.64 | Rake $2.50 
Board [Jc 9h 8c 8d 8s]
Seat 5: tzzatzza17
Seat 1: rao999 mucked
Seat 2: B1GBankroll folded before Flop (didn't bet)
Seat 3: CaHek-Ty3 (button) showed [Qs Qh] and won ($93.14) with a full house, Eights full of Queens
Seat 4: Alinyr (small blind) folded before Flop
Seat 6: nastja336 (big blind) folded before Flop



PokerStars Hand #254730564822:  Hold'em No Limit ($0.50/$1.00 USD) - 2025/02/06 6:37:55 WET [2025/02/06 1:37:55 ET]
Table 'Korczak' 6-max Seat #4 is the button
Seat 5: tzzatzza17 ($40.23 in chips) is sitting out
Seat 1: rao999 ($100 in chips) 
Seat 2: B1GBankroll ($131.82 in chips) 
Seat 3: CaHek-Ty3 ($176.37 in chips) 
Seat 4: Alinyr ($115.60 in chips) 
Seat 6: nastja336 ($146.42 in chips) 
nastja336: posts small blind $0.50
rao999: posts big blind $1
*** HOLE CARDS ***
B1GBankroll: raises $1.50 to $2.50
CaHek-Ty3: folds 
Alinyr: folds 
nastja336: folds 
rao999: folds 
Uncalled bet ($1.50) returned to B1GBankroll
B1GBankroll collected $2.50 from pot
B1GBankroll: doesn't show hand 
*** SUMMARY ***
Total pot $2.50 | Rake $0 
Seat 5: tzzatzza17
Seat 1: rao999 (big blind) folded before Flop
Seat 2: B1GBankroll collected ($2.50)
Seat 3: CaHek-Ty3 folded before Flop (didn't bet)
Seat 4: Alinyr (button) folded before Flop (didn't bet)
Seat 6: nastja336 (small blind) folded before Flop



PokerStars Hand #254730565886:  Hold'em No Limit ($0.50/$1.00 USD) - 2025/02/06 6:38:10 WET [2025/02/06 1:38:10 ET]
Table 'Korczak' 6-max Seat #6 is the button
Seat 1: rao999 ($100 in chips) 
Seat 2: B1GBankroll ($133.32 in chips) 
Seat 3: CaHek-Ty3 ($176.37 in chips) 
Seat 4: Alinyr ($115.60 in chips) 
Seat 5: tzzatzza17 ($40.23 in chips) 
Seat 6: nastja336 ($145.92 in chips) 
rao999: posts small blind $0.50
B1GBankroll: posts big blind $1
tzzatzza17: posts small & big blinds $1.50
*** HOLE CARDS ***
CaHek-Ty3: folds 
Alinyr: folds 
tzzatzza17: checks 
nastja336: raises $3 to $4
rao999: folds 
B1GBankroll: folds 
tzzatzza17: calls $3
*** FLOP *** [8c 5c Ac]
tzzatzza17: bets $3
nastja336: calls $3
*** TURN *** [8c 5c Ac] [Th]
tzzatzza17: bets $1
nastja336: calls $1
*** RIVER *** [8c 5c Ac Th] [Ks]
tzzatzza17: bets $1
nastja336: calls $1
*** SHOW DOWN ***
tzzatzza17: shows [Js 4h] (high card Ace)
nastja336: shows [8h 7s] (a pair of Eights)
nastja336 collected $19 from pot
*** SUMMARY ***
Total pot $20 | Rake $1 
Board [8c 5c Ac Th Ks]
Seat 1: rao999 (small blind) folded before Flop
Seat 2: B1GBankroll (big blind) folded before Flop
Seat 3: CaHek-Ty3 folded before Flop (didn't bet)
Seat 4: Alinyr folded before Flop (didn't bet)
Seat 5: tzzatzza17 showed [Js 4h] and lost with high card Ace
Seat 6: nastja336 (button) showed [8h 7s] and won ($19) with a pair of Eights



PokerStars Hand #254730568233:  Hold'em No Limit ($0.50/$1.00 USD) - 2025/02/06 6:38:44 WET [2025/02/06 1:38:44 ET]
Table 'Korczak' 6-max Seat #1 is the button
Seat 3: CaHek-Ty3 ($176.37 in chips) is sitting out
Seat 1: rao999 ($100 in chips) 
Seat 2: B1GBankroll ($132.32 in chips) 
Seat 4: Alinyr ($115.60 in chips) 
Seat 5: tzzatzza17 ($30.73 in chips) 
Seat 6: nastja336 ($155.92 in chips) 
B1GBankroll: posts small blind $0.50
CaHek-Ty3: is sitting out 
Alinyr: posts big blind $1
*** HOLE CARDS ***
tzzatzza17: calls $1
nastja336: raises $3 to $4
rao999: folds 
B1GBankroll: folds 
Alinyr: folds 
tzzatzza17: calls $3
*** FLOP *** [2c Ah Js]
tzzatzza17: bets $1
nastja336: calls $1
*** TURN *** [2c Ah Js] [2s]
tzzatzza17: bets $1
nastja336: calls $1
*** RIVER *** [2c Ah Js 2s] [8s]
tzzatzza17: bets $1
nastja336: calls $1
*** SHOW DOWN ***
tzzatzza17: shows [Ks 4d] (a pair of Deuces)
nastja336: mucks hand 
tzzatzza17 collected $14.72 from pot
*** SUMMARY ***
Total pot $15.50 | Rake $0.78 
Board [2c Ah Js 2s 8s]
Seat 3: CaHek-Ty3
Seat 1: rao999 (button) folded before Flop (didn't bet)
Seat 2: B1GBankroll (small blind) folded before Flop
Seat 4: Alinyr (big blind) folded before Flop
Seat 5: tzzatzza17 showed [Ks 4d] and won ($14.72) with a pair of Deuces
Seat 6: nastja336 mucked



PokerStars Hand #254730570093:  Hold'em No Limit ($0.50/$1.00 USD) - 2025/02/06 6:39:11 WET [2025/02/06 1:39:11 ET]
Table 'Korczak' 6-max Seat #2 is the button
Seat 3: CaHek-Ty3 ($176.37 in chips) is sitting out
Seat 1: rao999 ($100 in chips) 
Seat 2: B1GBankroll ($131.82 in chips) 
Seat 4: Alinyr ($114.60 in chips) 
Seat 5: tzzatzza17 ($38.45 in chips) 
Seat 6: nastja336 ($148.92 in chips) 
Alinyr: posts small blind $0.50
tzzatzza17: posts big blind $1
*** HOLE CARDS ***
nastja336: folds 
rao999: raises $1.50 to $2.50
B1GBankroll: calls $2.50
Alinyr: folds 
tzzatzza17: calls $1.50
*** FLOP *** [Jc Kh 4d]
tzzatzza17: checks 
rao999: checks 
B1GBankroll: checks 
*** TURN *** [Jc Kh 4d] [3h]
tzzatzza17: bets $1
rao999: calls $1
B1GBankroll: calls $1
*** RIVER *** [Jc Kh 4d 3h] [4s]
tzzatzza17: bets $10.45
rao999: folds 
B1GBankroll: folds 
Uncalled bet ($10.45) returned to tzzatzza17
tzzatzza17 collected $10.45 from pot
*** SUMMARY ***
Total pot $11 | Rake $0.55 
Board [Jc Kh 4d 3h 4s]
Seat 3: CaHek-Ty3
Seat 1: rao999 folded on the River
Seat 2: B1GBankroll (button) folded on the River
Seat 4: Alinyr (small blind) folded before Flop
Seat 5: tzzatzza17 (big blind) collected ($10.45)
Seat 6: nastja336 folded before Flop (didn't bet)



PokerStars Hand #254730574357:  Hold'em No Limit ($0.50/$1.00 USD) - 2025/02/06 6:40:12 WET [2025/02/06 1:40:12 ET]
Table 'Korczak' 6-max Seat #4 is the button
Seat 3: CaHek-Ty3 ($176.37 in chips) is sitting out
Seat 1: rao999 ($100 in chips) 
Seat 2: B1GBankroll ($128.32 in chips) 
Seat 4: Alinyr ($114.10 in chips) 
Seat 5: tzzatzza17 ($45.40 in chips) 
Seat 6: nastja336 ($148.92 in chips) 
tzzatzza17: posts small blind $0.50
nastja336: posts big blind $1
*** HOLE CARDS ***
rao999: folds 
B1GBankroll: folds 
Alinyr: raises $1.50 to $2.50
tzzatzza17: folds 
nastja336: folds 
Uncalled bet ($1.50) returned to Alinyr
Alinyr collected $2.50 from pot
Alinyr: doesn't show hand 
*** SUMMARY ***
Total pot $2.50 | Rake $0 
Seat 3: CaHek-Ty3
Seat 1: rao999 folded before Flop (didn't bet)
Seat 2: B1GBankroll folded before Flop (didn't bet)
Seat 4: Alinyr (button) collected ($2.50)
Seat 5: tzzatzza17 (small blind) folded before Flop
Seat 6: nastja336 (big blind) folded before Flop



PokerStars Hand #254730575180:  Hold'em No Limit ($0.50/$1.00 USD) - 2025/02/06 6:40:24 WET [2025/02/06 1:40:24 ET]
Table 'Korczak' 6-max Seat #5 is the button
Seat 3: CaHek-Ty3 ($176.37 in chips) is sitting out
Seat 1: rao999 ($100 in chips) 
Seat 2: B1GBankroll ($128.32 in chips) 
Seat 4: Alinyr ($115.60 in chips) 
Seat 5: tzzatzza17 ($44.90 in chips) 
Seat 6: nastja336 ($147.92 in chips) 
nastja336: posts small blind $0.50
rao999: posts big blind $1
*** HOLE CARDS ***
B1GBankroll: folds 
Alinyr: raises $1.28 to $2.28
tzzatzza17: folds 
nastja336: folds 
rao999: calls $1.28
*** FLOP *** [4c 2c Th]
rao999: checks 
Alinyr: checks 
*** TURN *** [4c 2c Th] [3c]
rao999: bets $3.61
Alinyr: calls $3.61
*** RIVER *** [4c 2c Th 3c] [8d]
rao999: bets $8.75
Alinyr: raises $27.88 to $36.63
rao999: raises $57.48 to $94.11 and is all-in
Alinyr: folds 
Uncalled bet ($57.48) returned to rao999
rao999 collected $83.04 from pot
rao999: doesn't show hand 
*** SUMMARY ***
Total pot $85.54 | Rake $2.50 
Board [4c 2c Th 3c 8d]
Seat 3: CaHek-Ty3
Seat 1: rao999 (big blind) collected ($83.04)
Seat 2: B1GBankroll folded before Flop (didn't bet)
Seat 4: Alinyr folded on the River
Seat 5: tzzatzza17 (button) folded before Flop (didn't bet)
Seat 6: nastja336 (small blind) folded before Flop



PokerStars Hand #254730582760:  Hold'em No Limit ($0.50/$1.00 USD) - 2025/02/06 6:42:11 WET [2025/02/06 1:42:11 ET]
Table 'Korczak' 6-max Seat #6 is the button
Seat 3: CaHek-Ty3 ($176.37 in chips) is sitting out
Seat 1: rao999 ($140.52 in chips) 
Seat 2: B1GBankroll ($128.32 in chips) 
Seat 4: Alinyr ($100 in chips) 
Seat 5: tzzatzza17 ($44.90 in chips) 
Seat 6: nastja336 ($147.42 in chips) 
rao999: posts small blind $0.50
B1GBankroll: posts big blind $1
*** HOLE CARDS ***
Alinyr: folds 
tzzatzza17: calls $1
nastja336: folds 
rao999: calls $0.50
B1GBankroll: checks 
*** FLOP *** [Qc 7d 8h]
rao999: checks 
B1GBankroll: checks 
tzzatzza17: bets $1
rao999: folds 
B1GBankroll: folds 
Uncalled bet ($1) returned to tzzatzza17
tzzatzza17 collected $2.85 from pot
*** SUMMARY ***
Total pot $3 | Rake $0.15 
Board [Qc 7d 8h]
Seat 3: CaHek-Ty3
Seat 1: rao999 (small blind) folded on the Flop
Seat 2: B1GBankroll (big blind) folded on the Flop
Seat 4: Alinyr folded before Flop (didn't bet)
Seat 5: tzzatzza17 collected ($2.85)
Seat 6: nastja336 (button) folded before Flop (didn't bet)



PokerStars Hand #254730586264:  Hold'em No Limit ($0.50/$1.00 USD) - 2025/02/06 6:43:01 WET [2025/02/06 1:43:01 ET]
Table 'Korczak' 6-max Seat #1 is the button
Seat 3: CaHek-Ty3 ($176.37 in chips) is sitting out
Seat 1: rao999 ($139.52 in chips) 
Seat 2: B1GBankroll ($127.32 in chips) 
Seat 4: Alinyr ($100 in chips) 
Seat 5: tzzatzza17 ($46.75 in chips) 
Seat 6: nastja336 ($147.42 in chips) 
B1GBankroll: posts small blind $0.50
Alinyr: posts big blind $1
*** HOLE CARDS ***
tzzatzza17: calls $1
nastja336: folds 
rao999: raises $3 to $4
B1GBankroll: raises $12 to $16
Alinyr: folds 
tzzatzza17: folds 
rao999: folds 
Uncalled bet ($12) returned to B1GBankroll
B1GBankroll collected $10 from pot
B1GBankroll: doesn't show hand 
*** SUMMARY ***
Total pot $10 | Rake $0 
Seat 3: CaHek-Ty3
Seat 1: rao999 (button) folded before Flop
Seat 2: B1GBankroll (small blind) collected ($10)
Seat 4: Alinyr (big blind) folded before Flop
Seat 5: tzzatzza17 folded before Flop
Seat 6: nastja336 folded before Flop (didn't bet)



PokerStars Hand #254730588828:  Hold'em No Limit ($0.50/$1.00 USD) - 2025/02/06 6:43:37 WET [2025/02/06 1:43:37 ET]
Table 'Korczak' 6-max Seat #2 is the button
Seat 3: CaHek-Ty3 ($176.37 in chips) is sitting out
Seat 1: rao999 ($135.52 in chips) 
Seat 2: B1GBankroll ($133.32 in chips) 
Seat 4: Alinyr ($100 in chips) 
Seat 5: tzzatzza17 ($45.75 in chips) 
Seat 6: nastja336 ($147.42 in chips) 
Alinyr: posts small blind $0.50
tzzatzza17: posts big blind $1
*** HOLE CARDS ***
nastja336: raises $1.50 to $2.50
rao999: folds 
B1GBankroll: folds 
Alinyr: folds 
tzzatzza17: calls $1.50
*** FLOP *** [As 7h Qd]
tzzatzza17: checks 
nastja336: checks 
*** TURN *** [As 7h Qd] [3d]
tzzatzza17: checks 
nastja336: bets $2.61
tzzatzza17: folds 
Uncalled bet ($2.61) returned to nastja336
nastja336 collected $5.22 from pot
nastja336: doesn't show hand 
*** SUMMARY ***
Total pot $5.50 | Rake $0.28 
Board [As 7h Qd 3d]
Seat 3: CaHek-Ty3
Seat 1: rao999 folded before Flop (didn't bet)
Seat 2: B1GBankroll (button) folded before Flop (didn't bet)
Seat 4: Alinyr (small blind) folded before Flop
Seat 5: tzzatzza17 (big blind) folded on the Turn
Seat 6: nastja336 collected ($5.22)



PokerStars Hand #254730593505:  Hold'em No Limit ($0.50/$1.00 USD) - 2025/02/06 6:44:44 WET [2025/02/06 1:44:44 ET]
Table 'Korczak' 6-max Seat #4 is the button
Seat 3: CaHek-Ty3 ($176.37 in chips) is sitting out
Seat 1: rao999 ($135.52 in chips) 
Seat 2: B1GBankroll ($133.32 in chips) 
Seat 4: Alinyr ($100 in chips) 
Seat 5: tzzatzza17 ($43.25 in chips) 
Seat 6: nastja336 ($150.14 in chips) 
tzzatzza17: posts small blind $0.50
nastja336: posts big blind $1
*** HOLE CARDS ***
rao999: raises $1.50 to $2.50
B1GBankroll: folds 
Alinyr: folds 
tzzatzza17: calls $2
nastja336: folds 
*** FLOP *** [7s 5c 2s]
tzzatzza17: bets $4
rao999: calls $4
*** TURN *** [7s 5c 2s] [4s]
tzzatzza17: bets $2
rao999: calls $2
*** RIVER *** [7s 5c 2s 4s] [Ac]
tzzatzza17: bets $4
rao999: folds 
Uncalled bet ($4) returned to tzzatzza17
tzzatzza17 collected $17.10 from pot
*** SUMMARY ***
Total pot $18 | Rake $0.90 
Board [7s 5c 2s 4s Ac]
Seat 3: CaHek-Ty3
Seat 1: rao999 folded on the River
Seat 2: B1GBankroll folded before Flop (didn't bet)
Seat 4: Alinyr (button) folded before Flop (didn't bet)
Seat 5: tzzatzza17 (small blind) collected ($17.10)
Seat 6: nastja336 (big blind) folded before Flop



PokerStars Hand #254730595793:  Hold'em No Limit ($0.50/$1.00 USD) - 2025/02/06 6:45:16 WET [2025/02/06 1:45:16 ET]
Table 'Korczak' 6-max Seat #5 is the button
Seat 3: CaHek-Ty3 ($176.37 in chips) is sitting out
Seat 1: rao999 ($127.02 in chips) 
Seat 2: B1GBankroll ($133.32 in chips) 
Seat 4: Alinyr ($100 in chips) 
Seat 5: tzzatzza17 ($51.85 in chips) 
Seat 6: nastja336 ($149.14 in chips) 
nastja336: posts small blind $0.50
rao999: posts big blind $1
*** HOLE CARDS ***
B1GBankroll: folds 
Alinyr: folds 
tzzatzza17: calls $1
nastja336: raises $4 to $5
rao999: folds 
tzzatzza17: calls $4
*** FLOP *** [Ts Kh 5c]
nastja336: checks 
tzzatzza17: checks 
*** TURN *** [Ts Kh 5c] [Jc]
nastja336: bets $13.90
tzzatzza17: calls $13.90
*** RIVER *** [Ts Kh 5c Jc] [Js]
nastja336: checks 
tzzatzza17: bets $32.95 and is all-in
nastja336: folds 
Uncalled bet ($32.95) returned to tzzatzza17
tzzatzza17 collected $36.86 from pot
*** SUMMARY ***
Total pot $38.80 | Rake $1.94 
Board [Ts Kh 5c Jc Js]
Seat 3: CaHek-Ty3
Seat 1: rao999 (big blind) folded before Flop
Seat 2: B1GBankroll folded before Flop (didn't bet)
Seat 4: Alinyr folded before Flop (didn't bet)
Seat 5: tzzatzza17 (button) collected ($36.86)
Seat 6: nastja336 (small blind) folded on the River



PokerStars Hand #254730599241:  Hold'em No Limit ($0.50/$1.00 USD) - 2025/02/06 6:46:07 WET [2025/02/06 1:46:07 ET]
Table 'Korczak' 6-max Seat #6 is the button
Seat 3: CaHek-Ty3 ($176.37 in chips) is sitting out
Seat 1: rao999 ($126.02 in chips) 
Seat 2: B1GBankroll ($133.32 in chips) 
Seat 4: Alinyr ($100 in chips) 
Seat 5: tzzatzza17 ($69.81 in chips) 
Seat 6: nastja336 ($130.24 in chips) 
rao999: posts small blind $0.50
B1GBankroll: posts big blind $1
CaHek-Ty3: sits out 
*** HOLE CARDS ***
Alinyr: folds 
tzzatzza17: calls $1
nastja336: raises $4 to $5
rao999: folds 
B1GBankroll: folds 
tzzatzza17: folds 
Uncalled bet ($4) returned to nastja336
nastja336 collected $3.50 from pot
nastja336: doesn't show hand 
*** SUMMARY ***
Total pot $3.50 | Rake $0 
Seat 3: CaHek-Ty3
Seat 1: rao999 (small blind) folded before Flop
Seat 2: B1GBankroll (big blind) folded before Flop
Seat 4: Alinyr folded before Flop (didn't bet)
Seat 5: tzzatzza17 folded before Flop
Seat 6: nastja336 (button) collected ($3.50)



PokerStars Hand #254730600488:  Hold'em No Limit ($0.50/$1.00 USD) - 2025/02/06 6:46:26 WET [2025/02/06 1:46:26 ET]
Table 'Korczak' 6-max Seat #1 is the button
Seat 1: rao999 ($125.52 in chips) 
Seat 2: B1GBankroll ($132.32 in chips) 
Seat 3: CaHek-Ty3 ($176.37 in chips) 
Seat 4: Alinyr ($100 in chips) 
Seat 5: tzzatzza17 ($68.81 in chips) 
Seat 6: nastja336 ($132.74 in chips) 
B1GBankroll: posts small blind $0.50
CaHek-Ty3: posts big blind $1
*** HOLE CARDS ***
Alinyr: folds 
tzzatzza17: folds 
nastja336: folds 
rao999: folds 
B1GBankroll: raises $2 to $3
CaHek-Ty3: folds 
Uncalled bet ($2) returned to B1GBankroll
B1GBankroll collected $2 from pot
B1GBankroll: doesn't show hand 
*** SUMMARY ***
Total pot $2 | Rake $0 
Seat 1: rao999 (button) folded before Flop (didn't bet)
Seat 2: B1GBankroll (small blind) collected ($2)
Seat 3: CaHek-Ty3 (big blind) folded before Flop
Seat 4: Alinyr folded before Flop (didn't bet)
Seat 5: tzzatzza17 folded before Flop (didn't bet)
Seat 6: nastja336 folded before Flop (didn't bet)



PokerStars Hand #254730601876:  Hold'em No Limit ($0.50/$1.00 USD) - 2025/02/06 6:46:46 WET [2025/02/06 1:46:46 ET]
Table 'Korczak' 6-max Seat #2 is the button
Seat 1: rao999 ($125.52 in chips) 
Seat 2: B1GBankroll ($133.32 in chips) 
Seat 3: CaHek-Ty3 ($175.37 in chips) 
Seat 4: Alinyr ($100 in chips) 
Seat 5: tzzatzza17 ($68.81 in chips) 
Seat 6: nastja336 ($132.74 in chips) 
CaHek-Ty3: posts small blind $0.50
Alinyr: posts big blind $1
*** HOLE CARDS ***
tzzatzza17: folds 
nastja336: folds 
rao999: raises $1.50 to $2.50
B1GBankroll: folds 
CaHek-Ty3: folds 
Alinyr: folds 
Uncalled bet ($1.50) returned to rao999
rao999 collected $2.50 from pot
rao999: doesn't show hand 
*** SUMMARY ***
Total pot $2.50 | Rake $0 
Seat 1: rao999 collected ($2.50)
Seat 2: B1GBankroll (button) folded before Flop (didn't bet)
Seat 3: CaHek-Ty3 (small blind) folded before Flop
Seat 4: Alinyr (big blind) folded before Flop
Seat 5: tzzatzza17 folded before Flop (didn't bet)
Seat 6: nastja336 folded before Flop (didn't bet)



PokerStars Hand #254730603952:  Hold'em No Limit ($0.50/$1.00 USD) - 2025/02/06 6:47:16 WET [2025/02/06 1:47:16 ET]
Table 'Korczak' 6-max Seat #3 is the button
Seat 1: rao999 ($127.02 in chips) 
Seat 2: B1GBankroll ($133.32 in chips) 
Seat 3: CaHek-Ty3 ($174.87 in chips) 
Seat 4: Alinyr ($100 in chips) 
Seat 5: tzzatzza17 ($68.81 in chips) 
Seat 6: nastja336 ($132.74 in chips) 
Alinyr: posts small blind $0.50
tzzatzza17: posts big blind $1
*** HOLE CARDS ***
nastja336: folds 
rao999: folds 
B1GBankroll: folds 
CaHek-Ty3: raises $1.50 to $2.50
Alinyr: folds 
tzzatzza17: calls $1.50
*** FLOP *** [5s Qd 2c]
tzzatzza17: checks 
CaHek-Ty3: checks 
*** TURN *** [5s Qd 2c] [Ah]
tzzatzza17: bets $5.22
CaHek-Ty3: calls $5.22
*** RIVER *** [5s Qd 2c Ah] [8c]
tzzatzza17: bets $15.14
CaHek-Ty3: raises $44.61 to $59.75
tzzatzza17: calls $44.61
*** SHOW DOWN ***
CaHek-Ty3: shows [5c 5h] (three of a kind, Fives)
tzzatzza17: shows [4h 3h] (a straight, Ace to Five)
tzzatzza17 collected $132.94 from pot
*** SUMMARY ***
Total pot $135.44 | Rake $2.50 
Board [5s Qd 2c Ah 8c]
Seat 1: rao999 folded before Flop (didn't bet)
Seat 2: B1GBankroll folded before Flop (didn't bet)
Seat 3: CaHek-Ty3 (button) showed [5c 5h] and lost with three of a kind, Fives
Seat 4: Alinyr (small blind) folded before Flop
Seat 5: tzzatzza17 (big blind) showed [4h 3h] and won ($132.94) with a straight, Ace to Five
Seat 6: nastja336 folded before Flop (didn't bet)



PokerStars Hand #254730608566:  Hold'em No Limit ($0.50/$1.00 USD) - 2025/02/06 6:48:21 WET [2025/02/06 1:48:21 ET]
Table 'Korczak' 6-max Seat #4 is the button
Seat 1: rao999 ($127.02 in chips) 
Seat 2: B1GBankroll ($133.32 in chips) 
Seat 3: CaHek-Ty3 ($107.40 in chips) 
Seat 4: Alinyr ($100 in chips) 
Seat 5: tzzatzza17 ($134.28 in chips) 
Seat 6: nastja336 ($132.74 in chips) 
tzzatzza17: posts small blind $0.50
nastja336: posts big blind $1
*** HOLE CARDS ***
rao999: raises $1.50 to $2.50
B1GBankroll: folds 
CaHek-Ty3: folds 
Alinyr: folds 
tzzatzza17: calls $2
nastja336: folds 
*** FLOP *** [Qc 6c 2s]
tzzatzza17: bets $3
rao999: calls $3
*** TURN *** [Qc 6c 2s] [Qs]
tzzatzza17: bets $1
rao999: calls $1
*** RIVER *** [Qc 6c 2s Qs] [5c]
tzzatzza17: bets $13.30
rao999: calls $13.30
*** SHOW DOWN ***
tzzatzza17: shows [Qd Ks] (three of a kind, Queens)
rao999: mucks hand 
tzzatzza17 collected $38.57 from pot
*** SUMMARY ***
Total pot $40.60 | Rake $2.03 
Board [Qc 6c 2s Qs 5c]
Seat 1: rao999 mucked
Seat 2: B1GBankroll folded before Flop (didn't bet)
Seat 3: CaHek-Ty3 folded before Flop (didn't bet)
Seat 4: Alinyr (button) folded before Flop (didn't bet)
Seat 5: tzzatzza17 (small blind) showed [Qd Ks] and won ($38.57) with three of a kind, Queens
Seat 6: nastja336 (big blind) folded before Flop



