PokerStars Hand #254730413706:  Hold'em No Limit ($0.50/$1.00 USD) - 2025/02/06 6:03:05 WET [2025/02/06 1:03:05 ET]
Table 'Veniakaverin' 6-max Seat #2 is the button
Seat 4: Melenya ($100 in chips) is sitting out
Seat 1: e_f_irontown ($69.49 in chips) 
Seat 2: B1GBankroll ($100 in chips) 
Seat 3: Alinyr ($100 in chips) 
Seat 5: nastja336 ($100 in chips) 
Seat 6: Slami4 ($100 in chips) 
Alinyr: posts small blind $0.50
Melenya: is sitting out 
nastja336: posts big blind $1
*** HOLE CARDS ***
Slami4: folds 
e_f_irontown: raises $1 to $2
B1GBankroll: raises $4 to $6
Alinyr: folds 
nastja336: folds 
e_f_irontown: calls $4
*** FLOP *** [2s Qc Jc]
e_f_irontown: checks 
B1GBankroll: checks 
*** TURN *** [2s Qc Jc] [3c]
e_f_irontown: checks 
B1GBankroll: checks 
*** RIVER *** [2s Qc Jc 3c] [Ad]
e_f_irontown: bets $6.41
B1GBankroll: folds 
Uncalled bet ($6.41) returned to e_f_irontown
e_f_irontown collected $12.82 from pot
e_f_irontown: doesn't show hand 
*** SUMMARY ***
Total pot $13.50 | Rake $0.68 
Board [2s Qc Jc 3c Ad]
Seat 4: Melenya
Seat 1: e_f_irontown collected ($12.82)
Seat 2: B1GBankroll (button) folded on the River
Seat 3: Alinyr (small blind) folded before Flop
Seat 5: nastja336 (big blind) folded before Flop
Seat 6: Slami4 folded before Flop (didn't bet)



PokerStars Hand #254730417650:  Hold'em No Limit ($0.50/$1.00 USD) - 2025/02/06 6:03:59 WET [2025/02/06 1:03:59 ET]
Table 'Veniakaverin' 6-max Seat #3 is the button
Seat 4: Melenya ($100 in chips) is sitting out
Seat 1: e_f_irontown ($76.31 in chips) 
Seat 2: B1GBankroll ($100 in chips) 
Seat 3: Alinyr ($100 in chips) 
Seat 5: nastja336 ($100 in chips) 
Seat 6: Slami4 ($100 in chips) 
nastja336: posts small blind $0.50
Slami4: posts big blind $1
*** HOLE CARDS ***
e_f_irontown: folds 
B1GBankroll: folds 
Alinyr: raises $1.50 to $2.50
nastja336: folds 
Slami4: folds 
Uncalled bet ($1.50) returned to Alinyr
Alinyr collected $2.50 from pot
Alinyr: doesn't show hand 
*** SUMMARY ***
Total pot $2.50 | Rake $0 
Seat 4: Melenya
Seat 1: e_f_irontown folded before Flop (didn't bet)
Seat 2: B1GBankroll folded before Flop (didn't bet)
Seat 3: Alinyr (button) collected ($2.50)
Seat 5: nastja336 (small blind) folded before Flop
Seat 6: Slami4 (big blind) folded before Flop



PokerStars Hand #254730418552:  Hold'em No Limit ($0.50/$1.00 USD) - 2025/02/06 6:04:11 WET [2025/02/06 1:04:11 ET]
Table 'Veniakaverin' 6-max Seat #5 is the button
Seat 4: Melenya ($100 in chips) is sitting out
Seat 1: e_f_irontown ($76.31 in chips) 
Seat 2: B1GBankroll ($100 in chips) 
Seat 3: Alinyr ($101.50 in chips) 
Seat 5: nastja336 ($100 in chips) 
Seat 6: Slami4 ($100 in chips) 
Slami4: posts small blind $0.50
e_f_irontown: posts big blind $1
*** HOLE CARDS ***
B1GBankroll: folds 
Alinyr: raises $1.28 to $2.28
nastja336: folds 
Slami4: folds 
e_f_irontown: raises $5.06 to $7.34
Alinyr: folds 
Uncalled bet ($5.06) returned to e_f_irontown
e_f_irontown collected $5.06 from pot
e_f_irontown: doesn't show hand 
*** SUMMARY ***
Total pot $5.06 | Rake $0 
Seat 4: Melenya
Seat 1: e_f_irontown (big blind) collected ($5.06)
Seat 2: B1GBankroll folded before Flop (didn't bet)
Seat 3: Alinyr folded before Flop
Seat 5: nastja336 (button) folded before Flop (didn't bet)
Seat 6: Slami4 (small blind) folded before Flop



PokerStars Hand #254730420027:  Hold'em No Limit ($0.50/$1.00 USD) - 2025/02/06 6:04:31 WET [2025/02/06 1:04:31 ET]
Table 'Veniakaverin' 6-max Seat #6 is the button
Seat 2: B1GBankroll ($100 in chips) is sitting out
Seat 4: Melenya ($100 in chips) is sitting out
Seat 1: e_f_irontown ($79.09 in chips) 
Seat 3: Alinyr ($100 in chips) 
Seat 5: nastja336 ($100 in chips) 
Seat 6: Slami4 ($100 in chips) 
e_f_irontown: posts small blind $0.50
B1GBankroll: is sitting out 
Alinyr: posts big blind $1
*** HOLE CARDS ***
nastja336: folds 
B1GBankroll leaves the table
Slami4: raises $1.50 to $2.50
e_f_irontown: calls $2
Burlica2013 joins the table at seat #2 
Alinyr: folds 
*** FLOP *** [6c 2h 5h]
nastja336 leaves the table
e_f_irontown: checks 
Slami4: bets $2
AlexEliseev7 joins the table at seat #5 
e_f_irontown: calls $2
*** TURN *** [6c 2h 5h] [7s]
e_f_irontown: checks 
Slami4: checks 
*** RIVER *** [6c 2h 5h 7s] [3c]
e_f_irontown: checks 
Slami4: checks 
*** SHOW DOWN ***
e_f_irontown: shows [Js 6s] (a pair of Sixes)
Slami4: mucks hand 
e_f_irontown collected $9.50 from pot
*** SUMMARY ***
Total pot $10 | Rake $0.50 
Board [6c 2h 5h 7s 3c]
Seat 2: B1GBankroll
Seat 4: Melenya
Seat 1: e_f_irontown (small blind) showed [Js 6s] and won ($9.50) with a pair of Sixes
Seat 3: Alinyr (big blind) folded before Flop
Seat 5: nastja336 folded before Flop (didn't bet)
Seat 6: Slami4 (button) mucked



PokerStars Hand #254730423656:  Hold'em No Limit ($0.50/$1.00 USD) - 2025/02/06 6:05:20 WET [2025/02/06 1:05:20 ET]
Table 'Veniakaverin' 6-max Seat #1 is the button
Seat 2: Burlica2013 ($100 in chips) is sitting out
Seat 4: Melenya ($100 in chips) is sitting out
Seat 1: e_f_irontown ($84.09 in chips) 
Seat 3: Alinyr ($100 in chips) 
Seat 5: AlexEliseev7 ($100 in chips) 
Seat 6: Slami4 ($100 in chips) 
Alinyr: posts small blind $0.50
AlexEliseev7: posts big blind $1
*** HOLE CARDS ***
Slami4: folds 
e_f_irontown: folds 
Alinyr: raises $2 to $3
AlexEliseev7: raises $7 to $10
Alinyr: calls $7
*** FLOP *** [6c 3h Ah]
Alinyr: checks 
AlexEliseev7: bets $4.75
Alinyr: calls $4.75
*** TURN *** [6c 3h Ah] [Kc]
Alinyr: checks 
AlexEliseev7: checks 
*** RIVER *** [6c 3h Ah Kc] [6h]
Alinyr: checks 
AlexEliseev7: checks 
*** SHOW DOWN ***
Alinyr: shows [7d 7c] (two pair, Sevens and Sixes)
AlexEliseev7: shows [9d 9c] (two pair, Nines and Sixes)
AlexEliseev7 collected $28.50 from pot
*** SUMMARY ***
Total pot $29.50 | Rake $1 
Board [6c 3h Ah Kc 6h]
Seat 2: Burlica2013
Seat 4: Melenya
Seat 1: e_f_irontown (button) folded before Flop (didn't bet)
Seat 3: Alinyr (small blind) showed [7d 7c] and lost with two pair, Sevens and Sixes
Seat 5: AlexEliseev7 (big blind) showed [9d 9c] and won ($28.50) with two pair, Nines and Sixes
Seat 6: Slami4 folded before Flop (didn't bet)



PokerStars Hand #254730429710:  Hold'em No Limit ($0.50/$1.00 USD) - 2025/02/06 6:06:40 WET [2025/02/06 1:06:40 ET]
Table 'Veniakaverin' 6-max Seat #3 is the button
Seat 2: Burlica2013 ($100 in chips) is sitting out
Seat 4: Melenya ($100 in chips) is sitting out
Seat 1: e_f_irontown ($84.09 in chips) 
Seat 3: Alinyr ($100 in chips) 
Seat 5: AlexEliseev7 ($113.75 in chips) 
Seat 6: Slami4 ($100 in chips) 
AlexEliseev7: posts small blind $0.50
Slami4: posts big blind $1
Burlica2013: sits out 
*** HOLE CARDS ***
e_f_irontown: folds 
Alinyr: raises $1.50 to $2.50
AlexEliseev7: folds 
Slami4: folds 
Uncalled bet ($1.50) returned to Alinyr
Alinyr collected $2.50 from pot
Alinyr: doesn't show hand 
*** SUMMARY ***
Total pot $2.50 | Rake $0 
Seat 2: Burlica2013
Seat 4: Melenya
Seat 1: e_f_irontown folded before Flop (didn't bet)
Seat 3: Alinyr (button) collected ($2.50)
Seat 5: AlexEliseev7 (small blind) folded before Flop
Seat 6: Slami4 (big blind) folded before Flop



PokerStars Hand #254730430633:  Hold'em No Limit ($0.50/$1.00 USD) - 2025/02/06 6:06:53 WET [2025/02/06 1:06:53 ET]
Table 'Veniakaverin' 6-max Seat #5 is the button
Seat 2: Burlica2013 ($100 in chips) is sitting out
Seat 4: Melenya ($100 in chips) is sitting out
Seat 1: e_f_irontown ($84.09 in chips) 
Seat 3: Alinyr ($101.50 in chips) 
Seat 5: AlexEliseev7 ($113.25 in chips) 
Seat 6: Slami4 ($100 in chips) 
Slami4: posts small blind $0.50
e_f_irontown: posts big blind $1
Burlica2013: sits out 
*** HOLE CARDS ***
Alinyr: folds 
AlexEliseev7: folds 
Slami4: folds 
Uncalled bet ($0.50) returned to e_f_irontown
e_f_irontown collected $1 from pot
e_f_irontown: doesn't show hand 
*** SUMMARY ***
Total pot $1 | Rake $0 
Seat 2: Burlica2013
Seat 4: Melenya
Seat 1: e_f_irontown (big blind) collected ($1)
Seat 3: Alinyr folded before Flop (didn't bet)
Seat 5: AlexEliseev7 (button) folded before Flop (didn't bet)
Seat 6: Slami4 (small blind) folded before Flop



PokerStars Hand #254730431668:  Hold'em No Limit ($0.50/$1.00 USD) - 2025/02/06 6:07:06 WET [2025/02/06 1:07:06 ET]
Table 'Veniakaverin' 6-max Seat #6 is the button
Seat 4: Melenya ($100 in chips) is sitting out
Seat 1: e_f_irontown ($84.59 in chips) 
Seat 2: Burlica2013 ($100 in chips) 
Seat 3: Alinyr ($101.50 in chips) 
Seat 5: AlexEliseev7 ($113.25 in chips) 
Seat 6: Slami4 ($100 in chips) 
e_f_irontown: posts small blind $0.50
Burlica2013: posts big blind $1
*** HOLE CARDS ***
Alinyr: folds 
AlexEliseev7: folds 
Slami4: folds 
e_f_irontown: calls $0.50
Burlica2013: raises $2 to $3
e_f_irontown: calls $2
*** FLOP *** [Qd 4d Th]
e_f_irontown: checks 
Burlica2013: bets $1.88
e_f_irontown: calls $1.88
*** TURN *** [Qd 4d Th] [7h]
e_f_irontown: checks 
Burlica2013: bets $9.36
e_f_irontown: folds 
Uncalled bet ($9.36) returned to Burlica2013
Burlica2013 collected $9.27 from pot
Burlica2013: doesn't show hand 
*** SUMMARY ***
Total pot $9.76 | Rake $0.49 
Board [Qd 4d Th 7h]
Seat 4: Melenya
Seat 1: e_f_irontown (small blind) folded on the Turn
Seat 2: Burlica2013 (big blind) collected ($9.27)
Seat 3: Alinyr folded before Flop (didn't bet)
Seat 5: AlexEliseev7 folded before Flop (didn't bet)
Seat 6: Slami4 (button) folded before Flop (didn't bet)



PokerStars Hand #254730437466:  Hold'em No Limit ($0.50/$1.00 USD) - 2025/02/06 6:08:25 WET [2025/02/06 1:08:25 ET]
Table 'Veniakaverin' 6-max Seat #1 is the button
Seat 4: Melenya ($100 in chips) is sitting out
Seat 1: e_f_irontown ($79.71 in chips) 
Seat 2: Burlica2013 ($104.39 in chips) 
Seat 3: Alinyr ($101.50 in chips) 
Seat 5: AlexEliseev7 ($113.25 in chips) 
Seat 6: Slami4 ($100 in chips) 
Burlica2013: posts small blind $0.50
Alinyr: posts big blind $1
Melenya: sits out 
*** HOLE CARDS ***
AlexEliseev7: raises $1.50 to $2.50
Slami4: raises $5 to $7.50
e_f_irontown: folds 
Burlica2013: folds 
Alinyr: folds 
AlexEliseev7: folds 
Uncalled bet ($5) returned to Slami4
Slami4 collected $6.50 from pot
Slami4: doesn't show hand 
*** SUMMARY ***
Total pot $6.50 | Rake $0 
Seat 4: Melenya
Seat 1: e_f_irontown (button) folded before Flop (didn't bet)
Seat 2: Burlica2013 (small blind) folded before Flop
Seat 3: Alinyr (big blind) folded before Flop
Seat 5: AlexEliseev7 folded before Flop
Seat 6: Slami4 collected ($6.50)



PokerStars Hand #254730439744:  Hold'em No Limit ($0.50/$1.00 USD) - 2025/02/06 6:08:56 WET [2025/02/06 1:08:56 ET]
Table 'Veniakaverin' 6-max Seat #2 is the button
Seat 1: e_f_irontown ($79.71 in chips) 
Seat 2: Burlica2013 ($103.89 in chips) 
Seat 3: Alinyr ($100.50 in chips) 
Seat 4: Melenya ($100 in chips) 
Seat 5: AlexEliseev7 ($110.75 in chips) 
Seat 6: Slami4 ($104 in chips) 
Alinyr: posts small blind $0.50
Melenya: posts big blind $1
*** HOLE CARDS ***
AlexEliseev7: folds 
Slami4: folds 
e_f_irontown: folds 
Burlica2013: raises $1.45 to $2.45
Alinyr: folds 
Melenya: calls $1.45
*** FLOP *** [Kc 8s As]
Melenya: checks 
Burlica2013: bets $3.85
Melenya: folds 
Uncalled bet ($3.85) returned to Burlica2013
Burlica2013 collected $5.13 from pot
Burlica2013: doesn't show hand 
*** SUMMARY ***
Total pot $5.40 | Rake $0.27 
Board [Kc 8s As]
Seat 1: e_f_irontown folded before Flop (didn't bet)
Seat 2: Burlica2013 (button) collected ($5.13)
Seat 3: Alinyr (small blind) folded before Flop
Seat 4: Melenya (big blind) folded on the Flop
Seat 5: AlexEliseev7 folded before Flop (didn't bet)
Seat 6: Slami4 folded before Flop (didn't bet)



PokerStars Hand #254730442968:  Hold'em No Limit ($0.50/$1.00 USD) - 2025/02/06 6:09:40 WET [2025/02/06 1:09:40 ET]
Table 'Veniakaverin' 6-max Seat #3 is the button
Seat 1: e_f_irontown ($79.71 in chips) 
Seat 2: Burlica2013 ($106.57 in chips) 
Seat 3: Alinyr ($100 in chips) 
Seat 4: Melenya ($100 in chips) 
Seat 5: AlexEliseev7 ($110.75 in chips) 
Seat 6: Slami4 ($104 in chips) 
Melenya: posts small blind $0.50
AlexEliseev7: posts big blind $1
*** HOLE CARDS ***
Slami4: folds 
e_f_irontown: folds 
Burlica2013: folds 
Alinyr: raises $1.50 to $2.50
Melenya: folds 
AlexEliseev7: folds 
Uncalled bet ($1.50) returned to Alinyr
Alinyr collected $2.50 from pot
Alinyr: doesn't show hand 
*** SUMMARY ***
Total pot $2.50 | Rake $0 
Seat 1: e_f_irontown folded before Flop (didn't bet)
Seat 2: Burlica2013 folded before Flop (didn't bet)
Seat 3: Alinyr (button) collected ($2.50)
Seat 4: Melenya (small blind) folded before Flop
Seat 5: AlexEliseev7 (big blind) folded before Flop
Seat 6: Slami4 folded before Flop (didn't bet)



PokerStars Hand #254730443961:  Hold'em No Limit ($0.50/$1.00 USD) - 2025/02/06 6:09:54 WET [2025/02/06 1:09:54 ET]
Table 'Veniakaverin' 6-max Seat #4 is the button
Seat 1: e_f_irontown ($79.71 in chips) 
Seat 2: Burlica2013 ($106.57 in chips) 
Seat 3: Alinyr ($101.50 in chips) 
Seat 4: Melenya ($100 in chips) 
Seat 5: AlexEliseev7 ($109.75 in chips) 
Seat 6: Slami4 ($104 in chips) 
AlexEliseev7: posts small blind $0.50
Slami4: posts big blind $1
*** HOLE CARDS ***
e_f_irontown: folds 
Burlica2013: folds 
Alinyr: folds 
Melenya: raises $1.50 to $2.50
AlexEliseev7: raises $9.50 to $12
Slami4: folds 
Melenya: calls $9.50
*** FLOP *** [8d Kc 9h]
AlexEliseev7: bets $7.84
Melenya: calls $7.84
*** TURN *** [8d Kc 9h] [Jc]
AlexEliseev7: bets $12.75
Melenya: raises $19.25 to $32
AlexEliseev7: folds 
Uncalled bet ($19.25) returned to Melenya
Melenya collected $63.68 from pot
Melenya: doesn't show hand 
*** SUMMARY ***
Total pot $66.18 | Rake $2.50 
Board [8d Kc 9h Jc]
Seat 1: e_f_irontown folded before Flop (didn't bet)
Seat 2: Burlica2013 folded before Flop (didn't bet)
Seat 3: Alinyr folded before Flop (didn't bet)
Seat 4: Melenya (button) collected ($63.68)
Seat 5: AlexEliseev7 (small blind) folded on the Turn
Seat 6: Slami4 (big blind) folded before Flop



PokerStars Hand #254730450469:  Hold'em No Limit ($0.50/$1.00 USD) - 2025/02/06 6:11:24 WET [2025/02/06 1:11:24 ET]
Table 'Veniakaverin' 6-max Seat #5 is the button
Seat 1: e_f_irontown ($79.71 in chips) 
Seat 2: Burlica2013 ($106.57 in chips) 
Seat 3: Alinyr ($101.50 in chips) 
Seat 4: Melenya ($131.09 in chips) 
Seat 5: AlexEliseev7 ($100 in chips) 
Seat 6: Slami4 ($103 in chips) 
Slami4: posts small blind $0.50
e_f_irontown: posts big blind $1
*** HOLE CARDS ***
Burlica2013: folds 
Alinyr: folds 
Melenya: folds 
AlexEliseev7: folds 
Slami4: folds 
Uncalled bet ($0.50) returned to e_f_irontown
e_f_irontown collected $1 from pot
e_f_irontown: doesn't show hand 
*** SUMMARY ***
Total pot $1 | Rake $0 
Seat 1: e_f_irontown (big blind) collected ($1)
Seat 2: Burlica2013 folded before Flop (didn't bet)
Seat 3: Alinyr folded before Flop (didn't bet)
Seat 4: Melenya folded before Flop (didn't bet)
Seat 5: AlexEliseev7 (button) folded before Flop (didn't bet)
Seat 6: Slami4 (small blind) folded before Flop



PokerStars Hand #254730451428:  Hold'em No Limit ($0.50/$1.00 USD) - 2025/02/06 6:11:36 WET [2025/02/06 1:11:36 ET]
Table 'Veniakaverin' 6-max Seat #6 is the button
Seat 1: e_f_irontown ($80.21 in chips) 
Seat 2: Burlica2013 ($106.57 in chips) 
Seat 3: Alinyr ($101.50 in chips) 
Seat 4: Melenya ($131.09 in chips) 
Seat 5: AlexEliseev7 ($100 in chips) 
Seat 6: Slami4 ($102.50 in chips) 
e_f_irontown: posts small blind $0.50
Burlica2013: posts big blind $1
*** HOLE CARDS ***
Alinyr: folds 
Melenya: raises $1 to $2
AlexEliseev7: folds 
Slami4: folds 
e_f_irontown: calls $1.50
Burlica2013: folds 
*** FLOP *** [8h Jh 7h]
e_f_irontown: checks 
Melenya: bets $3.56
e_f_irontown: calls $3.56
*** TURN *** [8h Jh 7h] [Kd]
e_f_irontown: checks 
Melenya: bets $5.76
e_f_irontown: calls $5.76
*** RIVER *** [8h Jh 7h Kd] [9d]
e_f_irontown: checks 
Melenya: checks 
*** SHOW DOWN ***
e_f_irontown: shows [Kh 5h] (a flush, King high)
Melenya: mucks hand 
e_f_irontown collected $22.46 from pot
*** SUMMARY ***
Total pot $23.64 | Rake $1.18 
Board [8h Jh 7h Kd 9d]
Seat 1: e_f_irontown (small blind) showed [Kh 5h] and won ($22.46) with a flush, King high
Seat 2: Burlica2013 (big blind) folded before Flop
Seat 3: Alinyr folded before Flop (didn't bet)
Seat 4: Melenya mucked
Seat 5: AlexEliseev7 folded before Flop (didn't bet)
Seat 6: Slami4 (button) folded before Flop (didn't bet)



PokerStars Hand #254730455119:  Hold'em No Limit ($0.50/$1.00 USD) - 2025/02/06 6:12:27 WET [2025/02/06 1:12:27 ET]
Table 'Veniakaverin' 6-max Seat #1 is the button
Seat 3: Alinyr ($101.50 in chips) is sitting out
Seat 1: e_f_irontown ($91.35 in chips) 
Seat 2: Burlica2013 ($105.57 in chips) 
Seat 4: Melenya ($119.77 in chips) 
Seat 5: AlexEliseev7 ($100 in chips) 
Seat 6: Slami4 ($102.50 in chips) 
Burlica2013: posts small blind $0.50
Alinyr: is sitting out 
Melenya: posts big blind $1
*** HOLE CARDS ***
Alinyr leaves the table
AlexEliseev7: raises $1.50 to $2.50
Slami4: folds 
e_f_irontown: calls $2.50
Burlica2013: calls $2
Melenya: raises $13.50 to $16
nickreason17 joins the table at seat #3 
AlexEliseev7: folds 
e_f_irontown: folds 
Burlica2013: folds 
Uncalled bet ($13.50) returned to Melenya
Melenya collected $10 from pot
Melenya: doesn't show hand 
*** SUMMARY ***
Total pot $10 | Rake $0 
Seat 3: Alinyr
Seat 1: e_f_irontown (button) folded before Flop
Seat 2: Burlica2013 (small blind) folded before Flop
Seat 4: Melenya (big blind) collected ($10)
Seat 5: AlexEliseev7 folded before Flop
Seat 6: Slami4 folded before Flop (didn't bet)



PokerStars Hand #254730459263:  Hold'em No Limit ($0.50/$1.00 USD) - 2025/02/06 6:13:24 WET [2025/02/06 1:13:24 ET]
Table 'Veniakaverin' 6-max Seat #2 is the button
Seat 3: nickreason17 ($100 in chips) is sitting out
Seat 1: e_f_irontown ($88.85 in chips) 
Seat 2: Burlica2013 ($103.07 in chips) 
Seat 4: Melenya ($127.27 in chips) 
Seat 5: AlexEliseev7 ($100 in chips) 
Seat 6: Slami4 ($102.50 in chips) 
Melenya: posts small blind $0.50
AlexEliseev7: posts big blind $1
*** HOLE CARDS ***
Slami4: folds 
e_f_irontown: folds 
Burlica2013: raises $1.45 to $2.45
Melenya: folds 
AlexEliseev7: calls $1.45
*** FLOP *** [7d 5d 8d]
AlexEliseev7: checks 
Burlica2013: checks 
*** TURN *** [7d 5d 8d] [9d]
AlexEliseev7: checks 
Burlica2013: checks 
*** RIVER *** [7d 5d 8d 9d] [Jc]
AlexEliseev7: checks 
Burlica2013: checks 
*** SHOW DOWN ***
AlexEliseev7: shows [4d 4s] (a flush, Nine high)
Burlica2013: mucks hand 
AlexEliseev7 collected $5.13 from pot
*** SUMMARY ***
Total pot $5.40 | Rake $0.27 
Board [7d 5d 8d 9d Jc]
Seat 3: nickreason17
Seat 1: e_f_irontown folded before Flop (didn't bet)
Seat 2: Burlica2013 (button) mucked
Seat 4: Melenya (small blind) folded before Flop
Seat 5: AlexEliseev7 (big blind) showed [4d 4s] and won ($5.13) with a flush, Nine high
Seat 6: Slami4 folded before Flop (didn't bet)



PokerStars Hand #254730465512:  Hold'em No Limit ($0.50/$1.00 USD) - 2025/02/06 6:14:50 WET [2025/02/06 1:14:50 ET]
Table 'Veniakaverin' 6-max Seat #4 is the button
Seat 3: nickreason17 ($100 in chips) is sitting out
Seat 1: e_f_irontown ($88.85 in chips) 
Seat 2: Burlica2013 ($100.62 in chips) 
Seat 4: Melenya ($126.77 in chips) 
Seat 5: AlexEliseev7 ($102.68 in chips) 
Seat 6: Slami4 ($102.50 in chips) 
AlexEliseev7: posts small blind $0.50
Slami4: posts big blind $1
nickreason17: sits out 
*** HOLE CARDS ***
e_f_irontown: calls $1
Burlica2013: folds 
Melenya: folds 
AlexEliseev7: raises $4 to $5
Slami4: folds 
e_f_irontown: calls $4
*** FLOP *** [8s 6s 5c]
AlexEliseev7: bets $3.45
e_f_irontown: folds 
Uncalled bet ($3.45) returned to AlexEliseev7
AlexEliseev7 collected $10.45 from pot
AlexEliseev7: doesn't show hand 
*** SUMMARY ***
Total pot $11 | Rake $0.55 
Board [8s 6s 5c]
Seat 3: nickreason17
Seat 1: e_f_irontown folded on the Flop
Seat 2: Burlica2013 folded before Flop (didn't bet)
Seat 4: Melenya (button) folded before Flop (didn't bet)
Seat 5: AlexEliseev7 (small blind) collected ($10.45)
Seat 6: Slami4 (big blind) folded before Flop



PokerStars Hand #254730467931:  Hold'em No Limit ($0.50/$1.00 USD) - 2025/02/06 6:15:22 WET [2025/02/06 1:15:22 ET]
Table 'Veniakaverin' 6-max Seat #5 is the button
Seat 3: nickreason17 ($100 in chips) is sitting out
Seat 1: e_f_irontown ($83.85 in chips) 
Seat 2: Burlica2013 ($100.62 in chips) 
Seat 4: Melenya ($126.77 in chips) 
Seat 5: AlexEliseev7 ($108.13 in chips) 
Seat 6: Slami4 ($101.50 in chips) 
Slami4: posts small blind $0.50
e_f_irontown: posts big blind $1
nickreason17: sits out 
*** HOLE CARDS ***
Burlica2013: folds 
Melenya: folds 
AlexEliseev7: raises $1.50 to $2.50
Slami4: folds 
e_f_irontown: folds 
Uncalled bet ($1.50) returned to AlexEliseev7
AlexEliseev7 collected $2.50 from pot
AlexEliseev7: doesn't show hand 
*** SUMMARY ***
Total pot $2.50 | Rake $0 
Seat 3: nickreason17
Seat 1: e_f_irontown (big blind) folded before Flop
Seat 2: Burlica2013 folded before Flop (didn't bet)
Seat 4: Melenya folded before Flop (didn't bet)
Seat 5: AlexEliseev7 (button) collected ($2.50)
Seat 6: Slami4 (small blind) folded before Flop



PokerStars Hand #254730468884:  Hold'em No Limit ($0.50/$1.00 USD) - 2025/02/06 6:15:36 WET [2025/02/06 1:15:36 ET]
Table 'Veniakaverin' 6-max Seat #6 is the button
Seat 3: nickreason17 ($100 in chips) is sitting out
Seat 1: e_f_irontown ($82.85 in chips) 
Seat 2: Burlica2013 ($100.62 in chips) 
Seat 4: Melenya ($126.77 in chips) 
Seat 5: AlexEliseev7 ($109.63 in chips) 
Seat 6: Slami4 ($101 in chips) 
e_f_irontown: posts small blind $0.50
Burlica2013: posts big blind $1
nickreason17: sits out 
*** HOLE CARDS ***
Melenya: folds 
AlexEliseev7: folds 
Slami4: raises $1.50 to $2.50
e_f_irontown: calls $2
Burlica2013: raises $11.63 to $14.13
Slami4: folds 
e_f_irontown: folds 
Uncalled bet ($11.63) returned to Burlica2013
Burlica2013 collected $7.50 from pot
Burlica2013: doesn't show hand 
*** SUMMARY ***
Total pot $7.50 | Rake $0 
Seat 3: nickreason17
Seat 1: e_f_irontown (small blind) folded before Flop
Seat 2: Burlica2013 (big blind) collected ($7.50)
Seat 4: Melenya folded before Flop (didn't bet)
Seat 5: AlexEliseev7 folded before Flop (didn't bet)
Seat 6: Slami4 (button) folded before Flop



PokerStars Hand #254730470887:  Hold'em No Limit ($0.50/$1.00 USD) - 2025/02/06 6:16:03 WET [2025/02/06 1:16:03 ET]
Table 'Veniakaverin' 6-max Seat #1 is the button
Seat 1: e_f_irontown ($80.35 in chips) 
Seat 2: Burlica2013 ($105.62 in chips) 
Seat 3: nickreason17 ($100 in chips) 
Seat 4: Melenya ($126.77 in chips) 
Seat 5: AlexEliseev7 ($109.63 in chips) 
Seat 6: Slami4 ($100 in chips) 
Burlica2013: posts small blind $0.50
nickreason17: posts big blind $1
*** HOLE CARDS ***
Melenya: folds 
AlexEliseev7: folds 
Slami4: raises $1.50 to $2.50
e_f_irontown: folds 
Burlica2013: folds 
nickreason17: calls $1.50
*** FLOP *** [Th 6h Kh]
nickreason17: checks 
Slami4: checks 
*** TURN *** [Th 6h Kh] [7c]
nickreason17: bets $7.83
Slami4: folds 
Uncalled bet ($7.83) returned to nickreason17
nickreason17 collected $5.22 from pot
nickreason17: doesn't show hand 
*** SUMMARY ***
Total pot $5.50 | Rake $0.28 
Board [Th 6h Kh 7c]
Seat 1: e_f_irontown (button) folded before Flop (didn't bet)
Seat 2: Burlica2013 (small blind) folded before Flop
Seat 3: nickreason17 (big blind) collected ($5.22)
Seat 4: Melenya folded before Flop (didn't bet)
Seat 5: AlexEliseev7 folded before Flop (didn't bet)
Seat 6: Slami4 folded on the Turn



PokerStars Hand #254730473238:  Hold'em No Limit ($0.50/$1.00 USD) - 2025/02/06 6:16:36 WET [2025/02/06 1:16:36 ET]
Table 'Veniakaverin' 6-max Seat #2 is the button
Seat 1: e_f_irontown ($80.35 in chips) 
Seat 2: Burlica2013 ($105.12 in chips) 
Seat 3: nickreason17 ($102.72 in chips) 
Seat 4: Melenya ($126.77 in chips) 
Seat 5: AlexEliseev7 ($109.63 in chips) 
Seat 6: Slami4 ($100 in chips) 
nickreason17: posts small blind $0.50
Melenya: posts big blind $1
*** HOLE CARDS ***
AlexEliseev7: folds 
Slami4: folds 
e_f_irontown: folds 
Burlica2013: raises $1.45 to $2.45
nickreason17: folds 
Melenya: folds 
Uncalled bet ($1.45) returned to Burlica2013
Burlica2013 collected $2.50 from pot
Burlica2013: doesn't show hand 
*** SUMMARY ***
Total pot $2.50 | Rake $0 
Seat 1: e_f_irontown folded before Flop (didn't bet)
Seat 2: Burlica2013 (button) collected ($2.50)
Seat 3: nickreason17 (small blind) folded before Flop
Seat 4: Melenya (big blind) folded before Flop
Seat 5: AlexEliseev7 folded before Flop (didn't bet)
Seat 6: Slami4 folded before Flop (didn't bet)



PokerStars Hand #254730473960:  Hold'em No Limit ($0.50/$1.00 USD) - 2025/02/06 6:16:46 WET [2025/02/06 1:16:46 ET]
Table 'Veniakaverin' 6-max Seat #3 is the button
Seat 1: e_f_irontown ($80.35 in chips) 
Seat 2: Burlica2013 ($106.62 in chips) 
Seat 3: nickreason17 ($102.22 in chips) 
Seat 4: Melenya ($125.77 in chips) 
Seat 5: AlexEliseev7 ($109.63 in chips) 
Seat 6: Slami4 ($100 in chips) 
Melenya: posts small blind $0.50
AlexEliseev7: posts big blind $1
*** HOLE CARDS ***
Slami4: folds 
e_f_irontown: calls $1
Burlica2013: folds 
nickreason17: folds 
Melenya: folds 
AlexEliseev7: checks 
*** FLOP *** [8h 8s 7h]
AlexEliseev7: checks 
e_f_irontown: checks 
*** TURN *** [8h 8s 7h] [5h]
AlexEliseev7: checks 
e_f_irontown: checks 
*** RIVER *** [8h 8s 7h 5h] [6s]
AlexEliseev7: bets $1.86
e_f_irontown: folds 
Uncalled bet ($1.86) returned to AlexEliseev7
AlexEliseev7 collected $2.38 from pot
AlexEliseev7: doesn't show hand 
*** SUMMARY ***
Total pot $2.50 | Rake $0.12 
Board [8h 8s 7h 5h 6s]
Seat 1: e_f_irontown folded on the River
Seat 2: Burlica2013 folded before Flop (didn't bet)
Seat 3: nickreason17 (button) folded before Flop (didn't bet)
Seat 4: Melenya (small blind) folded before Flop
Seat 5: AlexEliseev7 (big blind) collected ($2.38)
Seat 6: Slami4 folded before Flop (didn't bet)



PokerStars Hand #254730476440:  Hold'em No Limit ($0.50/$1.00 USD) - 2025/02/06 6:17:21 WET [2025/02/06 1:17:21 ET]
Table 'Veniakaverin' 6-max Seat #4 is the button
Seat 1: e_f_irontown ($79.35 in chips) 
Seat 2: Burlica2013 ($106.62 in chips) 
Seat 3: nickreason17 ($102.22 in chips) 
Seat 4: Melenya ($125.27 in chips) 
Seat 5: AlexEliseev7 ($111.01 in chips) 
Seat 6: Slami4 ($100 in chips) 
AlexEliseev7: posts small blind $0.50
Slami4: posts big blind $1
*** HOLE CARDS ***
e_f_irontown: calls $1
Burlica2013: folds 
nickreason17: folds 
Melenya: folds 
AlexEliseev7: folds 
Slami4: checks 
*** FLOP *** [Kc 8c 6s]
Slami4: checks 
e_f_irontown: checks 
*** TURN *** [Kc 8c 6s] [Kh]
Slami4: checks 
e_f_irontown: checks 
*** RIVER *** [Kc 8c 6s Kh] [6c]
Slami4: checks 
e_f_irontown: checks 
*** SHOW DOWN ***
Slami4: shows [9d 2c] (two pair, Kings and Sixes)
e_f_irontown: shows [Qh Jh] (two pair, Kings and Sixes - Queen kicker)
e_f_irontown collected $2.38 from pot
*** SUMMARY ***
Total pot $2.50 | Rake $0.12 
Board [Kc 8c 6s Kh 6c]
Seat 1: e_f_irontown showed [Qh Jh] and won ($2.38) with two pair, Kings and Sixes
Seat 2: Burlica2013 folded before Flop (didn't bet)
Seat 3: nickreason17 folded before Flop (didn't bet)
Seat 4: Melenya (button) folded before Flop (didn't bet)
Seat 5: AlexEliseev7 (small blind) folded before Flop
Seat 6: Slami4 (big blind) showed [9d 2c] and lost with two pair, Kings and Sixes



PokerStars Hand #254730479059:  Hold'em No Limit ($0.50/$1.00 USD) - 2025/02/06 6:17:57 WET [2025/02/06 1:17:57 ET]
Table 'Veniakaverin' 6-max Seat #5 is the button
Seat 1: e_f_irontown ($80.73 in chips) 
Seat 2: Burlica2013 ($106.62 in chips) 
Seat 3: nickreason17 ($102.22 in chips) 
Seat 4: Melenya ($125.27 in chips) 
Seat 5: AlexEliseev7 ($110.51 in chips) 
Seat 6: Slami4 ($100 in chips) 
Slami4: posts small blind $0.50
e_f_irontown: posts big blind $1
*** HOLE CARDS ***
Burlica2013: folds 
nickreason17: folds 
Melenya: folds 
AlexEliseev7: folds 
Slami4: folds 
Uncalled bet ($0.50) returned to e_f_irontown
e_f_irontown collected $1 from pot
e_f_irontown: doesn't show hand 
*** SUMMARY ***
Total pot $1 | Rake $0 
Seat 1: e_f_irontown (big blind) collected ($1)
Seat 2: Burlica2013 folded before Flop (didn't bet)
Seat 3: nickreason17 folded before Flop (didn't bet)
Seat 4: Melenya folded before Flop (didn't bet)
Seat 5: AlexEliseev7 (button) folded before Flop (didn't bet)
Seat 6: Slami4 (small blind) folded before Flop



PokerStars Hand #254730479921:  Hold'em No Limit ($0.50/$1.00 USD) - 2025/02/06 6:18:08 WET [2025/02/06 1:18:08 ET]
Table 'Veniakaverin' 6-max Seat #6 is the button
Seat 1: e_f_irontown ($81.23 in chips) 
Seat 2: Burlica2013 ($106.62 in chips) 
Seat 3: nickreason17 ($102.22 in chips) 
Seat 4: Melenya ($125.27 in chips) 
Seat 5: AlexEliseev7 ($110.51 in chips) 
Seat 6: Slami4 ($100 in chips) 
e_f_irontown: posts small blind $0.50
Burlica2013: posts big blind $1
*** HOLE CARDS ***
nickreason17: folds 
Melenya: folds 
AlexEliseev7: folds 
Slami4: folds 
e_f_irontown: raises $1 to $2
Burlica2013: calls $1
*** FLOP *** [2c Ks 2d]
e_f_irontown: bets $1
Burlica2013: raises $2.90 to $3.90
e_f_irontown: calls $2.90
*** TURN *** [2c Ks 2d] [8d]
e_f_irontown: checks 
Burlica2013: bets $11.32
e_f_irontown: folds 
Uncalled bet ($11.32) returned to Burlica2013
Burlica2013 collected $11.21 from pot
Burlica2013: doesn't show hand 
*** SUMMARY ***
Total pot $11.80 | Rake $0.59 
Board [2c Ks 2d 8d]
Seat 1: e_f_irontown (small blind) folded on the Turn
Seat 2: Burlica2013 (big blind) collected ($11.21)
Seat 3: nickreason17 folded before Flop (didn't bet)
Seat 4: Melenya folded before Flop (didn't bet)
Seat 5: AlexEliseev7 folded before Flop (didn't bet)
Seat 6: Slami4 (button) folded before Flop (didn't bet)



PokerStars Hand #254730483165:  Hold'em No Limit ($0.50/$1.00 USD) - 2025/02/06 6:18:54 WET [2025/02/06 1:18:54 ET]
Table 'Veniakaverin' 6-max Seat #1 is the button
Seat 1: e_f_irontown ($75.33 in chips) 
Seat 2: Burlica2013 ($111.93 in chips) 
Seat 3: nickreason17 ($102.22 in chips) 
Seat 4: Melenya ($125.27 in chips) 
Seat 5: AlexEliseev7 ($110.51 in chips) 
Seat 6: Slami4 ($100 in chips) 
Burlica2013: posts small blind $0.50
nickreason17: posts big blind $1
*** HOLE CARDS ***
Melenya: folds 
AlexEliseev7: raises $1.50 to $2.50
Slami4: folds 
e_f_irontown: folds 
Burlica2013: folds 
nickreason17: folds 
Uncalled bet ($1.50) returned to AlexEliseev7
AlexEliseev7 collected $2.50 from pot
AlexEliseev7: doesn't show hand 
*** SUMMARY ***
Total pot $2.50 | Rake $0 
Seat 1: e_f_irontown (button) folded before Flop (didn't bet)
Seat 2: Burlica2013 (small blind) folded before Flop
Seat 3: nickreason17 (big blind) folded before Flop
Seat 4: Melenya folded before Flop (didn't bet)
Seat 5: AlexEliseev7 collected ($2.50)
Seat 6: Slami4 folded before Flop (didn't bet)



PokerStars Hand #254730484096:  Hold'em No Limit ($0.50/$1.00 USD) - 2025/02/06 6:19:06 WET [2025/02/06 1:19:06 ET]
Table 'Veniakaverin' 6-max Seat #2 is the button
Seat 1: e_f_irontown ($75.33 in chips) 
Seat 2: Burlica2013 ($111.43 in chips) 
Seat 3: nickreason17 ($101.22 in chips) 
Seat 4: Melenya ($125.27 in chips) 
Seat 5: AlexEliseev7 ($112.01 in chips) 
Seat 6: Slami4 ($100 in chips) 
nickreason17: posts small blind $0.50
Melenya: posts big blind $1
*** HOLE CARDS ***
AlexEliseev7: folds 
Slami4: folds 
e_f_irontown: folds 
Burlica2013: folds 
nickreason17: folds 
Uncalled bet ($0.50) returned to Melenya
Melenya collected $1 from pot
Melenya: doesn't show hand 
*** SUMMARY ***
Total pot $1 | Rake $0 
Seat 1: e_f_irontown folded before Flop (didn't bet)
Seat 2: Burlica2013 (button) folded before Flop (didn't bet)
Seat 3: nickreason17 (small blind) folded before Flop
Seat 4: Melenya (big blind) collected ($1)
Seat 5: AlexEliseev7 folded before Flop (didn't bet)
Seat 6: Slami4 folded before Flop (didn't bet)



PokerStars Hand #254730485287:  Hold'em No Limit ($0.50/$1.00 USD) - 2025/02/06 6:19:22 WET [2025/02/06 1:19:22 ET]
Table 'Veniakaverin' 6-max Seat #3 is the button
Seat 1: e_f_irontown ($75.33 in chips) 
Seat 2: Burlica2013 ($111.43 in chips) 
Seat 3: nickreason17 ($100.72 in chips) 
Seat 4: Melenya ($125.77 in chips) 
Seat 5: AlexEliseev7 ($112.01 in chips) 
Seat 6: Slami4 ($100 in chips) 
Melenya: posts small blind $0.50
AlexEliseev7: posts big blind $1
*** HOLE CARDS ***
Slami4: raises $1.50 to $2.50
e_f_irontown: folds 
Burlica2013: folds 
nickreason17: raises $5 to $7.50
Melenya: folds 
AlexEliseev7: folds 
Slami4: raises $14 to $21.50
nickreason17: folds 
Uncalled bet ($14) returned to Slami4
Slami4 collected $16.50 from pot
Slami4: doesn't show hand 
*** SUMMARY ***
Total pot $16.50 | Rake $0 
Seat 1: e_f_irontown folded before Flop (didn't bet)
Seat 2: Burlica2013 folded before Flop (didn't bet)
Seat 3: nickreason17 (button) folded before Flop
Seat 4: Melenya (small blind) folded before Flop
Seat 5: AlexEliseev7 (big blind) folded before Flop
Seat 6: Slami4 collected ($16.50)



PokerStars Hand #254730488306:  Hold'em No Limit ($0.50/$1.00 USD) - 2025/02/06 6:20:05 WET [2025/02/06 1:20:05 ET]
Table 'Veniakaverin' 6-max Seat #4 is the button
Seat 1: e_f_irontown ($75.33 in chips) 
Seat 2: Burlica2013 ($111.43 in chips) 
Seat 3: nickreason17 ($100 in chips) 
Seat 4: Melenya ($125.27 in chips) 
Seat 5: AlexEliseev7 ($111.01 in chips) 
Seat 6: Slami4 ($109 in chips) 
AlexEliseev7: posts small blind $0.50
Slami4: posts big blind $1
*** HOLE CARDS ***
e_f_irontown: folds 
Burlica2013: folds 
nickreason17: folds 
Melenya: raises $1.50 to $2.50
AlexEliseev7: folds 
Slami4: folds 
Uncalled bet ($1.50) returned to Melenya
Melenya collected $2.50 from pot
Melenya: doesn't show hand 
*** SUMMARY ***
Total pot $2.50 | Rake $0 
Seat 1: e_f_irontown folded before Flop (didn't bet)
Seat 2: Burlica2013 folded before Flop (didn't bet)
Seat 3: nickreason17 folded before Flop (didn't bet)
Seat 4: Melenya (button) collected ($2.50)
Seat 5: AlexEliseev7 (small blind) folded before Flop
Seat 6: Slami4 (big blind) folded before Flop



PokerStars Hand #254730489758:  Hold'em No Limit ($0.50/$1.00 USD) - 2025/02/06 6:20:25 WET [2025/02/06 1:20:25 ET]
Table 'Veniakaverin' 6-max Seat #5 is the button
Seat 1: e_f_irontown ($75.33 in chips) 
Seat 2: Burlica2013 ($111.43 in chips) 
Seat 3: nickreason17 ($100 in chips) 
Seat 4: Melenya ($126.77 in chips) 
Seat 5: AlexEliseev7 ($110.51 in chips) 
Seat 6: Slami4 ($108 in chips) 
Slami4: posts small blind $0.50
e_f_irontown: posts big blind $1
*** HOLE CARDS ***
Burlica2013: raises $1.20 to $2.20
nickreason17: folds 
Melenya: folds 
AlexEliseev7: folds 
Slami4: folds 
e_f_irontown: folds 
Uncalled bet ($1.20) returned to Burlica2013
Burlica2013 collected $2.50 from pot
Burlica2013: doesn't show hand 
*** SUMMARY ***
Total pot $2.50 | Rake $0 
Seat 1: e_f_irontown (big blind) folded before Flop
Seat 2: Burlica2013 collected ($2.50)
Seat 3: nickreason17 folded before Flop (didn't bet)
Seat 4: Melenya folded before Flop (didn't bet)
Seat 5: AlexEliseev7 (button) folded before Flop (didn't bet)
Seat 6: Slami4 (small blind) folded before Flop



PokerStars Hand #254730491004:  Hold'em No Limit ($0.50/$1.00 USD) - 2025/02/06 6:20:43 WET [2025/02/06 1:20:43 ET]
Table 'Veniakaverin' 6-max Seat #6 is the button
Seat 1: e_f_irontown ($74.33 in chips) 
Seat 2: Burlica2013 ($112.93 in chips) 
Seat 3: nickreason17 ($100 in chips) 
Seat 4: Melenya ($126.77 in chips) 
Seat 5: AlexEliseev7 ($110.51 in chips) 
Seat 6: Slami4 ($107.50 in chips) 
e_f_irontown: posts small blind $0.50
Burlica2013: posts big blind $1
*** HOLE CARDS ***
nickreason17: folds 
Melenya: raises $1 to $2
AlexEliseev7: folds 
Slami4: folds 
e_f_irontown: calls $1.50
Burlica2013: calls $1
*** FLOP *** [Jd 8c 3s]
e_f_irontown: checks 
Burlica2013: checks 
Melenya: bets $1.90
e_f_irontown: calls $1.90
Burlica2013: folds 
*** TURN *** [Jd 8c 3s] [3h]
e_f_irontown: checks 
Melenya: bets $6.14
e_f_irontown: folds 
Uncalled bet ($6.14) returned to Melenya
Melenya collected $9.31 from pot
Melenya: doesn't show hand 
*** SUMMARY ***
Total pot $9.80 | Rake $0.49 
Board [Jd 8c 3s 3h]
Seat 1: e_f_irontown (small blind) folded on the Turn
Seat 2: Burlica2013 (big blind) folded on the Flop
Seat 3: nickreason17 folded before Flop (didn't bet)
Seat 4: Melenya collected ($9.31)
Seat 5: AlexEliseev7 folded before Flop (didn't bet)
Seat 6: Slami4 (button) folded before Flop (didn't bet)



PokerStars Hand #254730494877:  Hold'em No Limit ($0.50/$1.00 USD) - 2025/02/06 6:21:37 WET [2025/02/06 1:21:37 ET]
Table 'Veniakaverin' 6-max Seat #1 is the button
Seat 1: e_f_irontown ($70.43 in chips) 
Seat 2: Burlica2013 ($110.93 in chips) 
Seat 3: nickreason17 ($100 in chips) 
Seat 4: Melenya ($132.18 in chips) 
Seat 5: AlexEliseev7 ($110.51 in chips) 
Seat 6: Slami4 ($107.50 in chips) 
Burlica2013: posts small blind $0.50
nickreason17: posts big blind $1
*** HOLE CARDS ***
Melenya: folds 
AlexEliseev7: folds 
Slami4: folds 
e_f_irontown: raises $1.50 to $2.50
Burlica2013: folds 
nickreason17: calls $1.50
*** FLOP *** [7h 3d 7d]
nickreason17: checks 
e_f_irontown: checks 
*** TURN *** [7h 3d 7d] [4h]
nickreason17: bets $3.50
e_f_irontown: calls $3.50
*** RIVER *** [7h 3d 7d 4h] [8s]
nickreason17: bets $8.91
e_f_irontown: folds 
Uncalled bet ($8.91) returned to nickreason17
nickreason17 collected $11.88 from pot
nickreason17: doesn't show hand 
*** SUMMARY ***
Total pot $12.50 | Rake $0.62 
Board [7h 3d 7d 4h 8s]
Seat 1: e_f_irontown (button) folded on the River
Seat 2: Burlica2013 (small blind) folded before Flop
Seat 3: nickreason17 (big blind) collected ($11.88)
Seat 4: Melenya folded before Flop (didn't bet)
Seat 5: AlexEliseev7 folded before Flop (didn't bet)
Seat 6: Slami4 folded before Flop (didn't bet)



PokerStars Hand #254730497767:  Hold'em No Limit ($0.50/$1.00 USD) - 2025/02/06 6:22:17 WET [2025/02/06 1:22:17 ET]
Table 'Veniakaverin' 6-max Seat #2 is the button
Seat 1: e_f_irontown ($64.43 in chips) 
Seat 2: Burlica2013 ($110.43 in chips) 
Seat 3: nickreason17 ($105.88 in chips) 
Seat 4: Melenya ($132.18 in chips) 
Seat 5: AlexEliseev7 ($110.51 in chips) 
Seat 6: Slami4 ($107.50 in chips) 
nickreason17: posts small blind $0.50
Melenya: posts big blind $1
*** HOLE CARDS ***
AlexEliseev7: folds 
Slami4: folds 
e_f_irontown: raises $1.50 to $2.50
Burlica2013: folds 
nickreason17: folds 
Melenya: raises $9.50 to $12
e_f_irontown: calls $9.50
*** FLOP *** [6h 3c As]
Melenya: bets $15.36
e_f_irontown: folds 
Uncalled bet ($15.36) returned to Melenya
Melenya collected $23.28 from pot
Melenya: doesn't show hand 
*** SUMMARY ***
Total pot $24.50 | Rake $1.22 
Board [6h 3c As]
Seat 1: e_f_irontown folded on the Flop
Seat 2: Burlica2013 (button) folded before Flop (didn't bet)
Seat 3: nickreason17 (small blind) folded before Flop
Seat 4: Melenya (big blind) collected ($23.28)
Seat 5: AlexEliseev7 folded before Flop (didn't bet)
Seat 6: Slami4 folded before Flop (didn't bet)



PokerStars Hand #254730500325:  Hold'em No Limit ($0.50/$1.00 USD) - 2025/02/06 6:22:52 WET [2025/02/06 1:22:52 ET]
Table 'Veniakaverin' 6-max Seat #3 is the button
Seat 1: e_f_irontown ($52.43 in chips) 
Seat 2: Burlica2013 ($110.43 in chips) 
Seat 3: nickreason17 ($105.38 in chips) 
Seat 4: Melenya ($143.46 in chips) 
Seat 5: AlexEliseev7 ($110.51 in chips) 
Seat 6: Slami4 ($107.50 in chips) 
Melenya: posts small blind $0.50
AlexEliseev7: posts big blind $1
*** HOLE CARDS ***
Slami4: folds 
e_f_irontown: folds 
Burlica2013: raises $1.25 to $2.25
nickreason17: folds 
Melenya: raises $9.75 to $12
AlexEliseev7: folds 
Burlica2013: calls $9.75
*** FLOP *** [Jc 5c 2c]
Melenya: checks 
Burlica2013: checks 
*** TURN *** [Jc 5c 2c] [5d]
Melenya: checks 
Burlica2013: bets $11.88
Melenya: folds 
Uncalled bet ($11.88) returned to Burlica2013
Burlica2013 collected $23.75 from pot
Burlica2013: doesn't show hand 
*** SUMMARY ***
Total pot $25 | Rake $1.25 
Board [Jc 5c 2c 5d]
Seat 1: e_f_irontown folded before Flop (didn't bet)
Seat 2: Burlica2013 collected ($23.75)
Seat 3: nickreason17 (button) folded before Flop (didn't bet)
Seat 4: Melenya (small blind) folded on the Turn
Seat 5: AlexEliseev7 (big blind) folded before Flop
Seat 6: Slami4 folded before Flop (didn't bet)



PokerStars Hand #254730507426:  Hold'em No Limit ($0.50/$1.00 USD) - 2025/02/06 6:24:30 WET [2025/02/06 1:24:30 ET]
Table 'Veniakaverin' 6-max Seat #4 is the button
Seat 1: e_f_irontown ($52.43 in chips) 
Seat 2: Burlica2013 ($122.18 in chips) 
Seat 3: nickreason17 ($105.38 in chips) 
Seat 4: Melenya ($131.46 in chips) 
Seat 5: AlexEliseev7 ($109.51 in chips) 
Seat 6: Slami4 ($107.50 in chips) 
AlexEliseev7: posts small blind $0.50
Slami4: posts big blind $1
*** HOLE CARDS ***
e_f_irontown: calls $1
Burlica2013: folds 
nickreason17: raises $3 to $4
Melenya: folds 
AlexEliseev7: folds 
Slami4: folds 
e_f_irontown: calls $3
*** FLOP *** [8h 2c Ts]
e_f_irontown: checks 
nickreason17: bets $2.78
e_f_irontown: calls $2.78
*** TURN *** [8h 2c Ts] [Th]
e_f_irontown: checks 
nickreason17: bets $8.29
e_f_irontown: folds 
Uncalled bet ($8.29) returned to nickreason17
nickreason17 collected $14.31 from pot
nickreason17: doesn't show hand 
*** SUMMARY ***
Total pot $15.06 | Rake $0.75 
Board [8h 2c Ts Th]
Seat 1: e_f_irontown folded on the Turn
Seat 2: Burlica2013 folded before Flop (didn't bet)
Seat 3: nickreason17 collected ($14.31)
Seat 4: Melenya (button) folded before Flop (didn't bet)
Seat 5: AlexEliseev7 (small blind) folded before Flop
Seat 6: Slami4 (big blind) folded before Flop



PokerStars Hand #254730511625:  Hold'em No Limit ($0.50/$1.00 USD) - 2025/02/06 6:25:28 WET [2025/02/06 1:25:28 ET]
Table 'Veniakaverin' 6-max Seat #5 is the button
Seat 1: e_f_irontown ($45.65 in chips) is sitting out
Seat 2: Burlica2013 ($122.18 in chips) 
Seat 3: nickreason17 ($112.91 in chips) 
Seat 4: Melenya ($131.46 in chips) 
Seat 5: AlexEliseev7 ($109.01 in chips) 
Seat 6: Slami4 ($106.50 in chips) 
Slami4: posts small blind $0.50
Burlica2013: posts big blind $1
*** HOLE CARDS ***
nickreason17: folds 
Melenya: folds 
e_f_irontown leaves the table
AlexEliseev7: raises $1.50 to $2.50
Slami4: folds 
Burlica2013: calls $1.50
*** FLOP *** [3d 7d 8d]
Burlica2013: checks 
AlexEliseev7: checks 
*** TURN *** [3d 7d 8d] [6d]
Burlica2013: checks 
AlexEliseev7: checks 
*** RIVER *** [3d 7d 8d 6d] [Th]
Burlica2013: bets $2.61
AlexEliseev7: folds 
Uncalled bet ($2.61) returned to Burlica2013
Burlica2013 collected $5.22 from pot
Burlica2013: doesn't show hand 
*** SUMMARY ***
Total pot $5.50 | Rake $0.28 
Board [3d 7d 8d 6d Th]
Seat 1: e_f_irontown
Seat 2: Burlica2013 (big blind) collected ($5.22)
Seat 3: nickreason17 folded before Flop (didn't bet)
Seat 4: Melenya folded before Flop (didn't bet)
Seat 5: AlexEliseev7 (button) folded on the River
Seat 6: Slami4 (small blind) folded before Flop



