PokerStars Hand #254739391249:  Hold'em No Limit ($0.50/$1.00 USD) - 2025/02/06 20:59:46 WET [2025/02/06 15:59:46 ET]
Table 'Tezcatlipoca' 6-max Seat #4 is the button
Seat 1: blackclan7 ($100 in chips) is sitting out
Seat 2: mr.Jckpot ($100 in chips) is sitting out
Seat 3: YeeesMan ($100 in chips) is sitting out
Seat 4: CGL7811 ($98.50 in chips) 
Seat 5: Y_19 ($104.22 in chips) 
Seat 6: SorinS28 ($100 in chips) 
Y_19: posts small blind $0.50
SorinS28: posts big blind $1
blackclan7: sits out 
mr.Jckpot: sits out 
YeeesMan: sits out 
*** HOLE CARDS ***
CGL7811: calls $1
Y_19: folds 
SorinS28: checks 
*** FLOP *** [Ks Ah 8s]
SorinS28: checks 
CGL7811: checks 
*** TURN *** [Ks Ah 8s] [Kh]
SorinS28: checks 
CGL7811: bets $1
SorinS28: calls $1
*** RIVER *** [Ks Ah 8s Kh] [9h]
SorinS28: checks 
CGL7811: bets $4.28
SorinS28: calls $4.28
*** SHOW DOWN ***
CGL7811: shows [Ad 6c] (two pair, Aces and Kings)
SorinS28: shows [As 3h] (two pair, Aces and Kings)
SorinS28 collected $6.21 from pot
CGL7811 collected $6.20 from pot
*** SUMMARY ***
Total pot $13.06 | Rake $0.65 
Board [Ks Ah 8s Kh 9h]
Seat 1: blackclan7
Seat 2: mr.Jckpot
Seat 3: YeeesMan
Seat 4: CGL7811 (button) showed [Ad 6c] and won ($6.20) with two pair, Aces and Kings
Seat 5: Y_19 (small blind) folded before Flop
Seat 6: SorinS28 (big blind) showed [As 3h] and won ($6.21) with two pair, Aces and Kings



PokerStars Hand #254739399840:  Hold'em No Limit ($0.50/$1.00 USD) - 2025/02/06 21:00:26 WET [2025/02/06 16:00:26 ET]
Table 'Tezcatlipoca' 6-max Seat #5 is the button
Seat 2: mr.Jckpot ($100 in chips) is sitting out
Seat 3: YeeesMan ($100 in chips) is sitting out
Seat 1: blackclan7 ($100 in chips) 
Seat 4: CGL7811 ($98.42 in chips) 
Seat 5: Y_19 ($103.72 in chips) 
Seat 6: SorinS28 ($100 in chips) 
SorinS28: posts small blind $0.50
blackclan7: posts big blind $1
mr.Jckpot: sits out 
YeeesMan: sits out 
*** HOLE CARDS ***
CGL7811: folds 
Y_19: folds 
SorinS28: raises $2 to $3
blackclan7: folds 
Uncalled bet ($2) returned to SorinS28
SorinS28 collected $2 from pot
SorinS28: doesn't show hand 
*** SUMMARY ***
Total pot $2 | Rake $0 
Seat 2: mr.Jckpot
Seat 3: YeeesMan
Seat 1: blackclan7 (big blind) folded before Flop
Seat 4: CGL7811 folded before Flop (didn't bet)
Seat 5: Y_19 (button) folded before Flop (didn't bet)
Seat 6: SorinS28 (small blind) collected ($2)



PokerStars Hand #254739404955:  Hold'em No Limit ($0.50/$1.00 USD) - 2025/02/06 21:00:48 WET [2025/02/06 16:00:48 ET]
Table 'Tezcatlipoca' 6-max Seat #6 is the button
Seat 3: YeeesMan ($100 in chips) is sitting out
Seat 1: blackclan7 ($100 in chips) 
Seat 2: mr.Jckpot ($100 in chips) 
Seat 4: CGL7811 ($98.42 in chips) 
Seat 5: Y_19 ($103.72 in chips) 
Seat 6: SorinS28 ($101 in chips) 
blackclan7: posts small blind $0.50
mr.Jckpot: posts big blind $1
YeeesMan: sits out 
*** HOLE CARDS ***
CGL7811: folds 
Y_19: folds 
SorinS28: folds 
blackclan7: raises $2 to $3
mr.Jckpot: folds 
Uncalled bet ($2) returned to blackclan7
blackclan7 collected $2 from pot
blackclan7: doesn't show hand 
*** SUMMARY ***
Total pot $2 | Rake $0 
Seat 3: YeeesMan
Seat 1: blackclan7 (small blind) collected ($2)
Seat 2: mr.Jckpot (big blind) folded before Flop
Seat 4: CGL7811 folded before Flop (didn't bet)
Seat 5: Y_19 folded before Flop (didn't bet)
Seat 6: SorinS28 (button) folded before Flop (didn't bet)



PokerStars Hand #254739410754:  Hold'em No Limit ($0.50/$1.00 USD) - 2025/02/06 21:01:11 WET [2025/02/06 16:01:11 ET]
Table 'Tezcatlipoca' 6-max Seat #1 is the button
Seat 1: blackclan7 ($101 in chips) 
Seat 2: mr.Jckpot ($100 in chips) 
Seat 3: YeeesMan ($100 in chips) 
Seat 4: CGL7811 ($98.42 in chips) 
Seat 5: Y_19 ($103.72 in chips) 
Seat 6: SorinS28 ($101 in chips) 
mr.Jckpot: posts small blind $0.50
YeeesMan: posts big blind $1
*** HOLE CARDS ***
CGL7811: calls $1
Y_19: folds 
SorinS28: folds 
blackclan7: folds 
mr.Jckpot: raises $2.50 to $3.50
YeeesMan: folds 
CGL7811: folds 
Uncalled bet ($2.50) returned to mr.Jckpot
mr.Jckpot collected $3 from pot
mr.Jckpot: doesn't show hand 
*** SUMMARY ***
Total pot $3 | Rake $0 
Seat 1: blackclan7 (button) folded before Flop (didn't bet)
Seat 2: mr.Jckpot (small blind) collected ($3)
Seat 3: YeeesMan (big blind) folded before Flop
Seat 4: CGL7811 folded before Flop
Seat 5: Y_19 folded before Flop (didn't bet)
Seat 6: SorinS28 folded before Flop (didn't bet)



PokerStars Hand #254739418835:  Hold'em No Limit ($0.50/$1.00 USD) - 2025/02/06 21:01:40 WET [2025/02/06 16:01:40 ET]
Table 'Tezcatlipoca' 6-max Seat #2 is the button
Seat 1: blackclan7 ($101 in chips) 
Seat 2: mr.Jckpot ($102 in chips) 
Seat 3: YeeesMan ($100 in chips) 
Seat 4: CGL7811 ($97.42 in chips) 
Seat 5: Y_19 ($103.72 in chips) 
Seat 6: SorinS28 ($101 in chips) 
YeeesMan: posts small blind $0.50
CGL7811: posts big blind $1
*** HOLE CARDS ***
Y_19: folds 
SorinS28: raises $1.02 to $2.02
blackclan7: folds 
mr.Jckpot: folds 
YeeesMan: folds 
CGL7811: calls $1.02
*** FLOP *** [6s Jc As]
CGL7811: checks 
SorinS28: bets $1.21
CGL7811: folds 
Uncalled bet ($1.21) returned to SorinS28
SorinS28 collected $4.31 from pot
SorinS28: doesn't show hand 
*** SUMMARY ***
Total pot $4.54 | Rake $0.23 
Board [6s Jc As]
Seat 1: blackclan7 folded before Flop (didn't bet)
Seat 2: mr.Jckpot (button) folded before Flop (didn't bet)
Seat 3: YeeesMan (small blind) folded before Flop
Seat 4: CGL7811 (big blind) folded on the Flop
Seat 5: Y_19 folded before Flop (didn't bet)
Seat 6: SorinS28 collected ($4.31)



PokerStars Hand #254739427958:  Hold'em No Limit ($0.50/$1.00 USD) - 2025/02/06 21:02:12 WET [2025/02/06 16:02:12 ET]
Table 'Tezcatlipoca' 6-max Seat #3 is the button
Seat 1: blackclan7 ($101 in chips) 
Seat 2: mr.Jckpot ($102 in chips) 
Seat 3: YeeesMan ($100 in chips) 
Seat 4: CGL7811 ($95.40 in chips) 
Seat 5: Y_19 ($103.72 in chips) 
Seat 6: SorinS28 ($103.29 in chips) 
CGL7811: posts small blind $0.50
Y_19: posts big blind $1
*** HOLE CARDS ***
SorinS28: folds 
blackclan7: folds 
mr.Jckpot: folds 
YeeesMan: raises $1.50 to $2.50
CGL7811: folds 
Y_19: folds 
Uncalled bet ($1.50) returned to YeeesMan
YeeesMan collected $2.50 from pot
YeeesMan: doesn't show hand 
*** SUMMARY ***
Total pot $2.50 | Rake $0 
Seat 1: blackclan7 folded before Flop (didn't bet)
Seat 2: mr.Jckpot folded before Flop (didn't bet)
Seat 3: YeeesMan (button) collected ($2.50)
Seat 4: CGL7811 (small blind) folded before Flop
Seat 5: Y_19 (big blind) folded before Flop
Seat 6: SorinS28 folded before Flop (didn't bet)



PokerStars Hand #254739434541:  Hold'em No Limit ($0.50/$1.00 USD) - 2025/02/06 21:02:35 WET [2025/02/06 16:02:35 ET]
Table 'Tezcatlipoca' 6-max Seat #4 is the button
Seat 1: blackclan7 ($101 in chips) 
Seat 2: mr.Jckpot ($102 in chips) 
Seat 3: YeeesMan ($101.50 in chips) 
Seat 4: CGL7811 ($94.90 in chips) 
Seat 5: Y_19 ($102.72 in chips) 
Seat 6: SorinS28 ($103.29 in chips) 
Y_19: posts small blind $0.50
SorinS28: posts big blind $1
*** HOLE CARDS ***
blackclan7: folds 
mr.Jckpot: folds 
YeeesMan: folds 
CGL7811: folds 
Y_19: folds 
Uncalled bet ($0.50) returned to SorinS28
SorinS28 collected $1 from pot
SorinS28: doesn't show hand 
*** SUMMARY ***
Total pot $1 | Rake $0 
Seat 1: blackclan7 folded before Flop (didn't bet)
Seat 2: mr.Jckpot folded before Flop (didn't bet)
Seat 3: YeeesMan folded before Flop (didn't bet)
Seat 4: CGL7811 (button) folded before Flop (didn't bet)
Seat 5: Y_19 (small blind) folded before Flop
Seat 6: SorinS28 (big blind) collected ($1)



PokerStars Hand #254739439290:  Hold'em No Limit ($0.50/$1.00 USD) - 2025/02/06 21:02:51 WET [2025/02/06 16:02:51 ET]
Table 'Tezcatlipoca' 6-max Seat #5 is the button
Seat 1: blackclan7 ($101 in chips) 
Seat 2: mr.Jckpot ($102 in chips) 
Seat 3: YeeesMan ($101.50 in chips) 
Seat 4: CGL7811 ($94.90 in chips) 
Seat 5: Y_19 ($102.22 in chips) 
Seat 6: SorinS28 ($103.79 in chips) 
SorinS28: posts small blind $0.50
blackclan7: posts big blind $1
*** HOLE CARDS ***
mr.Jckpot: folds 
YeeesMan: raises $1.50 to $2.50
CGL7811: calls $2.50
Y_19: folds 
SorinS28: folds 
blackclan7: calls $1.50
*** FLOP *** [7h 3h Jh]
blackclan7: checks 
YeeesMan: bets $2.51
CGL7811: calls $2.51
blackclan7: folds 
*** TURN *** [7h 3h Jh] [8s]
YeeesMan: checks 
CGL7811: bets $6.19
YeeesMan: calls $6.19
*** RIVER *** [7h 3h Jh 8s] [Js]
YeeesMan: checks 
CGL7811: bets $24.13
YeeesMan: folds 
Uncalled bet ($24.13) returned to CGL7811
CGL7811 collected $24.13 from pot
*** SUMMARY ***
Total pot $25.40 | Rake $1.27 
Board [7h 3h Jh 8s Js]
Seat 1: blackclan7 (big blind) folded on the Flop
Seat 2: mr.Jckpot folded before Flop (didn't bet)
Seat 3: YeeesMan folded on the River
Seat 4: CGL7811 collected ($24.13)
Seat 5: Y_19 (button) folded before Flop (didn't bet)
Seat 6: SorinS28 (small blind) folded before Flop



PokerStars Hand #254739473794:  Hold'em No Limit ($0.50/$1.00 USD) - 2025/02/06 21:04:43 WET [2025/02/06 16:04:43 ET]
Table 'Tezcatlipoca' 6-max Seat #6 is the button
Seat 1: blackclan7 ($100 in chips) 
Seat 2: mr.Jckpot ($102 in chips) 
Seat 3: YeeesMan ($100 in chips) 
Seat 4: CGL7811 ($107.83 in chips) 
Seat 5: Y_19 ($102.22 in chips) 
Seat 6: SorinS28 ($103.29 in chips) 
blackclan7: posts small blind $0.50
mr.Jckpot: posts big blind $1
*** HOLE CARDS ***
YeeesMan: raises $1.50 to $2.50
CGL7811: folds 
Y_19: folds 
SorinS28: folds 
blackclan7: folds 
mr.Jckpot: folds 
Uncalled bet ($1.50) returned to YeeesMan
YeeesMan collected $2.50 from pot
YeeesMan: doesn't show hand 
*** SUMMARY ***
Total pot $2.50 | Rake $0 
Seat 1: blackclan7 (small blind) folded before Flop
Seat 2: mr.Jckpot (big blind) folded before Flop
Seat 3: YeeesMan collected ($2.50)
Seat 4: CGL7811 folded before Flop (didn't bet)
Seat 5: Y_19 folded before Flop (didn't bet)
Seat 6: SorinS28 (button) folded before Flop (didn't bet)



PokerStars Hand #254739479583:  Hold'em No Limit ($0.50/$1.00 USD) - 2025/02/06 21:05:02 WET [2025/02/06 16:05:02 ET]
Table 'Tezcatlipoca' 6-max Seat #1 is the button
Seat 1: blackclan7 ($100 in chips) 
Seat 2: mr.Jckpot ($101 in chips) 
Seat 3: YeeesMan ($101.50 in chips) 
Seat 4: CGL7811 ($107.83 in chips) 
Seat 5: Y_19 ($102.22 in chips) 
Seat 6: SorinS28 ($103.29 in chips) 
mr.Jckpot: posts small blind $0.50
YeeesMan: posts big blind $1
*** HOLE CARDS ***
CGL7811: folds 
Y_19: raises $1.23 to $2.23
SorinS28: folds 
blackclan7: calls $2.23
mr.Jckpot: folds 
YeeesMan: raises $10.77 to $13
Y_19: folds 
blackclan7: folds 
Uncalled bet ($10.77) returned to YeeesMan
YeeesMan collected $7.19 from pot
YeeesMan: doesn't show hand 
*** SUMMARY ***
Total pot $7.19 | Rake $0 
Seat 1: blackclan7 (button) folded before Flop
Seat 2: mr.Jckpot (small blind) folded before Flop
Seat 3: YeeesMan (big blind) collected ($7.19)
Seat 4: CGL7811 folded before Flop (didn't bet)
Seat 5: Y_19 folded before Flop
Seat 6: SorinS28 folded before Flop (didn't bet)



PokerStars Hand #254739493328:  Hold'em No Limit ($0.50/$1.00 USD) - 2025/02/06 21:05:46 WET [2025/02/06 16:05:46 ET]
Table 'Tezcatlipoca' 6-max Seat #2 is the button
Seat 1: blackclan7 ($100 in chips) 
Seat 2: mr.Jckpot ($100.50 in chips) 
Seat 3: YeeesMan ($106.46 in chips) 
Seat 4: CGL7811 ($107.83 in chips) 
Seat 5: Y_19 ($100 in chips) 
Seat 6: SorinS28 ($103.29 in chips) 
YeeesMan: posts small blind $0.50
CGL7811: posts big blind $1
*** HOLE CARDS ***
Y_19: folds 
SorinS28: folds 
blackclan7: raises $1.30 to $2.30
mr.Jckpot: folds 
YeeesMan: folds 
CGL7811: folds 
Uncalled bet ($1.30) returned to blackclan7
blackclan7 collected $2.50 from pot
blackclan7: doesn't show hand 
*** SUMMARY ***
Total pot $2.50 | Rake $0 
Seat 1: blackclan7 collected ($2.50)
Seat 2: mr.Jckpot (button) folded before Flop (didn't bet)
Seat 3: YeeesMan (small blind) folded before Flop
Seat 4: CGL7811 (big blind) folded before Flop
Seat 5: Y_19 folded before Flop (didn't bet)
Seat 6: SorinS28 folded before Flop (didn't bet)



PokerStars Hand #254739500990:  Hold'em No Limit ($0.50/$1.00 USD) - 2025/02/06 21:06:11 WET [2025/02/06 16:06:11 ET]
Table 'Tezcatlipoca' 6-max Seat #3 is the button
Seat 1: blackclan7 ($101.50 in chips) 
Seat 2: mr.Jckpot ($100.50 in chips) 
Seat 3: YeeesMan ($105.96 in chips) 
Seat 4: CGL7811 ($106.83 in chips) 
Seat 5: Y_19 ($100 in chips) 
Seat 6: SorinS28 ($103.29 in chips) 
CGL7811: posts small blind $0.50
Y_19: posts big blind $1
*** HOLE CARDS ***
SorinS28: folds 
blackclan7: folds 
mr.Jckpot: folds 
YeeesMan: raises $1.50 to $2.50
CGL7811: folds 
Y_19: folds 
Uncalled bet ($1.50) returned to YeeesMan
YeeesMan collected $2.50 from pot
YeeesMan: doesn't show hand 
*** SUMMARY ***
Total pot $2.50 | Rake $0 
Seat 1: blackclan7 folded before Flop (didn't bet)
Seat 2: mr.Jckpot folded before Flop (didn't bet)
Seat 3: YeeesMan (button) collected ($2.50)
Seat 4: CGL7811 (small blind) folded before Flop
Seat 5: Y_19 (big blind) folded before Flop
Seat 6: SorinS28 folded before Flop (didn't bet)



PokerStars Hand #254739509547:  Hold'em No Limit ($0.50/$1.00 USD) - 2025/02/06 21:06:38 WET [2025/02/06 16:06:38 ET]
Table 'Tezcatlipoca' 6-max Seat #4 is the button
Seat 1: blackclan7 ($101.50 in chips) 
Seat 2: mr.Jckpot ($100.50 in chips) 
Seat 3: YeeesMan ($107.46 in chips) 
Seat 4: CGL7811 ($106.33 in chips) 
Seat 5: Y_19 ($100 in chips) 
Seat 6: SorinS28 ($103.29 in chips) 
Y_19: posts small blind $0.50
SorinS28: posts big blind $1
*** HOLE CARDS ***
blackclan7: folds 
mr.Jckpot: folds 
YeeesMan: folds 
CGL7811: calls $1
Y_19: folds 
SorinS28: checks 
*** FLOP *** [Qd Jh 7s]
SorinS28: checks 
CGL7811: checks 
*** TURN *** [Qd Jh 7s] [9d]
SorinS28: checks 
CGL7811: bets $3
SorinS28: folds 
Uncalled bet ($3) returned to CGL7811
CGL7811 collected $2.38 from pot
*** SUMMARY ***
Total pot $2.50 | Rake $0.12 
Board [Qd Jh 7s 9d]
Seat 1: blackclan7 folded before Flop (didn't bet)
Seat 2: mr.Jckpot folded before Flop (didn't bet)
Seat 3: YeeesMan folded before Flop (didn't bet)
Seat 4: CGL7811 (button) collected ($2.38)
Seat 5: Y_19 (small blind) folded before Flop
Seat 6: SorinS28 (big blind) folded on the Turn



PokerStars Hand #254739526911:  Hold'em No Limit ($0.50/$1.00 USD) - 2025/02/06 21:07:34 WET [2025/02/06 16:07:34 ET]
Table 'Tezcatlipoca' 6-max Seat #5 is the button
Seat 1: blackclan7 ($101.50 in chips) 
Seat 2: mr.Jckpot ($100.50 in chips) 
Seat 3: YeeesMan ($107.46 in chips) 
Seat 4: CGL7811 ($107.71 in chips) 
Seat 5: Y_19 ($100 in chips) 
Seat 6: SorinS28 ($102.29 in chips) 
SorinS28: posts small blind $0.50
blackclan7: posts big blind $1
*** HOLE CARDS ***
mr.Jckpot: folds 
YeeesMan: folds 
CGL7811: folds 
Y_19: raises $1.23 to $2.23
SorinS28: folds 
blackclan7: folds 
Uncalled bet ($1.23) returned to Y_19
Y_19 collected $2.50 from pot
Y_19: doesn't show hand 
*** SUMMARY ***
Total pot $2.50 | Rake $0 
Seat 1: blackclan7 (big blind) folded before Flop
Seat 2: mr.Jckpot folded before Flop (didn't bet)
Seat 3: YeeesMan folded before Flop (didn't bet)
Seat 4: CGL7811 folded before Flop (didn't bet)
Seat 5: Y_19 (button) collected ($2.50)
Seat 6: SorinS28 (small blind) folded before Flop



PokerStars Hand #254739678943:  Hold'em No Limit ($0.50/$1.00 USD) - 2025/02/06 21:15:37 WET [2025/02/06 16:15:37 ET]
Table 'Tezcatlipoca' 6-max Seat #4 is the button
Seat 1: blackclan7 ($104.25 in chips) 
Seat 2: mr.Jckpot ($108.16 in chips) 
Seat 3: YeeesMan ($104.46 in chips) 
Seat 4: CGL7811 ($96.98 in chips) 
Seat 5: Y_19 ($101.48 in chips) 
Seat 6: SorinS28 ($104.22 in chips) 
Y_19: posts small blind $0.50
SorinS28: posts big blind $1
*** HOLE CARDS ***
blackclan7: folds 
mr.Jckpot: folds 
YeeesMan: folds 
CGL7811: folds 
Y_19: folds 
Uncalled bet ($0.50) returned to SorinS28
SorinS28 collected $1 from pot
SorinS28: doesn't show hand 
*** SUMMARY ***
Total pot $1 | Rake $0 
Seat 1: blackclan7 folded before Flop (didn't bet)
Seat 2: mr.Jckpot folded before Flop (didn't bet)
Seat 3: YeeesMan folded before Flop (didn't bet)
Seat 4: CGL7811 (button) folded before Flop (didn't bet)
Seat 5: Y_19 (small blind) folded before Flop
Seat 6: SorinS28 (big blind) collected ($1)



PokerStars Hand #254739687370:  Hold'em No Limit ($0.50/$1.00 USD) - 2025/02/06 21:16:04 WET [2025/02/06 16:16:04 ET]
Table 'Tezcatlipoca' 6-max Seat #5 is the button
Seat 1: blackclan7 ($104.25 in chips) is sitting out
Seat 2: mr.Jckpot ($108.16 in chips) 
Seat 3: YeeesMan ($104.46 in chips) 
Seat 4: CGL7811 ($96.98 in chips) 
Seat 5: Y_19 ($100.98 in chips) 
Seat 6: SorinS28 ($104.72 in chips) 
SorinS28: posts small blind $0.50
blackclan7: is sitting out 
mr.Jckpot: posts big blind $1
*** HOLE CARDS ***
YeeesMan: raises $1.50 to $2.50
CGL7811: folds 
Y_19: folds 
SorinS28: folds 
mr.Jckpot: calls $1.50
*** FLOP *** [5s 6d 2h]
mr.Jckpot: checks 
YeeesMan: checks 
*** TURN *** [5s 6d 2h] [2d]
mr.Jckpot: checks 
YeeesMan: bets $3.92
mr.Jckpot: folds 
Uncalled bet ($3.92) returned to YeeesMan
YeeesMan collected $5.22 from pot
YeeesMan: doesn't show hand 
*** SUMMARY ***
Total pot $5.50 | Rake $0.28 
Board [5s 6d 2h 2d]
Seat 1: blackclan7
Seat 2: mr.Jckpot (big blind) folded on the Turn
Seat 3: YeeesMan collected ($5.22)
Seat 4: CGL7811 folded before Flop (didn't bet)
Seat 5: Y_19 (button) folded before Flop (didn't bet)
Seat 6: SorinS28 (small blind) folded before Flop



PokerStars Hand #254739703251:  Hold'em No Limit ($0.50/$1.00 USD) - 2025/02/06 21:16:54 WET [2025/02/06 16:16:54 ET]
Table 'Tezcatlipoca' 6-max Seat #6 is the button
Seat 1: blackclan7 ($104.25 in chips) is sitting out
Seat 2: mr.Jckpot ($105.66 in chips) 
Seat 3: YeeesMan ($107.18 in chips) 
Seat 4: CGL7811 ($96.98 in chips) 
Seat 5: Y_19 ($100.98 in chips) 
Seat 6: SorinS28 ($104.22 in chips) 
mr.Jckpot: posts small blind $0.50
YeeesMan: posts big blind $1
*** HOLE CARDS ***
CGL7811: folds 
Y_19: folds 
SorinS28: folds 
mr.Jckpot: raises $2 to $3
YeeesMan: calls $2
*** FLOP *** [Qc 3h 2s]
mr.Jckpot: bets $1.88
YeeesMan: calls $1.88
*** TURN *** [Qc 3h 2s] [Kc]
mr.Jckpot: checks 
YeeesMan: checks 
*** RIVER *** [Qc 3h 2s Kc] [As]
mr.Jckpot: bets $6.12
YeeesMan: calls $6.12
*** SHOW DOWN ***
mr.Jckpot: shows [Qs Ad] (two pair, Aces and Queens)
YeeesMan: mucks hand 
mr.Jckpot collected $20.90 from pot
*** SUMMARY ***
Total pot $22 | Rake $1.10 
Board [Qc 3h 2s Kc As]
Seat 1: blackclan7
Seat 2: mr.Jckpot (small blind) showed [Qs Ad] and won ($20.90) with two pair, Aces and Queens
Seat 3: YeeesMan (big blind) mucked
Seat 4: CGL7811 folded before Flop (didn't bet)
Seat 5: Y_19 folded before Flop (didn't bet)
Seat 6: SorinS28 (button) folded before Flop (didn't bet)



PokerStars Hand #254739722957:  Hold'em No Limit ($0.50/$1.00 USD) - 2025/02/06 21:17:56 WET [2025/02/06 16:17:56 ET]
Table 'Tezcatlipoca' 6-max Seat #2 is the button
Seat 1: blackclan7 ($104.25 in chips) 
Seat 2: mr.Jckpot ($115.56 in chips) 
Seat 3: YeeesMan ($100 in chips) 
Seat 4: CGL7811 ($96.98 in chips) 
Seat 5: Y_19 ($100.98 in chips) 
Seat 6: SorinS28 ($104.22 in chips) 
YeeesMan: posts small blind $0.50
CGL7811: posts big blind $1
blackclan7: posts small & big blinds $1.50
*** HOLE CARDS ***
Y_19: folds 
SorinS28: folds 
blackclan7: raises $1.50 to $2.50
mr.Jckpot: folds 
YeeesMan: folds 
CGL7811: calls $1.50
*** FLOP *** [4s 5d Ks]
CGL7811: bets $3
blackclan7: folds 
Uncalled bet ($3) returned to CGL7811
CGL7811 collected $5.70 from pot
*** SUMMARY ***
Total pot $6 | Rake $0.30 
Board [4s 5d Ks]
Seat 1: blackclan7 folded on the Flop
Seat 2: mr.Jckpot (button) folded before Flop (didn't bet)
Seat 3: YeeesMan (small blind) folded before Flop
Seat 4: CGL7811 (big blind) collected ($5.70)
Seat 5: Y_19 folded before Flop (didn't bet)
Seat 6: SorinS28 folded before Flop (didn't bet)



PokerStars Hand #254739731728:  Hold'em No Limit ($0.50/$1.00 USD) - 2025/02/06 21:18:24 WET [2025/02/06 16:18:24 ET]
Table 'Tezcatlipoca' 6-max Seat #3 is the button
Seat 1: blackclan7 ($101.25 in chips) 
Seat 2: mr.Jckpot ($115.56 in chips) 
Seat 3: YeeesMan ($100 in chips) 
Seat 4: CGL7811 ($100.18 in chips) 
Seat 5: Y_19 ($100.98 in chips) 
Seat 6: SorinS28 ($104.22 in chips) 
CGL7811: posts small blind $0.50
Y_19: posts big blind $1
*** HOLE CARDS ***
SorinS28: folds 
blackclan7: folds 
mr.Jckpot: folds 
YeeesMan: folds 
CGL7811: calls $0.50
Y_19: checks 
*** FLOP *** [Qd 8c Ts]
CGL7811: bets $1
Y_19: folds 
Uncalled bet ($1) returned to CGL7811
CGL7811 collected $1.90 from pot
*** SUMMARY ***
Total pot $2 | Rake $0.10 
Board [Qd 8c Ts]
Seat 1: blackclan7 folded before Flop (didn't bet)
Seat 2: mr.Jckpot folded before Flop (didn't bet)
Seat 3: YeeesMan (button) folded before Flop (didn't bet)
Seat 4: CGL7811 (small blind) collected ($1.90)
Seat 5: Y_19 (big blind) folded on the Flop
Seat 6: SorinS28 folded before Flop (didn't bet)



PokerStars Hand #254739739777:  Hold'em No Limit ($0.50/$1.00 USD) - 2025/02/06 21:18:49 WET [2025/02/06 16:18:49 ET]
Table 'Tezcatlipoca' 6-max Seat #4 is the button
Seat 1: blackclan7 ($101.25 in chips) 
Seat 2: mr.Jckpot ($115.56 in chips) 
Seat 3: YeeesMan ($100 in chips) 
Seat 4: CGL7811 ($101.08 in chips) 
Seat 5: Y_19 ($100 in chips) 
Seat 6: SorinS28 ($104.22 in chips) 
Y_19: posts small blind $0.50
SorinS28: posts big blind $1
*** HOLE CARDS ***
blackclan7: folds 
mr.Jckpot: raises $1.50 to $2.50
YeeesMan: folds 
CGL7811: folds 
Y_19: folds 
SorinS28: folds 
Uncalled bet ($1.50) returned to mr.Jckpot
mr.Jckpot collected $2.50 from pot
mr.Jckpot: doesn't show hand 
*** SUMMARY ***
Total pot $2.50 | Rake $0 
Seat 1: blackclan7 folded before Flop (didn't bet)
Seat 2: mr.Jckpot collected ($2.50)
Seat 3: YeeesMan folded before Flop (didn't bet)
Seat 4: CGL7811 (button) folded before Flop (didn't bet)
Seat 5: Y_19 (small blind) folded before Flop
Seat 6: SorinS28 (big blind) folded before Flop



PokerStars Hand #254739747597:  Hold'em No Limit ($0.50/$1.00 USD) - 2025/02/06 21:19:14 WET [2025/02/06 16:19:14 ET]
Table 'Tezcatlipoca' 6-max Seat #5 is the button
Seat 1: blackclan7 ($101.25 in chips) 
Seat 2: mr.Jckpot ($117.06 in chips) 
Seat 3: YeeesMan ($100 in chips) 
Seat 4: CGL7811 ($101.08 in chips) 
Seat 5: Y_19 ($100 in chips) 
Seat 6: SorinS28 ($103.22 in chips) 
SorinS28: posts small blind $0.50
blackclan7: posts big blind $1
*** HOLE CARDS ***
mr.Jckpot: folds 
YeeesMan: raises $1.50 to $2.50
CGL7811: calls $2.50
Y_19: folds 
SorinS28: folds 
blackclan7: calls $1.50
*** FLOP *** [4h 6s Kd]
blackclan7: checks 
YeeesMan: bets $2.51
CGL7811: folds 
blackclan7: calls $2.51
*** TURN *** [4h 6s Kd] [8c]
blackclan7: checks 
YeeesMan: bets $9.28
blackclan7: folds 
Uncalled bet ($9.28) returned to YeeesMan
YeeesMan collected $12.37 from pot
YeeesMan: doesn't show hand 
*** SUMMARY ***
Total pot $13.02 | Rake $0.65 
Board [4h 6s Kd 8c]
Seat 1: blackclan7 (big blind) folded on the Turn
Seat 2: mr.Jckpot folded before Flop (didn't bet)
Seat 3: YeeesMan collected ($12.37)
Seat 4: CGL7811 folded on the Flop
Seat 5: Y_19 (button) folded before Flop (didn't bet)
Seat 6: SorinS28 (small blind) folded before Flop



PokerStars Hand #254739777907:  Hold'em No Limit ($0.50/$1.00 USD) - 2025/02/06 21:20:50 WET [2025/02/06 16:20:50 ET]
Table 'Tezcatlipoca' 6-max Seat #6 is the button
Seat 1: blackclan7 ($100 in chips) 
Seat 2: mr.Jckpot ($117.06 in chips) 
Seat 3: YeeesMan ($107.36 in chips) 
Seat 4: CGL7811 ($98.58 in chips) 
Seat 5: Y_19 ($100 in chips) 
Seat 6: SorinS28 ($102.72 in chips) 
blackclan7: posts small blind $0.50
mr.Jckpot: posts big blind $1
*** HOLE CARDS ***
YeeesMan: folds 
CGL7811: folds 
Y_19: folds 
SorinS28: raises $1.50 to $2.50
blackclan7: folds 
mr.Jckpot: folds 
Uncalled bet ($1.50) returned to SorinS28
SorinS28 collected $2.50 from pot
SorinS28: doesn't show hand 
*** SUMMARY ***
Total pot $2.50 | Rake $0 
Seat 1: blackclan7 (small blind) folded before Flop
Seat 2: mr.Jckpot (big blind) folded before Flop
Seat 3: YeeesMan folded before Flop (didn't bet)
Seat 4: CGL7811 folded before Flop (didn't bet)
Seat 5: Y_19 folded before Flop (didn't bet)
Seat 6: SorinS28 (button) collected ($2.50)



PokerStars Hand #254739784194:  Hold'em No Limit ($0.50/$1.00 USD) - 2025/02/06 21:21:10 WET [2025/02/06 16:21:10 ET]
Table 'Tezcatlipoca' 6-max Seat #1 is the button
Seat 1: blackclan7 ($100 in chips) 
Seat 2: mr.Jckpot ($116.06 in chips) 
Seat 3: YeeesMan ($107.36 in chips) 
Seat 4: CGL7811 ($98.58 in chips) 
Seat 5: Y_19 ($100 in chips) 
Seat 6: SorinS28 ($104.22 in chips) 
mr.Jckpot: posts small blind $0.50
YeeesMan: posts big blind $1
*** HOLE CARDS ***
CGL7811: calls $1
Y_19: raises $3 to $4
SorinS28: folds 
blackclan7: raises $9.45 to $13.45
mr.Jckpot: folds 
YeeesMan: folds 
CGL7811: folds 
Y_19: folds 
Uncalled bet ($9.45) returned to blackclan7
blackclan7 collected $10.50 from pot
blackclan7: doesn't show hand 
*** SUMMARY ***
Total pot $10.50 | Rake $0 
Seat 1: blackclan7 (button) collected ($10.50)
Seat 2: mr.Jckpot (small blind) folded before Flop
Seat 3: YeeesMan (big blind) folded before Flop
Seat 4: CGL7811 folded before Flop
Seat 5: Y_19 folded before Flop
Seat 6: SorinS28 folded before Flop (didn't bet)



PokerStars Hand #254739793623:  Hold'em No Limit ($0.50/$1.00 USD) - 2025/02/06 21:21:40 WET [2025/02/06 16:21:40 ET]
Table 'Tezcatlipoca' 6-max Seat #2 is the button
Seat 1: blackclan7 ($106.50 in chips) 
Seat 2: mr.Jckpot ($115.56 in chips) 
Seat 3: YeeesMan ($106.36 in chips) 
Seat 4: CGL7811 ($97.58 in chips) 
Seat 5: Y_19 ($100 in chips) 
Seat 6: SorinS28 ($104.22 in chips) 
YeeesMan: posts small blind $0.50
CGL7811: posts big blind $1
*** HOLE CARDS ***
Y_19: raises $1.23 to $2.23
SorinS28: raises $4.47 to $6.70
blackclan7: folds 
mr.Jckpot: folds 
YeeesMan: folds 
CGL7811: calls $5.70
Y_19: calls $4.47
*** FLOP *** [5h 8h 9c]
CGL7811: checks 
Y_19: checks 
SorinS28: checks 
*** TURN *** [5h 8h 9c] [Tc]
CGL7811: bets $5
Y_19: raises $19 to $24
SorinS28: folds 
CGL7811: calls $19
*** RIVER *** [5h 8h 9c Tc] [Qd]
CGL7811: checks 
Y_19: bets $69.30 and is all-in
CGL7811: calls $66.88 and is all-in
Uncalled bet ($2.42) returned to Y_19
*** SHOW DOWN ***
Y_19: shows [9s 9h] (three of a kind, Nines)
CGL7811: shows [7c 7s] (a pair of Sevens)
Y_19 collected $199.86 from pot
*** SUMMARY ***
Total pot $202.36 | Rake $2.50 
Board [5h 8h 9c Tc Qd]
Seat 1: blackclan7 folded before Flop (didn't bet)
Seat 2: mr.Jckpot (button) folded before Flop (didn't bet)
Seat 3: YeeesMan (small blind) folded before Flop
Seat 4: CGL7811 (big blind) showed [7c 7s] and lost with a pair of Sevens
Seat 5: Y_19 showed [9s 9h] and won ($199.86) with three of a kind, Nines
Seat 6: SorinS28 folded on the Turn



PokerStars Hand #254739833681:  Hold'em No Limit ($0.50/$1.00 USD) - 2025/02/06 21:23:48 WET [2025/02/06 16:23:48 ET]
Table 'Tezcatlipoca' 6-max Seat #3 is the button
Seat 4: CGL7811 ($0 in chips) is sitting out
Seat 1: blackclan7 ($106.50 in chips) 
Seat 2: mr.Jckpot ($115.56 in chips) 
Seat 3: YeeesMan ($105.86 in chips) 
Seat 5: Y_19 ($202.28 in chips) 
Seat 6: SorinS28 ($100 in chips) 
Y_19: posts small blind $0.50
SorinS28: posts big blind $1
*** HOLE CARDS ***
blackclan7: folds 
mr.Jckpot: folds 
CGL7811 is disconnected 
YeeesMan: raises $1.50 to $2.50
Y_19: folds 
SorinS28: calls $1.50
*** FLOP *** [Th 3c 8s]
SorinS28: checks 
YeeesMan: bets $3.92
SorinS28: calls $3.92
*** TURN *** [Th 3c 8s] [3s]
SorinS28: checks 
YeeesMan: checks 
*** RIVER *** [Th 3c 8s 3s] [2h]
SorinS28: bets $12.54
blackclan7 leaves the table
YeeesMan: folds 
Uncalled bet ($12.54) returned to SorinS28
SorinS28 collected $12.67 from pot
SorinS28: doesn't show hand 
*** SUMMARY ***
Total pot $13.34 | Rake $0.67 
Board [Th 3c 8s 3s 2h]
Seat 4: CGL7811
Seat 1: blackclan7 folded before Flop (didn't bet)
Seat 2: mr.Jckpot folded before Flop (didn't bet)
Seat 3: YeeesMan (button) folded on the River
Seat 5: Y_19 (small blind) folded before Flop
Seat 6: SorinS28 (big blind) collected ($12.67)



PokerStars Hand #254739858028:  Hold'em No Limit ($0.50/$1.00 USD) - 2025/02/06 21:25:06 WET [2025/02/06 16:25:06 ET]
Table 'Tezcatlipoca' 6-max Seat #5 is the button
Seat 4: CGL7811 ($0 in chips) is sitting out
Seat 2: mr.Jckpot ($115.56 in chips) 
Seat 3: YeeesMan ($100 in chips) 
Seat 5: Y_19 ($201.78 in chips) 
Seat 6: SorinS28 ($106.25 in chips) 
SorinS28: posts small blind $0.50
mr.Jckpot: posts big blind $1
*** HOLE CARDS ***
YeeesMan: raises $1.50 to $2.50
Y_19: folds 
SorinS28: folds 
mr.Jckpot: folds 
Uncalled bet ($1.50) returned to YeeesMan
YeeesMan collected $2.50 from pot
YeeesMan: doesn't show hand 
*** SUMMARY ***
Total pot $2.50 | Rake $0 
Seat 4: CGL7811
Seat 2: mr.Jckpot (big blind) folded before Flop
Seat 3: YeeesMan collected ($2.50)
Seat 5: Y_19 (button) folded before Flop (didn't bet)
Seat 6: SorinS28 (small blind) folded before Flop



PokerStars Hand #254739866775:  Hold'em No Limit ($0.50/$1.00 USD) - 2025/02/06 21:25:33 WET [2025/02/06 16:25:33 ET]
Table 'Tezcatlipoca' 6-max Seat #6 is the button
Seat 3: YeeesMan ($101.50 in chips) is sitting out
Seat 4: CGL7811 ($0 in chips) is sitting out
Seat 2: mr.Jckpot ($114.56 in chips) 
Seat 5: Y_19 ($201.78 in chips) 
Seat 6: SorinS28 ($105.75 in chips) 
mr.Jckpot: posts small blind $0.50
YeeesMan: is sitting out 
Y_19: posts big blind $1
*** HOLE CARDS ***
SorinS28: raises $1.50 to $2.50
YeeesMan leaves the table
mr.Jckpot: folds 
Y_19: folds 
Uncalled bet ($1.50) returned to SorinS28
SorinS28 collected $2.50 from pot
SorinS28: doesn't show hand 
*** SUMMARY ***
Total pot $2.50 | Rake $0 
Seat 3: YeeesMan
Seat 4: CGL7811
Seat 2: mr.Jckpot (small blind) folded before Flop
Seat 5: Y_19 (big blind) folded before Flop
Seat 6: SorinS28 (button) collected ($2.50)



PokerStars Hand #254739871653:  Hold'em No Limit ($0.50/$1.00 USD) - 2025/02/06 21:25:49 WET [2025/02/06 16:25:49 ET]
Table 'Tezcatlipoca' 6-max Seat #2 is the button
Seat 4: CGL7811 ($0 in chips) is sitting out
Seat 2: mr.Jckpot ($114.06 in chips) 
Seat 5: Y_19 ($200.78 in chips) 
Seat 6: SorinS28 ($107.25 in chips) 
Y_19: posts small blind $0.50
SorinS28: posts big blind $1
*** HOLE CARDS ***
mr.Jckpot: folds 
Y_19: folds 
Uncalled bet ($0.50) returned to SorinS28
SorinS28 collected $1 from pot
SorinS28: doesn't show hand 
*** SUMMARY ***
Total pot $1 | Rake $0 
Seat 4: CGL7811
Seat 2: mr.Jckpot (button) folded before Flop (didn't bet)
Seat 5: Y_19 (small blind) folded before Flop
Seat 6: SorinS28 (big blind) collected ($1)



