PokerStars Hand #254733402128:  Hold'em No Limit ($0.50/$1.00 USD) - 2025/02/06 14:02:01 WET [2025/02/06 9:02:01 ET]
Table 'Apollonia II' 6-max Seat #5 is the button
Seat 1: Pon4uk.ua ($100 in chips) 
Seat 3: joaquin612 ($100 in chips) 
Seat 5: vitalik_sw ($80 in chips) 
Pon4uk.ua: posts small blind $0.50
joaquin612: posts big blind $1
*** HOLE CARDS ***
vitalik_sw: folds 
Pon4uk.ua: folds 
Uncalled bet ($0.50) returned to joaquin612
joaquin612 collected $1 from pot
joaquin612: doesn't show hand 
*** SUMMARY ***
Total pot $1 | Rake $0 
Seat 1: Pon4uk.ua (small blind) folded before Flop
Seat 3: joaquin612 (big blind) collected ($1)
Seat 5: vitalik_sw (button) folded before Flop (didn't bet)



PokerStars Hand #254733403647:  Hold'em No Limit ($0.50/$1.00 USD) - 2025/02/06 14:02:10 WET [2025/02/06 9:02:10 ET]
Table 'Apollonia II' 6-max Seat #1 is the button
Seat 1: Pon4uk.ua ($100 in chips) 
Seat 3: joaquin612 ($100.50 in chips) 
Seat 5: vitalik_sw ($100 in chips) 
joaquin612: posts small blind $0.50
vitalik_sw: posts big blind $1
*** HOLE CARDS ***
Pon4uk.ua: folds 
joaquin612: folds 
Uncalled bet ($0.50) returned to vitalik_sw
vitalik_sw collected $1 from pot
vitalik_sw: doesn't show hand 
*** SUMMARY ***
Total pot $1 | Rake $0 
Seat 1: Pon4uk.ua (button) folded before Flop (didn't bet)
Seat 3: joaquin612 (small blind) folded before Flop
Seat 5: vitalik_sw (big blind) collected ($1)



PokerStars Hand #254733406064:  Hold'em No Limit ($0.50/$1.00 USD) - 2025/02/06 14:02:25 WET [2025/02/06 9:02:25 ET]
Table 'Apollonia II' 6-max Seat #3 is the button
Seat 1: Pon4uk.ua ($100 in chips) 
Seat 3: joaquin612 ($100 in chips) 
Seat 5: vitalik_sw ($100.50 in chips) 
vitalik_sw: posts small blind $0.50
Pon4uk.ua: posts big blind $1
*** HOLE CARDS ***
joaquin612: folds 
vitalik_sw: raises $2 to $3
Pon4uk.ua: folds 
Uncalled bet ($2) returned to vitalik_sw
vitalik_sw collected $2 from pot
vitalik_sw: doesn't show hand 
*** SUMMARY ***
Total pot $2 | Rake $0 
Seat 1: Pon4uk.ua (big blind) folded before Flop
Seat 3: joaquin612 (button) folded before Flop (didn't bet)
Seat 5: vitalik_sw (small blind) collected ($2)



PokerStars Hand #254733408586:  Hold'em No Limit ($0.50/$1.00 USD) - 2025/02/06 14:02:40 WET [2025/02/06 9:02:40 ET]
Table 'Apollonia II' 6-max Seat #5 is the button
Seat 1: Pon4uk.ua ($100 in chips) 
Seat 3: joaquin612 ($100 in chips) 
Seat 5: vitalik_sw ($101.50 in chips) 
Pon4uk.ua: posts small blind $0.50
joaquin612: posts big blind $1
*** HOLE CARDS ***
vitalik_sw: raises $1.50 to $2.50
Pon4uk.ua: folds 
joaquin612: folds 
Uncalled bet ($1.50) returned to vitalik_sw
vitalik_sw collected $2.50 from pot
vitalik_sw: doesn't show hand 
*** SUMMARY ***
Total pot $2.50 | Rake $0 
Seat 1: Pon4uk.ua (small blind) folded before Flop
Seat 3: joaquin612 (big blind) folded before Flop
Seat 5: vitalik_sw (button) collected ($2.50)



PokerStars Hand #254733410489:  Hold'em No Limit ($0.50/$1.00 USD) - 2025/02/06 14:02:52 WET [2025/02/06 9:02:52 ET]
Table 'Apollonia II' 6-max Seat #1 is the button
Seat 1: Pon4uk.ua ($100 in chips) 
Seat 3: joaquin612 ($100 in chips) 
Seat 5: vitalik_sw ($103 in chips) 
joaquin612: posts small blind $0.50
vitalik_sw: posts big blind $1
*** HOLE CARDS ***
Pon4uk.ua: folds 
joaquin612: folds 
Uncalled bet ($0.50) returned to vitalik_sw
vitalik_sw collected $1 from pot
vitalik_sw: doesn't show hand 
*** SUMMARY ***
Total pot $1 | Rake $0 
Seat 1: Pon4uk.ua (button) folded before Flop (didn't bet)
Seat 3: joaquin612 (small blind) folded before Flop
Seat 5: vitalik_sw (big blind) collected ($1)



PokerStars Hand #254733412018:  Hold'em No Limit ($0.50/$1.00 USD) - 2025/02/06 14:03:01 WET [2025/02/06 9:03:01 ET]
Table 'Apollonia II' 6-max Seat #3 is the button
Seat 1: Pon4uk.ua ($100 in chips) 
Seat 3: joaquin612 ($100 in chips) 
Seat 5: vitalik_sw ($103.50 in chips) 
vitalik_sw: posts small blind $0.50
Pon4uk.ua: posts big blind $1
*** HOLE CARDS ***
joaquin612: folds 
vitalik_sw: raises $2 to $3
Pon4uk.ua: raises $6 to $9
vitalik_sw: calls $6
*** FLOP *** [8d 7c 3s]
vitalik_sw: checks 
BadenBadenPH joins the table at seat #4 
BadenBadenPH is disconnected 
Pon4uk.ua: bets $5.64
vitalik_sw: calls $5.64
*** TURN *** [8d 7c 3s] [5d]
vitalik_sw: checks 
Pon4uk.ua: checks 
*** RIVER *** [8d 7c 3s 5d] [6h]
vitalik_sw: bets $21.49
Pon4uk.ua: calls $21.49
*** SHOW DOWN ***
vitalik_sw: shows [Tc Qc] (high card Queen)
Pon4uk.ua: shows [6s 7d] (two pair, Sevens and Sixes)
Pon4uk.ua collected $71.26 from pot
*** SUMMARY ***
Total pot $72.26 | Rake $1 
Board [8d 7c 3s 5d 6h]
Seat 1: Pon4uk.ua (big blind) showed [6s 7d] and won ($71.26) with two pair, Sevens and Sixes
Seat 3: joaquin612 (button) folded before Flop (didn't bet)
Seat 5: vitalik_sw (small blind) showed [Tc Qc] and lost with high card Queen



PokerStars Hand #254733423938:  Hold'em No Limit ($0.50/$1.00 USD) - 2025/02/06 14:04:11 WET [2025/02/06 9:04:11 ET]
Table 'Apollonia II' 6-max Seat #5 is the button
Seat 4: BadenBadenPH ($100 in chips) is sitting out
Seat 1: Pon4uk.ua ($135.13 in chips) 
Seat 3: joaquin612 ($100 in chips) 
Seat 5: vitalik_sw ($100 in chips) 
Pon4uk.ua: posts small blind $0.50
joaquin612: posts big blind $1
BadenBadenPH: sits out 
*** HOLE CARDS ***
vitalik_sw: folds 
Pon4uk.ua: folds 
Uncalled bet ($0.50) returned to joaquin612
joaquin612 collected $1 from pot
joaquin612: doesn't show hand 
*** SUMMARY ***
Total pot $1 | Rake $0 
Seat 4: BadenBadenPH
Seat 1: Pon4uk.ua (small blind) folded before Flop
Seat 3: joaquin612 (big blind) collected ($1)
Seat 5: vitalik_sw (button) folded before Flop (didn't bet)



PokerStars Hand #254733425248:  Hold'em No Limit ($0.50/$1.00 USD) - 2025/02/06 14:04:19 WET [2025/02/06 9:04:19 ET]
Table 'Apollonia II' 6-max Seat #1 is the button
Seat 1: Pon4uk.ua ($134.63 in chips) 
Seat 3: joaquin612 ($100.50 in chips) 
Seat 4: BadenBadenPH ($100 in chips) 
Seat 5: vitalik_sw ($100 in chips) 
joaquin612: posts small blind $0.50
BadenBadenPH: posts big blind $1
*** HOLE CARDS ***
vitalik_sw: folds 
Pon4uk.ua: raises $1.50 to $2.50
joaquin612: folds 
BadenBadenPH: raises $7.50 to $10
Pon4uk.ua: calls $7.50
*** FLOP *** [Qs 2d Qh]
BadenBadenPH: bets $6
Pon4uk.ua: calls $6
*** TURN *** [Qs 2d Qh] [9h]
BadenBadenPH: checks 
Pon4uk.ua: checks 
*** RIVER *** [Qs 2d Qh 9h] [6s]
BadenBadenPH: checks 
Pon4uk.ua: checks 
*** SHOW DOWN ***
BadenBadenPH: shows [Ks Jh] (a pair of Queens)
Pon4uk.ua: shows [Jc Ah] (a pair of Queens - Ace kicker)
Pon4uk.ua collected $31.50 from pot
*** SUMMARY ***
Total pot $32.50 | Rake $1 
Board [Qs 2d Qh 9h 6s]
Seat 1: Pon4uk.ua (button) showed [Jc Ah] and won ($31.50) with a pair of Queens
Seat 3: joaquin612 (small blind) folded before Flop
Seat 4: BadenBadenPH (big blind) showed [Ks Jh] and lost with a pair of Queens
Seat 5: vitalik_sw folded before Flop (didn't bet)



PokerStars Hand #254733435690:  Hold'em No Limit ($0.50/$1.00 USD) - 2025/02/06 14:05:21 WET [2025/02/06 9:05:21 ET]
Table 'Apollonia II' 6-max Seat #3 is the button
Seat 1: Pon4uk.ua ($150.13 in chips) 
Seat 3: joaquin612 ($100 in chips) 
Seat 4: BadenBadenPH ($84 in chips) 
Seat 5: vitalik_sw ($100 in chips) 
BadenBadenPH: posts small blind $0.50
vitalik_sw: posts big blind $1
*** HOLE CARDS ***
Pon4uk.ua: folds 
joaquin612: raises $1.50 to $2.50
BadenBadenPH: folds 
vitalik_sw: folds 
Uncalled bet ($1.50) returned to joaquin612
joaquin612 collected $2.50 from pot
joaquin612: doesn't show hand 
*** SUMMARY ***
Total pot $2.50 | Rake $0 
Seat 1: Pon4uk.ua folded before Flop (didn't bet)
Seat 3: joaquin612 (button) collected ($2.50)
Seat 4: BadenBadenPH (small blind) folded before Flop
Seat 5: vitalik_sw (big blind) folded before Flop



PokerStars Hand #254733440971:  Hold'em No Limit ($0.50/$1.00 USD) - 2025/02/06 14:05:53 WET [2025/02/06 9:05:53 ET]
Table 'Apollonia II' 6-max Seat #4 is the button
Seat 1: Pon4uk.ua ($150.13 in chips) 
Seat 3: joaquin612 ($101.50 in chips) 
Seat 4: BadenBadenPH ($83.50 in chips) 
Seat 5: vitalik_sw ($100 in chips) 
vitalik_sw: posts small blind $0.50
Pon4uk.ua: posts big blind $1
*** HOLE CARDS ***
joaquin612: raises $1.50 to $2.50
BadenBadenPH: folds 
vitalik_sw: folds 
Pon4uk.ua: folds 
Uncalled bet ($1.50) returned to joaquin612
joaquin612 collected $2.50 from pot
joaquin612: doesn't show hand 
*** SUMMARY ***
Total pot $2.50 | Rake $0 
Seat 1: Pon4uk.ua (big blind) folded before Flop
Seat 3: joaquin612 collected ($2.50)
Seat 4: BadenBadenPH (button) folded before Flop (didn't bet)
Seat 5: vitalik_sw (small blind) folded before Flop



PokerStars Hand #254733443518:  Hold'em No Limit ($0.50/$1.00 USD) - 2025/02/06 14:06:09 WET [2025/02/06 9:06:09 ET]
Table 'Apollonia II' 6-max Seat #5 is the button
Seat 1: Pon4uk.ua ($149.13 in chips) 
Seat 3: joaquin612 ($103 in chips) 
Seat 4: BadenBadenPH ($83.50 in chips) 
Seat 5: vitalik_sw ($100 in chips) 
Pon4uk.ua: posts small blind $0.50
joaquin612: posts big blind $1
*** HOLE CARDS ***
LeaveItYeah joins the table at seat #2 
BadenBadenPH: folds 
vitalik_sw: folds 
Pon4uk.ua: raises $1.75 to $2.75
joaquin612: folds 
Uncalled bet ($1.75) returned to Pon4uk.ua
Pon4uk.ua collected $2 from pot
Pon4uk.ua: doesn't show hand 
*** SUMMARY ***
Total pot $2 | Rake $0 
Seat 1: Pon4uk.ua (small blind) collected ($2)
Seat 3: joaquin612 (big blind) folded before Flop
Seat 4: BadenBadenPH folded before Flop (didn't bet)
Seat 5: vitalik_sw (button) folded before Flop (didn't bet)



PokerStars Hand #254733445723:  Hold'em No Limit ($0.50/$1.00 USD) - 2025/02/06 14:06:22 WET [2025/02/06 9:06:22 ET]
Table 'Apollonia II' 6-max Seat #1 is the button
Seat 2: LeaveItYeah ($100 in chips) is sitting out
Seat 1: Pon4uk.ua ($150.13 in chips) 
Seat 3: joaquin612 ($102 in chips) 
Seat 4: BadenBadenPH ($83.50 in chips) 
Seat 5: vitalik_sw ($100 in chips) 
joaquin612: posts small blind $0.50
BadenBadenPH: posts big blind $1
*** HOLE CARDS ***
vitalik_sw: folds 
Pon4uk.ua: folds 
joaquin612: folds 
Uncalled bet ($0.50) returned to BadenBadenPH
BadenBadenPH collected $1 from pot
*** SUMMARY ***
Total pot $1 | Rake $0 
Seat 2: LeaveItYeah
Seat 1: Pon4uk.ua (button) folded before Flop (didn't bet)
Seat 3: joaquin612 (small blind) folded before Flop
Seat 4: BadenBadenPH (big blind) collected ($1)
Seat 5: vitalik_sw folded before Flop (didn't bet)



PokerStars Hand #254733447497:  Hold'em No Limit ($0.50/$1.00 USD) - 2025/02/06 14:06:32 WET [2025/02/06 9:06:32 ET]
Table 'Apollonia II' 6-max Seat #3 is the button
Seat 2: LeaveItYeah ($100 in chips) is sitting out
Seat 5: vitalik_sw ($100 in chips) is sitting out
Seat 1: Pon4uk.ua ($150.13 in chips) 
Seat 3: joaquin612 ($101.50 in chips) 
Seat 4: BadenBadenPH ($84 in chips) 
BadenBadenPH: posts small blind $0.50
vitalik_sw: is sitting out 
Pon4uk.ua: posts big blind $1
LeaveItYeah: sits out 
*** HOLE CARDS ***
joaquin612: folds 
vitalik_sw leaves the table
camayclass joins the table at seat #6 
camayclass is disconnected 
BadenBadenPH: raises $1.50 to $2.50
AlexEliseev7 joins the table at seat #5 
Pon4uk.ua: calls $1.50
*** FLOP *** [2c 2h Qh]
BadenBadenPH: bets $2.38
Pon4uk.ua: folds 
Uncalled bet ($2.38) returned to BadenBadenPH
BadenBadenPH collected $4.69 from pot
*** SUMMARY ***
Total pot $5 | Rake $0.31 
Board [2c 2h Qh]
Seat 2: LeaveItYeah
Seat 5: vitalik_sw
Seat 1: Pon4uk.ua (big blind) folded on the Flop
Seat 3: joaquin612 (button) folded before Flop (didn't bet)
Seat 4: BadenBadenPH (small blind) collected ($4.69)



PokerStars Hand #254733451190:  Hold'em No Limit ($0.50/$1.00 USD) - 2025/02/06 14:06:54 WET [2025/02/06 9:06:54 ET]
Table 'Apollonia II' 6-max Seat #4 is the button
Seat 5: AlexEliseev7 ($100 in chips) is sitting out
Seat 6: camayclass ($60.54 in chips) is sitting out
Seat 1: Pon4uk.ua ($147.63 in chips) 
Seat 2: LeaveItYeah ($100 in chips) 
Seat 3: joaquin612 ($101.50 in chips) 
Seat 4: BadenBadenPH ($86.19 in chips) 
Pon4uk.ua: posts small blind $0.50
LeaveItYeah: posts big blind $1
*** HOLE CARDS ***
joaquin612: folds 
BadenBadenPH: folds 
Pon4uk.ua: folds 
Uncalled bet ($0.50) returned to LeaveItYeah
LeaveItYeah collected $1 from pot
LeaveItYeah: doesn't show hand 
*** SUMMARY ***
Total pot $1 | Rake $0 
Seat 5: AlexEliseev7
Seat 6: camayclass
Seat 1: Pon4uk.ua (small blind) folded before Flop
Seat 2: LeaveItYeah (big blind) collected ($1)
Seat 3: joaquin612 folded before Flop (didn't bet)
Seat 4: BadenBadenPH (button) folded before Flop (didn't bet)



PokerStars Hand #254733452890:  Hold'em No Limit ($0.50/$1.00 USD) - 2025/02/06 14:07:04 WET [2025/02/06 9:07:04 ET]
Table 'Apollonia II' 6-max Seat #1 is the button
Seat 5: AlexEliseev7 ($100 in chips) is sitting out
Seat 1: Pon4uk.ua ($147.13 in chips) 
Seat 2: LeaveItYeah ($100.50 in chips) 
Seat 3: joaquin612 ($101.50 in chips) 
Seat 4: BadenBadenPH ($86.19 in chips) 
Seat 6: camayclass ($60.54 in chips) 
LeaveItYeah: posts small blind $0.50
joaquin612: posts big blind $1
AlexEliseev7: sits out 
camayclass: posts big blind $1
*** HOLE CARDS ***
BadenBadenPH: folds 
camayclass: checks 
Pon4uk.ua: folds 
LeaveItYeah: folds 
joaquin612: checks 
*** FLOP *** [5d 4d 2d]
BadenBadenPH leaves the table
joaquin612: checks 
camayclass: bets $1.19
joaquin612: calls $1.19
*** TURN *** [5d 4d 2d] [9d]
joaquin612: checks 
camayclass: checks 
*** RIVER *** [5d 4d 2d 9d] [3s]
joaquin612: checks 
camayclass: checks 
*** SHOW DOWN ***
joaquin612: shows [3c As] (a straight, Ace to Five)
camayclass: mucks hand 
joaquin612 collected $4.64 from pot
*** SUMMARY ***
Total pot $4.88 | Rake $0.24 
Board [5d 4d 2d 9d 3s]
Seat 5: AlexEliseev7
Seat 1: Pon4uk.ua (button) folded before Flop (didn't bet)
Seat 2: LeaveItYeah (small blind) folded before Flop
Seat 3: joaquin612 (big blind) showed [3c As] and won ($4.64) with a straight, Ace to Five
Seat 4: BadenBadenPH folded before Flop (didn't bet)
Seat 6: camayclass mucked



PokerStars Hand #254733483342:  Hold'em No Limit ($0.50/$1.00 USD) - 2025/02/06 14:10:06 WET [2025/02/06 9:10:06 ET]
Table 'Apollonia II' 6-max Seat #3 is the button
Seat 1: Pon4uk.ua ($139.69 in chips) 
Seat 2: LeaveItYeah ($102.36 in chips) 
Seat 3: joaquin612 ($103.45 in chips) 
Seat 4: mr.Jckpot ($100 in chips) 
Seat 5: AlexEliseev7 ($105.68 in chips) 
Seat 6: camayclass ($58.35 in chips) 
mr.Jckpot: posts small blind $0.50
AlexEliseev7: posts big blind $1
*** HOLE CARDS ***
camayclass: raises $2.50 to $3.50
Pon4uk.ua: folds 
LeaveItYeah: raises $7 to $10.50
joaquin612: folds 
mr.Jckpot: folds 
AlexEliseev7: folds 
camayclass: raises $47.85 to $58.35 and is all-in
LeaveItYeah: calls $47.85
*** FLOP *** [5h 7h 5s]
*** TURN *** [5h 7h 5s] [4c]
*** RIVER *** [5h 7h 5s 4c] [Tc]
*** SHOW DOWN ***
camayclass: shows [Kh Kd] (two pair, Kings and Fives)
LeaveItYeah: shows [Kc As] (a pair of Fives)
camayclass collected $115.70 from pot
*** SUMMARY ***
Total pot $118.20 | Rake $2.50 
Board [5h 7h 5s 4c Tc]
Seat 1: Pon4uk.ua folded before Flop (didn't bet)
Seat 2: LeaveItYeah showed [Kc As] and lost with a pair of Fives
Seat 3: joaquin612 (button) folded before Flop (didn't bet)
Seat 4: mr.Jckpot (small blind) folded before Flop
Seat 5: AlexEliseev7 (big blind) folded before Flop
Seat 6: camayclass showed [Kh Kd] and won ($115.70) with two pair, Kings and Fives



PokerStars Hand #254733489149:  Hold'em No Limit ($0.50/$1.00 USD) - 2025/02/06 14:10:41 WET [2025/02/06 9:10:41 ET]
Table 'Apollonia II' 6-max Seat #4 is the button
Seat 1: Pon4uk.ua ($139.69 in chips) 
Seat 2: LeaveItYeah ($100 in chips) 
Seat 3: joaquin612 ($103.45 in chips) 
Seat 4: mr.Jckpot ($100 in chips) 
Seat 5: AlexEliseev7 ($104.68 in chips) 
Seat 6: camayclass ($115.70 in chips) 
AlexEliseev7: posts small blind $0.50
camayclass: posts big blind $1
*** HOLE CARDS ***
Pon4uk.ua: folds 
LeaveItYeah: folds 
joaquin612: raises $2 to $3
mr.Jckpot: folds 
AlexEliseev7: folds 
camayclass: calls $2
*** FLOP *** [7d 3h 2c]
camayclass: checks 
joaquin612: bets $2.04
camayclass: folds 
Uncalled bet ($2.04) returned to joaquin612
joaquin612 collected $6.18 from pot
joaquin612: doesn't show hand 
*** SUMMARY ***
Total pot $6.50 | Rake $0.32 
Board [7d 3h 2c]
Seat 1: Pon4uk.ua folded before Flop (didn't bet)
Seat 2: LeaveItYeah folded before Flop (didn't bet)
Seat 3: joaquin612 collected ($6.18)
Seat 4: mr.Jckpot (button) folded before Flop (didn't bet)
Seat 5: AlexEliseev7 (small blind) folded before Flop
Seat 6: camayclass (big blind) folded on the Flop



PokerStars Hand #254733495682:  Hold'em No Limit ($0.50/$1.00 USD) - 2025/02/06 14:11:19 WET [2025/02/06 9:11:19 ET]
Table 'Apollonia II' 6-max Seat #5 is the button
Seat 1: Pon4uk.ua ($139.69 in chips) 
Seat 2: LeaveItYeah ($100 in chips) 
Seat 3: joaquin612 ($106.63 in chips) 
Seat 4: mr.Jckpot ($100 in chips) 
Seat 5: AlexEliseev7 ($104.18 in chips) 
Seat 6: camayclass ($112.70 in chips) 
camayclass: posts small blind $0.50
Pon4uk.ua: posts big blind $1
*** HOLE CARDS ***
LeaveItYeah: folds 
joaquin612: raises $1.50 to $2.50
mr.Jckpot: folds 
AlexEliseev7: folds 
camayclass: folds 
Pon4uk.ua: calls $1.50
*** FLOP *** [7c Js 2h]
camayclass leaves the table
Pon4uk.ua: checks 
joaquin612: bets $1.72
Pon4uk.ua: folds 
Uncalled bet ($1.72) returned to joaquin612
joaquin612 collected $5.22 from pot
joaquin612: doesn't show hand 
*** SUMMARY ***
Total pot $5.50 | Rake $0.28 
Board [7c Js 2h]
Seat 1: Pon4uk.ua (big blind) folded on the Flop
Seat 2: LeaveItYeah folded before Flop (didn't bet)
Seat 3: joaquin612 collected ($5.22)
Seat 4: mr.Jckpot folded before Flop (didn't bet)
Seat 5: AlexEliseev7 (button) folded before Flop (didn't bet)
Seat 6: camayclass (small blind) folded before Flop



PokerStars Hand #254733502658:  Hold'em No Limit ($0.50/$1.00 USD) - 2025/02/06 14:12:01 WET [2025/02/06 9:12:01 ET]
Table 'Apollonia II' 6-max Seat #1 is the button
Seat 1: Pon4uk.ua ($137.19 in chips) 
Seat 2: LeaveItYeah ($100 in chips) 
Seat 3: joaquin612 ($109.35 in chips) 
Seat 4: mr.Jckpot ($100 in chips) 
Seat 5: AlexEliseev7 ($104.18 in chips) 
LeaveItYeah: posts small blind $0.50
joaquin612: posts big blind $1
*** HOLE CARDS ***
mr.Jckpot: folds 
AlexEliseev7: raises $1.50 to $2.50
Pon4uk.ua: raises $5 to $7.50
LeaveItYeah: folds 
joaquin612: folds 
AlexEliseev7: folds 
Uncalled bet ($5) returned to Pon4uk.ua
Pon4uk.ua collected $6.50 from pot
Pon4uk.ua: doesn't show hand 
*** SUMMARY ***
Total pot $6.50 | Rake $0 
Seat 1: Pon4uk.ua (button) collected ($6.50)
Seat 2: LeaveItYeah (small blind) folded before Flop
Seat 3: joaquin612 (big blind) folded before Flop
Seat 4: mr.Jckpot folded before Flop (didn't bet)
Seat 5: AlexEliseev7 folded before Flop



PokerStars Hand #254733506152:  Hold'em No Limit ($0.50/$1.00 USD) - 2025/02/06 14:12:22 WET [2025/02/06 9:12:22 ET]
Table 'Apollonia II' 6-max Seat #2 is the button
Seat 1: Pon4uk.ua ($141.19 in chips) 
Seat 2: LeaveItYeah ($100 in chips) 
Seat 3: joaquin612 ($108.35 in chips) 
Seat 4: mr.Jckpot ($100 in chips) 
Seat 5: AlexEliseev7 ($101.68 in chips) 
joaquin612: posts small blind $0.50
mr.Jckpot: posts big blind $1
*** HOLE CARDS ***
AlexEliseev7: folds 
Pon4uk.ua: folds 
LeaveItYeah: raises $1.40 to $2.40
joaquin612: folds 
mr.Jckpot: folds 
Uncalled bet ($1.40) returned to LeaveItYeah
LeaveItYeah collected $2.50 from pot
LeaveItYeah: doesn't show hand 
*** SUMMARY ***
Total pot $2.50 | Rake $0 
Seat 1: Pon4uk.ua folded before Flop (didn't bet)
Seat 2: LeaveItYeah (button) collected ($2.50)
Seat 3: joaquin612 (small blind) folded before Flop
Seat 4: mr.Jckpot (big blind) folded before Flop
Seat 5: AlexEliseev7 folded before Flop (didn't bet)



PokerStars Hand #254733508308:  Hold'em No Limit ($0.50/$1.00 USD) - 2025/02/06 14:12:35 WET [2025/02/06 9:12:35 ET]
Table 'Apollonia II' 6-max Seat #3 is the button
Seat 5: AlexEliseev7 ($101.68 in chips) is sitting out
Seat 1: Pon4uk.ua ($141.19 in chips) 
Seat 2: LeaveItYeah ($101.50 in chips) 
Seat 3: joaquin612 ($107.85 in chips) 
Seat 4: mr.Jckpot ($100 in chips) 
mr.Jckpot: posts small blind $0.50
AlexEliseev7: is sitting out 
Pon4uk.ua: posts big blind $1
*** HOLE CARDS ***
LeaveItYeah: folds 
AlexEliseev7 leaves the table
joaquin612: folds 
mr.Jckpot: folds 
Uncalled bet ($0.50) returned to Pon4uk.ua
Pon4uk.ua collected $1 from pot
Pon4uk.ua: doesn't show hand 
*** SUMMARY ***
Total pot $1 | Rake $0 
Seat 5: AlexEliseev7
Seat 1: Pon4uk.ua (big blind) collected ($1)
Seat 2: LeaveItYeah folded before Flop (didn't bet)
Seat 3: joaquin612 (button) folded before Flop (didn't bet)
Seat 4: mr.Jckpot (small blind) folded before Flop



PokerStars Hand #254733509844:  Hold'em No Limit ($0.50/$1.00 USD) - 2025/02/06 14:12:44 WET [2025/02/06 9:12:44 ET]
Table 'Apollonia II' 6-max Seat #4 is the button
Seat 1: Pon4uk.ua ($141.69 in chips) 
Seat 2: LeaveItYeah ($101.50 in chips) 
Seat 3: joaquin612 ($107.85 in chips) 
Seat 4: mr.Jckpot ($100 in chips) 
Pon4uk.ua: posts small blind $0.50
LeaveItYeah: posts big blind $1
*** HOLE CARDS ***
joaquin612: folds 
mr.Jckpot: folds 
Pon4uk.ua: raises $1.75 to $2.75
LeaveItYeah: calls $1.75
*** FLOP *** [Ks 2d Qs]
Pon4uk.ua: bets $1.72
LeaveItYeah: calls $1.72
*** TURN *** [Ks 2d Qs] [7s]
Pon4uk.ua: checks 
LeaveItYeah: checks 
*** RIVER *** [Ks 2d Qs 7s] [Ah]
Pon4uk.ua: bets $2.80
LeaveItYeah: folds 
Uncalled bet ($2.80) returned to Pon4uk.ua
Pon4uk.ua collected $8.49 from pot
Pon4uk.ua: doesn't show hand 
*** SUMMARY ***
Total pot $8.94 | Rake $0.45 
Board [Ks 2d Qs 7s Ah]
Seat 1: Pon4uk.ua (small blind) collected ($8.49)
Seat 2: LeaveItYeah (big blind) folded on the River
Seat 3: joaquin612 folded before Flop (didn't bet)
Seat 4: mr.Jckpot (button) folded before Flop (didn't bet)



PokerStars Hand #254733517688:  Hold'em No Limit ($0.50/$1.00 USD) - 2025/02/06 14:13:31 WET [2025/02/06 9:13:31 ET]
Table 'Apollonia II' 6-max Seat #2 is the button
Seat 3: joaquin612 ($107.85 in chips) is sitting out
Seat 4: mr.Jckpot ($100 in chips) is sitting out
Seat 1: Pon4uk.ua ($145.71 in chips) 
Seat 2: LeaveItYeah ($100 in chips) 
LeaveItYeah: posts small blind $0.50
joaquin612: is sitting out 
mr.Jckpot: is sitting out 
Pon4uk.ua: posts big blind $1
*** HOLE CARDS ***
LeaveItYeah: raises $1.40 to $2.40
mr.Jckpot leaves the table
joaquin612 leaves the table
Pon4uk.ua: folds 
Uncalled bet ($1.40) returned to LeaveItYeah
LeaveItYeah collected $2 from pot
LeaveItYeah: doesn't show hand 
*** SUMMARY ***
Total pot $2 | Rake $0 
Seat 3: joaquin612
Seat 4: mr.Jckpot
Seat 1: Pon4uk.ua (big blind) folded before Flop
Seat 2: LeaveItYeah (button) (small blind) collected ($2)



