PokerStars Hand #254740523027:  Hold'em No Limit ($0.50/$1.00 USD) - 2025/02/06 22:03:38 WET [2025/02/06 17:03:38 ET]
Table 'Isara' 6-max Seat #5 is the button
Seat 3: Alinyr ($101 in chips) 
Seat 5: SorinS28 ($100 in chips) 
SorinS28: posts small blind $0.50
Alinyr: posts big blind $1
*** HOLE CARDS ***
SorinS28: raises $1.50 to $2.50
blackclan7 joins the table at seat #1 
paul197866 joins the table at seat #6 
paul197866 is disconnected 
Alinyr: raises $8.50 to $11
SorinS28: folds 
Uncalled bet ($8.50) returned to Alinyr
Alinyr collected $5 from pot
Alinyr: doesn't show hand 
*** SUMMARY ***
Total pot $5 | Rake $0 
Seat 3: Alinyr (big blind) collected ($5)
Seat 5: SorinS28 (button) (small blind) folded before Flop



PokerStars Hand #254740529190:  Hold'em No Limit ($0.50/$1.00 USD) - 2025/02/06 22:04:00 WET [2025/02/06 17:04:00 ET]
Table 'Isara' 6-max Seat #3 is the button
Seat 1: blackclan7 ($100 in chips) is sitting out
Seat 3: Alinyr ($103.50 in chips) 
Seat 5: SorinS28 ($100 in chips) 
Seat 6: paul197866 ($36.19 in chips) 
SorinS28: posts small blind $0.50
paul197866: posts big blind $1
blackclan7: sits out 
*** HOLE CARDS ***
Alinyr: folds 
SorinS28: folds 
Uncalled bet ($0.50) returned to paul197866
paul197866 collected $1 from pot
*** SUMMARY ***
Total pot $1 | Rake $0 
Seat 1: blackclan7
Seat 3: Alinyr (button) folded before Flop (didn't bet)
Seat 5: SorinS28 (small blind) folded before Flop
Seat 6: paul197866 (big blind) collected ($1)



PokerStars Hand #254740531561:  Hold'em No Limit ($0.50/$1.00 USD) - 2025/02/06 22:04:08 WET [2025/02/06 17:04:08 ET]
Table 'Isara' 6-max Seat #5 is the button
Seat 1: blackclan7 ($100 in chips) 
Seat 3: Alinyr ($103.50 in chips) 
Seat 5: SorinS28 ($100 in chips) 
Seat 6: paul197866 ($36.69 in chips) 
paul197866: posts small blind $0.50
blackclan7: posts big blind $1
*** HOLE CARDS ***
Alinyr: raises $1.28 to $2.28
SorinS28: folds 
paul197866: folds 
blackclan7: raises $10.12 to $12.40
XKTTBOBV11 joins the table at seat #2 
Alinyr: calls $10.12
*** FLOP *** [7c 3h 8s]
blackclan7: checks 
Alinyr: bets $8.02
blackclan7: folds 
Uncalled bet ($8.02) returned to Alinyr
Alinyr collected $24.30 from pot
Alinyr: doesn't show hand 
*** SUMMARY ***
Total pot $25.30 | Rake $1 
Board [7c 3h 8s]
Seat 1: blackclan7 (big blind) folded on the Flop
Seat 3: Alinyr collected ($24.30)
Seat 5: SorinS28 (button) folded before Flop (didn't bet)
Seat 6: paul197866 (small blind) folded before Flop



PokerStars Hand #254740551661:  Hold'em No Limit ($0.50/$1.00 USD) - 2025/02/06 22:05:17 WET [2025/02/06 17:05:17 ET]
Table 'Isara' 6-max Seat #6 is the button
Seat 1: blackclan7 ($100 in chips) 
Seat 2: XKTTBOBV11 ($10 in chips) 
Seat 3: Alinyr ($115.40 in chips) 
Seat 5: SorinS28 ($100 in chips) 
Seat 6: paul197866 ($36.19 in chips) 
blackclan7: posts small blind $0.50
XKTTBOBV11: posts big blind $1
*** HOLE CARDS ***
Alinyr: folds 
SorinS28: folds 
paul197866: folds 
blackclan7: folds 
Uncalled bet ($0.50) returned to XKTTBOBV11
XKTTBOBV11 collected $1 from pot
XKTTBOBV11: doesn't show hand 
*** SUMMARY ***
Total pot $1 | Rake $0 
Seat 1: blackclan7 (small blind) folded before Flop
Seat 2: XKTTBOBV11 (big blind) collected ($1)
Seat 3: Alinyr folded before Flop (didn't bet)
Seat 5: SorinS28 folded before Flop (didn't bet)
Seat 6: paul197866 (button) folded before Flop (didn't bet)



PokerStars Hand #254740555820:  Hold'em No Limit ($0.50/$1.00 USD) - 2025/02/06 22:05:32 WET [2025/02/06 17:05:32 ET]
Table 'Isara' 6-max Seat #1 is the button
Seat 1: blackclan7 ($100 in chips) 
Seat 2: XKTTBOBV11 ($10.50 in chips) 
Seat 3: Alinyr ($115.40 in chips) 
Seat 5: SorinS28 ($100 in chips) 
Seat 6: paul197866 ($36.19 in chips) 
XKTTBOBV11: posts small blind $0.50
Alinyr: posts big blind $1
*** HOLE CARDS ***
SorinS28: raises $1.02 to $2.02
JUANS2 joins the table at seat #4 
paul197866: calls $2.02
JUANS2 leaves the table
blackclan7: calls $2.02
XKTTBOBV11: folds 
Alinyr: folds 
*** FLOP *** [Ts 2h 7h]
Christianzt1 joins the table at seat #4 
SorinS28: checks 
paul197866: bets $7.18
blackclan7: calls $7.18
SorinS28: folds 
*** TURN *** [Ts 2h 7h] [Kc]
paul197866: checks 
blackclan7: bets $10.62
paul197866: folds 
Uncalled bet ($10.62) returned to blackclan7
blackclan7 collected $20.82 from pot
blackclan7: doesn't show hand 
*** SUMMARY ***
Total pot $21.92 | Rake $1.10 
Board [Ts 2h 7h Kc]
Seat 1: blackclan7 (button) collected ($20.82)
Seat 2: XKTTBOBV11 (small blind) folded before Flop
Seat 3: Alinyr (big blind) folded before Flop
Seat 5: SorinS28 folded on the Flop
Seat 6: paul197866 folded on the Turn



PokerStars Hand #254740578979:  Hold'em No Limit ($0.50/$1.00 USD) - 2025/02/06 22:06:52 WET [2025/02/06 17:06:52 ET]
Table 'Isara' 6-max Seat #2 is the button
Seat 1: blackclan7 ($111.62 in chips) 
Seat 2: XKTTBOBV11 ($10 in chips) 
Seat 3: Alinyr ($114.40 in chips) 
Seat 4: Christianzt1 ($100 in chips) 
Seat 5: SorinS28 ($100 in chips) 
Seat 6: paul197866 ($26.99 in chips) 
Alinyr: posts small blind $0.50
Christianzt1: posts big blind $1
*** HOLE CARDS ***
SorinS28: raises $1.02 to $2.02
paul197866: folds 
blackclan7: folds 
XKTTBOBV11: folds 
Alinyr: folds 
Christianzt1: folds 
Uncalled bet ($1.02) returned to SorinS28
SorinS28 collected $2.50 from pot
SorinS28: doesn't show hand 
*** SUMMARY ***
Total pot $2.50 | Rake $0 
Seat 1: blackclan7 folded before Flop (didn't bet)
Seat 2: XKTTBOBV11 (button) folded before Flop (didn't bet)
Seat 3: Alinyr (small blind) folded before Flop
Seat 4: Christianzt1 (big blind) folded before Flop
Seat 5: SorinS28 collected ($2.50)
Seat 6: paul197866 folded before Flop (didn't bet)



PokerStars Hand #254740581741:  Hold'em No Limit ($0.50/$1.00 USD) - 2025/02/06 22:07:01 WET [2025/02/06 17:07:01 ET]
Table 'Isara' 6-max Seat #3 is the button
Seat 5: SorinS28 ($101.50 in chips) is sitting out
Seat 1: blackclan7 ($111.62 in chips) 
Seat 2: XKTTBOBV11 ($10 in chips) 
Seat 3: Alinyr ($113.90 in chips) 
Seat 4: Christianzt1 ($100 in chips) 
Seat 6: paul197866 ($26.99 in chips) 
Christianzt1: posts small blind $0.50
SorinS28: is sitting out 
paul197866: posts big blind $1
*** HOLE CARDS ***
SorinS28 leaves the table
blackclan7: folds 
XKTTBOBV11: folds 
Alinyr: folds 
Christianzt1: folds 
Uncalled bet ($0.50) returned to paul197866
paul197866 collected $1 from pot
AllRaise101 joins the table at seat #5 
AllRaise101 is disconnected 
*** SUMMARY ***
Total pot $1 | Rake $0 
Seat 5: SorinS28
Seat 1: blackclan7 folded before Flop (didn't bet)
Seat 2: XKTTBOBV11 folded before Flop (didn't bet)
Seat 3: Alinyr (button) folded before Flop (didn't bet)
Seat 4: Christianzt1 (small blind) folded before Flop
Seat 6: paul197866 (big blind) collected ($1)



PokerStars Hand #254740586047:  Hold'em No Limit ($0.50/$1.00 USD) - 2025/02/06 22:07:16 WET [2025/02/06 17:07:16 ET]
Table 'Isara' 6-max Seat #4 is the button
Seat 1: blackclan7 ($111.62 in chips) is sitting out
Seat 5: AllRaise101 ($100 in chips) is sitting out
Seat 2: XKTTBOBV11 ($10 in chips) 
Seat 3: Alinyr ($113.90 in chips) 
Seat 4: Christianzt1 ($100 in chips) 
Seat 6: paul197866 ($27.49 in chips) 
paul197866: posts small blind $0.50
blackclan7: is sitting out 
XKTTBOBV11: posts big blind $1
*** HOLE CARDS ***
blackclan7 leaves the table
Alinyr: folds 
Christianzt1: raises $1.50 to $2.50
paul197866: folds 
Joe_Li7 joins the table at seat #1 
XKTTBOBV11: raises $6.50 to $9
Christianzt1: raises $10.80 to $19.80
XKTTBOBV11: calls $1 and is all-in
Uncalled bet ($9.80) returned to Christianzt1
*** FLOP *** [Qc 3c 7s]
*** TURN *** [Qc 3c 7s] [8s]
*** RIVER *** [Qc 3c 7s 8s] [Ts]
*** SHOW DOWN ***
XKTTBOBV11: shows [Ad 4s] (high card Ace)
Christianzt1: shows [Ac 8c] (a pair of Eights)
Christianzt1 collected $19.50 from pot
*** SUMMARY ***
Total pot $20.50 | Rake $1 
Board [Qc 3c 7s 8s Ts]
Seat 1: blackclan7
Seat 5: AllRaise101
Seat 2: XKTTBOBV11 (big blind) showed [Ad 4s] and lost with high card Ace
Seat 3: Alinyr folded before Flop (didn't bet)
Seat 4: Christianzt1 (button) showed [Ac 8c] and won ($19.50) with a pair of Eights
Seat 6: paul197866 (small blind) folded before Flop



PokerStars Hand #254740595925:  Hold'em No Limit ($0.50/$1.00 USD) - 2025/02/06 22:07:50 WET [2025/02/06 17:07:50 ET]
Table 'Isara' 6-max Seat #6 is the button
Seat 1: Joe_Li7 ($100 in chips) is sitting out
Seat 5: AllRaise101 ($100 in chips) is sitting out
Seat 2: XKTTBOBV11 ($10 in chips) 
Seat 3: Alinyr ($113.90 in chips) 
Seat 4: Christianzt1 ($109.50 in chips) 
Seat 6: paul197866 ($26.99 in chips) 
XKTTBOBV11: posts small blind $0.50
Alinyr: posts big blind $1
AllRaise101: sits out 
*** HOLE CARDS ***
Christianzt1: folds 
paul197866: folds 
XKTTBOBV11: raises $8 to $9
Alinyr: folds 
Uncalled bet ($8) returned to XKTTBOBV11
XKTTBOBV11 collected $2 from pot
XKTTBOBV11: doesn't show hand 
*** SUMMARY ***
Total pot $2 | Rake $0 
Seat 1: Joe_Li7
Seat 5: AllRaise101
Seat 2: XKTTBOBV11 (small blind) collected ($2)
Seat 3: Alinyr (big blind) folded before Flop
Seat 4: Christianzt1 folded before Flop (didn't bet)
Seat 6: paul197866 (button) folded before Flop (didn't bet)



PokerStars Hand #254740599800:  Hold'em No Limit ($0.50/$1.00 USD) - 2025/02/06 22:08:04 WET [2025/02/06 17:08:04 ET]
Table 'Isara' 6-max Seat #2 is the button
Seat 1: Joe_Li7 ($100 in chips) is sitting out
Seat 4: Christianzt1 ($109.50 in chips) is sitting out
Seat 2: XKTTBOBV11 ($11 in chips) 
Seat 3: Alinyr ($112.90 in chips) 
Seat 5: AllRaise101 ($100 in chips) 
Seat 6: paul197866 ($26.99 in chips) 
Alinyr: posts small blind $0.50
Christianzt1: is sitting out 
AllRaise101: posts big blind $1
Joe_Li7: sits out 
*** HOLE CARDS ***
paul197866: folds 
Christianzt1 leaves the table
XKTTBOBV11: folds 
Alinyr: raises $2 to $3
AllRaise101: folds 
Uncalled bet ($2) returned to Alinyr
Alinyr collected $2 from pot
Alinyr: doesn't show hand 
*** SUMMARY ***
Total pot $2 | Rake $0 
Seat 1: Joe_Li7
Seat 4: Christianzt1
Seat 2: XKTTBOBV11 (button) folded before Flop (didn't bet)
Seat 3: Alinyr (small blind) collected ($2)
Seat 5: AllRaise101 (big blind) folded before Flop
Seat 6: paul197866 folded before Flop (didn't bet)



PokerStars Hand #254740604603:  Hold'em No Limit ($0.50/$1.00 USD) - 2025/02/06 22:08:20 WET [2025/02/06 17:08:20 ET]
Table 'Isara' 6-max Seat #3 is the button
Seat 1: Joe_Li7 ($100 in chips) is sitting out
Seat 2: XKTTBOBV11 ($11 in chips) 
Seat 3: Alinyr ($113.90 in chips) 
Seat 5: AllRaise101 ($100 in chips) 
Seat 6: paul197866 ($26.99 in chips) 
AllRaise101: posts small blind $0.50
paul197866: posts big blind $1
Joe_Li7: sits out 
*** HOLE CARDS ***
XKTTBOBV11: folds 
Alinyr: folds 
AllRaise101: raises $2 to $3
paul197866: folds 
Uncalled bet ($2) returned to AllRaise101
AllRaise101 collected $2 from pot
*** SUMMARY ***
Total pot $2 | Rake $0 
Seat 1: Joe_Li7
Seat 2: XKTTBOBV11 folded before Flop (didn't bet)
Seat 3: Alinyr (button) folded before Flop (didn't bet)
Seat 5: AllRaise101 (small blind) collected ($2)
Seat 6: paul197866 (big blind) folded before Flop



PokerStars Hand #254740608873:  Hold'em No Limit ($0.50/$1.00 USD) - 2025/02/06 22:08:35 WET [2025/02/06 17:08:35 ET]
Table 'Isara' 6-max Seat #5 is the button
Seat 1: Joe_Li7 ($100 in chips) 
Seat 2: XKTTBOBV11 ($11 in chips) 
Seat 3: Alinyr ($113.90 in chips) 
Seat 5: AllRaise101 ($101 in chips) 
Seat 6: paul197866 ($25.99 in chips) 
paul197866: posts small blind $0.50
Joe_Li7: posts big blind $1
*** HOLE CARDS ***
XKTTBOBV11: folds 
Alinyr: folds 
AllRaise101: raises $1.50 to $2.50
paul197866: folds 
Joe_Li7: folds 
Uncalled bet ($1.50) returned to AllRaise101
AllRaise101 collected $2.50 from pot
*** SUMMARY ***
Total pot $2.50 | Rake $0 
Seat 1: Joe_Li7 (big blind) folded before Flop
Seat 2: XKTTBOBV11 folded before Flop (didn't bet)
Seat 3: Alinyr folded before Flop (didn't bet)
Seat 5: AllRaise101 (button) collected ($2.50)
Seat 6: paul197866 (small blind) folded before Flop



PokerStars Hand #254740612860:  Hold'em No Limit ($0.50/$1.00 USD) - 2025/02/06 22:08:49 WET [2025/02/06 17:08:49 ET]
Table 'Isara' 6-max Seat #6 is the button
Seat 1: Joe_Li7 ($100 in chips) 
Seat 2: XKTTBOBV11 ($11 in chips) 
Seat 3: Alinyr ($113.90 in chips) 
Seat 5: AllRaise101 ($102.50 in chips) 
Seat 6: paul197866 ($25.49 in chips) 
Joe_Li7: posts small blind $0.50
XKTTBOBV11: posts big blind $1
*** HOLE CARDS ***
Alinyr: folds 
AllRaise101: folds 
paul197866: folds 
Joe_Li7: folds 
Uncalled bet ($0.50) returned to XKTTBOBV11
XKTTBOBV11 collected $1 from pot
XKTTBOBV11: doesn't show hand 
*** SUMMARY ***
Total pot $1 | Rake $0 
Seat 1: Joe_Li7 (small blind) folded before Flop
Seat 2: XKTTBOBV11 (big blind) collected ($1)
Seat 3: Alinyr folded before Flop (didn't bet)
Seat 5: AllRaise101 folded before Flop (didn't bet)
Seat 6: paul197866 (button) folded before Flop (didn't bet)



PokerStars Hand #254740615267:  Hold'em No Limit ($0.50/$1.00 USD) - 2025/02/06 22:08:57 WET [2025/02/06 17:08:57 ET]
Table 'Isara' 6-max Seat #1 is the button
Seat 1: Joe_Li7 ($100 in chips) 
Seat 2: XKTTBOBV11 ($11.50 in chips) 
Seat 3: Alinyr ($113.90 in chips) 
Seat 5: AllRaise101 ($102.50 in chips) 
Seat 6: paul197866 ($25.49 in chips) 
XKTTBOBV11: posts small blind $0.50
Alinyr: posts big blind $1
*** HOLE CARDS ***
AllRaise101: raises $1.50 to $2.50
paul197866: calls $2.50
Joe_Li7: folds 
XKTTBOBV11: folds 
Alinyr: folds 
*** FLOP *** [Js Qd Ts]
AllRaise101: bets $5
paul197866: calls $5
*** TURN *** [Js Qd Ts] [3c]
AllRaise101: checks 
paul197866: bets $7.84
AllRaise101: folds 
Uncalled bet ($7.84) returned to paul197866
Fero128 joins the table at seat #4 
Fero128 is disconnected 
paul197866 collected $15.68 from pot
*** SUMMARY ***
Total pot $16.50 | Rake $0.82 
Board [Js Qd Ts 3c]
Seat 1: Joe_Li7 (button) folded before Flop (didn't bet)
Seat 2: XKTTBOBV11 (small blind) folded before Flop
Seat 3: Alinyr (big blind) folded before Flop
Seat 5: AllRaise101 folded on the Turn
Seat 6: paul197866 collected ($15.68)



PokerStars Hand #254740626388:  Hold'em No Limit ($0.50/$1.00 USD) - 2025/02/06 22:09:36 WET [2025/02/06 17:09:36 ET]
Table 'Isara' 6-max Seat #2 is the button
Seat 1: Joe_Li7 ($100 in chips) 
Seat 2: XKTTBOBV11 ($11 in chips) 
Seat 3: Alinyr ($112.90 in chips) 
Seat 4: Fero128 ($10.37 in chips) 
Seat 5: AllRaise101 ($100 in chips) 
Seat 6: paul197866 ($33.67 in chips) 
Alinyr: posts small blind $0.50
Fero128: posts big blind $1
*** HOLE CARDS ***
AllRaise101: folds 
paul197866: folds 
Joe_Li7: raises $1.20 to $2.20
XKTTBOBV11: folds 
Alinyr: folds 
Fero128: calls $1.20
*** FLOP *** [9c 4s 4h]
Fero128: checks 
Joe_Li7: checks 
*** TURN *** [9c 4s 4h] [7c]
Fero128: checks 
Joe_Li7: checks 
*** RIVER *** [9c 4s 4h 7c] [Qc]
Fero128: bets $4
Joe_Li7: calls $4
*** SHOW DOWN ***
Fero128: shows [8s Qs] (two pair, Queens and Fours)
Joe_Li7: shows [Qh Kd] (two pair, Queens and Fours - King kicker)
Joe_Li7 collected $12.26 from pot
*** SUMMARY ***
Total pot $12.90 | Rake $0.64 
Board [9c 4s 4h 7c Qc]
Seat 1: Joe_Li7 showed [Qh Kd] and won ($12.26) with two pair, Queens and Fours
Seat 2: XKTTBOBV11 (button) folded before Flop (didn't bet)
Seat 3: Alinyr (small blind) folded before Flop
Seat 4: Fero128 (big blind) showed [8s Qs] and lost with two pair, Queens and Fours
Seat 5: AllRaise101 folded before Flop (didn't bet)
Seat 6: paul197866 folded before Flop (didn't bet)



PokerStars Hand #254740644471:  Hold'em No Limit ($0.50/$1.00 USD) - 2025/02/06 22:10:38 WET [2025/02/06 17:10:38 ET]
Table 'Isara' 6-max Seat #3 is the button
Seat 1: Joe_Li7 ($106.06 in chips) 
Seat 2: XKTTBOBV11 ($11 in chips) 
Seat 3: Alinyr ($112.40 in chips) 
Seat 4: Fero128 ($4.17 in chips) 
Seat 5: AllRaise101 ($100 in chips) 
Seat 6: paul197866 ($33.67 in chips) 
Fero128: posts small blind $0.50
AllRaise101: posts big blind $1
*** HOLE CARDS ***
paul197866: calls $1
Joe_Li7: raises $3 to $4
XKTTBOBV11: folds 
Alinyr: folds 
Fero128: raises $0.17 to $4.17 and is all-in
AllRaise101: folds 
paul197866: calls $3.17
Joe_Li7: calls $0.17
*** FLOP *** [3c 4d Ad]
paul197866: checks 
Joe_Li7: bets $3.20
paul197866: folds 
Uncalled bet ($3.20) returned to Joe_Li7
*** TURN *** [3c 4d Ad] [3d]
*** RIVER *** [3c 4d Ad 3d] [Ks]
*** SHOW DOWN ***
Fero128: shows [Kh 8s] (two pair, Kings and Threes)
Joe_Li7: shows [Jc Ah] (two pair, Aces and Threes)
Joe_Li7 collected $12.83 from pot
*** SUMMARY ***
Total pot $13.51 | Rake $0.68 
Board [3c 4d Ad 3d Ks]
Seat 1: Joe_Li7 showed [Jc Ah] and won ($12.83) with two pair, Aces and Threes
Seat 2: XKTTBOBV11 folded before Flop (didn't bet)
Seat 3: Alinyr (button) folded before Flop (didn't bet)
Seat 4: Fero128 (small blind) showed [Kh 8s] and lost with two pair, Kings and Threes
Seat 5: AllRaise101 (big blind) folded before Flop
Seat 6: paul197866 folded on the Flop



PokerStars Hand #254740659936:  Hold'em No Limit ($0.50/$1.00 USD) - 2025/02/06 22:11:31 WET [2025/02/06 17:11:31 ET]
Table 'Isara' 6-max Seat #5 is the button
Seat 1: Joe_Li7 ($114.72 in chips) 
Seat 2: XKTTBOBV11 ($20 in chips) 
Seat 3: Alinyr ($112.40 in chips) 
Seat 5: AllRaise101 ($100 in chips) 
Seat 6: paul197866 ($29.50 in chips) 
paul197866: posts small blind $0.50
Joe_Li7: posts big blind $1
*** HOLE CARDS ***
XKTTBOBV11: raises $1 to $2
Alinyr: folds 
Iseedora joins the table at seat #4 
AllRaise101: folds 
paul197866: folds 
Joe_Li7: folds 
Uncalled bet ($1) returned to XKTTBOBV11
XKTTBOBV11 collected $2.50 from pot
XKTTBOBV11: doesn't show hand 
*** SUMMARY ***
Total pot $2.50 | Rake $0 
Seat 1: Joe_Li7 (big blind) folded before Flop
Seat 2: XKTTBOBV11 collected ($2.50)
Seat 3: Alinyr folded before Flop (didn't bet)
Seat 5: AllRaise101 (button) folded before Flop (didn't bet)
Seat 6: paul197866 (small blind) folded before Flop



PokerStars Hand #254740663049:  Hold'em No Limit ($0.50/$1.00 USD) - 2025/02/06 22:11:42 WET [2025/02/06 17:11:42 ET]
Table 'Isara' 6-max Seat #6 is the button
Seat 4: Iseedora ($100 in chips) is sitting out
Seat 1: Joe_Li7 ($113.72 in chips) 
Seat 2: XKTTBOBV11 ($21.50 in chips) 
Seat 3: Alinyr ($112.40 in chips) 
Seat 5: AllRaise101 ($100 in chips) 
Seat 6: paul197866 ($29 in chips) 
Joe_Li7: posts small blind $0.50
XKTTBOBV11: posts big blind $1
Iseedora: sits out 
*** HOLE CARDS ***
Alinyr: folds 
AllRaise101: folds 
paul197866: folds 
Joe_Li7: folds 
Uncalled bet ($0.50) returned to XKTTBOBV11
XKTTBOBV11 collected $1 from pot
XKTTBOBV11: doesn't show hand 
*** SUMMARY ***
Total pot $1 | Rake $0 
Seat 4: Iseedora
Seat 1: Joe_Li7 (small blind) folded before Flop
Seat 2: XKTTBOBV11 (big blind) collected ($1)
Seat 3: Alinyr folded before Flop (didn't bet)
Seat 5: AllRaise101 folded before Flop (didn't bet)
Seat 6: paul197866 (button) folded before Flop (didn't bet)



PokerStars Hand #254740665867:  Hold'em No Limit ($0.50/$1.00 USD) - 2025/02/06 22:11:52 WET [2025/02/06 17:11:52 ET]
Table 'Isara' 6-max Seat #1 is the button
Seat 3: Alinyr ($112.40 in chips) is sitting out
Seat 1: Joe_Li7 ($113.22 in chips) 
Seat 2: XKTTBOBV11 ($22 in chips) 
Seat 4: Iseedora ($100 in chips) 
Seat 5: AllRaise101 ($100 in chips) 
Seat 6: paul197866 ($29 in chips) 
XKTTBOBV11: posts small blind $0.50
Alinyr: is sitting out 
Iseedora: posts big blind $1
*** HOLE CARDS ***
AllRaise101: folds 
paul197866: calls $1
Joe_Li7: folds 
XKTTBOBV11: folds 
Iseedora: checks 
*** FLOP *** [5s 8h Qd]
Iseedora: checks 
paul197866: bets $2.38
Iseedora: calls $2.38
*** TURN *** [5s 8h Qd] [6d]
Iseedora: checks 
paul197866: bets $6.90
Iseedora: calls $6.90
*** RIVER *** [5s 8h Qd 6d] [2c]
Iseedora: checks 
paul197866: checks 
*** SHOW DOWN ***
Iseedora: shows [9s 8c] (a pair of Eights)
paul197866: mucks hand 
Iseedora collected $20.01 from pot
*** SUMMARY ***
Total pot $21.06 | Rake $1.05 
Board [5s 8h Qd 6d 2c]
Seat 3: Alinyr
Seat 1: Joe_Li7 (button) folded before Flop (didn't bet)
Seat 2: XKTTBOBV11 (small blind) folded before Flop
Seat 4: Iseedora (big blind) showed [9s 8c] and won ($20.01) with a pair of Eights
Seat 5: AllRaise101 folded before Flop (didn't bet)
Seat 6: paul197866 mucked



PokerStars Hand #254740681903:  Hold'em No Limit ($0.50/$1.00 USD) - 2025/02/06 22:12:46 WET [2025/02/06 17:12:46 ET]
Table 'Isara' 6-max Seat #2 is the button
Seat 3: Alinyr ($112.40 in chips) is sitting out
Seat 1: Joe_Li7 ($113.22 in chips) 
Seat 2: XKTTBOBV11 ($21.50 in chips) 
Seat 4: Iseedora ($109.73 in chips) 
Seat 5: AllRaise101 ($100 in chips) 
Seat 6: paul197866 ($18.72 in chips) 
Iseedora: posts small blind $0.50
AllRaise101: posts big blind $1
*** HOLE CARDS ***
paul197866: calls $1
Joe_Li7: folds 
XKTTBOBV11: raises $1.13 to $2.13
Iseedora: folds 
AllRaise101: raises $97.87 to $100 and is all-in
paul197866: calls $17.72 and is all-in
XKTTBOBV11: folds 
Uncalled bet ($81.28) returned to AllRaise101
*** FLOP *** [Kh Js 2h]
*** TURN *** [Kh Js 2h] [2c]
*** RIVER *** [Kh Js 2h 2c] [6d]
*** SHOW DOWN ***
AllRaise101: shows [Ah 9h] (a pair of Deuces)
paul197866: shows [Kc Td] (two pair, Kings and Deuces)
paul197866 collected $38.07 from pot
*** SUMMARY ***
Total pot $40.07 | Rake $2 
Board [Kh Js 2h 2c 6d]
Seat 3: Alinyr
Seat 1: Joe_Li7 folded before Flop (didn't bet)
Seat 2: XKTTBOBV11 (button) folded before Flop
Seat 4: Iseedora (small blind) folded before Flop
Seat 5: AllRaise101 (big blind) showed [Ah 9h] and lost with a pair of Deuces
Seat 6: paul197866 showed [Kc Td] and won ($38.07) with two pair, Kings and Deuces



PokerStars Hand #254740697030:  Hold'em No Limit ($0.50/$1.00 USD) - 2025/02/06 22:13:38 WET [2025/02/06 17:13:38 ET]
Table 'Isara' 6-max Seat #4 is the button
Seat 3: Alinyr ($112.40 in chips) is sitting out
Seat 1: Joe_Li7 ($113.22 in chips) 
Seat 2: XKTTBOBV11 ($19.37 in chips) 
Seat 4: Iseedora ($109.23 in chips) 
Seat 5: AllRaise101 ($100 in chips) 
Seat 6: paul197866 ($38.07 in chips) 
AllRaise101: posts small blind $0.50
paul197866: posts big blind $1
*** HOLE CARDS ***
Joe_Li7: folds 
XKTTBOBV11: folds 
Iseedora: raises $1.50 to $2.50
AllRaise101: folds 
paul197866: folds 
Uncalled bet ($1.50) returned to Iseedora
Iseedora collected $2.50 from pot
Iseedora: doesn't show hand 
*** SUMMARY ***
Total pot $2.50 | Rake $0 
Seat 3: Alinyr
Seat 1: Joe_Li7 folded before Flop (didn't bet)
Seat 2: XKTTBOBV11 folded before Flop (didn't bet)
Seat 4: Iseedora (button) collected ($2.50)
Seat 5: AllRaise101 (small blind) folded before Flop
Seat 6: paul197866 (big blind) folded before Flop



PokerStars Hand #254740701809:  Hold'em No Limit ($0.50/$1.00 USD) - 2025/02/06 22:13:54 WET [2025/02/06 17:13:54 ET]
Table 'Isara' 6-max Seat #5 is the button
Seat 3: Alinyr ($112.40 in chips) is sitting out
Seat 1: Joe_Li7 ($113.22 in chips) 
Seat 2: XKTTBOBV11 ($19.37 in chips) 
Seat 4: Iseedora ($110.73 in chips) 
Seat 5: AllRaise101 ($100 in chips) 
Seat 6: paul197866 ($37.07 in chips) 
paul197866: posts small blind $0.50
Joe_Li7: posts big blind $1
*** HOLE CARDS ***
XKTTBOBV11: folds 
Iseedora: folds 
AllRaise101: folds 
paul197866: calls $0.50
Joe_Li7: checks 
*** FLOP *** [Jd 9c Ac]
paul197866: bets $1.90
Joe_Li7: folds 
Uncalled bet ($1.90) returned to paul197866
paul197866 collected $1.90 from pot
*** SUMMARY ***
Total pot $2 | Rake $0.10 
Board [Jd 9c Ac]
Seat 3: Alinyr
Seat 1: Joe_Li7 (big blind) folded on the Flop
Seat 2: XKTTBOBV11 folded before Flop (didn't bet)
Seat 4: Iseedora folded before Flop (didn't bet)
Seat 5: AllRaise101 (button) folded before Flop (didn't bet)
Seat 6: paul197866 (small blind) collected ($1.90)



PokerStars Hand #254740709157:  Hold'em No Limit ($0.50/$1.00 USD) - 2025/02/06 22:14:20 WET [2025/02/06 17:14:20 ET]
Table 'Isara' 6-max Seat #6 is the button
Seat 3: Alinyr ($112.40 in chips) is sitting out
Seat 1: Joe_Li7 ($112.22 in chips) 
Seat 2: XKTTBOBV11 ($19.37 in chips) 
Seat 4: Iseedora ($110.73 in chips) 
Seat 5: AllRaise101 ($100 in chips) 
Seat 6: paul197866 ($37.97 in chips) 
Joe_Li7: posts small blind $0.50
XKTTBOBV11: posts big blind $1
*** HOLE CARDS ***
Iseedora: folds 
AllRaise101: folds 
paul197866: folds 
Joe_Li7: folds 
Uncalled bet ($0.50) returned to XKTTBOBV11
XKTTBOBV11 collected $1 from pot
XKTTBOBV11: doesn't show hand 
*** SUMMARY ***
Total pot $1 | Rake $0 
Seat 3: Alinyr
Seat 1: Joe_Li7 (small blind) folded before Flop
Seat 2: XKTTBOBV11 (big blind) collected ($1)
Seat 4: Iseedora folded before Flop (didn't bet)
Seat 5: AllRaise101 folded before Flop (didn't bet)
Seat 6: paul197866 (button) folded before Flop (didn't bet)



PokerStars Hand #254740756694:  Hold'em No Limit ($0.50/$1.00 USD) - 2025/02/06 22:17:04 WET [2025/02/06 17:17:04 ET]
Table 'Isara' 6-max Seat #5 is the button
Seat 3: Alinyr ($112.40 in chips) is sitting out
Seat 1: Joe_Li7 ($109.52 in chips) 
Seat 2: XKTTBOBV11 ($20.87 in chips) 
Seat 4: Iseedora ($109.23 in chips) 
Seat 5: AllRaise101 ($100 in chips) 
Seat 6: paul197866 ($48.58 in chips) 
paul197866: posts small blind $0.50
Joe_Li7: posts big blind $1
*** HOLE CARDS ***
XKTTBOBV11: folds 
Iseedora: folds 
AllRaise101: raises $1.50 to $2.50
paul197866: folds 
Joe_Li7: folds 
Uncalled bet ($1.50) returned to AllRaise101
AllRaise101 collected $2.50 from pot
*** SUMMARY ***
Total pot $2.50 | Rake $0 
Seat 3: Alinyr
Seat 1: Joe_Li7 (big blind) folded before Flop
Seat 2: XKTTBOBV11 folded before Flop (didn't bet)
Seat 4: Iseedora folded before Flop (didn't bet)
Seat 5: AllRaise101 (button) collected ($2.50)
Seat 6: paul197866 (small blind) folded before Flop



PokerStars Hand #254740762771:  Hold'em No Limit ($0.50/$1.00 USD) - 2025/02/06 22:17:25 WET [2025/02/06 17:17:25 ET]
Table 'Isara' 6-max Seat #6 is the button
Seat 3: Alinyr ($112.40 in chips) is sitting out
Seat 1: Joe_Li7 ($108.52 in chips) 
Seat 2: XKTTBOBV11 ($20.87 in chips) 
Seat 4: Iseedora ($109.23 in chips) 
Seat 5: AllRaise101 ($101.50 in chips) 
Seat 6: paul197866 ($48.08 in chips) 
Joe_Li7: posts small blind $0.50
XKTTBOBV11: posts big blind $1
*** HOLE CARDS ***
Iseedora: folds 
AllRaise101: folds 
paul197866: calls $1
Joe_Li7: raises $4 to $5
XKTTBOBV11: folds 
paul197866: calls $4
*** FLOP *** [6c 5d 4d]
Joe_Li7: checks 
paul197866: checks 
*** TURN *** [6c 5d 4d] [Td]
Joe_Li7: bets $7.04
paul197866: calls $7.04
*** RIVER *** [6c 5d 4d Td] [3h]
Joe_Li7: bets $2.38
paul197866 has timed out
paul197866: folds 
Uncalled bet ($2.38) returned to Joe_Li7
Joe_Li7 collected $23.83 from pot
*** SUMMARY ***
Total pot $25.08 | Rake $1.25 
Board [6c 5d 4d Td 3h]
Seat 3: Alinyr
Seat 1: Joe_Li7 (small blind) collected ($23.83)
Seat 2: XKTTBOBV11 (big blind) folded before Flop
Seat 4: Iseedora folded before Flop (didn't bet)
Seat 5: AllRaise101 folded before Flop (didn't bet)
Seat 6: paul197866 (button) folded on the River



PokerStars Hand #254740800998:  Hold'em No Limit ($0.50/$1.00 USD) - 2025/02/06 22:19:38 WET [2025/02/06 17:19:38 ET]
Table 'Isara' 6-max Seat #1 is the button
Seat 3: Alinyr ($112.40 in chips) is sitting out
Seat 1: Joe_Li7 ($120.31 in chips) 
Seat 2: XKTTBOBV11 ($19.87 in chips) 
Seat 4: Iseedora ($109.23 in chips) 
Seat 5: AllRaise101 ($101.50 in chips) 
Seat 6: paul197866 ($36.04 in chips) 
XKTTBOBV11: posts small blind $0.50
Iseedora: posts big blind $1
*** HOLE CARDS ***
AllRaise101: folds 
paul197866: folds 
Joe_Li7: raises $1.20 to $2.20
XKTTBOBV11: folds 
Iseedora: folds 
Uncalled bet ($1.20) returned to Joe_Li7
Joe_Li7 collected $2.50 from pot
*** SUMMARY ***
Total pot $2.50 | Rake $0 
Seat 3: Alinyr
Seat 1: Joe_Li7 (button) collected ($2.50)
Seat 2: XKTTBOBV11 (small blind) folded before Flop
Seat 4: Iseedora (big blind) folded before Flop
Seat 5: AllRaise101 folded before Flop (didn't bet)
Seat 6: paul197866 folded before Flop (didn't bet)



PokerStars Hand #254740807761:  Hold'em No Limit ($0.50/$1.00 USD) - 2025/02/06 22:20:02 WET [2025/02/06 17:20:02 ET]
Table 'Isara' 6-max Seat #2 is the button
Seat 3: Alinyr ($112.40 in chips) is sitting out
Seat 1: Joe_Li7 ($121.81 in chips) 
Seat 2: XKTTBOBV11 ($19.37 in chips) 
Seat 4: Iseedora ($108.23 in chips) 
Seat 5: AllRaise101 ($101.50 in chips) 
Seat 6: paul197866 ($36.04 in chips) 
Iseedora: posts small blind $0.50
AllRaise101: posts big blind $1
*** HOLE CARDS ***
paul197866: folds 
Joe_Li7: folds 
XKTTBOBV11: raises $1 to $2
Iseedora: folds 
AllRaise101: folds 
Uncalled bet ($1) returned to XKTTBOBV11
XKTTBOBV11 collected $2.50 from pot
XKTTBOBV11: doesn't show hand 
*** SUMMARY ***
Total pot $2.50 | Rake $0 
Seat 3: Alinyr
Seat 1: Joe_Li7 folded before Flop (didn't bet)
Seat 2: XKTTBOBV11 (button) collected ($2.50)
Seat 4: Iseedora (small blind) folded before Flop
Seat 5: AllRaise101 (big blind) folded before Flop
Seat 6: paul197866 folded before Flop (didn't bet)



PokerStars Hand #254740812420:  Hold'em No Limit ($0.50/$1.00 USD) - 2025/02/06 22:20:19 WET [2025/02/06 17:20:19 ET]
Table 'Isara' 6-max Seat #4 is the button
Seat 3: Alinyr ($112.40 in chips) is sitting out
Seat 1: Joe_Li7 ($121.81 in chips) 
Seat 2: XKTTBOBV11 ($20.87 in chips) 
Seat 4: Iseedora ($107.73 in chips) 
Seat 5: AllRaise101 ($100.50 in chips) 
Seat 6: paul197866 ($36.04 in chips) 
AllRaise101: posts small blind $0.50
paul197866: posts big blind $1
*** HOLE CARDS ***
Joe_Li7: folds 
XKTTBOBV11: folds 
Iseedora: folds 
AllRaise101: raises $2 to $3
paul197866: calls $2
*** FLOP *** [5h Kc 2d]
AllRaise101: checks 
paul197866: bets $5.70
AllRaise101: folds 
Uncalled bet ($5.70) returned to paul197866
paul197866 collected $5.70 from pot
*** SUMMARY ***
Total pot $6 | Rake $0.30 
Board [5h Kc 2d]
Seat 3: Alinyr
Seat 1: Joe_Li7 folded before Flop (didn't bet)
Seat 2: XKTTBOBV11 folded before Flop (didn't bet)
Seat 4: Iseedora (button) folded before Flop (didn't bet)
Seat 5: AllRaise101 (small blind) folded on the Flop
Seat 6: paul197866 (big blind) collected ($5.70)



PokerStars Hand #254740828877:  Hold'em No Limit ($0.50/$1.00 USD) - 2025/02/06 22:21:17 WET [2025/02/06 17:21:17 ET]
Table 'Isara' 6-max Seat #5 is the button
Seat 3: Alinyr ($112.40 in chips) is sitting out
Seat 1: Joe_Li7 ($121.81 in chips) 
Seat 2: XKTTBOBV11 ($20.87 in chips) 
Seat 4: Iseedora ($107.73 in chips) 
Seat 5: AllRaise101 ($100 in chips) 
Seat 6: paul197866 ($38.74 in chips) 
paul197866: posts small blind $0.50
Joe_Li7: posts big blind $1
Alinyr: sits out 
*** HOLE CARDS ***
XKTTBOBV11: folds 
Iseedora: folds 
AllRaise101: folds 
paul197866: calls $0.50
AllRaise101 leaves the table
Joe_Li7: checks 
*** FLOP *** [Kd 3c 7s]
paul197866: checks 
Joe_Li7: checks 
*** TURN *** [Kd 3c 7s] [Qd]
paul197866: bets $1.90
Joe_Li7: calls $1.90
*** RIVER *** [Kd 3c 7s Qd] [Td]
lumberjack101 joins the table at seat #5 
lumberjack101 is disconnected 
paul197866: bets $5.51
Joe_Li7: raises $31.16 to $36.67
paul197866: folds 
Uncalled bet ($31.16) returned to Joe_Li7
Joe_Li7 collected $15.98 from pot
*** SUMMARY ***
Total pot $16.82 | Rake $0.84 
Board [Kd 3c 7s Qd Td]
Seat 3: Alinyr
Seat 1: Joe_Li7 (big blind) collected ($15.98)
Seat 2: XKTTBOBV11 folded before Flop (didn't bet)
Seat 4: Iseedora folded before Flop (didn't bet)
Seat 5: AllRaise101 (button) folded before Flop (didn't bet)
Seat 6: paul197866 (small blind) folded on the River



PokerStars Hand #254740853530:  Hold'em No Limit ($0.50/$1.00 USD) - 2025/02/06 22:22:44 WET [2025/02/06 17:22:44 ET]
Table 'Isara' 6-max Seat #6 is the button
Seat 3: Alinyr ($112.40 in chips) is sitting out
Seat 5: lumberjack101 ($100 in chips) is sitting out
Seat 1: Joe_Li7 ($129.38 in chips) 
Seat 2: XKTTBOBV11 ($20.87 in chips) 
Seat 4: Iseedora ($107.73 in chips) 
Seat 6: paul197866 ($30.33 in chips) 
Joe_Li7: posts small blind $0.50
XKTTBOBV11: posts big blind $1
Alinyr: sits out 
lumberjack101: sits out 
*** HOLE CARDS ***
Iseedora: folds 
paul197866: folds 
Joe_Li7: raises $1.50 to $2.50
XKTTBOBV11: raises $18.37 to $20.87 and is all-in
Joe_Li7: folds 
Uncalled bet ($18.37) returned to XKTTBOBV11
XKTTBOBV11 collected $5 from pot
XKTTBOBV11: doesn't show hand 
*** SUMMARY ***
Total pot $5 | Rake $0 
Seat 3: Alinyr
Seat 5: lumberjack101
Seat 1: Joe_Li7 (small blind) folded before Flop
Seat 2: XKTTBOBV11 (big blind) collected ($5)
Seat 4: Iseedora folded before Flop (didn't bet)
Seat 6: paul197866 (button) folded before Flop (didn't bet)



PokerStars Hand #254740858321:  Hold'em No Limit ($0.50/$1.00 USD) - 2025/02/06 22:23:01 WET [2025/02/06 17:23:01 ET]
Table 'Isara' 6-max Seat #1 is the button
Seat 5: lumberjack101 ($100 in chips) is sitting out
Seat 1: Joe_Li7 ($126.88 in chips) 
Seat 2: XKTTBOBV11 ($23.37 in chips) 
Seat 3: Alinyr ($112.40 in chips) 
Seat 4: Iseedora ($107.73 in chips) 
Seat 6: paul197866 ($30.33 in chips) 
XKTTBOBV11: posts small blind $0.50
Alinyr: posts big blind $1
lumberjack101: sits out 
*** HOLE CARDS ***
Iseedora: folds 
paul197866: folds 
Joe_Li7: folds 
XKTTBOBV11: raises $21 to $22
Alinyr: folds 
Uncalled bet ($21) returned to XKTTBOBV11
XKTTBOBV11 collected $2 from pot
XKTTBOBV11: doesn't show hand 
*** SUMMARY ***
Total pot $2 | Rake $0 
Seat 5: lumberjack101
Seat 1: Joe_Li7 (button) folded before Flop (didn't bet)
Seat 2: XKTTBOBV11 (small blind) collected ($2)
Seat 3: Alinyr (big blind) folded before Flop
Seat 4: Iseedora folded before Flop (didn't bet)
Seat 6: paul197866 folded before Flop (didn't bet)



PokerStars Hand #254740862270:  Hold'em No Limit ($0.50/$1.00 USD) - 2025/02/06 22:23:15 WET [2025/02/06 17:23:15 ET]
Table 'Isara' 6-max Seat #2 is the button
Seat 5: lumberjack101 ($100 in chips) is sitting out
Seat 1: Joe_Li7 ($126.88 in chips) 
Seat 2: XKTTBOBV11 ($24.37 in chips) 
Seat 3: Alinyr ($111.40 in chips) 
Seat 4: Iseedora ($107.73 in chips) 
Seat 6: paul197866 ($30.33 in chips) 
Alinyr: posts small blind $0.50
Iseedora: posts big blind $1
lumberjack101: sits out 
*** HOLE CARDS ***
paul197866: folds 
Joe_Li7: raises $1.20 to $2.20
XKTTBOBV11: raises $22.17 to $24.37 and is all-in
Alinyr: folds 
Iseedora: folds 
Joe_Li7: calls $22.17
*** FLOP *** [6s Ah Qd]
*** TURN *** [6s Ah Qd] [Qh]
*** RIVER *** [6s Ah Qd Qh] [2c]
*** SHOW DOWN ***
Joe_Li7: shows [Ts Tc] (two pair, Queens and Tens)
XKTTBOBV11: shows [Kc As] (two pair, Aces and Queens)
XKTTBOBV11 cashed out the hand for $20.35 | Cash Out Fee $0.42
*** SUMMARY ***
Total pot $50.24 | Rake $2.50 
Board [6s Ah Qd Qh 2c]
Seat 5: lumberjack101
Seat 1: Joe_Li7 showed [Ts Tc] and lost with two pair, Queens and Tens
Seat 2: XKTTBOBV11 (button) showed [Kc As] and won ($47.74) with two pair, Aces and Queens (pot not awarded as player cashed out)
Seat 3: Alinyr (small blind) folded before Flop
Seat 4: Iseedora (big blind) folded before Flop
Seat 6: paul197866 folded before Flop (didn't bet)



PokerStars Hand #254740869835:  Hold'em No Limit ($0.50/$1.00 USD) - 2025/02/06 22:23:42 WET [2025/02/06 17:23:42 ET]
Table 'Isara' 6-max Seat #3 is the button
Seat 1: Joe_Li7 ($102.51 in chips) 
Seat 2: XKTTBOBV11 ($20.35 in chips) 
Seat 3: Alinyr ($110.90 in chips) 
Seat 4: Iseedora ($106.73 in chips) 
Seat 5: lumberjack101 ($100 in chips) 
Seat 6: paul197866 ($30.33 in chips) 
Iseedora: posts small blind $0.50
lumberjack101: posts big blind $1
*** HOLE CARDS ***
paul197866: folds 
Joe_Li7: folds 
XKTTBOBV11: raises $1 to $2
Alinyr: calls $2
Iseedora: folds 
lumberjack101: calls $1
*** FLOP *** [2h 6d Ah]
lumberjack101: checks 
XKTTBOBV11: checks 
Alinyr: checks 
*** TURN *** [2h 6d Ah] [As]
lumberjack101: checks 
XKTTBOBV11: checks 
Alinyr: checks 
*** RIVER *** [2h 6d Ah As] [7d]
lumberjack101: checks 
XKTTBOBV11: checks 
Alinyr: checks 
*** SHOW DOWN ***
lumberjack101: shows [5d Ks] (a pair of Aces)
XKTTBOBV11: shows [Kd Tc] (a pair of Aces - King+Ten kicker)
Alinyr: shows [3c 3h] (two pair, Aces and Threes)
Alinyr collected $6.18 from pot
*** SUMMARY ***
Total pot $6.50 | Rake $0.32 
Board [2h 6d Ah As 7d]
Seat 1: Joe_Li7 folded before Flop (didn't bet)
Seat 2: XKTTBOBV11 showed [Kd Tc] and lost with a pair of Aces
Seat 3: Alinyr (button) showed [3c 3h] and won ($6.18) with two pair, Aces and Threes
Seat 4: Iseedora (small blind) folded before Flop
Seat 5: lumberjack101 (big blind) showed [5d Ks] and lost with a pair of Aces
Seat 6: paul197866 folded before Flop (didn't bet)



PokerStars Hand #254740886970:  Hold'em No Limit ($0.50/$1.00 USD) - 2025/02/06 22:24:45 WET [2025/02/06 17:24:45 ET]
Table 'Isara' 6-max Seat #4 is the button
Seat 1: Joe_Li7 ($102.51 in chips) 
Seat 2: XKTTBOBV11 ($18.35 in chips) 
Seat 3: Alinyr ($115.08 in chips) 
Seat 4: Iseedora ($106.23 in chips) 
Seat 5: lumberjack101 ($98 in chips) 
Seat 6: paul197866 ($30.33 in chips) 
lumberjack101: posts small blind $0.50
paul197866: posts big blind $1
*** HOLE CARDS ***
Joe_Li7: folds 
XKTTBOBV11: folds 
Alinyr: folds 
Iseedora: folds 
lumberjack101: folds 
Uncalled bet ($0.50) returned to paul197866
paul197866 collected $1 from pot
*** SUMMARY ***
Total pot $1 | Rake $0 
Seat 1: Joe_Li7 folded before Flop (didn't bet)
Seat 2: XKTTBOBV11 folded before Flop (didn't bet)
Seat 3: Alinyr folded before Flop (didn't bet)
Seat 4: Iseedora (button) folded before Flop (didn't bet)
Seat 5: lumberjack101 (small blind) folded before Flop
Seat 6: paul197866 (big blind) collected ($1)



PokerStars Hand #254740893067:  Hold'em No Limit ($0.50/$1.00 USD) - 2025/02/06 22:25:06 WET [2025/02/06 17:25:06 ET]
Table 'Isara' 6-max Seat #5 is the button
Seat 1: Joe_Li7 ($102.51 in chips) 
Seat 2: XKTTBOBV11 ($18.35 in chips) 
Seat 3: Alinyr ($115.08 in chips) 
Seat 4: Iseedora ($106.23 in chips) 
Seat 5: lumberjack101 ($97.50 in chips) 
Seat 6: paul197866 ($30.83 in chips) 
paul197866: posts small blind $0.50
Joe_Li7: posts big blind $1
*** HOLE CARDS ***
XKTTBOBV11: folds 
Alinyr: folds 
Iseedora: folds 
lumberjack101: raises $2 to $3
paul197866: folds 
Joe_Li7: raises $9 to $12
lumberjack101: calls $9
*** FLOP *** [8h Tc 5s]
Joe_Li7: checks 
lumberjack101: bets $11.64
Joe_Li7: calls $11.64
*** TURN *** [8h Tc 5s] [6h]
Joe_Li7: checks 
lumberjack101: bets $73.86 and is all-in
Joe_Li7: folds 
Uncalled bet ($73.86) returned to lumberjack101
lumberjack101 collected $45.39 from pot
*** SUMMARY ***
Total pot $47.78 | Rake $2.39 
Board [8h Tc 5s 6h]
Seat 1: Joe_Li7 (big blind) folded on the Turn
Seat 2: XKTTBOBV11 folded before Flop (didn't bet)
Seat 3: Alinyr folded before Flop (didn't bet)
Seat 4: Iseedora folded before Flop (didn't bet)
Seat 5: lumberjack101 (button) collected ($45.39)
Seat 6: paul197866 (small blind) folded before Flop



PokerStars Hand #254740917862:  Hold'em No Limit ($0.50/$1.00 USD) - 2025/02/06 22:26:36 WET [2025/02/06 17:26:36 ET]
Table 'Isara' 6-max Seat #6 is the button
Seat 1: Joe_Li7 ($100 in chips) 
Seat 2: XKTTBOBV11 ($18.35 in chips) 
Seat 3: Alinyr ($115.08 in chips) 
Seat 4: Iseedora ($106.23 in chips) 
Seat 5: lumberjack101 ($119.25 in chips) 
Seat 6: paul197866 ($30.33 in chips) 
Joe_Li7: posts small blind $0.50
XKTTBOBV11: posts big blind $1
*** HOLE CARDS ***
Alinyr: folds 
Iseedora: folds 
lumberjack101: raises $2 to $3
paul197866: folds 
Joe_Li7: folds 
XKTTBOBV11: folds 
Uncalled bet ($2) returned to lumberjack101
lumberjack101 collected $2.50 from pot
*** SUMMARY ***
Total pot $2.50 | Rake $0 
Seat 1: Joe_Li7 (small blind) folded before Flop
Seat 2: XKTTBOBV11 (big blind) folded before Flop
Seat 3: Alinyr folded before Flop (didn't bet)
Seat 4: Iseedora folded before Flop (didn't bet)
Seat 5: lumberjack101 collected ($2.50)
Seat 6: paul197866 (button) folded before Flop (didn't bet)



PokerStars Hand #254740923910:  Hold'em No Limit ($0.50/$1.00 USD) - 2025/02/06 22:26:58 WET [2025/02/06 17:26:58 ET]
Table 'Isara' 6-max Seat #1 is the button
Seat 1: Joe_Li7 ($100 in chips) 
Seat 2: XKTTBOBV11 ($17.35 in chips) 
Seat 3: Alinyr ($115.08 in chips) 
Seat 4: Iseedora ($106.23 in chips) 
Seat 5: lumberjack101 ($120.75 in chips) 
Seat 6: paul197866 ($30.33 in chips) 
XKTTBOBV11: posts small blind $0.50
Alinyr: posts big blind $1
*** HOLE CARDS ***
Iseedora: folds 
lumberjack101: calls $1
paul197866: calls $1
Joe_Li7: folds 
XKTTBOBV11: folds 
Alinyr: raises $4 to $5
lumberjack101: calls $4
paul197866: calls $4
*** FLOP *** [2d 5d 9c]
Alinyr: checks 
lumberjack101: checks 
paul197866: bets $14.72
Alinyr: folds 
lumberjack101: folds 
Uncalled bet ($14.72) returned to paul197866
paul197866 collected $14.72 from pot
*** SUMMARY ***
Total pot $15.50 | Rake $0.78 
Board [2d 5d 9c]
Seat 1: Joe_Li7 (button) folded before Flop (didn't bet)
Seat 2: XKTTBOBV11 (small blind) folded before Flop
Seat 3: Alinyr (big blind) folded on the Flop
Seat 4: Iseedora folded before Flop (didn't bet)
Seat 5: lumberjack101 folded on the Flop
Seat 6: paul197866 collected ($14.72)



PokerStars Hand #254740940913:  Hold'em No Limit ($0.50/$1.00 USD) - 2025/02/06 22:27:59 WET [2025/02/06 17:27:59 ET]
Table 'Isara' 6-max Seat #2 is the button
Seat 1: Joe_Li7 ($100 in chips) 
Seat 2: XKTTBOBV11 ($16.85 in chips) 
Seat 3: Alinyr ($110.08 in chips) 
Seat 4: Iseedora ($106.23 in chips) 
Seat 5: lumberjack101 ($115.75 in chips) 
Seat 6: paul197866 ($40.05 in chips) 
Alinyr: posts small blind $0.50
Iseedora: posts big blind $1
*** HOLE CARDS ***
lumberjack101: raises $2 to $3
paul197866: folds 
Joe_Li7: folds 
XKTTBOBV11: folds 
Alinyr: raises $9 to $12
Iseedora: folds 
lumberjack101: calls $9
*** FLOP *** [9h Qc Ks]
Alinyr: bets $12.11
lumberjack101: calls $12.11
*** TURN *** [9h Qc Ks] [2c]
Alinyr: bets $32.73
lumberjack101: folds 
Uncalled bet ($32.73) returned to Alinyr
Alinyr collected $46.76 from pot
Alinyr: doesn't show hand 
*** SUMMARY ***
Total pot $49.22 | Rake $2.46 
Board [9h Qc Ks 2c]
Seat 1: Joe_Li7 folded before Flop (didn't bet)
Seat 2: XKTTBOBV11 (button) folded before Flop (didn't bet)
Seat 3: Alinyr (small blind) collected ($46.76)
Seat 4: Iseedora (big blind) folded before Flop
Seat 5: lumberjack101 folded on the Turn
Seat 6: paul197866 folded before Flop (didn't bet)



PokerStars Hand #254740957058:  Hold'em No Limit ($0.50/$1.00 USD) - 2025/02/06 22:28:58 WET [2025/02/06 17:28:58 ET]
Table 'Isara' 6-max Seat #3 is the button
Seat 1: Joe_Li7 ($100 in chips) 
Seat 2: XKTTBOBV11 ($16.85 in chips) 
Seat 3: Alinyr ($132.73 in chips) 
Seat 4: Iseedora ($105.23 in chips) 
Seat 5: lumberjack101 ($91.64 in chips) 
Seat 6: paul197866 ($40.05 in chips) 
Iseedora: posts small blind $0.50
lumberjack101: posts big blind $1
*** HOLE CARDS ***
paul197866: folds 
Joe_Li7: folds 
XKTTBOBV11: folds 
Alinyr: raises $1.50 to $2.50
Iseedora: folds 
lumberjack101: calls $1.50
*** FLOP *** [Th 4s 9h]
lumberjack101: bets $2.61
Alinyr: raises $7.83 to $10.44
lumberjack101: calls $7.83
*** TURN *** [Th 4s 9h] [6s]
lumberjack101: checks 
Alinyr: bets $18.80
lumberjack101: calls $18.80
*** RIVER *** [Th 4s 9h 6s] [2h]
lumberjack101: checks 
Alinyr: bets $20.29
lumberjack101: calls $20.29
*** SHOW DOWN ***
Alinyr: shows [9s Td] (two pair, Tens and Nines)
lumberjack101: mucks hand 
Alinyr collected $102.06 from pot
*** SUMMARY ***
Total pot $104.56 | Rake $2.50 
Board [Th 4s 9h 6s 2h]
Seat 1: Joe_Li7 folded before Flop (didn't bet)
Seat 2: XKTTBOBV11 folded before Flop (didn't bet)
Seat 3: Alinyr (button) showed [9s Td] and won ($102.06) with two pair, Tens and Nines
Seat 4: Iseedora (small blind) folded before Flop
Seat 5: lumberjack101 (big blind) mucked
Seat 6: paul197866 folded before Flop (didn't bet)



PokerStars Hand #254740980738:  Hold'em No Limit ($0.50/$1.00 USD) - 2025/02/06 22:30:24 WET [2025/02/06 17:30:24 ET]
Table 'Isara' 6-max Seat #4 is the button
Seat 1: Joe_Li7 ($100 in chips) 
Seat 2: XKTTBOBV11 ($16.85 in chips) 
Seat 3: Alinyr ($182.76 in chips) 
Seat 4: Iseedora ($104.73 in chips) 
Seat 5: lumberjack101 ($39.61 in chips) 
Seat 6: paul197866 ($40.05 in chips) 
lumberjack101: posts small blind $0.50
paul197866: posts big blind $1
*** HOLE CARDS ***
Joe_Li7: folds 
XKTTBOBV11: folds 
Alinyr: folds 
Iseedora: raises $1.50 to $2.50
lumberjack101: folds 
paul197866: calls $1.50
*** FLOP *** [Ac 4s 7d]
paul197866: checks 
Iseedora: bets $2.71
paul197866: folds 
Uncalled bet ($2.71) returned to Iseedora
Iseedora collected $5.22 from pot
Iseedora: doesn't show hand 
*** SUMMARY ***
Total pot $5.50 | Rake $0.28 
Board [Ac 4s 7d]
Seat 1: Joe_Li7 folded before Flop (didn't bet)
Seat 2: XKTTBOBV11 folded before Flop (didn't bet)
Seat 3: Alinyr folded before Flop (didn't bet)
Seat 4: Iseedora (button) collected ($5.22)
Seat 5: lumberjack101 (small blind) folded before Flop
Seat 6: paul197866 (big blind) folded on the Flop



PokerStars Hand #254741003847:  Hold'em No Limit ($0.50/$1.00 USD) - 2025/02/06 22:31:47 WET [2025/02/06 17:31:47 ET]
Table 'Isara' 6-max Seat #5 is the button
Seat 1: Joe_Li7 ($100 in chips) 
Seat 2: XKTTBOBV11 ($16.85 in chips) 
Seat 3: Alinyr ($182.76 in chips) 
Seat 4: Iseedora ($107.45 in chips) 
Seat 5: lumberjack101 ($39.11 in chips) 
Seat 6: paul197866 ($37.55 in chips) 
paul197866: posts small blind $0.50
Joe_Li7: posts big blind $1
*** HOLE CARDS ***
XKTTBOBV11: folds 
Alinyr: folds 
Iseedora: folds 
lumberjack101: raises $1 to $2
paul197866: folds 
Joe_Li7: raises $7 to $9
lumberjack101: calls $7
*** FLOP *** [3c Tc 5d]
Joe_Li7: checks 
lumberjack101: checks 
*** TURN *** [3c Tc 5d] [Kh]
Joe_Li7: bets $8.80
lumberjack101: folds 
Uncalled bet ($8.80) returned to Joe_Li7
Joe_Li7 collected $17.58 from pot
*** SUMMARY ***
Total pot $18.50 | Rake $0.92 
Board [3c Tc 5d Kh]
Seat 1: Joe_Li7 (big blind) collected ($17.58)
Seat 2: XKTTBOBV11 folded before Flop (didn't bet)
Seat 3: Alinyr folded before Flop (didn't bet)
Seat 4: Iseedora folded before Flop (didn't bet)
Seat 5: lumberjack101 (button) folded on the Turn
Seat 6: paul197866 (small blind) folded before Flop



PokerStars Hand #254741023946:  Hold'em No Limit ($0.50/$1.00 USD) - 2025/02/06 22:32:59 WET [2025/02/06 17:32:59 ET]
Table 'Isara' 6-max Seat #6 is the button
Seat 1: Joe_Li7 ($108.58 in chips) 
Seat 2: XKTTBOBV11 ($16.85 in chips) 
Seat 3: Alinyr ($182.76 in chips) 
Seat 4: Iseedora ($107.45 in chips) 
Seat 5: lumberjack101 ($30.11 in chips) 
Seat 6: paul197866 ($37.05 in chips) 
Joe_Li7: posts small blind $0.50
XKTTBOBV11: posts big blind $1
*** HOLE CARDS ***
Alinyr: folds 
Iseedora: raises $1.20 to $2.20
lumberjack101: folds 
paul197866: folds 
Joe_Li7: raises $8.30 to $10.50
XKTTBOBV11: folds 
Iseedora: folds 
Uncalled bet ($8.30) returned to Joe_Li7
Joe_Li7 collected $5.40 from pot
*** SUMMARY ***
Total pot $5.40 | Rake $0 
Seat 1: Joe_Li7 (small blind) collected ($5.40)
Seat 2: XKTTBOBV11 (big blind) folded before Flop
Seat 3: Alinyr folded before Flop (didn't bet)
Seat 4: Iseedora folded before Flop
Seat 5: lumberjack101 folded before Flop (didn't bet)
Seat 6: paul197866 (button) folded before Flop (didn't bet)



PokerStars Hand #254741034070:  Hold'em No Limit ($0.50/$1.00 USD) - 2025/02/06 22:33:36 WET [2025/02/06 17:33:36 ET]
Table 'Isara' 6-max Seat #1 is the button
Seat 1: Joe_Li7 ($111.78 in chips) 
Seat 2: XKTTBOBV11 ($15.85 in chips) 
Seat 3: Alinyr ($182.76 in chips) 
Seat 4: Iseedora ($105.25 in chips) 
Seat 5: lumberjack101 ($30.11 in chips) 
Seat 6: paul197866 ($37.05 in chips) 
XKTTBOBV11: posts small blind $0.50
Alinyr: posts big blind $1
*** HOLE CARDS ***
Iseedora: folds 
lumberjack101: folds 
paul197866: calls $1
Joe_Li7: folds 
XKTTBOBV11: folds 
Alinyr: checks 
*** FLOP *** [Ks 4d 5h]
lumberjack101 leaves the table
Alinyr: checks 
paul197866: bets $2.38
Alinyr: calls $2.38
*** TURN *** [Ks 4d 5h] [Kd]
Alinyr: checks 
paul197866: bets $6.90
Alinyr: calls $6.90
*** RIVER *** [Ks 4d 5h Kd] [Ts]
Alinyr: checks 
wojts joins the table at seat #5 
paul197866: checks 
*** SHOW DOWN ***
Alinyr: shows [9d Kh] (three of a kind, Kings)
paul197866: mucks hand 
Alinyr collected $20.01 from pot
*** SUMMARY ***
Total pot $21.06 | Rake $1.05 
Board [Ks 4d 5h Kd Ts]
Seat 1: Joe_Li7 (button) folded before Flop (didn't bet)
Seat 2: XKTTBOBV11 (small blind) folded before Flop
Seat 3: Alinyr (big blind) showed [9d Kh] and won ($20.01) with three of a kind, Kings
Seat 4: Iseedora folded before Flop (didn't bet)
Seat 5: lumberjack101 folded before Flop (didn't bet)
Seat 6: paul197866 mucked



PokerStars Hand #254740712337:  Hold'em No Limit ($0.50/$1.00 USD) - 2025/02/06 22:14:31 WET [2025/02/06 17:14:31 ET]
Table 'Isara' 6-max Seat #1 is the button
Seat 3: Alinyr ($112.40 in chips) is sitting out
Seat 1: Joe_Li7 ($111.72 in chips) 
Seat 2: XKTTBOBV11 ($19.87 in chips) 
Seat 4: Iseedora ($110.73 in chips) 
Seat 5: AllRaise101 ($100 in chips) 
Seat 6: paul197866 ($37.97 in chips) 
XKTTBOBV11: posts small blind $0.50
Iseedora: posts big blind $1
*** HOLE CARDS ***
AllRaise101: folds 
paul197866: calls $1
Joe_Li7: folds 
XKTTBOBV11: calls $0.50
Iseedora: checks 
*** FLOP *** [3h 4h 7h]
XKTTBOBV11: bets $1.43
Iseedora: folds 
paul197866: calls $1.43
*** TURN *** [3h 4h 7h] [Ts]
XKTTBOBV11: checks 
paul197866: checks 
*** RIVER *** [3h 4h 7h Ts] [5s]
XKTTBOBV11: checks 
paul197866: bets $5.57
XKTTBOBV11: calls $5.57
*** SHOW DOWN ***
paul197866: shows [6d 6h] (a straight, Three to Seven)
XKTTBOBV11: mucks hand 
paul197866 collected $16.15 from pot
*** SUMMARY ***
Total pot $17 | Rake $0.85 
Board [3h 4h 7h Ts 5s]
Seat 3: Alinyr
Seat 1: Joe_Li7 (button) folded before Flop (didn't bet)
Seat 2: XKTTBOBV11 (small blind) mucked
Seat 4: Iseedora (big blind) folded on the Flop
Seat 5: AllRaise101 folded before Flop (didn't bet)
Seat 6: paul197866 showed [6d 6h] and won ($16.15) with a straight, Three to Seven



PokerStars Hand #254740730769:  Hold'em No Limit ($0.50/$1.00 USD) - 2025/02/06 22:15:35 WET [2025/02/06 17:15:35 ET]
Table 'Isara' 6-max Seat #2 is the button
Seat 3: Alinyr ($112.40 in chips) is sitting out
Seat 1: Joe_Li7 ($111.72 in chips) 
Seat 2: XKTTBOBV11 ($11.87 in chips) 
Seat 4: Iseedora ($109.73 in chips) 
Seat 5: AllRaise101 ($100 in chips) 
Seat 6: paul197866 ($46.12 in chips) 
Iseedora: posts small blind $0.50
AllRaise101: posts big blind $1
*** HOLE CARDS ***
paul197866: folds 
Joe_Li7: folds 
XKTTBOBV11: folds 
Iseedora: folds 
Uncalled bet ($0.50) returned to AllRaise101
AllRaise101 collected $1 from pot
*** SUMMARY ***
Total pot $1 | Rake $0 
Seat 3: Alinyr
Seat 1: Joe_Li7 folded before Flop (didn't bet)
Seat 2: XKTTBOBV11 (button) folded before Flop (didn't bet)
Seat 4: Iseedora (small blind) folded before Flop
Seat 5: AllRaise101 (big blind) collected ($1)
Seat 6: paul197866 folded before Flop (didn't bet)



PokerStars Hand #254740740640:  Hold'em No Limit ($0.50/$1.00 USD) - 2025/02/06 22:16:09 WET [2025/02/06 17:16:09 ET]
Table 'Isara' 6-max Seat #4 is the button
Seat 3: Alinyr ($112.40 in chips) is sitting out
Seat 1: Joe_Li7 ($111.72 in chips) 
Seat 2: XKTTBOBV11 ($20.87 in chips) 
Seat 4: Iseedora ($109.23 in chips) 
Seat 5: AllRaise101 ($100.50 in chips) 
Seat 6: paul197866 ($46.12 in chips) 
AllRaise101: posts small blind $0.50
paul197866: posts big blind $1
*** HOLE CARDS ***
Joe_Li7: raises $1.20 to $2.20
XKTTBOBV11: folds 
Iseedora: folds 
AllRaise101: folds 
paul197866: calls $1.20
*** FLOP *** [Ts 5d Kd]
paul197866: checks 
Joe_Li7: checks 
*** TURN *** [Ts 5d Kd] [8s]
paul197866: bets $4.66
Joe_Li7: folds 
Uncalled bet ($4.66) returned to paul197866
paul197866 collected $4.66 from pot
*** SUMMARY ***
Total pot $4.90 | Rake $0.24 
Board [Ts 5d Kd 8s]
Seat 3: Alinyr
Seat 1: Joe_Li7 folded on the Turn
Seat 2: XKTTBOBV11 folded before Flop (didn't bet)
Seat 4: Iseedora (button) folded before Flop (didn't bet)
Seat 5: AllRaise101 (small blind) folded before Flop
Seat 6: paul197866 (big blind) collected ($4.66)



PokerStars Hand #254741047579:  Hold'em No Limit ($0.50/$1.00 USD) - 2025/02/06 22:34:25 WET [2025/02/06 17:34:25 ET]
Table 'Isara' 6-max Seat #2 is the button
Seat 5: wojts ($100 in chips) is sitting out
Seat 1: Joe_Li7 ($111.78 in chips) 
Seat 2: XKTTBOBV11 ($15.35 in chips) 
Seat 3: Alinyr ($192.49 in chips) 
Seat 4: Iseedora ($105.25 in chips) 
Seat 6: paul197866 ($26.77 in chips) 
Alinyr: posts small blind $0.50
Iseedora: posts big blind $1
wojts: sits out 
*** HOLE CARDS ***
paul197866: folds 
Joe_Li7: folds 
XKTTBOBV11: folds 
Alinyr: raises $2 to $3
Iseedora: calls $2
*** FLOP *** [2c 8c 2h]
Alinyr: checks 
Iseedora: checks 
*** TURN *** [2c 8c 2h] [Kh]
Alinyr: checks 
Iseedora: checks 
*** RIVER *** [2c 8c 2h Kh] [6s]
Alinyr: bets $8.61
Iseedora: folds 
Uncalled bet ($8.61) returned to Alinyr
Alinyr collected $5.70 from pot
Alinyr: doesn't show hand 
*** SUMMARY ***
Total pot $6 | Rake $0.30 
Board [2c 8c 2h Kh 6s]
Seat 5: wojts
Seat 1: Joe_Li7 folded before Flop (didn't bet)
Seat 2: XKTTBOBV11 (button) folded before Flop (didn't bet)
Seat 3: Alinyr (small blind) collected ($5.70)
Seat 4: Iseedora (big blind) folded on the River
Seat 6: paul197866 folded before Flop (didn't bet)



PokerStars Hand #254741069839:  Hold'em No Limit ($0.50/$1.00 USD) - 2025/02/06 22:35:45 WET [2025/02/06 17:35:45 ET]
Table 'Isara' 6-max Seat #3 is the button
Seat 1: Joe_Li7 ($111.78 in chips) 
Seat 2: XKTTBOBV11 ($15.35 in chips) 
Seat 3: Alinyr ($195.19 in chips) 
Seat 4: Iseedora ($102.25 in chips) 
Seat 5: wojts ($100 in chips) 
Seat 6: paul197866 ($29.77 in chips) 
Iseedora: posts small blind $0.50
wojts: posts big blind $1
*** HOLE CARDS ***
paul197866: folds 
Joe_Li7: folds 
XKTTBOBV11: folds 
Alinyr: raises $1.50 to $2.50
Iseedora: folds 
wojts: raises $7.50 to $10
Alinyr: folds 
Uncalled bet ($7.50) returned to wojts
wojts collected $5.50 from pot
wojts: doesn't show hand 
*** SUMMARY ***
Total pot $5.50 | Rake $0 
Seat 1: Joe_Li7 folded before Flop (didn't bet)
Seat 2: XKTTBOBV11 folded before Flop (didn't bet)
Seat 3: Alinyr (button) folded before Flop
Seat 4: Iseedora (small blind) folded before Flop
Seat 5: wojts (big blind) collected ($5.50)
Seat 6: paul197866 folded before Flop (didn't bet)



PokerStars Hand #254741078436:  Hold'em No Limit ($0.50/$1.00 USD) - 2025/02/06 22:36:16 WET [2025/02/06 17:36:16 ET]
Table 'Isara' 6-max Seat #4 is the button
Seat 1: Joe_Li7 ($111.78 in chips) 
Seat 2: XKTTBOBV11 ($15.35 in chips) 
Seat 3: Alinyr ($192.69 in chips) 
Seat 4: Iseedora ($101.75 in chips) 
Seat 5: wojts ($103 in chips) 
Seat 6: paul197866 ($29.77 in chips) 
wojts: posts small blind $0.50
paul197866: posts big blind $1
*** HOLE CARDS ***
Joe_Li7: folds 
XKTTBOBV11: folds 
Alinyr: folds 
Iseedora: raises $1.50 to $2.50
wojts: folds 
paul197866: calls $1.50
*** FLOP *** [Ks 6h Jc]
paul197866: checks 
Iseedora: bets $2.71
paul197866: calls $2.71
*** TURN *** [Ks 6h Jc] [4d]
paul197866: checks 
Iseedora: bets $5.39
paul197866: folds 
Uncalled bet ($5.39) returned to Iseedora
Iseedora collected $10.37 from pot
Iseedora: doesn't show hand 
*** SUMMARY ***
Total pot $10.92 | Rake $0.55 
Board [Ks 6h Jc 4d]
Seat 1: Joe_Li7 folded before Flop (didn't bet)
Seat 2: XKTTBOBV11 folded before Flop (didn't bet)
Seat 3: Alinyr folded before Flop (didn't bet)
Seat 4: Iseedora (button) collected ($10.37)
Seat 5: wojts (small blind) folded before Flop
Seat 6: paul197866 (big blind) folded on the Turn



PokerStars Hand #254741096377:  Hold'em No Limit ($0.50/$1.00 USD) - 2025/02/06 22:37:21 WET [2025/02/06 17:37:21 ET]
Table 'Isara' 6-max Seat #5 is the button
Seat 1: Joe_Li7 ($111.78 in chips) 
Seat 2: XKTTBOBV11 ($15.35 in chips) 
Seat 3: Alinyr ($192.69 in chips) 
Seat 4: Iseedora ($106.91 in chips) 
Seat 5: wojts ($102.50 in chips) 
Seat 6: paul197866 ($24.56 in chips) 
paul197866: posts small blind $0.50
Joe_Li7: posts big blind $1
*** HOLE CARDS ***
XKTTBOBV11: folds 
Alinyr: folds 
Iseedora: raises $1.50 to $2.50
wojts: folds 
paul197866: folds 
Joe_Li7: folds 
Uncalled bet ($1.50) returned to Iseedora
Iseedora collected $2.50 from pot
Iseedora: doesn't show hand 
*** SUMMARY ***
Total pot $2.50 | Rake $0 
Seat 1: Joe_Li7 (big blind) folded before Flop
Seat 2: XKTTBOBV11 folded before Flop (didn't bet)
Seat 3: Alinyr folded before Flop (didn't bet)
Seat 4: Iseedora collected ($2.50)
Seat 5: wojts (button) folded before Flop (didn't bet)
Seat 6: paul197866 (small blind) folded before Flop



PokerStars Hand #254741101067:  Hold'em No Limit ($0.50/$1.00 USD) - 2025/02/06 22:37:38 WET [2025/02/06 17:37:38 ET]
Table 'Isara' 6-max Seat #6 is the button
Seat 1: Joe_Li7 ($110.78 in chips) 
Seat 2: XKTTBOBV11 ($15.35 in chips) 
Seat 3: Alinyr ($192.69 in chips) 
Seat 4: Iseedora ($108.41 in chips) 
Seat 5: wojts ($102.50 in chips) 
Seat 6: paul197866 ($24.06 in chips) 
Joe_Li7: posts small blind $0.50
XKTTBOBV11: posts big blind $1
*** HOLE CARDS ***
Alinyr: folds 
Iseedora: folds 
wojts: folds 
paul197866: calls $1
Joe_Li7: folds 
XKTTBOBV11: checks 
*** FLOP *** [Tc 5h 4h]
XKTTBOBV11: bets $1
paul197866: folds 
Uncalled bet ($1) returned to XKTTBOBV11
XKTTBOBV11 collected $2.38 from pot
XKTTBOBV11: doesn't show hand 
*** SUMMARY ***
Total pot $2.50 | Rake $0.12 
Board [Tc 5h 4h]
Seat 1: Joe_Li7 (small blind) folded before Flop
Seat 2: XKTTBOBV11 (big blind) collected ($2.38)
Seat 3: Alinyr folded before Flop (didn't bet)
Seat 4: Iseedora folded before Flop (didn't bet)
Seat 5: wojts folded before Flop (didn't bet)
Seat 6: paul197866 (button) folded on the Flop



PokerStars Hand #254741200503:  Hold'em No Limit ($0.50/$1.00 USD) - 2025/02/06 22:43:43 WET [2025/02/06 17:43:43 ET]
Table 'Isara' 6-max Seat #1 is the button
Seat 5: wojts ($102.50 in chips) is sitting out
Seat 1: Joe_Li7 ($100 in chips) 
Seat 2: JUANS2 ($100 in chips) 
Seat 3: Alinyr ($191.19 in chips) 
Seat 4: Iseedora ($117.65 in chips) 
Seat 6: paul197866 ($32.41 in chips) 
JUANS2: posts small blind $0.50
Alinyr: posts big blind $1
wojts: sits out 
*** HOLE CARDS ***
Iseedora: folds 
paul197866: calls $1
Joe_Li7: raises $3 to $4
JUANS2: folds 
Alinyr: folds 
paul197866: calls $3
*** FLOP *** [Ah 7c 4h]
paul197866: checks 
Joe_Li7: bets $3.02
paul197866: folds 
Uncalled bet ($3.02) returned to Joe_Li7
Joe_Li7 collected $9.02 from pot
*** SUMMARY ***
Total pot $9.50 | Rake $0.48 
Board [Ah 7c 4h]
Seat 5: wojts
Seat 1: Joe_Li7 (button) collected ($9.02)
Seat 2: JUANS2 (small blind) folded before Flop
Seat 3: Alinyr (big blind) folded before Flop
Seat 4: Iseedora folded before Flop (didn't bet)
Seat 6: paul197866 folded on the Flop



PokerStars Hand #254741215239:  Hold'em No Limit ($0.50/$1.00 USD) - 2025/02/06 22:44:38 WET [2025/02/06 17:44:38 ET]
Table 'Isara' 6-max Seat #2 is the button
Seat 4: Iseedora ($117.65 in chips) is sitting out
Seat 1: Joe_Li7 ($105.02 in chips) 
Seat 2: JUANS2 ($100 in chips) 
Seat 3: Alinyr ($190.19 in chips) 
Seat 5: wojts ($102.50 in chips) 
Seat 6: paul197866 ($28.41 in chips) 
Alinyr: posts small blind $0.50
Iseedora: is sitting out 
Iseedora leaves the table
wojts: posts big blind $1
*** HOLE CARDS ***
paul197866: folds 
Joe_Li7: folds 
JUANS2: raises $1.50 to $2.50
Alinyr: folds 
wojts: folds 
Uncalled bet ($1.50) returned to JUANS2
JUANS2 collected $2.50 from pot
JUANS2: doesn't show hand 
*** SUMMARY ***
Total pot $2.50 | Rake $0 
Seat 4: Iseedora
Seat 1: Joe_Li7 folded before Flop (didn't bet)
Seat 2: JUANS2 (button) collected ($2.50)
Seat 3: Alinyr (small blind) folded before Flop
Seat 5: wojts (big blind) folded before Flop
Seat 6: paul197866 folded before Flop (didn't bet)



PokerStars Hand #254741224908:  Hold'em No Limit ($0.50/$1.00 USD) - 2025/02/06 22:45:13 WET [2025/02/06 17:45:13 ET]
Table 'Isara' 6-max Seat #3 is the button
Seat 1: Joe_Li7 ($105.02 in chips) 
Seat 2: JUANS2 ($101.50 in chips) 
Seat 3: Alinyr ($189.69 in chips) 
Seat 5: wojts ($101.50 in chips) 
Seat 6: paul197866 ($28.41 in chips) 
wojts: posts small blind $0.50
paul197866: posts big blind $1
*** HOLE CARDS ***
Joe_Li7: raises $1.20 to $2.20
JUANS2: folds 
Alinyr: folds 
wojts: folds 
paul197866: calls $1.20
*** FLOP *** [4s Tc Ad]
paul197866: checks 
Joe_Li7: bets $1.44
paul197866: calls $1.44
*** TURN *** [4s Tc Ad] [Qh]
paul197866: checks 
Joe_Li7: checks 
*** RIVER *** [4s Tc Ad Qh] [7s]
Aleqseuka joins the table at seat #4 
paul197866: bets $7.39
Joe_Li7: folds 
Uncalled bet ($7.39) returned to paul197866
paul197866 collected $7.39 from pot
*** SUMMARY ***
Total pot $7.78 | Rake $0.39 
Board [4s Tc Ad Qh 7s]
Seat 1: Joe_Li7 folded on the River
Seat 2: JUANS2 folded before Flop (didn't bet)
Seat 3: Alinyr (button) folded before Flop (didn't bet)
Seat 5: wojts (small blind) folded before Flop
Seat 6: paul197866 (big blind) collected ($7.39)



PokerStars Hand #254741243538:  Hold'em No Limit ($0.50/$1.00 USD) - 2025/02/06 22:46:22 WET [2025/02/06 17:46:22 ET]
Table 'Isara' 6-max Seat #5 is the button
Seat 4: Aleqseuka ($100 in chips) is sitting out
Seat 1: Joe_Li7 ($101.38 in chips) 
Seat 2: JUANS2 ($101.50 in chips) 
Seat 3: Alinyr ($189.69 in chips) 
Seat 5: wojts ($101 in chips) 
Seat 6: paul197866 ($32.16 in chips) 
paul197866: posts small blind $0.50
Joe_Li7: posts big blind $1
Aleqseuka: sits out 
*** HOLE CARDS ***
JUANS2: folds 
Alinyr: folds 
wojts: folds 
paul197866: calls $0.50
Joe_Li7: raises $3 to $4
paul197866: calls $3
*** FLOP *** [Qd 7c 7d]
paul197866: bets $7.60
Joe_Li7: folds 
Uncalled bet ($7.60) returned to paul197866
paul197866 collected $7.60 from pot
*** SUMMARY ***
Total pot $8 | Rake $0.40 
Board [Qd 7c 7d]
Seat 4: Aleqseuka
Seat 1: Joe_Li7 (big blind) folded on the Flop
Seat 2: JUANS2 folded before Flop (didn't bet)
Seat 3: Alinyr folded before Flop (didn't bet)
Seat 5: wojts (button) folded before Flop (didn't bet)
Seat 6: paul197866 (small blind) collected ($7.60)



PokerStars Hand #254741253823:  Hold'em No Limit ($0.50/$1.00 USD) - 2025/02/06 22:46:59 WET [2025/02/06 17:46:59 ET]
Table 'Isara' 6-max Seat #6 is the button
Seat 4: Aleqseuka ($100 in chips) is sitting out
Seat 1: Joe_Li7 ($100 in chips) 
Seat 2: JUANS2 ($101.50 in chips) 
Seat 3: Alinyr ($189.69 in chips) 
Seat 5: wojts ($101 in chips) 
Seat 6: paul197866 ($35.76 in chips) 
Joe_Li7: posts small blind $0.50
JUANS2: posts big blind $1
Aleqseuka: sits out 
*** HOLE CARDS ***
Alinyr: folds 
wojts: raises $2 to $3
paul197866: folds 
Joe_Li7: folds 
JUANS2: calls $2
*** FLOP *** [Ts Jc 2d]
JUANS2: checks 
wojts: bets $3.09
JUANS2: raises $7.41 to $10.50
wojts: calls $7.41
*** TURN *** [Ts Jc 2d] [8d]
JUANS2: bets $19.50
wojts: calls $19.50
*** RIVER *** [Ts Jc 2d 8d] [Kc]
JUANS2: bets $68.50 and is all-in
wojts: folds 
Uncalled bet ($68.50) returned to JUANS2
JUANS2 collected $64 from pot
JUANS2: doesn't show hand 
*** SUMMARY ***
Total pot $66.50 | Rake $2.50 
Board [Ts Jc 2d 8d Kc]
Seat 4: Aleqseuka
Seat 1: Joe_Li7 (small blind) folded before Flop
Seat 2: JUANS2 (big blind) collected ($64)
Seat 3: Alinyr folded before Flop (didn't bet)
Seat 5: wojts folded on the River
Seat 6: paul197866 (button) folded before Flop (didn't bet)



PokerStars Hand #254741281369:  Hold'em No Limit ($0.50/$1.00 USD) - 2025/02/06 22:48:41 WET [2025/02/06 17:48:41 ET]
Table 'Isara' 6-max Seat #1 is the button
Seat 3: Alinyr ($189.69 in chips) is sitting out
Seat 1: Joe_Li7 ($100 in chips) 
Seat 2: JUANS2 ($132.50 in chips) 
Seat 4: Aleqseuka ($100 in chips) 
Seat 5: wojts ($68 in chips) 
Seat 6: paul197866 ($35.76 in chips) 
JUANS2: posts small blind $0.50
Alinyr: is sitting out 
Aleqseuka: posts big blind $1
*** HOLE CARDS ***
wojts: folds 
paul197866: folds 
Joe_Li7: raises $1.50 to $2.50
JUANS2: folds 
Aleqseuka: calls $1.50
*** FLOP *** [3h Jh 5h]
Aleqseuka: checks 
Joe_Li7: bets $1.31
Aleqseuka: calls $1.31
*** TURN *** [3h Jh 5h] [Js]
Aleqseuka: checks 
Joe_Li7: bets $5.78
Aleqseuka: folds 
Uncalled bet ($5.78) returned to Joe_Li7
Joe_Li7 collected $7.71 from pot
*** SUMMARY ***
Total pot $8.12 | Rake $0.41 
Board [3h Jh 5h Js]
Seat 3: Alinyr
Seat 1: Joe_Li7 (button) collected ($7.71)
Seat 2: JUANS2 (small blind) folded before Flop
Seat 4: Aleqseuka (big blind) folded on the Turn
Seat 5: wojts folded before Flop (didn't bet)
Seat 6: paul197866 folded before Flop (didn't bet)



PokerStars Hand #254741295973:  Hold'em No Limit ($0.50/$1.00 USD) - 2025/02/06 22:49:36 WET [2025/02/06 17:49:36 ET]
Table 'Isara' 6-max Seat #2 is the button
Seat 3: Alinyr ($189.69 in chips) is sitting out
Seat 1: Joe_Li7 ($103.90 in chips) 
Seat 2: JUANS2 ($132 in chips) 
Seat 4: Aleqseuka ($100 in chips) 
Seat 5: wojts ($100 in chips) 
Seat 6: paul197866 ($35.76 in chips) 
Aleqseuka: posts small blind $0.50
wojts: posts big blind $1
*** HOLE CARDS ***
paul197866: calls $1
Joe_Li7: folds 
JUANS2: folds 
Aleqseuka: folds 
wojts: checks 
*** FLOP *** [4h Kc 2d]
wojts: bets $1.19
paul197866: calls $1.19
*** TURN *** [4h Kc 2d] [Kh]
wojts: bets $2.32
paul197866: folds 
Uncalled bet ($2.32) returned to wojts
wojts collected $4.64 from pot
wojts: doesn't show hand 
*** SUMMARY ***
Total pot $4.88 | Rake $0.24 
Board [4h Kc 2d Kh]
Seat 3: Alinyr
Seat 1: Joe_Li7 folded before Flop (didn't bet)
Seat 2: JUANS2 (button) folded before Flop (didn't bet)
Seat 4: Aleqseuka (small blind) folded before Flop
Seat 5: wojts (big blind) collected ($4.64)
Seat 6: paul197866 folded on the Turn



PokerStars Hand #254741304294:  Hold'em No Limit ($0.50/$1.00 USD) - 2025/02/06 22:50:07 WET [2025/02/06 17:50:07 ET]
Table 'Isara' 6-max Seat #4 is the button
Seat 3: Alinyr ($189.69 in chips) is sitting out
Seat 1: Joe_Li7 ($103.90 in chips) 
Seat 2: JUANS2 ($132 in chips) 
Seat 4: Aleqseuka ($100 in chips) 
Seat 5: wojts ($102.45 in chips) 
Seat 6: paul197866 ($33.57 in chips) 
wojts: posts small blind $0.50
paul197866: posts big blind $1
Alinyr: sits out 
*** HOLE CARDS ***
Joe_Li7: folds 
JUANS2: folds 
Aleqseuka: folds 
wojts: raises $2 to $3
paul197866: calls $2
*** FLOP *** [3c Kh 3h]
wojts: checks 
paul197866: bets $5.70
wojts: folds 
Uncalled bet ($5.70) returned to paul197866
paul197866 collected $5.70 from pot
*** SUMMARY ***
Total pot $6 | Rake $0.30 
Board [3c Kh 3h]
Seat 3: Alinyr
Seat 1: Joe_Li7 folded before Flop (didn't bet)
Seat 2: JUANS2 folded before Flop (didn't bet)
Seat 4: Aleqseuka (button) folded before Flop (didn't bet)
Seat 5: wojts (small blind) folded on the Flop
Seat 6: paul197866 (big blind) collected ($5.70)



PokerStars Hand #254741310638:  Hold'em No Limit ($0.50/$1.00 USD) - 2025/02/06 22:50:31 WET [2025/02/06 17:50:31 ET]
Table 'Isara' 6-max Seat #5 is the button
Seat 3: Alinyr ($189.69 in chips) is sitting out
Seat 1: Joe_Li7 ($103.90 in chips) 
Seat 2: JUANS2 ($132 in chips) 
Seat 4: Aleqseuka ($100 in chips) 
Seat 5: wojts ($99.45 in chips) 
Seat 6: paul197866 ($36.27 in chips) 
paul197866: posts small blind $0.50
Joe_Li7: posts big blind $1
Alinyr: sits out 
*** HOLE CARDS ***
JUANS2: folds 
Aleqseuka: raises $1.50 to $2.50
wojts: folds 
paul197866: folds 
Joe_Li7: folds 
Uncalled bet ($1.50) returned to Aleqseuka
Aleqseuka collected $2.50 from pot
Aleqseuka: doesn't show hand 
*** SUMMARY ***
Total pot $2.50 | Rake $0 
Seat 3: Alinyr
Seat 1: Joe_Li7 (big blind) folded before Flop
Seat 2: JUANS2 folded before Flop (didn't bet)
Seat 4: Aleqseuka collected ($2.50)
Seat 5: wojts (button) folded before Flop (didn't bet)
Seat 6: paul197866 (small blind) folded before Flop



PokerStars Hand #254741317133:  Hold'em No Limit ($0.50/$1.00 USD) - 2025/02/06 22:50:55 WET [2025/02/06 17:50:55 ET]
Table 'Isara' 6-max Seat #6 is the button
Seat 3: Alinyr ($189.69 in chips) is sitting out
Seat 1: Joe_Li7 ($102.90 in chips) 
Seat 2: JUANS2 ($132 in chips) 
Seat 4: Aleqseuka ($101.50 in chips) 
Seat 5: wojts ($99.45 in chips) 
Seat 6: paul197866 ($35.77 in chips) 
Joe_Li7: posts small blind $0.50
JUANS2: posts big blind $1
Alinyr: sits out 
*** HOLE CARDS ***
Aleqseuka: folds 
wojts: folds 
paul197866: folds 
Joe_Li7: folds 
Uncalled bet ($0.50) returned to JUANS2
JUANS2 collected $1 from pot
JUANS2: doesn't show hand 
*** SUMMARY ***
Total pot $1 | Rake $0 
Seat 3: Alinyr
Seat 1: Joe_Li7 (small blind) folded before Flop
Seat 2: JUANS2 (big blind) collected ($1)
Seat 4: Aleqseuka folded before Flop (didn't bet)
Seat 5: wojts folded before Flop (didn't bet)
Seat 6: paul197866 (button) folded before Flop (didn't bet)



PokerStars Hand #254741319642:  Hold'em No Limit ($0.50/$1.00 USD) - 2025/02/06 22:51:04 WET [2025/02/06 17:51:04 ET]
Table 'Isara' 6-max Seat #1 is the button
Seat 1: Joe_Li7 ($102.40 in chips) 
Seat 2: JUANS2 ($132.50 in chips) 
Seat 3: Alinyr ($189.69 in chips) 
Seat 4: Aleqseuka ($101.50 in chips) 
Seat 5: wojts ($99.45 in chips) 
Seat 6: paul197866 ($35.77 in chips) 
JUANS2: posts small blind $0.50
Alinyr: posts big blind $1
*** HOLE CARDS ***
Aleqseuka: folds 
wojts: raises $2 to $3
paul197866: folds 
Joe_Li7: folds 
JUANS2: folds 
Alinyr: calls $2
*** FLOP *** [Ts 5s 8c]
Alinyr: checks 
wojts: bets $3.09
Alinyr: folds 
Uncalled bet ($3.09) returned to wojts
wojts collected $6.18 from pot
wojts: doesn't show hand 
*** SUMMARY ***
Total pot $6.50 | Rake $0.32 
Board [Ts 5s 8c]
Seat 1: Joe_Li7 (button) folded before Flop (didn't bet)
Seat 2: JUANS2 (small blind) folded before Flop
Seat 3: Alinyr (big blind) folded on the Flop
Seat 4: Aleqseuka folded before Flop (didn't bet)
Seat 5: wojts collected ($6.18)
Seat 6: paul197866 folded before Flop (didn't bet)



PokerStars Hand #254741334392:  Hold'em No Limit ($0.50/$1.00 USD) - 2025/02/06 22:52:00 WET [2025/02/06 17:52:00 ET]
Table 'Isara' 6-max Seat #2 is the button
Seat 1: Joe_Li7 ($102.40 in chips) 
Seat 2: JUANS2 ($132 in chips) 
Seat 3: Alinyr ($186.69 in chips) 
Seat 4: Aleqseuka ($101.50 in chips) 
Seat 5: wojts ($102.63 in chips) 
Seat 6: paul197866 ($35.77 in chips) 
Alinyr: posts small blind $0.50
Aleqseuka: posts big blind $1
*** HOLE CARDS ***
wojts: folds 
paul197866: folds 
Joe_Li7: folds 
JUANS2: folds 
Alinyr: folds 
Uncalled bet ($0.50) returned to Aleqseuka
Aleqseuka collected $1 from pot
Aleqseuka: doesn't show hand 
*** SUMMARY ***
Total pot $1 | Rake $0 
Seat 1: Joe_Li7 folded before Flop (didn't bet)
Seat 2: JUANS2 (button) folded before Flop (didn't bet)
Seat 3: Alinyr (small blind) folded before Flop
Seat 4: Aleqseuka (big blind) collected ($1)
Seat 5: wojts folded before Flop (didn't bet)
Seat 6: paul197866 folded before Flop (didn't bet)



PokerStars Hand #254741337730:  Hold'em No Limit ($0.50/$1.00 USD) - 2025/02/06 22:52:13 WET [2025/02/06 17:52:13 ET]
Table 'Isara' 6-max Seat #3 is the button
Seat 1: Joe_Li7 ($102.40 in chips) 
Seat 2: JUANS2 ($132 in chips) 
Seat 3: Alinyr ($186.19 in chips) 
Seat 4: Aleqseuka ($102 in chips) 
Seat 5: wojts ($102.63 in chips) 
Seat 6: paul197866 ($35.77 in chips) 
Aleqseuka: posts small blind $0.50
wojts: posts big blind $1
*** HOLE CARDS ***
paul197866: calls $1
Joe_Li7: raises $3 to $4
JUANS2: folds 
Alinyr: folds 
Aleqseuka: raises $8 to $12
wojts: folds 
paul197866: folds 
Joe_Li7: folds 
Uncalled bet ($8) returned to Aleqseuka
Aleqseuka collected $10 from pot
Aleqseuka: doesn't show hand 
*** SUMMARY ***
Total pot $10 | Rake $0 
Seat 1: Joe_Li7 folded before Flop
Seat 2: JUANS2 folded before Flop (didn't bet)
Seat 3: Alinyr (button) folded before Flop (didn't bet)
Seat 4: Aleqseuka (small blind) collected ($10)
Seat 5: wojts (big blind) folded before Flop
Seat 6: paul197866 folded before Flop



PokerStars Hand #254741345197:  Hold'em No Limit ($0.50/$1.00 USD) - 2025/02/06 22:52:41 WET [2025/02/06 17:52:41 ET]
Table 'Isara' 6-max Seat #4 is the button
Seat 1: Joe_Li7 ($100 in chips) 
Seat 2: JUANS2 ($132 in chips) 
Seat 3: Alinyr ($186.19 in chips) 
Seat 4: Aleqseuka ($108 in chips) 
Seat 5: wojts ($101.63 in chips) 
Seat 6: paul197866 ($34.77 in chips) 
wojts: posts small blind $0.50
paul197866: posts big blind $1
*** HOLE CARDS ***
Joe_Li7: folds 
JUANS2: folds 
Alinyr: folds 
Aleqseuka: raises $1.50 to $2.50
wojts: folds 
paul197866: calls $1.50
*** FLOP *** [7d 9s Qd]
paul197866: bets $5.22
Aleqseuka: calls $5.22
*** TURN *** [7d 9s Qd] [2d]
paul197866: checks 
Aleqseuka: checks 
*** RIVER *** [7d 9s Qd 2d] [8h]
paul197866: checks 
Aleqseuka: checks 
*** SHOW DOWN ***
paul197866: shows [7s 2h] (two pair, Sevens and Deuces)
Aleqseuka: mucks hand 
paul197866 collected $15.14 from pot
*** SUMMARY ***
Total pot $15.94 | Rake $0.80 
Board [7d 9s Qd 2d 8h]
Seat 1: Joe_Li7 folded before Flop (didn't bet)
Seat 2: JUANS2 folded before Flop (didn't bet)
Seat 3: Alinyr folded before Flop (didn't bet)
Seat 4: Aleqseuka (button) mucked
Seat 5: wojts (small blind) folded before Flop
Seat 6: paul197866 (big blind) showed [7s 2h] and won ($15.14) with two pair, Sevens and Deuces



PokerStars Hand #254741363988:  Hold'em No Limit ($0.50/$1.00 USD) - 2025/02/06 22:53:51 WET [2025/02/06 17:53:51 ET]
Table 'Isara' 6-max Seat #5 is the button
Seat 1: Joe_Li7 ($100 in chips) 
Seat 2: JUANS2 ($132 in chips) 
Seat 3: Alinyr ($186.19 in chips) 
Seat 4: Aleqseuka ($100.28 in chips) 
Seat 5: wojts ($101.13 in chips) 
Seat 6: paul197866 ($42.19 in chips) 
paul197866: posts small blind $0.50
Joe_Li7: posts big blind $1
*** HOLE CARDS ***
JUANS2: folds 
Alinyr: folds 
Aleqseuka: folds 
wojts: folds 
paul197866: folds 
Uncalled bet ($0.50) returned to Joe_Li7
Joe_Li7 collected $1 from pot
*** SUMMARY ***
Total pot $1 | Rake $0 
Seat 1: Joe_Li7 (big blind) collected ($1)
Seat 2: JUANS2 folded before Flop (didn't bet)
Seat 3: Alinyr folded before Flop (didn't bet)
Seat 4: Aleqseuka folded before Flop (didn't bet)
Seat 5: wojts (button) folded before Flop (didn't bet)
Seat 6: paul197866 (small blind) folded before Flop



PokerStars Hand #254741366693:  Hold'em No Limit ($0.50/$1.00 USD) - 2025/02/06 22:54:02 WET [2025/02/06 17:54:02 ET]
Table 'Isara' 6-max Seat #6 is the button
Seat 1: Joe_Li7 ($100.50 in chips) 
Seat 2: JUANS2 ($132 in chips) 
Seat 3: Alinyr ($186.19 in chips) 
Seat 4: Aleqseuka ($100.28 in chips) 
Seat 5: wojts ($101.13 in chips) 
Seat 6: paul197866 ($41.69 in chips) 
Joe_Li7: posts small blind $0.50
JUANS2: posts big blind $1
*** HOLE CARDS ***
Alinyr: folds 
Aleqseuka: folds 
wojts: folds 
paul197866: calls $1
Joe_Li7: folds 
JUANS2: checks 
*** FLOP *** [Qc 8c Ah]
JUANS2: checks 
paul197866: bets $2.38
JUANS2: folds 
Uncalled bet ($2.38) returned to paul197866
paul197866 collected $2.38 from pot
*** SUMMARY ***
Total pot $2.50 | Rake $0.12 
Board [Qc 8c Ah]
Seat 1: Joe_Li7 (small blind) folded before Flop
Seat 2: JUANS2 (big blind) folded on the Flop
Seat 3: Alinyr folded before Flop (didn't bet)
Seat 4: Aleqseuka folded before Flop (didn't bet)
Seat 5: wojts folded before Flop (didn't bet)
Seat 6: paul197866 (button) collected ($2.38)



PokerStars Hand #254741373024:  Hold'em No Limit ($0.50/$1.00 USD) - 2025/02/06 22:54:25 WET [2025/02/06 17:54:25 ET]
Table 'Isara' 6-max Seat #1 is the button
Seat 1: Joe_Li7 ($100 in chips) 
Seat 2: JUANS2 ($131 in chips) 
Seat 3: Alinyr ($186.19 in chips) 
Seat 4: Aleqseuka ($100.28 in chips) 
Seat 5: wojts ($101.13 in chips) 
Seat 6: paul197866 ($43.07 in chips) 
JUANS2: posts small blind $0.50
Alinyr: posts big blind $1
*** HOLE CARDS ***
Aleqseuka: raises $1.35 to $2.35
wojts: folds 
paul197866: folds 
Joe_Li7: folds 
JUANS2: folds 
Alinyr: calls $1.35
*** FLOP *** [5s Td Ac]
Alinyr: checks 
Aleqseuka: bets $1.63
Alinyr: calls $1.63
*** TURN *** [5s Td Ac] [6s]
Alinyr: checks 
Aleqseuka: checks 
*** RIVER *** [5s Td Ac 6s] [8s]
Alinyr: bets $12.14
Aleqseuka: folds 
Uncalled bet ($12.14) returned to Alinyr
Alinyr collected $8.04 from pot
Alinyr: doesn't show hand 
*** SUMMARY ***
Total pot $8.46 | Rake $0.42 
Board [5s Td Ac 6s 8s]
Seat 1: Joe_Li7 (button) folded before Flop (didn't bet)
Seat 2: JUANS2 (small blind) folded before Flop
Seat 3: Alinyr (big blind) collected ($8.04)
Seat 4: Aleqseuka folded on the River
Seat 5: wojts folded before Flop (didn't bet)
Seat 6: paul197866 folded before Flop (didn't bet)



PokerStars Hand #254741394881:  Hold'em No Limit ($0.50/$1.00 USD) - 2025/02/06 22:56:04 WET [2025/02/06 17:56:04 ET]
Table 'Isara' 6-max Seat #2 is the button
Seat 1: Joe_Li7 ($100 in chips) 
Seat 2: JUANS2 ($130.50 in chips) 
Seat 3: Alinyr ($190.25 in chips) 
Seat 4: Aleqseuka ($100 in chips) 
Seat 5: wojts ($101.13 in chips) 
Seat 6: paul197866 ($43.07 in chips) 
Alinyr: posts small blind $0.50
Aleqseuka: posts big blind $1
*** HOLE CARDS ***
wojts: folds 
paul197866: folds 
Joe_Li7: folds 
JUANS2: raises $1.50 to $2.50
Alinyr: folds 
Aleqseuka: folds 
Uncalled bet ($1.50) returned to JUANS2
JUANS2 collected $2.50 from pot
JUANS2: doesn't show hand 
*** SUMMARY ***
Total pot $2.50 | Rake $0 
Seat 1: Joe_Li7 folded before Flop (didn't bet)
Seat 2: JUANS2 (button) collected ($2.50)
Seat 3: Alinyr (small blind) folded before Flop
Seat 4: Aleqseuka (big blind) folded before Flop
Seat 5: wojts folded before Flop (didn't bet)
Seat 6: paul197866 folded before Flop (didn't bet)



PokerStars Hand #254741397206:  Hold'em No Limit ($0.50/$1.00 USD) - 2025/02/06 22:56:17 WET [2025/02/06 17:56:17 ET]
Table 'Isara' 6-max Seat #3 is the button
Seat 5: wojts ($101.13 in chips) is sitting out
Seat 1: Joe_Li7 ($100 in chips) 
Seat 2: JUANS2 ($132 in chips) 
Seat 3: Alinyr ($189.75 in chips) 
Seat 4: Aleqseuka ($100 in chips) 
Seat 6: paul197866 ($43.07 in chips) 
Aleqseuka: posts small blind $0.50
wojts: is sitting out 
paul197866: posts big blind $1
*** HOLE CARDS ***
Joe_Li7: folds 
JUANS2: folds 
Alinyr: raises $1.50 to $2.50
Aleqseuka: folds 
paul197866: calls $1.50
*** FLOP *** [9h 2c Kc]
paul197866: checks 
Alinyr: bets $1.30
paul197866: calls $1.30
*** TURN *** [9h 2c Kc] [6s]
paul197866: checks 
Alinyr: bets $3.93
paul197866: calls $3.93
*** RIVER *** [9h 2c Kc 6s] [7s]
paul197866: bets $15.16
Alinyr: calls $15.16
*** SHOW DOWN ***
paul197866: shows [5c 8c] (a straight, Five to Nine)
Alinyr: mucks hand 
paul197866 collected $43.97 from pot
*** SUMMARY ***
Total pot $46.28 | Rake $2.31 
Board [9h 2c Kc 6s 7s]
Seat 5: wojts
Seat 1: Joe_Li7 folded before Flop (didn't bet)
Seat 2: JUANS2 folded before Flop (didn't bet)
Seat 3: Alinyr (button) mucked
Seat 4: Aleqseuka (small blind) folded before Flop
Seat 6: paul197866 (big blind) showed [5c 8c] and won ($43.97) with a straight, Five to Nine



PokerStars Hand #254741413804:  Hold'em No Limit ($0.50/$1.00 USD) - 2025/02/06 22:57:43 WET [2025/02/06 17:57:43 ET]
Table 'Isara' 6-max Seat #4 is the button
Seat 5: wojts ($101.13 in chips) is sitting out
Seat 1: Joe_Li7 ($100 in chips) 
Seat 2: JUANS2 ($132 in chips) 
Seat 3: Alinyr ($166.86 in chips) 
Seat 4: Aleqseuka ($100 in chips) 
Seat 6: paul197866 ($64.15 in chips) 
paul197866: posts small blind $0.50
Joe_Li7: posts big blind $1
*** HOLE CARDS ***
JUANS2: folds 
Alinyr: folds 
Aleqseuka: folds 
paul197866: calls $0.50
Joe_Li7: raises $3.50 to $4.50
paul197866: folds 
Uncalled bet ($3.50) returned to Joe_Li7
Joe_Li7 collected $2 from pot
*** SUMMARY ***
Total pot $2 | Rake $0 
Seat 5: wojts
Seat 1: Joe_Li7 (big blind) collected ($2)
Seat 2: JUANS2 folded before Flop (didn't bet)
Seat 3: Alinyr folded before Flop (didn't bet)
Seat 4: Aleqseuka (button) folded before Flop (didn't bet)
Seat 6: paul197866 (small blind) folded before Flop



PokerStars Hand #254741420204:  Hold'em No Limit ($0.50/$1.00 USD) - 2025/02/06 22:58:16 WET [2025/02/06 17:58:16 ET]
Table 'Isara' 6-max Seat #6 is the button
Seat 5: wojts ($101.13 in chips) is sitting out
Seat 1: Joe_Li7 ($101 in chips) 
Seat 2: JUANS2 ($132 in chips) 
Seat 3: Alinyr ($166.86 in chips) 
Seat 4: Aleqseuka ($100 in chips) 
Seat 6: paul197866 ($63.15 in chips) 
Joe_Li7: posts small blind $0.50
JUANS2: posts big blind $1
*** HOLE CARDS ***
Alinyr: folds 
Aleqseuka: folds 
paul197866: folds 
Joe_Li7: folds 
Uncalled bet ($0.50) returned to JUANS2
JUANS2 collected $1 from pot
JUANS2: doesn't show hand 
*** SUMMARY ***
Total pot $1 | Rake $0 
Seat 5: wojts
Seat 1: Joe_Li7 (small blind) folded before Flop
Seat 2: JUANS2 (big blind) collected ($1)
Seat 3: Alinyr folded before Flop (didn't bet)
Seat 4: Aleqseuka folded before Flop (didn't bet)
Seat 6: paul197866 (button) folded before Flop (didn't bet)



PokerStars Hand #254741423017:  Hold'em No Limit ($0.50/$1.00 USD) - 2025/02/06 22:58:30 WET [2025/02/06 17:58:30 ET]
Table 'Isara' 6-max Seat #1 is the button
Seat 5: wojts ($101.13 in chips) is sitting out
Seat 1: Joe_Li7 ($100.50 in chips) 
Seat 2: JUANS2 ($132.50 in chips) 
Seat 3: Alinyr ($166.86 in chips) 
Seat 4: Aleqseuka ($100 in chips) 
Seat 6: paul197866 ($63.15 in chips) 
JUANS2: posts small blind $0.50
Alinyr: posts big blind $1
*** HOLE CARDS ***
Aleqseuka: folds 
paul197866: folds 
Joe_Li7: folds 
JUANS2: folds 
Uncalled bet ($0.50) returned to Alinyr
Alinyr collected $1 from pot
Alinyr: doesn't show hand 
*** SUMMARY ***
Total pot $1 | Rake $0 
Seat 5: wojts
Seat 1: Joe_Li7 (button) folded before Flop (didn't bet)
Seat 2: JUANS2 (small blind) folded before Flop
Seat 3: Alinyr (big blind) collected ($1)
Seat 4: Aleqseuka folded before Flop (didn't bet)
Seat 6: paul197866 folded before Flop (didn't bet)



PokerStars Hand #254741424930:  Hold'em No Limit ($0.50/$1.00 USD) - 2025/02/06 22:58:39 WET [2025/02/06 17:58:39 ET]
Table 'Isara' 6-max Seat #2 is the button
Seat 5: wojts ($101.13 in chips) is sitting out
Seat 1: Joe_Li7 ($100.50 in chips) 
Seat 2: JUANS2 ($132 in chips) 
Seat 3: Alinyr ($167.36 in chips) 
Seat 4: Aleqseuka ($100 in chips) 
Seat 6: paul197866 ($63.15 in chips) 
Alinyr: posts small blind $0.50
Aleqseuka: posts big blind $1
*** HOLE CARDS ***
paul197866: folds 
Joe_Li7: folds 
JUANS2: folds 
Alinyr: raises $2 to $3
Aleqseuka: raises $7 to $10
Alinyr: raises $11 to $21
Aleqseuka: calls $11
*** FLOP *** [Qd 3h 9h]
Alinyr: bets $13.17
Aleqseuka: calls $13.17
*** TURN *** [Qd 3h 9h] [4d]
Alinyr: bets $133.19 and is all-in
Aleqseuka: calls $65.83 and is all-in
Uncalled bet ($67.36) returned to Alinyr
*** RIVER *** [Qd 3h 9h 4d] [Kc]
*** SHOW DOWN ***
Alinyr: shows [Ad Ac] (a pair of Aces)
Aleqseuka: shows [Qc Kd] (two pair, Kings and Queens)
Aleqseuka collected $197.50 from pot
*** SUMMARY ***
Total pot $200 | Rake $2.50 
Board [Qd 3h 9h 4d Kc]
Seat 5: wojts
Seat 1: Joe_Li7 folded before Flop (didn't bet)
Seat 2: JUANS2 (button) folded before Flop (didn't bet)
Seat 3: Alinyr (small blind) showed [Ad Ac] and lost with a pair of Aces
Seat 4: Aleqseuka (big blind) showed [Qc Kd] and won ($197.50) with two pair, Kings and Queens
Seat 6: paul197866 folded before Flop (didn't bet)



PokerStars Hand #254741443283:  Hold'em No Limit ($0.50/$1.00 USD) - 2025/02/06 23:00:15 WET [2025/02/06 18:00:15 ET]
Table 'Isara' 6-max Seat #3 is the button
Seat 5: wojts ($101.13 in chips) is sitting out
Seat 1: Joe_Li7 ($100.50 in chips) 
Seat 2: JUANS2 ($132 in chips) 
Seat 3: Alinyr ($100 in chips) 
Seat 4: Aleqseuka ($197.50 in chips) 
Seat 6: paul197866 ($63.15 in chips) 
Aleqseuka: posts small blind $0.50
paul197866: posts big blind $1
*** HOLE CARDS ***
Joe_Li7: folds 
JUANS2: raises $1.50 to $2.50
Alinyr: folds 
Aleqseuka: folds 
paul197866: folds 
Uncalled bet ($1.50) returned to JUANS2
JUANS2 collected $2.50 from pot
JUANS2: doesn't show hand 
*** SUMMARY ***
Total pot $2.50 | Rake $0 
Seat 5: wojts
Seat 1: Joe_Li7 folded before Flop (didn't bet)
Seat 2: JUANS2 collected ($2.50)
Seat 3: Alinyr (button) folded before Flop (didn't bet)
Seat 4: Aleqseuka (small blind) folded before Flop
Seat 6: paul197866 (big blind) folded before Flop



PokerStars Hand #254741445362:  Hold'em No Limit ($0.50/$1.00 USD) - 2025/02/06 23:00:25 WET [2025/02/06 18:00:25 ET]
Table 'Isara' 6-max Seat #4 is the button
Seat 5: wojts ($101.13 in chips) is sitting out
Seat 1: Joe_Li7 ($100.50 in chips) 
Seat 2: JUANS2 ($133.50 in chips) 
Seat 3: Alinyr ($100 in chips) 
Seat 4: Aleqseuka ($197 in chips) 
Seat 6: paul197866 ($62.15 in chips) 
paul197866: posts small blind $0.50
Joe_Li7: posts big blind $1
*** HOLE CARDS ***
JUANS2: raises $1.50 to $2.50
Alinyr: folds 
Aleqseuka: folds 
paul197866: calls $2
Joe_Li7: calls $1.50
*** FLOP *** [Ts 3c 2h]
paul197866: checks 
Joe_Li7: checks 
JUANS2: bets $3.56
paul197866: calls $3.56
Joe_Li7: folds 
*** TURN *** [Ts 3c 2h] [Jh]
paul197866: checks 
JUANS2: bets $11
paul197866: calls $11
*** RIVER *** [Ts 3c 2h Jh] [8d]
paul197866: checks 
JUANS2: bets $116.44 and is all-in
paul197866: folds 
Uncalled bet ($116.44) returned to JUANS2
JUANS2 collected $34.79 from pot
JUANS2: doesn't show hand 
*** SUMMARY ***
Total pot $36.62 | Rake $1.83 
Board [Ts 3c 2h Jh 8d]
Seat 5: wojts
Seat 1: Joe_Li7 (big blind) folded on the Flop
Seat 2: JUANS2 collected ($34.79)
Seat 3: Alinyr folded before Flop (didn't bet)
Seat 4: Aleqseuka (button) folded before Flop (didn't bet)
Seat 6: paul197866 (small blind) folded on the River



PokerStars Hand #254741472249:  Hold'em No Limit ($0.50/$1.00 USD) - 2025/02/06 23:02:18 WET [2025/02/06 18:02:18 ET]
Table 'Isara' 6-max Seat #6 is the button
Seat 5: wojts ($101.13 in chips) is sitting out
Seat 1: Joe_Li7 ($100 in chips) 
Seat 2: JUANS2 ($151.23 in chips) 
Seat 3: Alinyr ($100 in chips) 
Seat 4: Aleqseuka ($197 in chips) 
Seat 6: paul197866 ($45.09 in chips) 
Joe_Li7: posts small blind $0.50
JUANS2: posts big blind $1
*** HOLE CARDS ***
Alinyr: raises $1.05 to $2.05
Aleqseuka: folds 
paul197866: folds 
Joe_Li7: folds 
JUANS2: folds 
Uncalled bet ($1.05) returned to Alinyr
Alinyr collected $2.50 from pot
Alinyr: doesn't show hand 
*** SUMMARY ***
Total pot $2.50 | Rake $0 
Seat 5: wojts
Seat 1: Joe_Li7 (small blind) folded before Flop
Seat 2: JUANS2 (big blind) folded before Flop
Seat 3: Alinyr collected ($2.50)
Seat 4: Aleqseuka folded before Flop (didn't bet)
Seat 6: paul197866 (button) folded before Flop (didn't bet)



PokerStars Hand #254741474901:  Hold'em No Limit ($0.50/$1.00 USD) - 2025/02/06 23:02:29 WET [2025/02/06 18:02:29 ET]
Table 'Isara' 6-max Seat #1 is the button
Seat 5: wojts ($101.13 in chips) is sitting out
Seat 1: Joe_Li7 ($100 in chips) 
Seat 2: JUANS2 ($150.23 in chips) 
Seat 3: Alinyr ($101.50 in chips) 
Seat 4: Aleqseuka ($197 in chips) 
Seat 6: paul197866 ($45.09 in chips) 
JUANS2: posts small blind $0.50
Alinyr: posts big blind $1
*** HOLE CARDS ***
Aleqseuka: raises $1.35 to $2.35
paul197866: folds 
Joe_Li7: folds 
JUANS2: folds 
Alinyr: calls $1.35
*** FLOP *** [8c 7s 3c]
Alinyr: checks 
Aleqseuka: bets $3.71
Alinyr: calls $3.71
*** TURN *** [8c 7s 3c] [Qd]
Alinyr: checks 
Aleqseuka: bets $15.35
Alinyr: folds 
Uncalled bet ($15.35) returned to Aleqseuka
Aleqseuka collected $11.99 from pot
Aleqseuka: doesn't show hand 
*** SUMMARY ***
Total pot $12.62 | Rake $0.63 
Board [8c 7s 3c Qd]
Seat 5: wojts
Seat 1: Joe_Li7 (button) folded before Flop (didn't bet)
Seat 2: JUANS2 (small blind) folded before Flop
Seat 3: Alinyr (big blind) folded on the Turn
Seat 4: Aleqseuka collected ($11.99)
Seat 6: paul197866 folded before Flop (didn't bet)



PokerStars Hand #254741491048:  Hold'em No Limit ($0.50/$1.00 USD) - 2025/02/06 23:03:32 WET [2025/02/06 18:03:32 ET]
Table 'Isara' 6-max Seat #2 is the button
Seat 5: wojts ($101.13 in chips) is sitting out
Seat 1: Joe_Li7 ($100 in chips) 
Seat 2: JUANS2 ($149.73 in chips) 
Seat 3: Alinyr ($100 in chips) 
Seat 4: Aleqseuka ($202.93 in chips) 
Seat 6: paul197866 ($45.09 in chips) 
Alinyr: posts small blind $0.50
Aleqseuka: posts big blind $1
*** HOLE CARDS ***
paul197866: folds 
Joe_Li7: raises $1.20 to $2.20
JUANS2: folds 
Alinyr: folds 
Aleqseuka: folds 
Uncalled bet ($1.20) returned to Joe_Li7
Joe_Li7 collected $2.50 from pot
*** SUMMARY ***
Total pot $2.50 | Rake $0 
Seat 5: wojts
Seat 1: Joe_Li7 collected ($2.50)
Seat 2: JUANS2 (button) folded before Flop (didn't bet)
Seat 3: Alinyr (small blind) folded before Flop
Seat 4: Aleqseuka (big blind) folded before Flop
Seat 6: paul197866 folded before Flop (didn't bet)



PokerStars Hand #254741496308:  Hold'em No Limit ($0.50/$1.00 USD) - 2025/02/06 23:03:52 WET [2025/02/06 18:03:52 ET]
Table 'Isara' 6-max Seat #3 is the button
Seat 5: wojts ($101.13 in chips) is sitting out
Seat 1: Joe_Li7 ($101.50 in chips) 
Seat 2: JUANS2 ($149.73 in chips) 
Seat 3: Alinyr ($100 in chips) 
Seat 4: Aleqseuka ($201.93 in chips) 
Seat 6: paul197866 ($45.09 in chips) 
Aleqseuka: posts small blind $0.50
paul197866: posts big blind $1
*** HOLE CARDS ***
Joe_Li7: raises $1.20 to $2.20
JUANS2: folds 
Alinyr: folds 
Aleqseuka: folds 
paul197866: calls $1.20
*** FLOP *** [7c 4c 6d]
paul197866: checks 
Joe_Li7: checks 
*** TURN *** [7c 4c 6d] [6h]
paul197866: checks 
Joe_Li7: bets $1.54
paul197866: calls $1.54
*** RIVER *** [7c 4c 6d 6h] [Ah]
paul197866: checks 
Joe_Li7: checks 
*** SHOW DOWN ***
paul197866: shows [Qs Th] (a pair of Sixes)
Joe_Li7: shows [5s 5h] (two pair, Sixes and Fives)
Joe_Li7 collected $7.58 from pot
*** SUMMARY ***
Total pot $7.98 | Rake $0.40 
Board [7c 4c 6d 6h Ah]
Seat 5: wojts
Seat 1: Joe_Li7 showed [5s 5h] and won ($7.58) with two pair, Sixes and Fives
Seat 2: JUANS2 folded before Flop (didn't bet)
Seat 3: Alinyr (button) folded before Flop (didn't bet)
Seat 4: Aleqseuka (small blind) folded before Flop
Seat 6: paul197866 (big blind) showed [Qs Th] and lost with a pair of Sixes



PokerStars Hand #254741513708:  Hold'em No Limit ($0.50/$1.00 USD) - 2025/02/06 23:05:00 WET [2025/02/06 18:05:00 ET]
Table 'Isara' 6-max Seat #4 is the button
Seat 5: wojts ($101.13 in chips) is sitting out
Seat 1: Joe_Li7 ($105.34 in chips) 
Seat 2: JUANS2 ($149.73 in chips) 
Seat 3: Alinyr ($100 in chips) 
Seat 4: Aleqseuka ($201.43 in chips) 
Seat 6: paul197866 ($41.35 in chips) 
paul197866: posts small blind $0.50
Joe_Li7: posts big blind $1
*** HOLE CARDS ***
JUANS2: raises $1.50 to $2.50
Alinyr: folds 
Aleqseuka: folds 
paul197866: calls $2
Joe_Li7: folds 
*** FLOP *** [7d 2c 2s]
paul197866: checks 
JUANS2: bets $1.88
paul197866: folds 
Uncalled bet ($1.88) returned to JUANS2
JUANS2 collected $5.70 from pot
JUANS2: doesn't show hand 
*** SUMMARY ***
Total pot $6 | Rake $0.30 
Board [7d 2c 2s]
Seat 5: wojts
Seat 1: Joe_Li7 (big blind) folded before Flop
Seat 2: JUANS2 collected ($5.70)
Seat 3: Alinyr folded before Flop (didn't bet)
Seat 4: Aleqseuka (button) folded before Flop (didn't bet)
Seat 6: paul197866 (small blind) folded on the Flop



PokerStars Hand #254741522035:  Hold'em No Limit ($0.50/$1.00 USD) - 2025/02/06 23:05:32 WET [2025/02/06 18:05:32 ET]
Table 'Isara' 6-max Seat #6 is the button
Seat 5: wojts ($101.13 in chips) is sitting out
Seat 1: Joe_Li7 ($104.34 in chips) 
Seat 2: JUANS2 ($152.93 in chips) 
Seat 3: Alinyr ($100 in chips) 
Seat 4: Aleqseuka ($201.43 in chips) 
Seat 6: paul197866 ($38.85 in chips) 
Joe_Li7: posts small blind $0.50
JUANS2: posts big blind $1
wojts: sits out 
*** HOLE CARDS ***
Alinyr: folds 
Aleqseuka: folds 
paul197866: calls $1
Joe_Li7: folds 
JUANS2: checks 
*** FLOP *** [6c Ad 7h]
JUANS2: checks 
paul197866: bets $2.38
JUANS2: folds 
Uncalled bet ($2.38) returned to paul197866
paul197866 collected $2.38 from pot
*** SUMMARY ***
Total pot $2.50 | Rake $0.12 
Board [6c Ad 7h]
Seat 5: wojts
Seat 1: Joe_Li7 (small blind) folded before Flop
Seat 2: JUANS2 (big blind) folded on the Flop
Seat 3: Alinyr folded before Flop (didn't bet)
Seat 4: Aleqseuka folded before Flop (didn't bet)
Seat 6: paul197866 (button) collected ($2.38)



PokerStars Hand #254741529170:  Hold'em No Limit ($0.50/$1.00 USD) - 2025/02/06 23:06:00 WET [2025/02/06 18:06:00 ET]
Table 'Isara' 6-max Seat #1 is the button
Seat 5: wojts ($101.13 in chips) is sitting out
Seat 1: Joe_Li7 ($103.84 in chips) 
Seat 2: JUANS2 ($151.93 in chips) 
Seat 3: Alinyr ($100 in chips) 
Seat 4: Aleqseuka ($201.43 in chips) 
Seat 6: paul197866 ($40.23 in chips) 
JUANS2: posts small blind $0.50
Alinyr: posts big blind $1
wojts: sits out 
*** HOLE CARDS ***
Aleqseuka: raises $1.35 to $2.35
paul197866: calls $2.35
Joe_Li7: folds 
JUANS2: folds 
Alinyr: folds 
*** FLOP *** [8h 9h Th]
Aleqseuka: checks 
paul197866: bets $5.89
Aleqseuka: calls $5.89
*** TURN *** [8h 9h Th] [5s]
Aleqseuka: checks 
paul197866: bets $17.08
Aleqseuka: raises $36.89 to $53.97
paul197866: calls $14.91 and is all-in
Uncalled bet ($21.98) returned to Aleqseuka
*** RIVER *** [8h 9h Th 5s] [Qs]
*** SHOW DOWN ***
Aleqseuka: shows [Qh Jc] (a straight, Eight to Queen)
paul197866: shows [7s Ts] (a pair of Tens)
Aleqseuka collected $79.46 from pot
*** SUMMARY ***
Total pot $81.96 | Rake $2.50 
Board [8h 9h Th 5s Qs]
Seat 5: wojts
Seat 1: Joe_Li7 (button) folded before Flop (didn't bet)
Seat 2: JUANS2 (small blind) folded before Flop
Seat 3: Alinyr (big blind) folded before Flop
Seat 4: Aleqseuka showed [Qh Jc] and won ($79.46) with a straight, Eight to Queen
Seat 6: paul197866 showed [7s Ts] and lost with a pair of Tens



PokerStars Hand #254741541994:  Hold'em No Limit ($0.50/$1.00 USD) - 2025/02/06 23:06:50 WET [2025/02/06 18:06:50 ET]
Table 'Isara' 6-max Seat #2 is the button
Seat 5: wojts ($101.13 in chips) is sitting out
Seat 6: paul197866 ($0 in chips) is sitting out
Seat 1: Joe_Li7 ($103.84 in chips) 
Seat 2: JUANS2 ($151.43 in chips) 
Seat 3: Alinyr ($100 in chips) 
Seat 4: Aleqseuka ($240.66 in chips) 
Alinyr: posts small blind $0.50
Aleqseuka: posts big blind $1
wojts: sits out 
*** HOLE CARDS ***
Joe_Li7: folds 
JUANS2: raises $1.50 to $2.50
Alinyr: folds 
Aleqseuka: raises $10.50 to $13
JUANS2: folds 
Uncalled bet ($10.50) returned to Aleqseuka
Aleqseuka collected $5.50 from pot
Aleqseuka: doesn't show hand 
*** SUMMARY ***
Total pot $5.50 | Rake $0 
Seat 5: wojts
Seat 6: paul197866
Seat 1: Joe_Li7 folded before Flop (didn't bet)
Seat 2: JUANS2 (button) folded before Flop
Seat 3: Alinyr (small blind) folded before Flop
Seat 4: Aleqseuka (big blind) collected ($5.50)



PokerStars Hand #254741547724:  Hold'em No Limit ($0.50/$1.00 USD) - 2025/02/06 23:07:12 WET [2025/02/06 18:07:12 ET]
Table 'Isara' 6-max Seat #3 is the button
Seat 6: paul197866 ($0 in chips) is sitting out
Seat 1: Joe_Li7 ($103.84 in chips) 
Seat 2: JUANS2 ($148.93 in chips) 
Seat 3: Alinyr ($100 in chips) 
Seat 4: Aleqseuka ($243.66 in chips) 
Seat 5: wojts ($101.13 in chips) 
Aleqseuka: posts small blind $0.50
wojts: posts big blind $1
*** HOLE CARDS ***
paul197866 is disconnected 
Joe_Li7: folds 
JUANS2: folds 
Alinyr: raises $1.50 to $2.50
Aleqseuka: raises $9.50 to $12
wojts: folds 
Alinyr: folds 
Uncalled bet ($9.50) returned to Aleqseuka
Aleqseuka collected $6 from pot
Aleqseuka: doesn't show hand 
*** SUMMARY ***
Total pot $6 | Rake $0 
Seat 6: paul197866
Seat 1: Joe_Li7 folded before Flop (didn't bet)
Seat 2: JUANS2 folded before Flop (didn't bet)
Seat 3: Alinyr (button) folded before Flop
Seat 4: Aleqseuka (small blind) collected ($6)
Seat 5: wojts (big blind) folded before Flop



PokerStars Hand #254741552546:  Hold'em No Limit ($0.50/$1.00 USD) - 2025/02/06 23:07:31 WET [2025/02/06 18:07:31 ET]
Table 'Isara' 6-max Seat #4 is the button
Seat 6: paul197866 ($0 in chips) is sitting out
Seat 1: Joe_Li7 ($103.84 in chips) 
Seat 2: JUANS2 ($148.93 in chips) 
Seat 3: Alinyr ($100 in chips) 
Seat 4: Aleqseuka ($247.16 in chips) 
Seat 5: wojts ($100.13 in chips) 
wojts: posts small blind $0.50
Joe_Li7: posts big blind $1
*** HOLE CARDS ***
JUANS2: raises $1.50 to $2.50
Alinyr: folds 
Aleqseuka: folds 
wojts: folds 
Joe_Li7: folds 
Uncalled bet ($1.50) returned to JUANS2
JUANS2 collected $2.50 from pot
JUANS2: doesn't show hand 
*** SUMMARY ***
Total pot $2.50 | Rake $0 
Seat 6: paul197866
Seat 1: Joe_Li7 (big blind) folded before Flop
Seat 2: JUANS2 collected ($2.50)
Seat 3: Alinyr folded before Flop (didn't bet)
Seat 4: Aleqseuka (button) folded before Flop (didn't bet)
Seat 5: wojts (small blind) folded before Flop



PokerStars Hand #254741555048:  Hold'em No Limit ($0.50/$1.00 USD) - 2025/02/06 23:07:41 WET [2025/02/06 18:07:41 ET]
Table 'Isara' 6-max Seat #5 is the button
Seat 6: paul197866 ($0 in chips) is sitting out
Seat 1: Joe_Li7 ($102.84 in chips) 
Seat 2: JUANS2 ($150.43 in chips) 
Seat 3: Alinyr ($100 in chips) 
Seat 4: Aleqseuka ($247.16 in chips) 
Seat 5: wojts ($99.63 in chips) 
Joe_Li7: posts small blind $0.50
JUANS2: posts big blind $1
*** HOLE CARDS ***
Alinyr: raises $1.05 to $2.05
Aleqseuka: folds 
wojts: folds 
Joe_Li7: folds 
JUANS2: folds 
Uncalled bet ($1.05) returned to Alinyr
Alinyr collected $2.50 from pot
Alinyr: doesn't show hand 
*** SUMMARY ***
Total pot $2.50 | Rake $0 
Seat 6: paul197866
Seat 1: Joe_Li7 (small blind) folded before Flop
Seat 2: JUANS2 (big blind) folded before Flop
Seat 3: Alinyr collected ($2.50)
Seat 4: Aleqseuka folded before Flop (didn't bet)
Seat 5: wojts (button) folded before Flop (didn't bet)



PokerStars Hand #254741558666:  Hold'em No Limit ($0.50/$1.00 USD) - 2025/02/06 23:07:54 WET [2025/02/06 18:07:54 ET]
Table 'Isara' 6-max Seat #1 is the button
Seat 3: Alinyr ($101.50 in chips) is sitting out
Seat 6: paul197866 ($0 in chips) is sitting out
Seat 1: Joe_Li7 ($102.34 in chips) 
Seat 2: JUANS2 ($149.43 in chips) 
Seat 4: Aleqseuka ($247.16 in chips) 
Seat 5: wojts ($99.63 in chips) 
JUANS2: posts small blind $0.50
Alinyr: is sitting out 
Aleqseuka: posts big blind $1
*** HOLE CARDS ***
wojts: folds 
Joe_Li7: folds 
Alinyr leaves the table
JUANS2: raises $2 to $3
Aleqseuka: folds 
Uncalled bet ($2) returned to JUANS2
JUANS2 collected $2 from pot
JUANS2: doesn't show hand 
*** SUMMARY ***
Total pot $2 | Rake $0 
Seat 3: Alinyr
Seat 6: paul197866
Seat 1: Joe_Li7 (button) folded before Flop (didn't bet)
Seat 2: JUANS2 (small blind) collected ($2)
Seat 4: Aleqseuka (big blind) folded before Flop
Seat 5: wojts folded before Flop (didn't bet)



PokerStars Hand #254741561852:  Hold'em No Limit ($0.50/$1.00 USD) - 2025/02/06 23:08:07 WET [2025/02/06 18:08:07 ET]
Table 'Isara' 6-max Seat #2 is the button
Seat 6: paul197866 ($0 in chips) is sitting out
Seat 1: Joe_Li7 ($102.34 in chips) 
Seat 2: JUANS2 ($150.43 in chips) 
Seat 4: Aleqseuka ($246.16 in chips) 
Seat 5: wojts ($99.63 in chips) 
Aleqseuka: posts small blind $0.50
wojts: posts big blind $1
*** HOLE CARDS ***
Joe_Li7: raises $1.20 to $2.20
JUANS2: folds 
Aleqseuka: raises $9.80 to $12
wojts: folds 
Joe_Li7: folds 
Uncalled bet ($9.80) returned to Aleqseuka
Aleqseuka collected $5.40 from pot
Aleqseuka: doesn't show hand 
*** SUMMARY ***
Total pot $5.40 | Rake $0 
Seat 6: paul197866
Seat 1: Joe_Li7 folded before Flop
Seat 2: JUANS2 (button) folded before Flop (didn't bet)
Seat 4: Aleqseuka (small blind) collected ($5.40)
Seat 5: wojts (big blind) folded before Flop



PokerStars Hand #254741567977:  Hold'em No Limit ($0.50/$1.00 USD) - 2025/02/06 23:08:31 WET [2025/02/06 18:08:31 ET]
Table 'Isara' 6-max Seat #5 is the button
Seat 1: Joe_Li7 ($100.14 in chips) is sitting out
Seat 2: JUANS2 ($150.43 in chips) is sitting out
Seat 6: paul197866 ($0 in chips) is sitting out
Seat 4: Aleqseuka ($249.36 in chips) 
Seat 5: wojts ($98.63 in chips) 
wojts: posts small blind $0.50
Joe_Li7: is sitting out 
JUANS2: is sitting out 
Aleqseuka: posts big blind $1
*** HOLE CARDS ***
JUANS2 leaves the table
wojts: folds 
Uncalled bet ($0.50) returned to Aleqseuka
Aleqseuka collected $1 from pot
Aleqseuka: doesn't show hand 
*** SUMMARY ***
Total pot $1 | Rake $0 
Seat 1: Joe_Li7
Seat 2: JUANS2
Seat 6: paul197866
Seat 4: Aleqseuka (big blind) collected ($1)
Seat 5: wojts (button) (small blind) folded before Flop



PokerStars Hand #254741570598:  Hold'em No Limit ($0.50/$1.00 USD) - 2025/02/06 23:08:41 WET [2025/02/06 18:08:41 ET]
Table 'Isara' 6-max Seat #4 is the button
Seat 1: Joe_Li7 ($100.14 in chips) is sitting out
Seat 6: paul197866 ($0 in chips) is sitting out
Seat 4: Aleqseuka ($249.86 in chips) 
Seat 5: wojts ($98.13 in chips) 
Aleqseuka: posts small blind $0.50
wojts: posts big blind $1
*** HOLE CARDS ***
Aleqseuka: raises $1.50 to $2.50
wojts: folds 
Uncalled bet ($1.50) returned to Aleqseuka
Aleqseuka collected $2 from pot
Aleqseuka: doesn't show hand 
Joe_Li7 leaves the table
*** SUMMARY ***
Total pot $2 | Rake $0 
Seat 1: Joe_Li7
Seat 6: paul197866
Seat 4: Aleqseuka (button) (small blind) collected ($2)
Seat 5: wojts (big blind) folded before Flop



PokerStars Hand #254741573225:  Hold'em No Limit ($0.50/$1.00 USD) - 2025/02/06 23:08:51 WET [2025/02/06 18:08:51 ET]
Table 'Isara' 6-max Seat #5 is the button
Seat 6: paul197866 ($0 in chips) is sitting out
Seat 4: Aleqseuka ($250.86 in chips) 
Seat 5: wojts ($97.13 in chips) 
wojts: posts small blind $0.50
Aleqseuka: posts big blind $1
*** HOLE CARDS ***
wojts: raises $1 to $2
Aleqseuka: calls $1
*** FLOP *** [4d Kh 8c]
Aleqseuka: checks 
wojts: bets $1.90
Aleqseuka: calls $1.90
*** TURN *** [4d Kh 8c] [6d]
Aleqseuka: checks 
wojts: checks 
*** RIVER *** [4d Kh 8c 6d] [Td]
Aleqseuka: bets $5.56
wojts: folds 
Uncalled bet ($5.56) returned to Aleqseuka
Aleqseuka collected $7.41 from pot
Aleqseuka: doesn't show hand 
*** SUMMARY ***
Total pot $7.80 | Rake $0.39 
Board [4d Kh 8c 6d Td]
Seat 6: paul197866
Seat 4: Aleqseuka (big blind) collected ($7.41)
Seat 5: wojts (button) (small blind) folded on the River



PokerStars Hand #254741586223:  Hold'em No Limit ($0.50/$1.00 USD) - 2025/02/06 23:09:41 WET [2025/02/06 18:09:41 ET]
Table 'Isara' 6-max Seat #4 is the button
Seat 6: paul197866 ($0 in chips) is sitting out
Seat 4: Aleqseuka ($254.37 in chips) 
Seat 5: wojts ($93.23 in chips) 
Aleqseuka: posts small blind $0.50
wojts: posts big blind $1
*** HOLE CARDS ***
Aleqseuka: raises $1.50 to $2.50
wojts: folds 
Uncalled bet ($1.50) returned to Aleqseuka
Aleqseuka collected $2 from pot
Aleqseuka: doesn't show hand 
*** SUMMARY ***
Total pot $2 | Rake $0 
Seat 6: paul197866
Seat 4: Aleqseuka (button) (small blind) collected ($2)
Seat 5: wojts (big blind) folded before Flop



PokerStars Hand #254741588964:  Hold'em No Limit ($0.50/$1.00 USD) - 2025/02/06 23:09:52 WET [2025/02/06 18:09:52 ET]
Table 'Isara' 6-max Seat #5 is the button
Seat 6: paul197866 ($0 in chips) is sitting out
Seat 4: Aleqseuka ($255.37 in chips) 
Seat 5: wojts ($92.23 in chips) 
wojts: posts small blind $0.50
Aleqseuka: posts big blind $1
*** HOLE CARDS ***
wojts: folds 
Uncalled bet ($0.50) returned to Aleqseuka
Aleqseuka collected $1 from pot
paul197866 leaves the table
Aleqseuka: doesn't show hand 
*** SUMMARY ***
Total pot $1 | Rake $0 
Seat 6: paul197866
Seat 4: Aleqseuka (big blind) collected ($1)
Seat 5: wojts (button) (small blind) folded before Flop



