PokerStars Hand #254733245825:  Hold'em No Limit ($0.50/$1.00 USD) - 2025/02/06 13:45:13 WET [2025/02/06 8:45:13 ET]
Table 'Lohmann' 6-max Seat #6 is the button
Seat 1: Pippa83 ($100 in chips) 
Seat 2: 3EPH ($116.40 in chips) 
Seat 3: XKTTBOBV11 ($20 in chips) 
Seat 4: Poker9803 ($103.88 in chips) 
Seat 5: xcinaz ($100 in chips) 
Seat 6: DevinSmith17 ($87.83 in chips) 
Pippa83: posts small blind $0.50
3EPH: posts big blind $1
*** HOLE CARDS ***
XKTTBOBV11: folds 
Poker9803: folds 
xcinaz: folds 
DevinSmith17: folds 
Pippa83: folds 
Uncalled bet ($0.50) returned to 3EPH
3EPH collected $1 from pot
3EPH: doesn't show hand 
*** SUMMARY ***
Total pot $1 | Rake $0 
Seat 1: Pippa83 (small blind) folded before Flop
Seat 2: 3EPH (big blind) collected ($1)
Seat 3: XKTTBOBV11 folded before Flop (didn't bet)
Seat 4: Poker9803 folded before Flop (didn't bet)
Seat 5: xcinaz folded before Flop (didn't bet)
Seat 6: DevinSmith17 (button) folded before Flop (didn't bet)



PokerStars Hand #254733248403:  Hold'em No Limit ($0.50/$1.00 USD) - 2025/02/06 13:45:29 WET [2025/02/06 8:45:29 ET]
Table 'Lohmann' 6-max Seat #1 is the button
Seat 1: Pippa83 ($100 in chips) 
Seat 2: 3EPH ($116.90 in chips) 
Seat 3: XKTTBOBV11 ($20 in chips) 
Seat 4: Poker9803 ($103.88 in chips) 
Seat 5: xcinaz ($100 in chips) 
Seat 6: DevinSmith17 ($87.83 in chips) 
3EPH: posts small blind $0.50
XKTTBOBV11: posts big blind $1
*** HOLE CARDS ***
Poker9803: raises $1.50 to $2.50
xcinaz: folds 
DevinSmith17: calls $2.50
Pippa83: folds 
3EPH: folds 
XKTTBOBV11: folds 
*** FLOP *** [Ad 2s Kd]
Poker9803: checks 
DevinSmith17: checks 
*** TURN *** [Ad 2s Kd] [5h]
Poker9803: bets $2.04
DevinSmith17: calls $2.04
*** RIVER *** [Ad 2s Kd 5h] [4c]
Poker9803: bets $15.08
DevinSmith17: folds 
Uncalled bet ($15.08) returned to Poker9803
Poker9803 collected $10.05 from pot
Poker9803: doesn't show hand 
*** SUMMARY ***
Total pot $10.58 | Rake $0.53 
Board [Ad 2s Kd 5h 4c]
Seat 1: Pippa83 (button) folded before Flop (didn't bet)
Seat 2: 3EPH (small blind) folded before Flop
Seat 3: XKTTBOBV11 (big blind) folded before Flop
Seat 4: Poker9803 collected ($10.05)
Seat 5: xcinaz folded before Flop (didn't bet)
Seat 6: DevinSmith17 folded on the River



PokerStars Hand #254733253955:  Hold'em No Limit ($0.50/$1.00 USD) - 2025/02/06 13:46:02 WET [2025/02/06 8:46:02 ET]
Table 'Lohmann' 6-max Seat #2 is the button
Seat 4: Poker9803 ($109.39 in chips) is sitting out
Seat 1: Pippa83 ($100 in chips) 
Seat 2: 3EPH ($116.40 in chips) 
Seat 3: XKTTBOBV11 ($19 in chips) 
Seat 5: xcinaz ($100 in chips) 
Seat 6: DevinSmith17 ($83.29 in chips) 
XKTTBOBV11: posts small blind $0.50
Poker9803: is sitting out 
xcinaz: posts big blind $1
*** HOLE CARDS ***
DevinSmith17: folds 
Poker9803 leaves the table
Pippa83: folds 
DevinSmith17 leaves the table
3EPH: raises $1.50 to $2.50
XKTTBOBV11: folds 
xcinaz: folds 
Uncalled bet ($1.50) returned to 3EPH
3EPH collected $2.50 from pot
3EPH: doesn't show hand 
*** SUMMARY ***
Total pot $2.50 | Rake $0 
Seat 4: Poker9803
Seat 1: Pippa83 folded before Flop (didn't bet)
Seat 2: 3EPH (button) collected ($2.50)
Seat 3: XKTTBOBV11 (small blind) folded before Flop
Seat 5: xcinaz (big blind) folded before Flop
Seat 6: DevinSmith17 folded before Flop (didn't bet)



PokerStars Hand #254733256431:  Hold'em No Limit ($0.50/$1.00 USD) - 2025/02/06 13:46:17 WET [2025/02/06 8:46:17 ET]
Table 'Lohmann' 6-max Seat #3 is the button
Seat 1: Pippa83 ($100 in chips) 
Seat 2: 3EPH ($117.90 in chips) 
Seat 3: XKTTBOBV11 ($18.50 in chips) 
Seat 5: xcinaz ($100 in chips) 
xcinaz: posts small blind $0.50
Pippa83: posts big blind $1
*** HOLE CARDS ***
3EPH: folds 
XKTTBOBV11: folds 
xcinaz: folds 
Uncalled bet ($0.50) returned to Pippa83
Pippa83 collected $1 from pot
Pippa83: doesn't show hand 
*** SUMMARY ***
Total pot $1 | Rake $0 
Seat 1: Pippa83 (big blind) collected ($1)
Seat 2: 3EPH folded before Flop (didn't bet)
Seat 3: XKTTBOBV11 (button) folded before Flop (didn't bet)
Seat 5: xcinaz (small blind) folded before Flop



