PokerStars Hand #254739998520:  Hold'em No Limit ($0.50/$1.00 USD) - 2025/02/06 21:32:39 WET [2025/02/06 16:32:39 ET]
Table 'Sirene II' 6-max Seat #1 is the button
Seat 1: XneferX ($100 in chips) 
Seat 3: nikalas22 ($100 in chips) 
Seat 5: Unipoker11 ($100 in chips) 
nikalas22: posts small blind $0.50
Unipoker11: posts big blind $1
*** HOLE CARDS ***
XneferX: folds 
nikalas22: raises $2 to $3
Unipoker11: calls $2
*** FLOP *** [4h 3c 9c]
nikalas22: checks 
J0SHB0SH joins the table at seat #4 
Unipoker11: checks 
*** TURN *** [4h 3c 9c] [Js]
nikalas22: bets $1.71
Unipoker11: calls $1.71
*** RIVER *** [4h 3c 9c Js] [9s]
nikalas22: bets $13.43
Unipoker11: folds 
Uncalled bet ($13.43) returned to nikalas22
nikalas22 collected $8.95 from pot
nikalas22: doesn't show hand 
*** SUMMARY ***
Total pot $9.42 | Rake $0.47 
Board [4h 3c 9c Js 9s]
Seat 1: XneferX (button) folded before Flop (didn't bet)
Seat 3: nikalas22 (small blind) collected ($8.95)
Seat 5: Unipoker11 (big blind) folded on the River



PokerStars Hand #254740014372:  Hold'em No Limit ($0.50/$1.00 USD) - 2025/02/06 21:33:30 WET [2025/02/06 16:33:30 ET]
Table 'Sirene II' 6-max Seat #3 is the button
Seat 4: J0SHB0SH ($100 in chips) is sitting out
Seat 1: XneferX ($100 in chips) 
Seat 3: nikalas22 ($104.24 in chips) 
Seat 5: Unipoker11 ($100 in chips) 
Unipoker11: posts small blind $0.50
XneferX: posts big blind $1
*** HOLE CARDS ***
nikalas22: folds 
Unipoker11: folds 
Uncalled bet ($0.50) returned to XneferX
XneferX collected $1 from pot
XneferX: doesn't show hand 
*** SUMMARY ***
Total pot $1 | Rake $0 
Seat 4: J0SHB0SH
Seat 1: XneferX (big blind) collected ($1)
Seat 3: nikalas22 (button) folded before Flop (didn't bet)
Seat 5: Unipoker11 (small blind) folded before Flop



PokerStars Hand #254740017661:  Hold'em No Limit ($0.50/$1.00 USD) - 2025/02/06 21:33:41 WET [2025/02/06 16:33:41 ET]
Table 'Sirene II' 6-max Seat #5 is the button
Seat 4: J0SHB0SH ($100 in chips) is sitting out
Seat 1: XneferX ($100.50 in chips) 
Seat 3: nikalas22 ($104.24 in chips) 
Seat 5: Unipoker11 ($100 in chips) 
XneferX: posts small blind $0.50
nikalas22: posts big blind $1
J0SHB0SH: sits out 
*** HOLE CARDS ***
Unipoker11: folds 
XneferX: folds 
Uncalled bet ($0.50) returned to nikalas22
nikalas22 collected $1 from pot
nikalas22: doesn't show hand 
*** SUMMARY ***
Total pot $1 | Rake $0 
Seat 4: J0SHB0SH
Seat 1: XneferX (small blind) folded before Flop
Seat 3: nikalas22 (big blind) collected ($1)
Seat 5: Unipoker11 (button) folded before Flop (didn't bet)



PokerStars Hand #254740024607:  Hold'em No Limit ($0.50/$1.00 USD) - 2025/02/06 21:34:04 WET [2025/02/06 16:34:04 ET]
Table 'Sirene II' 6-max Seat #1 is the button
Seat 1: XneferX ($100 in chips) 
Seat 3: nikalas22 ($104.74 in chips) 
Seat 4: J0SHB0SH ($100 in chips) 
Seat 5: Unipoker11 ($100 in chips) 
nikalas22: posts small blind $0.50
J0SHB0SH: posts big blind $1
*** HOLE CARDS ***
Unipoker11: folds 
XneferX: raises $1.77 to $2.77
nikalas22: folds 
J0SHB0SH: raises $9.23 to $12
XneferX: folds 
Uncalled bet ($9.23) returned to J0SHB0SH
J0SHB0SH collected $6.04 from pot
J0SHB0SH: doesn't show hand 
*** SUMMARY ***
Total pot $6.04 | Rake $0 
Seat 1: XneferX (button) folded before Flop
Seat 3: nikalas22 (small blind) folded before Flop
Seat 4: J0SHB0SH (big blind) collected ($6.04)
Seat 5: Unipoker11 folded before Flop (didn't bet)



PokerStars Hand #254740035613:  Hold'em No Limit ($0.50/$1.00 USD) - 2025/02/06 21:34:40 WET [2025/02/06 16:34:40 ET]
Table 'Sirene II' 6-max Seat #3 is the button
Seat 1: XneferX ($100 in chips) 
Seat 3: nikalas22 ($104.24 in chips) 
Seat 4: J0SHB0SH ($103.27 in chips) 
Seat 5: Unipoker11 ($100 in chips) 
J0SHB0SH: posts small blind $0.50
Unipoker11: posts big blind $1
*** HOLE CARDS ***
AndreaBsAs joins the table at seat #2 
XneferX: folds 
nikalas22: raises $1.20 to $2.20
J0SHB0SH: folds 
Unipoker11: raises $11.30 to $13.50
nikalas22: calls $11.30
*** FLOP *** [6d 7c 6h]
XneferX leaves the table
Unipoker11: checks 
nikalas22: bets $7.95
Unipoker11: calls $7.95
*** TURN *** [6d 7c 6h] [Th]
Unipoker11: checks 
nikalas22: bets $21.20
Unipoker11: folds 
Uncalled bet ($21.20) returned to nikalas22
nikalas22 collected $42.40 from pot
nikalas22: doesn't show hand 
*** SUMMARY ***
Total pot $43.40 | Rake $1 
Board [6d 7c 6h Th]
Seat 1: XneferX folded before Flop (didn't bet)
Seat 3: nikalas22 (button) collected ($42.40)
Seat 4: J0SHB0SH (small blind) folded before Flop
Seat 5: Unipoker11 (big blind) folded on the Turn



PokerStars Hand #254740057624:  Hold'em No Limit ($0.50/$1.00 USD) - 2025/02/06 21:35:53 WET [2025/02/06 16:35:53 ET]
Table 'Sirene II' 6-max Seat #4 is the button
Seat 2: AndreaBsAs ($100 in chips) 
Seat 3: nikalas22 ($125.19 in chips) 
Seat 4: J0SHB0SH ($102.77 in chips) 
Seat 5: Unipoker11 ($100 in chips) 
Unipoker11: posts small blind $0.50
AndreaBsAs: posts big blind $1
*** HOLE CARDS ***
nikalas22: raises $1.20 to $2.20
J0SHB0SH: folds 
Unipoker11: raises $8.80 to $11
AndreaBsAs: folds 
nikalas22: folds 
Uncalled bet ($8.80) returned to Unipoker11
Unipoker11 collected $5.40 from pot
Unipoker11: doesn't show hand 
michasia joins the table at seat #1 
*** SUMMARY ***
Total pot $5.40 | Rake $0 
Seat 2: AndreaBsAs (big blind) folded before Flop
Seat 3: nikalas22 folded before Flop
Seat 4: J0SHB0SH (button) folded before Flop (didn't bet)
Seat 5: Unipoker11 (small blind) collected ($5.40)



PokerStars Hand #254740066746:  Hold'em No Limit ($0.50/$1.00 USD) - 2025/02/06 21:36:23 WET [2025/02/06 16:36:23 ET]
Table 'Sirene II' 6-max Seat #5 is the button
Seat 1: michasia ($100 in chips) is sitting out
Seat 2: AndreaBsAs ($100 in chips) 
Seat 3: nikalas22 ($122.99 in chips) 
Seat 4: J0SHB0SH ($102.77 in chips) 
Seat 5: Unipoker11 ($103.20 in chips) 
AndreaBsAs: posts small blind $0.50
nikalas22: posts big blind $1
*** HOLE CARDS ***
J0SHB0SH: folds 
Unipoker11: raises $1.50 to $2.50
AndreaBsAs: folds 
nikalas22: folds 
Uncalled bet ($1.50) returned to Unipoker11
Unipoker11 collected $2.50 from pot
Unipoker11: doesn't show hand 
*** SUMMARY ***
Total pot $2.50 | Rake $0 
Seat 1: michasia
Seat 2: AndreaBsAs (small blind) folded before Flop
Seat 3: nikalas22 (big blind) folded before Flop
Seat 4: J0SHB0SH folded before Flop (didn't bet)
Seat 5: Unipoker11 (button) collected ($2.50)



PokerStars Hand #254740071017:  Hold'em No Limit ($0.50/$1.00 USD) - 2025/02/06 21:36:37 WET [2025/02/06 16:36:37 ET]
Table 'Sirene II' 6-max Seat #2 is the button
Seat 1: michasia ($100 in chips) is sitting out
Seat 2: AndreaBsAs ($100 in chips) 
Seat 3: nikalas22 ($121.99 in chips) 
Seat 4: J0SHB0SH ($102.77 in chips) 
Seat 5: Unipoker11 ($104.70 in chips) 
nikalas22: posts small blind $0.50
J0SHB0SH: posts big blind $1
michasia: sits out 
*** HOLE CARDS ***
Unipoker11: raises $1.30 to $2.30
AndreaBsAs: folds 
nikalas22: folds 
J0SHB0SH: folds 
Uncalled bet ($1.30) returned to Unipoker11
Unipoker11 collected $2.50 from pot
Unipoker11: doesn't show hand 
*** SUMMARY ***
Total pot $2.50 | Rake $0 
Seat 1: michasia
Seat 2: AndreaBsAs (button) folded before Flop (didn't bet)
Seat 3: nikalas22 (small blind) folded before Flop
Seat 4: J0SHB0SH (big blind) folded before Flop
Seat 5: Unipoker11 collected ($2.50)



PokerStars Hand #254740075504:  Hold'em No Limit ($0.50/$1.00 USD) - 2025/02/06 21:36:52 WET [2025/02/06 16:36:52 ET]
Table 'Sirene II' 6-max Seat #3 is the button
Seat 1: michasia ($100 in chips) is sitting out
Seat 2: AndreaBsAs ($100 in chips) 
Seat 3: nikalas22 ($121.49 in chips) 
Seat 4: J0SHB0SH ($101.77 in chips) 
Seat 5: Unipoker11 ($106.20 in chips) 
J0SHB0SH: posts small blind $0.50
Unipoker11: posts big blind $1
michasia: sits out 
*** HOLE CARDS ***
AndreaBsAs: raises $1.50 to $2.50
nikalas22: folds 
J0SHB0SH: folds 
Unipoker11: raises $11 to $13.50
AndreaBsAs: calls $11
*** FLOP *** [8s 9d 2h]
Unipoker11: bets $19.87
AndreaBsAs: folds 
Uncalled bet ($19.87) returned to Unipoker11
Unipoker11 collected $26.50 from pot
Unipoker11: doesn't show hand 
*** SUMMARY ***
Total pot $27.50 | Rake $1 
Board [8s 9d 2h]
Seat 1: michasia
Seat 2: AndreaBsAs folded on the Flop
Seat 3: nikalas22 (button) folded before Flop (didn't bet)
Seat 4: J0SHB0SH (small blind) folded before Flop
Seat 5: Unipoker11 (big blind) collected ($26.50)



PokerStars Hand #254740103512:  Hold'em No Limit ($0.50/$1.00 USD) - 2025/02/06 21:38:23 WET [2025/02/06 16:38:23 ET]
Table 'Sirene II' 6-max Seat #4 is the button
Seat 1: michasia ($100 in chips) 
Seat 2: AndreaBsAs ($100 in chips) 
Seat 3: nikalas22 ($121.49 in chips) 
Seat 4: J0SHB0SH ($101.27 in chips) 
Seat 5: Unipoker11 ($119.20 in chips) 
Unipoker11: posts small blind $0.50
michasia: posts big blind $1
*** HOLE CARDS ***
AndreaBsAs: folds 
nikalas22: folds 
J0SHB0SH: folds 
Unipoker11: folds 
Uncalled bet ($0.50) returned to michasia
michasia collected $1 from pot
michasia: doesn't show hand 
*** SUMMARY ***
Total pot $1 | Rake $0 
Seat 1: michasia (big blind) collected ($1)
Seat 2: AndreaBsAs folded before Flop (didn't bet)
Seat 3: nikalas22 folded before Flop (didn't bet)
Seat 4: J0SHB0SH (button) folded before Flop (didn't bet)
Seat 5: Unipoker11 (small blind) folded before Flop



PokerStars Hand #254740107783:  Hold'em No Limit ($0.50/$1.00 USD) - 2025/02/06 21:38:36 WET [2025/02/06 16:38:36 ET]
Table 'Sirene II' 6-max Seat #5 is the button
Seat 1: michasia ($100.50 in chips) 
Seat 2: AndreaBsAs ($100 in chips) 
Seat 3: nikalas22 ($121.49 in chips) 
Seat 4: J0SHB0SH ($101.27 in chips) 
Seat 5: Unipoker11 ($118.70 in chips) 
michasia: posts small blind $0.50
AndreaBsAs: posts big blind $1
*** HOLE CARDS ***
nikalas22: folds 
J0SHB0SH: folds 
Unipoker11: folds 
michasia: folds 
Uncalled bet ($0.50) returned to AndreaBsAs
AndreaBsAs collected $1 from pot
*** SUMMARY ***
Total pot $1 | Rake $0 
Seat 1: michasia (small blind) folded before Flop
Seat 2: AndreaBsAs (big blind) collected ($1)
Seat 3: nikalas22 folded before Flop (didn't bet)
Seat 4: J0SHB0SH folded before Flop (didn't bet)
Seat 5: Unipoker11 (button) folded before Flop (didn't bet)



PokerStars Hand #254740113115:  Hold'em No Limit ($0.50/$1.00 USD) - 2025/02/06 21:38:54 WET [2025/02/06 16:38:54 ET]
Table 'Sirene II' 6-max Seat #1 is the button
Seat 1: michasia ($100 in chips) 
Seat 2: AndreaBsAs ($100.50 in chips) 
Seat 3: nikalas22 ($121.49 in chips) 
Seat 4: J0SHB0SH ($101.27 in chips) 
Seat 5: Unipoker11 ($118.70 in chips) 
AndreaBsAs: posts small blind $0.50
nikalas22: posts big blind $1
*** HOLE CARDS ***
J0SHB0SH: raises $1 to $2
Unipoker11: folds 
michasia: folds 
AndreaBsAs: folds 
nikalas22: folds 
Uncalled bet ($1) returned to J0SHB0SH
J0SHB0SH collected $2.50 from pot
J0SHB0SH: doesn't show hand 
*** SUMMARY ***
Total pot $2.50 | Rake $0 
Seat 1: michasia (button) folded before Flop (didn't bet)
Seat 2: AndreaBsAs (small blind) folded before Flop
Seat 3: nikalas22 (big blind) folded before Flop
Seat 4: J0SHB0SH collected ($2.50)
Seat 5: Unipoker11 folded before Flop (didn't bet)



PokerStars Hand #254740121228:  Hold'em No Limit ($0.50/$1.00 USD) - 2025/02/06 21:39:21 WET [2025/02/06 16:39:21 ET]
Table 'Sirene II' 6-max Seat #2 is the button
Seat 1: michasia ($100 in chips) 
Seat 2: AndreaBsAs ($100 in chips) 
Seat 3: nikalas22 ($120.49 in chips) 
Seat 4: J0SHB0SH ($102.77 in chips) 
Seat 5: Unipoker11 ($118.70 in chips) 
nikalas22: posts small blind $0.50
J0SHB0SH: posts big blind $1
*** HOLE CARDS ***
Unipoker11: folds 
michasia: folds 
AndreaBsAs: folds 
nikalas22: raises $2 to $3
J0SHB0SH: calls $2
*** FLOP *** [6c Kh Js]
nikalas22: bets $4.28
J0SHB0SH: folds 
Uncalled bet ($4.28) returned to nikalas22
nikalas22 collected $5.70 from pot
nikalas22: doesn't show hand 
*** SUMMARY ***
Total pot $6 | Rake $0.30 
Board [6c Kh Js]
Seat 1: michasia folded before Flop (didn't bet)
Seat 2: AndreaBsAs (button) folded before Flop (didn't bet)
Seat 3: nikalas22 (small blind) collected ($5.70)
Seat 4: J0SHB0SH (big blind) folded on the Flop
Seat 5: Unipoker11 folded before Flop (didn't bet)



PokerStars Hand #254740130553:  Hold'em No Limit ($0.50/$1.00 USD) - 2025/02/06 21:39:52 WET [2025/02/06 16:39:52 ET]
Table 'Sirene II' 6-max Seat #3 is the button
Seat 1: michasia ($100 in chips) 
Seat 2: AndreaBsAs ($100 in chips) 
Seat 3: nikalas22 ($123.19 in chips) 
Seat 4: J0SHB0SH ($100 in chips) 
Seat 5: Unipoker11 ($118.70 in chips) 
J0SHB0SH: posts small blind $0.50
Unipoker11: posts big blind $1
*** HOLE CARDS ***
michasia: folds 
AndreaBsAs: folds 
nikalas22: folds 
J0SHB0SH: folds 
Uncalled bet ($0.50) returned to Unipoker11
Unipoker11 collected $1 from pot
Unipoker11: doesn't show hand 
*** SUMMARY ***
Total pot $1 | Rake $0 
Seat 1: michasia folded before Flop (didn't bet)
Seat 2: AndreaBsAs folded before Flop (didn't bet)
Seat 3: nikalas22 (button) folded before Flop (didn't bet)
Seat 4: J0SHB0SH (small blind) folded before Flop
Seat 5: Unipoker11 (big blind) collected ($1)



PokerStars Hand #254740134285:  Hold'em No Limit ($0.50/$1.00 USD) - 2025/02/06 21:40:04 WET [2025/02/06 16:40:04 ET]
Table 'Sirene II' 6-max Seat #4 is the button
Seat 1: michasia ($100 in chips) 
Seat 2: AndreaBsAs ($100 in chips) 
Seat 3: nikalas22 ($123.19 in chips) 
Seat 4: J0SHB0SH ($100 in chips) 
Seat 5: Unipoker11 ($119.20 in chips) 
Unipoker11: posts small blind $0.50
michasia: posts big blind $1
*** HOLE CARDS ***
AndreaBsAs: folds 
nikalas22: raises $1.20 to $2.20
J0SHB0SH: folds 
Emilly695 joins the table at seat #6 
Emilly695 is disconnected 
Unipoker11: folds 
michasia: folds 
Uncalled bet ($1.20) returned to nikalas22
nikalas22 collected $2.50 from pot
nikalas22: doesn't show hand 
*** SUMMARY ***
Total pot $2.50 | Rake $0 
Seat 1: michasia (big blind) folded before Flop
Seat 2: AndreaBsAs folded before Flop (didn't bet)
Seat 3: nikalas22 collected ($2.50)
Seat 4: J0SHB0SH (button) folded before Flop (didn't bet)
Seat 5: Unipoker11 (small blind) folded before Flop



PokerStars Hand #254740142037:  Hold'em No Limit ($0.50/$1.00 USD) - 2025/02/06 21:40:29 WET [2025/02/06 16:40:29 ET]
Table 'Sirene II' 6-max Seat #5 is the button
Seat 6: Emilly695 ($40 in chips) is sitting out
Seat 1: michasia ($100 in chips) 
Seat 2: AndreaBsAs ($100 in chips) 
Seat 3: nikalas22 ($124.69 in chips) 
Seat 4: J0SHB0SH ($100 in chips) 
Seat 5: Unipoker11 ($118.70 in chips) 
michasia: posts small blind $0.50
AndreaBsAs: posts big blind $1
*** HOLE CARDS ***
nikalas22: folds 
J0SHB0SH: folds 
Unipoker11: folds 
michasia: raises $2 to $3
AndreaBsAs: folds 
Uncalled bet ($2) returned to michasia
michasia collected $2 from pot
michasia: doesn't show hand 
*** SUMMARY ***
Total pot $2 | Rake $0 
Seat 6: Emilly695
Seat 1: michasia (small blind) collected ($2)
Seat 2: AndreaBsAs (big blind) folded before Flop
Seat 3: nikalas22 folded before Flop (didn't bet)
Seat 4: J0SHB0SH folded before Flop (didn't bet)
Seat 5: Unipoker11 (button) folded before Flop (didn't bet)



PokerStars Hand #254740149082:  Hold'em No Limit ($0.50/$1.00 USD) - 2025/02/06 21:40:52 WET [2025/02/06 16:40:52 ET]
Table 'Sirene II' 6-max Seat #1 is the button
Seat 6: Emilly695 ($40 in chips) is sitting out
Seat 1: michasia ($101 in chips) 
Seat 2: AndreaBsAs ($100 in chips) 
Seat 3: nikalas22 ($124.69 in chips) 
Seat 4: J0SHB0SH ($100 in chips) 
Seat 5: Unipoker11 ($118.70 in chips) 
AndreaBsAs: posts small blind $0.50
nikalas22: posts big blind $1
*** HOLE CARDS ***
J0SHB0SH: folds 
Unipoker11: folds 
michasia: raises $1.80 to $2.80
AndreaBsAs: folds 
nikalas22: folds 
Uncalled bet ($1.80) returned to michasia
michasia collected $2.50 from pot
michasia: doesn't show hand 
*** SUMMARY ***
Total pot $2.50 | Rake $0 
Seat 6: Emilly695
Seat 1: michasia (button) collected ($2.50)
Seat 2: AndreaBsAs (small blind) folded before Flop
Seat 3: nikalas22 (big blind) folded before Flop
Seat 4: J0SHB0SH folded before Flop (didn't bet)
Seat 5: Unipoker11 folded before Flop (didn't bet)



PokerStars Hand #254740159375:  Hold'em No Limit ($0.50/$1.00 USD) - 2025/02/06 21:41:27 WET [2025/02/06 16:41:27 ET]
Table 'Sirene II' 6-max Seat #2 is the button
Seat 6: Emilly695 ($40 in chips) is sitting out
Seat 1: michasia ($102.50 in chips) 
Seat 2: AndreaBsAs ($100 in chips) 
Seat 3: nikalas22 ($123.69 in chips) 
Seat 4: J0SHB0SH ($100 in chips) 
Seat 5: Unipoker11 ($118.70 in chips) 
nikalas22: posts small blind $0.50
J0SHB0SH: posts big blind $1
*** HOLE CARDS ***
Unipoker11: folds 
michasia: folds 
AndreaBsAs: folds 
nikalas22: folds 
Uncalled bet ($0.50) returned to J0SHB0SH
J0SHB0SH collected $1 from pot
J0SHB0SH: doesn't show hand 
*** SUMMARY ***
Total pot $1 | Rake $0 
Seat 6: Emilly695
Seat 1: michasia folded before Flop (didn't bet)
Seat 2: AndreaBsAs (button) folded before Flop (didn't bet)
Seat 3: nikalas22 (small blind) folded before Flop
Seat 4: J0SHB0SH (big blind) collected ($1)
Seat 5: Unipoker11 folded before Flop (didn't bet)



PokerStars Hand #254740164277:  Hold'em No Limit ($0.50/$1.00 USD) - 2025/02/06 21:41:43 WET [2025/02/06 16:41:43 ET]
Table 'Sirene II' 6-max Seat #3 is the button
Seat 6: Emilly695 ($40 in chips) is sitting out
Seat 1: michasia ($102.50 in chips) 
Seat 2: AndreaBsAs ($100 in chips) 
Seat 3: nikalas22 ($123.19 in chips) 
Seat 4: J0SHB0SH ($100.50 in chips) 
Seat 5: Unipoker11 ($118.70 in chips) 
J0SHB0SH: posts small blind $0.50
Unipoker11: posts big blind $1
*** HOLE CARDS ***
michasia: folds 
AndreaBsAs: folds 
nikalas22: raises $1.20 to $2.20
J0SHB0SH: folds 
Unipoker11: folds 
Uncalled bet ($1.20) returned to nikalas22
nikalas22 collected $2.50 from pot
nikalas22: doesn't show hand 
*** SUMMARY ***
Total pot $2.50 | Rake $0 
Seat 6: Emilly695
Seat 1: michasia folded before Flop (didn't bet)
Seat 2: AndreaBsAs folded before Flop (didn't bet)
Seat 3: nikalas22 (button) collected ($2.50)
Seat 4: J0SHB0SH (small blind) folded before Flop
Seat 5: Unipoker11 (big blind) folded before Flop



PokerStars Hand #254740171727:  Hold'em No Limit ($0.50/$1.00 USD) - 2025/02/06 21:42:07 WET [2025/02/06 16:42:07 ET]
Table 'Sirene II' 6-max Seat #4 is the button
Seat 6: Emilly695 ($40 in chips) is sitting out
Seat 1: michasia ($102.50 in chips) 
Seat 2: AndreaBsAs ($100 in chips) 
Seat 3: nikalas22 ($124.69 in chips) 
Seat 4: J0SHB0SH ($100 in chips) 
Seat 5: Unipoker11 ($117.70 in chips) 
Unipoker11: posts small blind $0.50
michasia: posts big blind $1
*** HOLE CARDS ***
AndreaBsAs: raises $1.20 to $2.20
nikalas22: folds 
J0SHB0SH: folds 
Unipoker11: folds 
michasia: folds 
Uncalled bet ($1.20) returned to AndreaBsAs
AndreaBsAs collected $2.50 from pot
*** SUMMARY ***
Total pot $2.50 | Rake $0 
Seat 6: Emilly695
Seat 1: michasia (big blind) folded before Flop
Seat 2: AndreaBsAs collected ($2.50)
Seat 3: nikalas22 folded before Flop (didn't bet)
Seat 4: J0SHB0SH (button) folded before Flop (didn't bet)
Seat 5: Unipoker11 (small blind) folded before Flop



PokerStars Hand #254740176923:  Hold'em No Limit ($0.50/$1.00 USD) - 2025/02/06 21:42:24 WET [2025/02/06 16:42:24 ET]
Table 'Sirene II' 6-max Seat #5 is the button
Seat 2: AndreaBsAs ($101.50 in chips) is sitting out
Seat 6: Emilly695 ($40 in chips) is sitting out
Seat 1: michasia ($101.50 in chips) 
Seat 3: nikalas22 ($124.69 in chips) 
Seat 4: J0SHB0SH ($100 in chips) 
Seat 5: Unipoker11 ($117.20 in chips) 
michasia: posts small blind $0.50
AndreaBsAs: is sitting out 
nikalas22: posts big blind $1
*** HOLE CARDS ***
J0SHB0SH: folds 
Unipoker11: raises $1.50 to $2.50
michasia: folds 
nikalas22: calls $1.50
*** FLOP *** [Td Kd Kc]
nikalas22: checks 
Unipoker11: bets $1.30
nikalas22: calls $1.30
*** TURN *** [Td Kd Kc] [As]
nikalas22: checks 
Unipoker11: checks 
*** RIVER *** [Td Kd Kc As] [Js]
nikalas22: bets $5.78
Unipoker11: folds 
Uncalled bet ($5.78) returned to nikalas22
nikalas22 collected $7.70 from pot
nikalas22: doesn't show hand 
*** SUMMARY ***
Total pot $8.10 | Rake $0.40 
Board [Td Kd Kc As Js]
Seat 2: AndreaBsAs
Seat 6: Emilly695
Seat 1: michasia (small blind) folded before Flop
Seat 3: nikalas22 (big blind) collected ($7.70)
Seat 4: J0SHB0SH folded before Flop (didn't bet)
Seat 5: Unipoker11 (button) folded on the River



PokerStars Hand #254740196463:  Hold'em No Limit ($0.50/$1.00 USD) - 2025/02/06 21:43:29 WET [2025/02/06 16:43:29 ET]
Table 'Sirene II' 6-max Seat #1 is the button
Seat 2: AndreaBsAs ($101.50 in chips) is sitting out
Seat 1: michasia ($101 in chips) 
Seat 3: nikalas22 ($128.59 in chips) 
Seat 4: J0SHB0SH ($100 in chips) 
Seat 5: Unipoker11 ($113.40 in chips) 
Seat 6: Emilly695 ($40 in chips) 
nikalas22: posts small blind $0.50
J0SHB0SH: posts big blind $1
Emilly695: posts small & big blinds $1.50
*** HOLE CARDS ***
Unipoker11: folds 
Emilly695: checks 
michasia: raises $3 to $4
nikalas22: folds 
J0SHB0SH: folds 
Emilly695: calls $3
*** FLOP *** [3s Qs 5h]
Emilly695: checks 
michasia: bets $3.14
Emilly695: calls $3.14
*** TURN *** [3s Qs 5h] [7s]
Emilly695: checks 
michasia: checks 
*** RIVER *** [3s Qs 5h 7s] [8c]
Emilly695: checks 
michasia: bets $19.34
Emilly695: calls $19.34
*** SHOW DOWN ***
michasia: shows [Kd 9d] (high card King)
Emilly695: shows [4h 3h] (a pair of Threes)
Emilly695 collected $52.46 from pot
*** SUMMARY ***
Total pot $54.96 | Rake $2.50 
Board [3s Qs 5h 7s 8c]
Seat 2: AndreaBsAs
Seat 1: michasia (button) showed [Kd 9d] and lost with high card King
Seat 3: nikalas22 (small blind) folded before Flop
Seat 4: J0SHB0SH (big blind) folded before Flop
Seat 5: Unipoker11 folded before Flop (didn't bet)
Seat 6: Emilly695 showed [4h 3h] and won ($52.46) with a pair of Threes



PokerStars Hand #254740215313:  Hold'em No Limit ($0.50/$1.00 USD) - 2025/02/06 21:44:32 WET [2025/02/06 16:44:32 ET]
Table 'Sirene II' 6-max Seat #3 is the button
Seat 2: AndreaBsAs ($101.50 in chips) is sitting out
Seat 1: michasia ($100 in chips) 
Seat 3: nikalas22 ($128.09 in chips) 
Seat 4: J0SHB0SH ($100 in chips) 
Seat 5: Unipoker11 ($113.40 in chips) 
Seat 6: Emilly695 ($65.48 in chips) 
J0SHB0SH: posts small blind $0.50
Unipoker11: posts big blind $1
AndreaBsAs: sits out 
*** HOLE CARDS ***
Emilly695: folds 
michasia: folds 
nikalas22: folds 
J0SHB0SH: raises $2 to $3
Unipoker11: calls $2
*** FLOP *** [Qs Th 8s]
J0SHB0SH: checks 
Unipoker11: bets $2.85
J0SHB0SH: folds 
Uncalled bet ($2.85) returned to Unipoker11
Unipoker11 collected $5.70 from pot
Unipoker11: doesn't show hand 
*** SUMMARY ***
Total pot $6 | Rake $0.30 
Board [Qs Th 8s]
Seat 2: AndreaBsAs
Seat 1: michasia folded before Flop (didn't bet)
Seat 3: nikalas22 (button) folded before Flop (didn't bet)
Seat 4: J0SHB0SH (small blind) folded on the Flop
Seat 5: Unipoker11 (big blind) collected ($5.70)
Seat 6: Emilly695 folded before Flop (didn't bet)



PokerStars Hand #254740230215:  Hold'em No Limit ($0.50/$1.00 USD) - 2025/02/06 21:45:21 WET [2025/02/06 16:45:21 ET]
Table 'Sirene II' 6-max Seat #4 is the button
Seat 2: AndreaBsAs ($101.50 in chips) is sitting out
Seat 1: michasia ($100 in chips) 
Seat 3: nikalas22 ($128.09 in chips) 
Seat 4: J0SHB0SH ($100 in chips) 
Seat 5: Unipoker11 ($116.10 in chips) 
Seat 6: Emilly695 ($65.48 in chips) 
Unipoker11: posts small blind $0.50
Emilly695: posts big blind $1
AndreaBsAs: sits out 
*** HOLE CARDS ***
michasia: folds 
nikalas22: folds 
J0SHB0SH: folds 
Unipoker11: folds 
Uncalled bet ($0.50) returned to Emilly695
Emilly695 collected $1 from pot
*** SUMMARY ***
Total pot $1 | Rake $0 
Seat 2: AndreaBsAs
Seat 1: michasia folded before Flop (didn't bet)
Seat 3: nikalas22 folded before Flop (didn't bet)
Seat 4: J0SHB0SH (button) folded before Flop (didn't bet)
Seat 5: Unipoker11 (small blind) folded before Flop
Seat 6: Emilly695 (big blind) collected ($1)



PokerStars Hand #254740235335:  Hold'em No Limit ($0.50/$1.00 USD) - 2025/02/06 21:45:38 WET [2025/02/06 16:45:38 ET]
Table 'Sirene II' 6-max Seat #5 is the button
Seat 2: AndreaBsAs ($101.50 in chips) is sitting out
Seat 1: michasia ($100 in chips) 
Seat 3: nikalas22 ($128.09 in chips) 
Seat 4: J0SHB0SH ($100 in chips) 
Seat 5: Unipoker11 ($115.60 in chips) 
Seat 6: Emilly695 ($65.98 in chips) 
Emilly695: posts small blind $0.50
michasia: posts big blind $1
AndreaBsAs: sits out 
*** HOLE CARDS ***
nikalas22: folds 
J0SHB0SH: folds 
Unipoker11: folds 
Emilly695: folds 
Uncalled bet ($0.50) returned to michasia
michasia collected $1 from pot
michasia: doesn't show hand 
*** SUMMARY ***
Total pot $1 | Rake $0 
Seat 2: AndreaBsAs
Seat 1: michasia (big blind) collected ($1)
Seat 3: nikalas22 folded before Flop (didn't bet)
Seat 4: J0SHB0SH folded before Flop (didn't bet)
Seat 5: Unipoker11 (button) folded before Flop (didn't bet)
Seat 6: Emilly695 (small blind) folded before Flop



PokerStars Hand #254740239498:  Hold'em No Limit ($0.50/$1.00 USD) - 2025/02/06 21:45:52 WET [2025/02/06 16:45:52 ET]
Table 'Sirene II' 6-max Seat #6 is the button
Seat 1: michasia ($100.50 in chips) 
Seat 2: AndreaBsAs ($101.50 in chips) 
Seat 3: nikalas22 ($128.09 in chips) 
Seat 4: J0SHB0SH ($100 in chips) 
Seat 5: Unipoker11 ($115.60 in chips) 
Seat 6: Emilly695 ($65.48 in chips) 
michasia: posts small blind $0.50
AndreaBsAs: posts big blind $1
*** HOLE CARDS ***
nikalas22: folds 
J0SHB0SH: folds 
Unipoker11: folds 
Emilly695: calls $1
michasia: folds 
AndreaBsAs: checks 
*** FLOP *** [Ts 8s 6d]
AndreaBsAs: checks 
Emilly695: checks 
*** TURN *** [Ts 8s 6d] [Qs]
AndreaBsAs: checks 
Emilly695: checks 
*** RIVER *** [Ts 8s 6d Qs] [2c]
AndreaBsAs: bets $1.78
Emilly695: folds 
Uncalled bet ($1.78) returned to AndreaBsAs
AndreaBsAs collected $2.38 from pot
*** SUMMARY ***
Total pot $2.50 | Rake $0.12 
Board [Ts 8s 6d Qs 2c]
Seat 1: michasia (small blind) folded before Flop
Seat 2: AndreaBsAs (big blind) collected ($2.38)
Seat 3: nikalas22 folded before Flop (didn't bet)
Seat 4: J0SHB0SH folded before Flop (didn't bet)
Seat 5: Unipoker11 folded before Flop (didn't bet)
Seat 6: Emilly695 (button) folded on the River



PokerStars Hand #254740257855:  Hold'em No Limit ($0.50/$1.00 USD) - 2025/02/06 21:46:53 WET [2025/02/06 16:46:53 ET]
Table 'Sirene II' 6-max Seat #1 is the button
Seat 1: michasia ($100 in chips) 
Seat 2: AndreaBsAs ($102.88 in chips) 
Seat 3: nikalas22 ($128.09 in chips) 
Seat 4: J0SHB0SH ($100 in chips) 
Seat 5: Unipoker11 ($115.60 in chips) 
Seat 6: Emilly695 ($64.48 in chips) 
AndreaBsAs: posts small blind $0.50
nikalas22: posts big blind $1
*** HOLE CARDS ***
J0SHB0SH: raises $1 to $2
Unipoker11: folds 
Emilly695: calls $2
michasia: folds 
AndreaBsAs: folds 
nikalas22: folds 
*** FLOP *** [3h 4s 5s]
J0SHB0SH: checks 
Emilly695: bets $2
J0SHB0SH: calls $2
*** TURN *** [3h 4s 5s] [Ad]
J0SHB0SH: checks 
Emilly695: bets $4
J0SHB0SH: calls $4
*** RIVER *** [3h 4s 5s Ad] [7s]
J0SHB0SH: checks 
Emilly695: bets $6
J0SHB0SH: calls $6
*** SHOW DOWN ***
Emilly695: shows [2c Ac] (a straight, Ace to Five)
J0SHB0SH: mucks hand 
Emilly695 collected $28.02 from pot
*** SUMMARY ***
Total pot $29.50 | Rake $1.48 
Board [3h 4s 5s Ad 7s]
Seat 1: michasia (button) folded before Flop (didn't bet)
Seat 2: AndreaBsAs (small blind) folded before Flop
Seat 3: nikalas22 (big blind) folded before Flop
Seat 4: J0SHB0SH mucked
Seat 5: Unipoker11 folded before Flop (didn't bet)
Seat 6: Emilly695 showed [2c Ac] and won ($28.02) with a straight, Ace to Five



PokerStars Hand #254740283987:  Hold'em No Limit ($0.50/$1.00 USD) - 2025/02/06 21:48:20 WET [2025/02/06 16:48:20 ET]
Table 'Sirene II' 6-max Seat #2 is the button
Seat 1: michasia ($100 in chips) 
Seat 2: AndreaBsAs ($102.38 in chips) 
Seat 3: nikalas22 ($127.09 in chips) 
Seat 4: J0SHB0SH ($100 in chips) 
Seat 5: Unipoker11 ($115.60 in chips) 
Seat 6: Emilly695 ($78.50 in chips) 
nikalas22: posts small blind $0.50
J0SHB0SH: posts big blind $1
*** HOLE CARDS ***
Unipoker11: raises $1 to $2
Emilly695: raises $1 to $3
michasia: calls $3
AndreaBsAs: folds 
nikalas22: folds 
J0SHB0SH: folds 
Unipoker11: calls $1
*** FLOP *** [Ts 6d Qs]
Unipoker11: checks 
Emilly695: checks 
michasia: bets $6.65
Unipoker11: calls $6.65
Emilly695: folds 
*** TURN *** [Ts 6d Qs] [2h]
Unipoker11: checks 
michasia: checks 
*** RIVER *** [Ts 6d Qs 2h] [4s]
Unipoker11: checks 
michasia: checks 
*** SHOW DOWN ***
Unipoker11: shows [Qh As] (a pair of Queens)
michasia: mucks hand 
Unipoker11 collected $22.61 from pot
*** SUMMARY ***
Total pot $23.80 | Rake $1.19 
Board [Ts 6d Qs 2h 4s]
Seat 1: michasia mucked
Seat 2: AndreaBsAs (button) folded before Flop (didn't bet)
Seat 3: nikalas22 (small blind) folded before Flop
Seat 4: J0SHB0SH (big blind) folded before Flop
Seat 5: Unipoker11 showed [Qh As] and won ($22.61) with a pair of Queens
Seat 6: Emilly695 folded on the Flop



PokerStars Hand #254740308682:  Hold'em No Limit ($0.50/$1.00 USD) - 2025/02/06 21:49:42 WET [2025/02/06 16:49:42 ET]
Table 'Sirene II' 6-max Seat #3 is the button
Seat 1: michasia ($100 in chips) 
Seat 2: AndreaBsAs ($102.38 in chips) 
Seat 3: nikalas22 ($126.59 in chips) 
Seat 4: J0SHB0SH ($100 in chips) 
Seat 5: Unipoker11 ($128.56 in chips) 
Seat 6: Emilly695 ($75.50 in chips) 
J0SHB0SH: posts small blind $0.50
Unipoker11: posts big blind $1
*** HOLE CARDS ***
Emilly695: folds 
michasia: folds 
AndreaBsAs: raises $1.50 to $2.50
nikalas22: folds 
J0SHB0SH: folds 
Unipoker11: raises $11 to $13.50
AndreaBsAs: folds 
Uncalled bet ($11) returned to Unipoker11
Unipoker11 collected $5.50 from pot
Unipoker11: doesn't show hand 
*** SUMMARY ***
Total pot $5.50 | Rake $0 
Seat 1: michasia folded before Flop (didn't bet)
Seat 2: AndreaBsAs folded before Flop
Seat 3: nikalas22 (button) folded before Flop (didn't bet)
Seat 4: J0SHB0SH (small blind) folded before Flop
Seat 5: Unipoker11 (big blind) collected ($5.50)
Seat 6: Emilly695 folded before Flop (didn't bet)



PokerStars Hand #254740320550:  Hold'em No Limit ($0.50/$1.00 USD) - 2025/02/06 21:50:22 WET [2025/02/06 16:50:22 ET]
Table 'Sirene II' 6-max Seat #4 is the button
Seat 1: michasia ($100 in chips) 
Seat 2: AndreaBsAs ($100 in chips) 
Seat 3: nikalas22 ($126.59 in chips) 
Seat 4: J0SHB0SH ($100 in chips) 
Seat 5: Unipoker11 ($131.56 in chips) 
Seat 6: Emilly695 ($75.50 in chips) 
Unipoker11: posts small blind $0.50
Emilly695: posts big blind $1
*** HOLE CARDS ***
michasia: folds 
AndreaBsAs: folds 
nikalas22: raises $1.20 to $2.20
J0SHB0SH: folds 
Unipoker11: folds 
Emilly695: folds 
Uncalled bet ($1.20) returned to nikalas22
nikalas22 collected $2.50 from pot
nikalas22: doesn't show hand 
*** SUMMARY ***
Total pot $2.50 | Rake $0 
Seat 1: michasia folded before Flop (didn't bet)
Seat 2: AndreaBsAs folded before Flop (didn't bet)
Seat 3: nikalas22 collected ($2.50)
Seat 4: J0SHB0SH (button) folded before Flop (didn't bet)
Seat 5: Unipoker11 (small blind) folded before Flop
Seat 6: Emilly695 (big blind) folded before Flop



PokerStars Hand #254740328200:  Hold'em No Limit ($0.50/$1.00 USD) - 2025/02/06 21:50:47 WET [2025/02/06 16:50:47 ET]
Table 'Sirene II' 6-max Seat #5 is the button
Seat 1: michasia ($100 in chips) 
Seat 2: AndreaBsAs ($100 in chips) 
Seat 3: nikalas22 ($128.09 in chips) 
Seat 4: J0SHB0SH ($100 in chips) 
Seat 5: Unipoker11 ($131.06 in chips) 
Seat 6: Emilly695 ($74.50 in chips) 
Emilly695: posts small blind $0.50
michasia: posts big blind $1
*** HOLE CARDS ***
AndreaBsAs: raises $1.20 to $2.20
nikalas22: folds 
J0SHB0SH: folds 
Unipoker11: calls $2.20
Emilly695: folds 
michasia: folds 
*** FLOP *** [Ad Td 3d]
AndreaBsAs: bets $1.85
Unipoker11: calls $1.85
*** TURN *** [Ad Td 3d] [Qs]
AndreaBsAs: bets $7.02
Unipoker11: folds 
Uncalled bet ($7.02) returned to AndreaBsAs
AndreaBsAs collected $9.12 from pot
*** SUMMARY ***
Total pot $9.60 | Rake $0.48 
Board [Ad Td 3d Qs]
Seat 1: michasia (big blind) folded before Flop
Seat 2: AndreaBsAs collected ($9.12)
Seat 3: nikalas22 folded before Flop (didn't bet)
Seat 4: J0SHB0SH folded before Flop (didn't bet)
Seat 5: Unipoker11 (button) folded on the Turn
Seat 6: Emilly695 (small blind) folded before Flop



PokerStars Hand #254740349219:  Hold'em No Limit ($0.50/$1.00 USD) - 2025/02/06 21:51:58 WET [2025/02/06 16:51:58 ET]
Table 'Sirene II' 6-max Seat #6 is the button
Seat 1: michasia ($100 in chips) 
Seat 2: AndreaBsAs ($105.07 in chips) 
Seat 3: nikalas22 ($128.09 in chips) 
Seat 4: J0SHB0SH ($100 in chips) 
Seat 5: Unipoker11 ($127.01 in chips) 
Seat 6: Emilly695 ($74 in chips) 
michasia: posts small blind $0.50
AndreaBsAs: posts big blind $1
*** HOLE CARDS ***
nikalas22: folds 
J0SHB0SH: folds 
Unipoker11: folds 
Emilly695: folds 
michasia: folds 
Uncalled bet ($0.50) returned to AndreaBsAs
AndreaBsAs collected $1 from pot
*** SUMMARY ***
Total pot $1 | Rake $0 
Seat 1: michasia (small blind) folded before Flop
Seat 2: AndreaBsAs (big blind) collected ($1)
Seat 3: nikalas22 folded before Flop (didn't bet)
Seat 4: J0SHB0SH folded before Flop (didn't bet)
Seat 5: Unipoker11 folded before Flop (didn't bet)
Seat 6: Emilly695 (button) folded before Flop (didn't bet)



PokerStars Hand #254740353007:  Hold'em No Limit ($0.50/$1.00 USD) - 2025/02/06 21:52:11 WET [2025/02/06 16:52:11 ET]
Table 'Sirene II' 6-max Seat #1 is the button
Seat 1: michasia ($100 in chips) 
Seat 2: AndreaBsAs ($105.57 in chips) 
Seat 3: nikalas22 ($128.09 in chips) 
Seat 4: J0SHB0SH ($100 in chips) 
Seat 5: Unipoker11 ($127.01 in chips) 
Seat 6: Emilly695 ($74 in chips) 
AndreaBsAs: posts small blind $0.50
nikalas22: posts big blind $1
*** HOLE CARDS ***
J0SHB0SH: folds 
Unipoker11: folds 
Emilly695: raises $2 to $3
michasia: folds 
AndreaBsAs: folds 
nikalas22: calls $2
*** FLOP *** [3d Tc Qc]
nikalas22: checks 
Emilly695: bets $3
nikalas22: calls $3
*** TURN *** [3d Tc Qc] [6s]
nikalas22: checks 
Emilly695: bets $6
nikalas22: calls $6
*** RIVER *** [3d Tc Qc 6s] [8h]
nikalas22: checks 
Emilly695: bets $20
nikalas22: calls $20
*** SHOW DOWN ***
Emilly695: shows [Ah Jh] (high card Ace)
nikalas22: shows [Kh Qd] (a pair of Queens)
nikalas22 collected $62 from pot
*** SUMMARY ***
Total pot $64.50 | Rake $2.50 
Board [3d Tc Qc 6s 8h]
Seat 1: michasia (button) folded before Flop (didn't bet)
Seat 2: AndreaBsAs (small blind) folded before Flop
Seat 3: nikalas22 (big blind) showed [Kh Qd] and won ($62) with a pair of Queens
Seat 4: J0SHB0SH folded before Flop (didn't bet)
Seat 5: Unipoker11 folded before Flop (didn't bet)
Seat 6: Emilly695 showed [Ah Jh] and lost with high card Ace



PokerStars Hand #254740466488:  Hold'em No Limit ($0.50/$1.00 USD) - 2025/02/06 22:00:05 WET [2025/02/06 17:00:05 ET]
Table 'Sirene II' 6-max Seat #1 is the button
Seat 1: michasia ($117.80 in chips) 
Seat 2: AndreaBsAs ($111.28 in chips) 
Seat 3: nikalas22 ($163.41 in chips) 
Seat 4: J0SHB0SH ($132.52 in chips) 
Seat 5: Unipoker11 ($116.77 in chips) 
Seat 6: Emilly695 ($83.19 in chips) 
AndreaBsAs: posts small blind $0.50
nikalas22: posts big blind $1
*** HOLE CARDS ***
J0SHB0SH: folds 
Unipoker11: raises $1 to $2
Emilly695: calls $2
michasia: folds 
AndreaBsAs: folds 
nikalas22: folds 
*** FLOP *** [9d Kd 3d]
Unipoker11: checks 
Emilly695: bets $2
Unipoker11: calls $2
*** TURN *** [9d Kd 3d] [As]
Unipoker11: checks 
Emilly695: bets $2
Unipoker11: calls $2
*** RIVER *** [9d Kd 3d As] [5h]
Unipoker11: checks 
Emilly695: bets $4
Unipoker11: calls $4
*** SHOW DOWN ***
Emilly695: shows [6h Kh] (a pair of Kings)
Unipoker11: mucks hand 
Emilly695 collected $20.42 from pot
*** SUMMARY ***
Total pot $21.50 | Rake $1.08 
Board [9d Kd 3d As 5h]
Seat 1: michasia (button) folded before Flop (didn't bet)
Seat 2: AndreaBsAs (small blind) folded before Flop
Seat 3: nikalas22 (big blind) folded before Flop
Seat 4: J0SHB0SH folded before Flop (didn't bet)
Seat 5: Unipoker11 mucked
Seat 6: Emilly695 showed [6h Kh] and won ($20.42) with a pair of Kings



PokerStars Hand #254740479305:  Hold'em No Limit ($0.50/$1.00 USD) - 2025/02/06 22:01:01 WET [2025/02/06 17:01:01 ET]
Table 'Sirene II' 6-max Seat #2 is the button
Seat 1: michasia ($117.80 in chips) 
Seat 2: AndreaBsAs ($110.78 in chips) 
Seat 3: nikalas22 ($162.41 in chips) 
Seat 4: J0SHB0SH ($132.52 in chips) 
Seat 5: Unipoker11 ($106.77 in chips) 
Seat 6: Emilly695 ($93.61 in chips) 
nikalas22: posts small blind $0.50
J0SHB0SH: posts big blind $1
*** HOLE CARDS ***
Unipoker11: raises $1 to $2
Emilly695: folds 
michasia: folds 
AndreaBsAs: folds 
nikalas22: folds 
J0SHB0SH: folds 
Uncalled bet ($1) returned to Unipoker11
Unipoker11 collected $2.50 from pot
Unipoker11: doesn't show hand 
*** SUMMARY ***
Total pot $2.50 | Rake $0 
Seat 1: michasia folded before Flop (didn't bet)
Seat 2: AndreaBsAs (button) folded before Flop (didn't bet)
Seat 3: nikalas22 (small blind) folded before Flop
Seat 4: J0SHB0SH (big blind) folded before Flop
Seat 5: Unipoker11 collected ($2.50)
Seat 6: Emilly695 folded before Flop (didn't bet)



PokerStars Hand #254740482988:  Hold'em No Limit ($0.50/$1.00 USD) - 2025/02/06 22:01:16 WET [2025/02/06 17:01:16 ET]
Table 'Sirene II' 6-max Seat #3 is the button
Seat 1: michasia ($117.80 in chips) 
Seat 2: AndreaBsAs ($110.78 in chips) 
Seat 3: nikalas22 ($161.91 in chips) 
Seat 4: J0SHB0SH ($131.52 in chips) 
Seat 5: Unipoker11 ($108.27 in chips) 
Seat 6: Emilly695 ($93.61 in chips) 
J0SHB0SH: posts small blind $0.50
Unipoker11: posts big blind $1
*** HOLE CARDS ***
Emilly695: calls $1
michasia: folds 
AndreaBsAs: folds 
nikalas22: folds 
J0SHB0SH: folds 
Unipoker11: raises $5 to $6
Emilly695: calls $5
*** FLOP *** [Ts Qh 2c]
Unipoker11: checks 
Emilly695: checks 
*** TURN *** [Ts Qh 2c] [Ks]
Unipoker11: checks 
Emilly695: checks 
*** RIVER *** [Ts Qh 2c Ks] [3c]
Unipoker11: bets $8.91
Emilly695: folds 
Uncalled bet ($8.91) returned to Unipoker11
Unipoker11 collected $11.88 from pot
Unipoker11: doesn't show hand 
*** SUMMARY ***
Total pot $12.50 | Rake $0.62 
Board [Ts Qh 2c Ks 3c]
Seat 1: michasia folded before Flop (didn't bet)
Seat 2: AndreaBsAs folded before Flop (didn't bet)
Seat 3: nikalas22 (button) folded before Flop (didn't bet)
Seat 4: J0SHB0SH (small blind) folded before Flop
Seat 5: Unipoker11 (big blind) collected ($11.88)
Seat 6: Emilly695 folded on the River



PokerStars Hand #254740498637:  Hold'em No Limit ($0.50/$1.00 USD) - 2025/02/06 22:02:12 WET [2025/02/06 17:02:12 ET]
Table 'Sirene II' 6-max Seat #4 is the button
Seat 1: michasia ($117.80 in chips) 
Seat 2: AndreaBsAs ($110.78 in chips) 
Seat 3: nikalas22 ($161.91 in chips) 
Seat 4: J0SHB0SH ($131.02 in chips) 
Seat 5: Unipoker11 ($114.15 in chips) 
Seat 6: Emilly695 ($87.61 in chips) 
Unipoker11: posts small blind $0.50
Emilly695: posts big blind $1
*** HOLE CARDS ***
michasia: folds 
AndreaBsAs: raises $1.20 to $2.20
nikalas22: raises $5.80 to $8
J0SHB0SH: folds 
Unipoker11: folds 
Emilly695: calls $7
AndreaBsAs: raises $23 to $31
nikalas22: folds 
Emilly695: folds 
Uncalled bet ($23) returned to AndreaBsAs
AndreaBsAs collected $24.50 from pot
*** SUMMARY ***
Total pot $24.50 | Rake $0 
Seat 1: michasia folded before Flop (didn't bet)
Seat 2: AndreaBsAs collected ($24.50)
Seat 3: nikalas22 folded before Flop
Seat 4: J0SHB0SH (button) folded before Flop (didn't bet)
Seat 5: Unipoker11 (small blind) folded before Flop
Seat 6: Emilly695 (big blind) folded before Flop



PokerStars Hand #254740511947:  Hold'em No Limit ($0.50/$1.00 USD) - 2025/02/06 22:03:00 WET [2025/02/06 17:03:00 ET]
Table 'Sirene II' 6-max Seat #5 is the button
Seat 1: michasia ($117.80 in chips) 
Seat 2: AndreaBsAs ($127.28 in chips) 
Seat 3: nikalas22 ($153.91 in chips) 
Seat 4: J0SHB0SH ($131.02 in chips) 
Seat 5: Unipoker11 ($113.65 in chips) 
Seat 6: Emilly695 ($79.61 in chips) 
Emilly695: posts small blind $0.50
michasia: posts big blind $1
*** HOLE CARDS ***
AndreaBsAs: folds 
nikalas22: folds 
J0SHB0SH: raises $1.50 to $2.50
Unipoker11: folds 
Emilly695: folds 
michasia: folds 
Uncalled bet ($1.50) returned to J0SHB0SH
J0SHB0SH collected $2.50 from pot
J0SHB0SH: doesn't show hand 
*** SUMMARY ***
Total pot $2.50 | Rake $0 
Seat 1: michasia (big blind) folded before Flop
Seat 2: AndreaBsAs folded before Flop (didn't bet)
Seat 3: nikalas22 folded before Flop (didn't bet)
Seat 4: J0SHB0SH collected ($2.50)
Seat 5: Unipoker11 (button) folded before Flop (didn't bet)
Seat 6: Emilly695 (small blind) folded before Flop



PokerStars Hand #254740519265:  Hold'em No Limit ($0.50/$1.00 USD) - 2025/02/06 22:03:25 WET [2025/02/06 17:03:25 ET]
Table 'Sirene II' 6-max Seat #6 is the button
Seat 1: michasia ($116.80 in chips) is sitting out
Seat 2: AndreaBsAs ($127.28 in chips) 
Seat 3: nikalas22 ($153.91 in chips) 
Seat 4: J0SHB0SH ($132.52 in chips) 
Seat 5: Unipoker11 ($113.65 in chips) 
Seat 6: Emilly695 ($79.11 in chips) 
AndreaBsAs: posts small blind $0.50
nikalas22: posts big blind $1
*** HOLE CARDS ***
J0SHB0SH: folds 
Unipoker11: folds 
Emilly695: folds 
AndreaBsAs: folds 
Uncalled bet ($0.50) returned to nikalas22
nikalas22 collected $1 from pot
nikalas22: doesn't show hand 
*** SUMMARY ***
Total pot $1 | Rake $0 
Seat 1: michasia
Seat 2: AndreaBsAs (small blind) folded before Flop
Seat 3: nikalas22 (big blind) collected ($1)
Seat 4: J0SHB0SH folded before Flop (didn't bet)
Seat 5: Unipoker11 folded before Flop (didn't bet)
Seat 6: Emilly695 (button) folded before Flop (didn't bet)



PokerStars Hand #254740523980:  Hold'em No Limit ($0.50/$1.00 USD) - 2025/02/06 22:03:42 WET [2025/02/06 17:03:42 ET]
Table 'Sirene II' 6-max Seat #2 is the button
Seat 1: michasia ($116.80 in chips) is sitting out
Seat 2: AndreaBsAs ($126.78 in chips) 
Seat 3: nikalas22 ($154.41 in chips) 
Seat 4: J0SHB0SH ($132.52 in chips) 
Seat 5: Unipoker11 ($113.65 in chips) 
Seat 6: Emilly695 ($79.11 in chips) 
nikalas22: posts small blind $0.50
J0SHB0SH: posts big blind $1
*** HOLE CARDS ***
Unipoker11: folds 
Emilly695: calls $1
AndreaBsAs: folds 
nikalas22: folds 
J0SHB0SH: checks 
*** FLOP *** [5d 9s Td]
J0SHB0SH: checks 
Emilly695: checks 
*** TURN *** [5d 9s Td] [Qh]
J0SHB0SH: bets $1.57
Emilly695: folds 
Uncalled bet ($1.57) returned to J0SHB0SH
J0SHB0SH collected $2.38 from pot
J0SHB0SH: doesn't show hand 
*** SUMMARY ***
Total pot $2.50 | Rake $0.12 
Board [5d 9s Td Qh]
Seat 1: michasia
Seat 2: AndreaBsAs (button) folded before Flop (didn't bet)
Seat 3: nikalas22 (small blind) folded before Flop
Seat 4: J0SHB0SH (big blind) collected ($2.38)
Seat 5: Unipoker11 folded before Flop (didn't bet)
Seat 6: Emilly695 folded on the Turn



PokerStars Hand #254740537359:  Hold'em No Limit ($0.50/$1.00 USD) - 2025/02/06 22:04:28 WET [2025/02/06 17:04:28 ET]
Table 'Sirene II' 6-max Seat #3 is the button
Seat 1: michasia ($116.80 in chips) is sitting out
Seat 2: AndreaBsAs ($126.78 in chips) 
Seat 3: nikalas22 ($153.91 in chips) 
Seat 4: J0SHB0SH ($133.90 in chips) 
Seat 5: Unipoker11 ($113.65 in chips) 
Seat 6: Emilly695 ($78.11 in chips) 
J0SHB0SH: posts small blind $0.50
Unipoker11: posts big blind $1
*** HOLE CARDS ***
Emilly695: folds 
AndreaBsAs: folds 
nikalas22: raises $1.20 to $2.20
J0SHB0SH: folds 
Unipoker11: folds 
Uncalled bet ($1.20) returned to nikalas22
nikalas22 collected $2.50 from pot
nikalas22: doesn't show hand 
*** SUMMARY ***
Total pot $2.50 | Rake $0 
Seat 1: michasia
Seat 2: AndreaBsAs folded before Flop (didn't bet)
Seat 3: nikalas22 (button) collected ($2.50)
Seat 4: J0SHB0SH (small blind) folded before Flop
Seat 5: Unipoker11 (big blind) folded before Flop
Seat 6: Emilly695 folded before Flop (didn't bet)



PokerStars Hand #254740544558:  Hold'em No Limit ($0.50/$1.00 USD) - 2025/02/06 22:04:53 WET [2025/02/06 17:04:53 ET]
Table 'Sirene II' 6-max Seat #4 is the button
Seat 1: michasia ($116.80 in chips) is sitting out
Seat 2: AndreaBsAs ($126.78 in chips) 
Seat 3: nikalas22 ($155.41 in chips) 
Seat 4: J0SHB0SH ($133.40 in chips) 
Seat 5: Unipoker11 ($112.65 in chips) 
Seat 6: Emilly695 ($78.11 in chips) 
Unipoker11: posts small blind $0.50
Emilly695: posts big blind $1
*** HOLE CARDS ***
AndreaBsAs: folds 
nikalas22: folds 
J0SHB0SH: folds 
Unipoker11: raises $1.50 to $2.50
Emilly695: folds 
Uncalled bet ($1.50) returned to Unipoker11
Unipoker11 collected $2 from pot
Unipoker11: doesn't show hand 
*** SUMMARY ***
Total pot $2 | Rake $0 
Seat 1: michasia
Seat 2: AndreaBsAs folded before Flop (didn't bet)
Seat 3: nikalas22 folded before Flop (didn't bet)
Seat 4: J0SHB0SH (button) folded before Flop (didn't bet)
Seat 5: Unipoker11 (small blind) collected ($2)
Seat 6: Emilly695 (big blind) folded before Flop



PokerStars Hand #254740550156:  Hold'em No Limit ($0.50/$1.00 USD) - 2025/02/06 22:05:12 WET [2025/02/06 17:05:12 ET]
Table 'Sirene II' 6-max Seat #5 is the button
Seat 1: michasia ($116.80 in chips) is sitting out
Seat 2: AndreaBsAs ($126.78 in chips) 
Seat 3: nikalas22 ($155.41 in chips) 
Seat 4: J0SHB0SH ($133.40 in chips) 
Seat 5: Unipoker11 ($113.65 in chips) 
Seat 6: Emilly695 ($77.11 in chips) 
Emilly695: posts small blind $0.50
AndreaBsAs: posts big blind $1
*** HOLE CARDS ***
nikalas22: folds 
J0SHB0SH: folds 
Unipoker11: folds 
Emilly695: raises $1 to $2
AndreaBsAs: folds 
Uncalled bet ($1) returned to Emilly695
Emilly695 collected $2 from pot
*** SUMMARY ***
Total pot $2 | Rake $0 
Seat 1: michasia
Seat 2: AndreaBsAs (big blind) folded before Flop
Seat 3: nikalas22 folded before Flop (didn't bet)
Seat 4: J0SHB0SH folded before Flop (didn't bet)
Seat 5: Unipoker11 (button) folded before Flop (didn't bet)
Seat 6: Emilly695 (small blind) collected ($2)



PokerStars Hand #254740554564:  Hold'em No Limit ($0.50/$1.00 USD) - 2025/02/06 22:05:27 WET [2025/02/06 17:05:27 ET]
Table 'Sirene II' 6-max Seat #6 is the button
Seat 1: michasia ($116.80 in chips) is sitting out
Seat 2: AndreaBsAs ($125.78 in chips) 
Seat 3: nikalas22 ($155.41 in chips) 
Seat 4: J0SHB0SH ($133.40 in chips) 
Seat 5: Unipoker11 ($113.65 in chips) 
Seat 6: Emilly695 ($78.11 in chips) 
AndreaBsAs: posts small blind $0.50
nikalas22: posts big blind $1
*** HOLE CARDS ***
J0SHB0SH: folds 
Unipoker11: folds 
Emilly695: folds 
AndreaBsAs: raises $2 to $3
nikalas22: folds 
Uncalled bet ($2) returned to AndreaBsAs
AndreaBsAs collected $2 from pot
*** SUMMARY ***
Total pot $2 | Rake $0 
Seat 1: michasia
Seat 2: AndreaBsAs (small blind) collected ($2)
Seat 3: nikalas22 (big blind) folded before Flop
Seat 4: J0SHB0SH folded before Flop (didn't bet)
Seat 5: Unipoker11 folded before Flop (didn't bet)
Seat 6: Emilly695 (button) folded before Flop (didn't bet)



PokerStars Hand #254740561587:  Hold'em No Limit ($0.50/$1.00 USD) - 2025/02/06 22:05:52 WET [2025/02/06 17:05:52 ET]
Table 'Sirene II' 6-max Seat #2 is the button
Seat 1: michasia ($116.80 in chips) is sitting out
Seat 2: AndreaBsAs ($126.78 in chips) 
Seat 3: nikalas22 ($154.41 in chips) 
Seat 4: J0SHB0SH ($133.40 in chips) 
Seat 5: Unipoker11 ($113.65 in chips) 
Seat 6: Emilly695 ($78.11 in chips) 
nikalas22: posts small blind $0.50
J0SHB0SH: posts big blind $1
*** HOLE CARDS ***
Unipoker11: folds 
Emilly695: calls $1
AndreaBsAs: folds 
nikalas22: folds 
J0SHB0SH: checks 
*** FLOP *** [4h Qs Js]
J0SHB0SH: checks 
Emilly695: checks 
*** TURN *** [4h Qs Js] [7d]
J0SHB0SH: checks 
Emilly695: checks 
*** RIVER *** [4h Qs Js 7d] [6s]
J0SHB0SH: checks 
Emilly695: checks 
*** SHOW DOWN ***
J0SHB0SH: shows [Ac 6d] (a pair of Sixes)
Emilly695: mucks hand 
J0SHB0SH collected $2.38 from pot
*** SUMMARY ***
Total pot $2.50 | Rake $0.12 
Board [4h Qs Js 7d 6s]
Seat 1: michasia
Seat 2: AndreaBsAs (button) folded before Flop (didn't bet)
Seat 3: nikalas22 (small blind) folded before Flop
Seat 4: J0SHB0SH (big blind) showed [Ac 6d] and won ($2.38) with a pair of Sixes
Seat 5: Unipoker11 folded before Flop (didn't bet)
Seat 6: Emilly695 mucked



PokerStars Hand #254740573668:  Hold'em No Limit ($0.50/$1.00 USD) - 2025/02/06 22:06:33 WET [2025/02/06 17:06:33 ET]
Table 'Sirene II' 6-max Seat #3 is the button
Seat 1: michasia ($116.80 in chips) is sitting out
Seat 2: AndreaBsAs ($126.78 in chips) 
Seat 3: nikalas22 ($153.91 in chips) 
Seat 4: J0SHB0SH ($134.78 in chips) 
Seat 5: Unipoker11 ($113.65 in chips) 
Seat 6: Emilly695 ($77.11 in chips) 
J0SHB0SH: posts small blind $0.50
Unipoker11: posts big blind $1
michasia: sits out 
*** HOLE CARDS ***
Emilly695: folds 
AndreaBsAs: folds 
Emilly695 leaves the table
nikalas22: folds 
J0SHB0SH: raises $2 to $3
nikalas22 leaves the table
Unipoker11: raises $6 to $9
J0SHB0SH: folds 
Uncalled bet ($6) returned to Unipoker11
Unipoker11 collected $6 from pot
Unipoker11: doesn't show hand 
*** SUMMARY ***
Total pot $6 | Rake $0 
Seat 1: michasia
Seat 2: AndreaBsAs folded before Flop (didn't bet)
Seat 3: nikalas22 (button) folded before Flop (didn't bet)
Seat 4: J0SHB0SH (small blind) folded before Flop
Seat 5: Unipoker11 (big blind) collected ($6)
Seat 6: Emilly695 folded before Flop (didn't bet)



PokerStars Hand #254740582238:  Hold'em No Limit ($0.50/$1.00 USD) - 2025/02/06 22:07:03 WET [2025/02/06 17:07:03 ET]
Table 'Sirene II' 6-max Seat #4 is the button
Seat 1: michasia ($116.80 in chips) 
Seat 2: AndreaBsAs ($126.78 in chips) 
Seat 4: J0SHB0SH ($131.78 in chips) 
Seat 5: Unipoker11 ($116.65 in chips) 
Unipoker11: posts small blind $0.50
michasia: posts big blind $1
*** HOLE CARDS ***
AndreaBsAs: folds 
J0SHB0SH: folds 
Unipoker11: folds 
Uncalled bet ($0.50) returned to michasia
michasia collected $1 from pot
michasia: doesn't show hand 
*** SUMMARY ***
Total pot $1 | Rake $0 
Seat 1: michasia (big blind) collected ($1)
Seat 2: AndreaBsAs folded before Flop (didn't bet)
Seat 4: J0SHB0SH (button) folded before Flop (didn't bet)
Seat 5: Unipoker11 (small blind) folded before Flop



PokerStars Hand #254740586912:  Hold'em No Limit ($0.50/$1.00 USD) - 2025/02/06 22:07:19 WET [2025/02/06 17:07:19 ET]
Table 'Sirene II' 6-max Seat #5 is the button
Seat 2: AndreaBsAs ($126.78 in chips) is sitting out
Seat 1: michasia ($117.30 in chips) 
Seat 4: J0SHB0SH ($131.78 in chips) 
Seat 5: Unipoker11 ($116.15 in chips) 
michasia: posts small blind $0.50
AndreaBsAs: is sitting out 
J0SHB0SH: posts big blind $1
*** HOLE CARDS ***
Unipoker11: raises $1.50 to $2.50
michasia: folds 
J0SHB0SH: calls $1.50
*** FLOP *** [Tc Ad 6c]
J0SHB0SH: checks 
Unipoker11: bets $1.30
J0SHB0SH: folds 
Uncalled bet ($1.30) returned to Unipoker11
Unipoker11 collected $5.22 from pot
AndreaBsAs leaves the table
Unipoker11: doesn't show hand 
*** SUMMARY ***
Total pot $5.50 | Rake $0.28 
Board [Tc Ad 6c]
Seat 2: AndreaBsAs
Seat 1: michasia (small blind) folded before Flop
Seat 4: J0SHB0SH (big blind) folded on the Flop
Seat 5: Unipoker11 (button) collected ($5.22)



PokerStars Hand #254740592651:  Hold'em No Limit ($0.50/$1.00 USD) - 2025/02/06 22:07:39 WET [2025/02/06 17:07:39 ET]
Table 'Sirene II' 6-max Seat #1 is the button
Seat 1: michasia ($116.80 in chips) 
Seat 4: J0SHB0SH ($129.28 in chips) 
Seat 5: Unipoker11 ($118.87 in chips) 
J0SHB0SH: posts small blind $0.50
Unipoker11: posts big blind $1
*** HOLE CARDS ***
michasia: folds 
J0SHB0SH: raises $2 to $3
Unipoker11: folds 
Uncalled bet ($2) returned to J0SHB0SH
J0SHB0SH collected $2 from pot
J0SHB0SH: doesn't show hand 
*** SUMMARY ***
Total pot $2 | Rake $0 
Seat 1: michasia (button) folded before Flop (didn't bet)
Seat 4: J0SHB0SH (small blind) collected ($2)
Seat 5: Unipoker11 (big blind) folded before Flop



PokerStars Hand #254740596605:  Hold'em No Limit ($0.50/$1.00 USD) - 2025/02/06 22:07:53 WET [2025/02/06 17:07:53 ET]
Table 'Sirene II' 6-max Seat #4 is the button
Seat 1: michasia ($116.80 in chips) 
Seat 4: J0SHB0SH ($130.28 in chips) 
Seat 5: Unipoker11 ($117.87 in chips) 
Unipoker11: posts small blind $0.50
michasia: posts big blind $1
*** HOLE CARDS ***
J0SHB0SH: folds 
Unipoker11: raises $2 to $3
michasia: folds 
Uncalled bet ($2) returned to Unipoker11
Unipoker11 collected $2 from pot
Unipoker11: doesn't show hand 
*** SUMMARY ***
Total pot $2 | Rake $0 
Seat 1: michasia (big blind) folded before Flop
Seat 4: J0SHB0SH (button) folded before Flop (didn't bet)
Seat 5: Unipoker11 (small blind) collected ($2)



PokerStars Hand #254740603287:  Hold'em No Limit ($0.50/$1.00 USD) - 2025/02/06 22:08:16 WET [2025/02/06 17:08:16 ET]
Table 'Sirene II' 6-max Seat #5 is the button
Seat 1: michasia ($115.80 in chips) 
Seat 4: J0SHB0SH ($130.28 in chips) 
Seat 5: Unipoker11 ($118.87 in chips) 
michasia: posts small blind $0.50
J0SHB0SH: posts big blind $1
*** HOLE CARDS ***
Unipoker11: raises $1.50 to $2.50
michasia: folds 
J0SHB0SH: folds 
Uncalled bet ($1.50) returned to Unipoker11
Unipoker11 collected $2.50 from pot
Unipoker11: doesn't show hand 
*** SUMMARY ***
Total pot $2.50 | Rake $0 
Seat 1: michasia (small blind) folded before Flop
Seat 4: J0SHB0SH (big blind) folded before Flop
Seat 5: Unipoker11 (button) collected ($2.50)



PokerStars Hand #254740609444:  Hold'em No Limit ($0.50/$1.00 USD) - 2025/02/06 22:08:37 WET [2025/02/06 17:08:37 ET]
Table 'Sirene II' 6-max Seat #1 is the button
Seat 1: michasia ($115.30 in chips) 
Seat 4: J0SHB0SH ($129.28 in chips) 
Seat 5: Unipoker11 ($120.37 in chips) 
J0SHB0SH: posts small blind $0.50
Unipoker11: posts big blind $1
*** HOLE CARDS ***
michasia: raises $1.80 to $2.80
J0SHB0SH: folds 
Unipoker11: folds 
Uncalled bet ($1.80) returned to michasia
michasia collected $2.50 from pot
michasia: doesn't show hand 
*** SUMMARY ***
Total pot $2.50 | Rake $0 
Seat 1: michasia (button) collected ($2.50)
Seat 4: J0SHB0SH (small blind) folded before Flop
Seat 5: Unipoker11 (big blind) folded before Flop



PokerStars Hand #254740613422:  Hold'em No Limit ($0.50/$1.00 USD) - 2025/02/06 22:08:51 WET [2025/02/06 17:08:51 ET]
Table 'Sirene II' 6-max Seat #4 is the button
Seat 1: michasia ($116.80 in chips) 
Seat 4: J0SHB0SH ($128.78 in chips) 
Seat 5: Unipoker11 ($119.37 in chips) 
Unipoker11: posts small blind $0.50
michasia: posts big blind $1
*** HOLE CARDS ***
J0SHB0SH: folds 
Unipoker11: raises $2 to $3
michasia: raises $6 to $9
Unipoker11: calls $6
*** FLOP *** [8s Js 7h]
Unipoker11: checks 
michasia: bets $5.64
Unipoker11: calls $5.64
*** TURN *** [8s Js 7h] [Tc]
Unipoker11: checks 
michasia: checks 
*** RIVER *** [8s Js 7h Tc] [4c]
Unipoker11: checks 
michasia: checks 
*** SHOW DOWN ***
Unipoker11: shows [Ad 7d] (a pair of Sevens)
michasia: mucks hand 
Unipoker11 collected $28.28 from pot
*** SUMMARY ***
Total pot $29.28 | Rake $1 
Board [8s Js 7h Tc 4c]
Seat 1: michasia (big blind) mucked
Seat 4: J0SHB0SH (button) folded before Flop (didn't bet)
Seat 5: Unipoker11 (small blind) showed [Ad 7d] and won ($28.28) with a pair of Sevens



PokerStars Hand #254740634632:  Hold'em No Limit ($0.50/$1.00 USD) - 2025/02/06 22:10:04 WET [2025/02/06 17:10:04 ET]
Table 'Sirene II' 6-max Seat #1 is the button
Seat 4: J0SHB0SH ($128.78 in chips) is sitting out
Seat 1: michasia ($102.16 in chips) 
Seat 5: Unipoker11 ($133.01 in chips) 
michasia: posts small blind $0.50
J0SHB0SH: is sitting out 
Unipoker11: posts big blind $1
*** HOLE CARDS ***
michasia: folds 
Uncalled bet ($0.50) returned to Unipoker11
Unipoker11 collected $1 from pot
Unipoker11: doesn't show hand 
J0SHB0SH leaves the table
*** SUMMARY ***
Total pot $1 | Rake $0 
Seat 4: J0SHB0SH
Seat 1: michasia (button) (small blind) folded before Flop
Seat 5: Unipoker11 (big blind) collected ($1)



PokerStars Hand #254740636492:  Hold'em No Limit ($0.50/$1.00 USD) - 2025/02/06 22:10:10 WET [2025/02/06 17:10:10 ET]
Table 'Sirene II' 6-max Seat #5 is the button
Seat 1: michasia ($101.66 in chips) 
Seat 5: Unipoker11 ($133.51 in chips) 
Unipoker11: posts small blind $0.50
michasia: posts big blind $1
*** HOLE CARDS ***
Unipoker11: raises $1.50 to $2.50
michasia: calls $1.50
*** FLOP *** [Qs Ks 4h]
michasia: checks 
Unipoker11: bets $1.19
michasia: folds 
Uncalled bet ($1.19) returned to Unipoker11
Unipoker11 collected $4.75 from pot
Unipoker11: doesn't show hand 
*** SUMMARY ***
Total pot $5 | Rake $0.25 
Board [Qs Ks 4h]
Seat 1: michasia (big blind) folded on the Flop
Seat 5: Unipoker11 (button) (small blind) collected ($4.75)



PokerStars Hand #254740643350:  Hold'em No Limit ($0.50/$1.00 USD) - 2025/02/06 22:10:34 WET [2025/02/06 17:10:34 ET]
Table 'Sirene II' 6-max Seat #1 is the button
Seat 1: michasia ($100 in chips) 
Seat 5: Unipoker11 ($135.76 in chips) 
michasia: posts small blind $0.50
Unipoker11: posts big blind $1
*** HOLE CARDS ***
michasia: folds 
Uncalled bet ($0.50) returned to Unipoker11
Unipoker11 collected $1 from pot
Unipoker11: doesn't show hand 
*** SUMMARY ***
Total pot $1 | Rake $0 
Seat 1: michasia (button) (small blind) folded before Flop
Seat 5: Unipoker11 (big blind) collected ($1)



