PokerStars Hand #254736324481:  Hold'em No Limit ($0.50/$1.00 USD) - 2025/02/06 17:57:02 WET [2025/02/06 12:57:02 ET]
Table 'Sponde II' 6-max Seat #4 is the button
Seat 1: machosaliba22 ($37.42 in chips) 
Seat 2: ImaPeppaPig ($114.50 in chips) 
Seat 3: ru_ruu_ru ($100 in chips) 
Seat 4: ozstrike88 ($86 in chips) 
Seat 5: AlexPinsk1 ($100 in chips) 
Seat 6: Iseedora ($100 in chips) 
AlexPinsk1: posts small blind $0.50
Iseedora: posts big blind $1
*** HOLE CARDS ***
machosaliba22: calls $1
ImaPeppaPig: folds 
ru_ruu_ru: folds 
ozstrike88: raises $3.50 to $4.50
AlexPinsk1: folds 
Iseedora: folds 
machosaliba22: calls $3.50
*** FLOP *** [5d 4h Ac]
machosaliba22: checks 
ozstrike88: checks 
*** TURN *** [5d 4h Ac] [8s]
machosaliba22: bets $4
ozstrike88: folds 
Uncalled bet ($4) returned to machosaliba22
machosaliba22 collected $9.98 from pot
*** SUMMARY ***
Total pot $10.50 | Rake $0.52 
Board [5d 4h Ac 8s]
Seat 1: machosaliba22 collected ($9.98)
Seat 2: ImaPeppaPig folded before Flop (didn't bet)
Seat 3: ru_ruu_ru folded before Flop (didn't bet)
Seat 4: ozstrike88 (button) folded on the Turn
Seat 5: AlexPinsk1 (small blind) folded before Flop
Seat 6: Iseedora (big blind) folded before Flop



PokerStars Hand #254736331942:  Hold'em No Limit ($0.50/$1.00 USD) - 2025/02/06 17:57:41 WET [2025/02/06 12:57:41 ET]
Table 'Sponde II' 6-max Seat #5 is the button
Seat 1: machosaliba22 ($42.90 in chips) 
Seat 2: ImaPeppaPig ($114.50 in chips) 
Seat 3: ru_ruu_ru ($100 in chips) 
Seat 4: ozstrike88 ($81.50 in chips) 
Seat 5: AlexPinsk1 ($100 in chips) 
Seat 6: Iseedora ($100 in chips) 
Iseedora: posts small blind $0.50
machosaliba22: posts big blind $1
*** HOLE CARDS ***
ImaPeppaPig: folds 
ru_ruu_ru: folds 
ozstrike88: folds 
AlexPinsk1: raises $1.50 to $2.50
Iseedora: folds 
machosaliba22: calls $1.50
*** FLOP *** [Jd 6d Jc]
machosaliba22: checks 
AlexPinsk1: bets $1.72
machosaliba22: folds 
Uncalled bet ($1.72) returned to AlexPinsk1
AlexPinsk1 collected $5.22 from pot
AlexPinsk1: doesn't show hand 
*** SUMMARY ***
Total pot $5.50 | Rake $0.28 
Board [Jd 6d Jc]
Seat 1: machosaliba22 (big blind) folded on the Flop
Seat 2: ImaPeppaPig folded before Flop (didn't bet)
Seat 3: ru_ruu_ru folded before Flop (didn't bet)
Seat 4: ozstrike88 folded before Flop (didn't bet)
Seat 5: AlexPinsk1 (button) collected ($5.22)
Seat 6: Iseedora (small blind) folded before Flop



PokerStars Hand #254736336996:  Hold'em No Limit ($0.50/$1.00 USD) - 2025/02/06 17:58:08 WET [2025/02/06 12:58:08 ET]
Table 'Sponde II' 6-max Seat #6 is the button
Seat 1: machosaliba22 ($40.40 in chips) 
Seat 2: ImaPeppaPig ($114.50 in chips) 
Seat 3: ru_ruu_ru ($100 in chips) 
Seat 4: ozstrike88 ($81.50 in chips) 
Seat 5: AlexPinsk1 ($102.72 in chips) 
Seat 6: Iseedora ($100 in chips) 
machosaliba22: posts small blind $0.50
ImaPeppaPig: posts big blind $1
*** HOLE CARDS ***
ru_ruu_ru: folds 
ozstrike88: raises $2.50 to $3.50
AlexPinsk1: folds 
Iseedora: folds 
machosaliba22: folds 
ImaPeppaPig: folds 
Uncalled bet ($2.50) returned to ozstrike88
ozstrike88 collected $2.50 from pot
*** SUMMARY ***
Total pot $2.50 | Rake $0 
Seat 1: machosaliba22 (small blind) folded before Flop
Seat 2: ImaPeppaPig (big blind) folded before Flop
Seat 3: ru_ruu_ru folded before Flop (didn't bet)
Seat 4: ozstrike88 collected ($2.50)
Seat 5: AlexPinsk1 folded before Flop (didn't bet)
Seat 6: Iseedora (button) folded before Flop (didn't bet)



PokerStars Hand #254736343203:  Hold'em No Limit ($0.50/$1.00 USD) - 2025/02/06 17:58:40 WET [2025/02/06 12:58:40 ET]
Table 'Sponde II' 6-max Seat #1 is the button
Seat 1: machosaliba22 ($39.90 in chips) 
Seat 2: ImaPeppaPig ($113.50 in chips) 
Seat 3: ru_ruu_ru ($100 in chips) 
Seat 4: ozstrike88 ($83 in chips) 
Seat 5: AlexPinsk1 ($102.72 in chips) 
Seat 6: Iseedora ($100 in chips) 
ImaPeppaPig: posts small blind $0.50
ru_ruu_ru: posts big blind $1
*** HOLE CARDS ***
ozstrike88: folds 
AlexPinsk1: raises $1.50 to $2.50
Iseedora: raises $5 to $7.50
machosaliba22: folds 
ImaPeppaPig: folds 
ru_ruu_ru: folds 
AlexPinsk1: folds 
Uncalled bet ($5) returned to Iseedora
Iseedora collected $6.50 from pot
Iseedora: doesn't show hand 
*** SUMMARY ***
Total pot $6.50 | Rake $0 
Seat 1: machosaliba22 (button) folded before Flop (didn't bet)
Seat 2: ImaPeppaPig (small blind) folded before Flop
Seat 3: ru_ruu_ru (big blind) folded before Flop
Seat 4: ozstrike88 folded before Flop (didn't bet)
Seat 5: AlexPinsk1 folded before Flop
Seat 6: Iseedora collected ($6.50)



PokerStars Hand #254736348425:  Hold'em No Limit ($0.50/$1.00 USD) - 2025/02/06 17:59:08 WET [2025/02/06 12:59:08 ET]
Table 'Sponde II' 6-max Seat #2 is the button
Seat 1: machosaliba22 ($39.90 in chips) 
Seat 2: ImaPeppaPig ($113 in chips) 
Seat 3: ru_ruu_ru ($100 in chips) 
Seat 4: ozstrike88 ($83 in chips) 
Seat 5: AlexPinsk1 ($100.22 in chips) 
Seat 6: Iseedora ($104 in chips) 
ru_ruu_ru: posts small blind $0.50
ozstrike88: posts big blind $1
*** HOLE CARDS ***
AlexPinsk1: folds 
Iseedora: raises $1.20 to $2.20
machosaliba22: folds 
ImaPeppaPig: folds 
ru_ruu_ru: folds 
ozstrike88: calls $1.20
*** FLOP *** [Kd Kh 7s]
ozstrike88: checks 
Iseedora: bets $1.26
ozstrike88: raises $2.26 to $3.52
Iseedora: folds 
Uncalled bet ($2.26) returned to ozstrike88
ozstrike88 collected $7.05 from pot
*** SUMMARY ***
Total pot $7.42 | Rake $0.37 
Board [Kd Kh 7s]
Seat 1: machosaliba22 folded before Flop (didn't bet)
Seat 2: ImaPeppaPig (button) folded before Flop (didn't bet)
Seat 3: ru_ruu_ru (small blind) folded before Flop
Seat 4: ozstrike88 (big blind) collected ($7.05)
Seat 5: AlexPinsk1 folded before Flop (didn't bet)
Seat 6: Iseedora folded on the Flop



PokerStars Hand #254736356912:  Hold'em No Limit ($0.50/$1.00 USD) - 2025/02/06 17:59:52 WET [2025/02/06 12:59:52 ET]
Table 'Sponde II' 6-max Seat #3 is the button
Seat 1: machosaliba22 ($39.90 in chips) 
Seat 2: ImaPeppaPig ($113 in chips) 
Seat 3: ru_ruu_ru ($100 in chips) 
Seat 4: ozstrike88 ($86.59 in chips) 
Seat 5: AlexPinsk1 ($100.22 in chips) 
Seat 6: Iseedora ($100.54 in chips) 
ozstrike88: posts small blind $0.50
AlexPinsk1: posts big blind $1
*** HOLE CARDS ***
Iseedora: folds 
machosaliba22: folds 
ImaPeppaPig: folds 
ru_ruu_ru: folds 
ozstrike88: raises $2 to $3
AlexPinsk1: calls $2
*** FLOP *** [Qs 3h Ks]
ozstrike88: checks 
AlexPinsk1: bets $4.28
ozstrike88: folds 
Uncalled bet ($4.28) returned to AlexPinsk1
AlexPinsk1 collected $5.70 from pot
AlexPinsk1: doesn't show hand 
*** SUMMARY ***
Total pot $6 | Rake $0.30 
Board [Qs 3h Ks]
Seat 1: machosaliba22 folded before Flop (didn't bet)
Seat 2: ImaPeppaPig folded before Flop (didn't bet)
Seat 3: ru_ruu_ru (button) folded before Flop (didn't bet)
Seat 4: ozstrike88 (small blind) folded on the Flop
Seat 5: AlexPinsk1 (big blind) collected ($5.70)
Seat 6: Iseedora folded before Flop (didn't bet)



PokerStars Hand #254736368350:  Hold'em No Limit ($0.50/$1.00 USD) - 2025/02/06 18:00:49 WET [2025/02/06 13:00:49 ET]
Table 'Sponde II' 6-max Seat #4 is the button
Seat 1: machosaliba22 ($39.90 in chips) 
Seat 2: ImaPeppaPig ($113 in chips) 
Seat 3: ru_ruu_ru ($100 in chips) 
Seat 4: ozstrike88 ($83.59 in chips) 
Seat 5: AlexPinsk1 ($102.92 in chips) 
Seat 6: Iseedora ($100.54 in chips) 
AlexPinsk1: posts small blind $0.50
Iseedora: posts big blind $1
*** HOLE CARDS ***
machosaliba22: calls $1
ImaPeppaPig: folds 
ru_ruu_ru: folds 
ozstrike88: folds 
AlexPinsk1: calls $0.50
Iseedora: checks 
*** FLOP *** [6h Qd Qc]
AlexPinsk1: checks 
Iseedora: checks 
machosaliba22: checks 
*** TURN *** [6h Qd Qc] [8h]
AlexPinsk1: checks 
Iseedora: checks 
machosaliba22: checks 
*** RIVER *** [6h Qd Qc 8h] [5h]
AlexPinsk1: checks 
Iseedora: checks 
machosaliba22: checks 
*** SHOW DOWN ***
AlexPinsk1: shows [Ts 2s] (a pair of Queens)
Iseedora: shows [Jd 8c] (two pair, Queens and Eights)
machosaliba22: mucks hand 
Iseedora collected $2.85 from pot
*** SUMMARY ***
Total pot $3 | Rake $0.15 
Board [6h Qd Qc 8h 5h]
Seat 1: machosaliba22 mucked
Seat 2: ImaPeppaPig folded before Flop (didn't bet)
Seat 3: ru_ruu_ru folded before Flop (didn't bet)
Seat 4: ozstrike88 (button) folded before Flop (didn't bet)
Seat 5: AlexPinsk1 (small blind) showed [Ts 2s] and lost with a pair of Queens
Seat 6: Iseedora (big blind) showed [Jd 8c] and won ($2.85) with two pair, Queens and Eights



PokerStars Hand #254736379996:  Hold'em No Limit ($0.50/$1.00 USD) - 2025/02/06 18:01:40 WET [2025/02/06 13:01:40 ET]
Table 'Sponde II' 6-max Seat #5 is the button
Seat 1: machosaliba22 ($38.90 in chips) 
Seat 2: ImaPeppaPig ($113 in chips) 
Seat 3: ru_ruu_ru ($100 in chips) 
Seat 4: ozstrike88 ($83.59 in chips) 
Seat 5: AlexPinsk1 ($101.92 in chips) 
Seat 6: Iseedora ($102.39 in chips) 
Iseedora: posts small blind $0.50
machosaliba22: posts big blind $1
*** HOLE CARDS ***
ImaPeppaPig: folds 
ru_ruu_ru: folds 
ozstrike88: raises $2.50 to $3.50
AlexPinsk1: folds 
Iseedora: folds 
machosaliba22: calls $2.50
*** FLOP *** [Ah 2h Qd]
machosaliba22: checks 
ozstrike88: bets $2.56
machosaliba22: calls $2.56
*** TURN *** [Ah 2h Qd] [8s]
machosaliba22: checks 
ozstrike88: checks 
*** RIVER *** [Ah 2h Qd 8s] [Ks]
machosaliba22: checks 
ozstrike88: checks 
*** SHOW DOWN ***
machosaliba22: shows [6d 8d] (a pair of Eights)
ozstrike88: shows [Js Qh] (a pair of Queens)
ozstrike88 collected $11.99 from pot
*** SUMMARY ***
Total pot $12.62 | Rake $0.63 
Board [Ah 2h Qd 8s Ks]
Seat 1: machosaliba22 (big blind) showed [6d 8d] and lost with a pair of Eights
Seat 2: ImaPeppaPig folded before Flop (didn't bet)
Seat 3: ru_ruu_ru folded before Flop (didn't bet)
Seat 4: ozstrike88 showed [Js Qh] and won ($11.99) with a pair of Queens
Seat 5: AlexPinsk1 (button) folded before Flop (didn't bet)
Seat 6: Iseedora (small blind) folded before Flop



PokerStars Hand #254736726919:  Hold'em No Limit ($0.50/$1.00 USD) - 2025/02/06 18:23:22 WET [2025/02/06 13:23:22 ET]
Table 'Sponde II' 6-max Seat #5 is the button
Seat 1: machosaliba22 ($50.80 in chips) 
Seat 2: ImaPeppaPig ($111.72 in chips) 
Seat 3: ru_ruu_ru ($103.84 in chips) 
Seat 4: ozstrike88 ($98 in chips) 
Seat 5: AlexPinsk1 ($269.38 in chips) 
Seat 6: Iseedora ($100 in chips) 
Iseedora: posts small blind $0.50
machosaliba22: posts big blind $1
*** HOLE CARDS ***
ImaPeppaPig: folds 
ru_ruu_ru: folds 
ozstrike88: raises $2.50 to $3.50
AlexPinsk1: folds 
Iseedora: folds 
machosaliba22: calls $2.50
*** FLOP *** [9d 4c 4h]
machosaliba22: checks 
ozstrike88: bets $3.56
machosaliba22: folds 
Uncalled bet ($3.56) returned to ozstrike88
ozstrike88 collected $7.12 from pot
*** SUMMARY ***
Total pot $7.50 | Rake $0.38 
Board [9d 4c 4h]
Seat 1: machosaliba22 (big blind) folded on the Flop
Seat 2: ImaPeppaPig folded before Flop (didn't bet)
Seat 3: ru_ruu_ru folded before Flop (didn't bet)
Seat 4: ozstrike88 collected ($7.12)
Seat 5: AlexPinsk1 (button) folded before Flop (didn't bet)
Seat 6: Iseedora (small blind) folded before Flop



PokerStars Hand #254736736132:  Hold'em No Limit ($0.50/$1.00 USD) - 2025/02/06 18:23:55 WET [2025/02/06 13:23:55 ET]
Table 'Sponde II' 6-max Seat #6 is the button
Seat 1: machosaliba22 ($47.30 in chips) 
Seat 2: ImaPeppaPig ($111.72 in chips) 
Seat 3: ru_ruu_ru ($103.84 in chips) 
Seat 4: ozstrike88 ($101.62 in chips) 
Seat 5: AlexPinsk1 ($269.38 in chips) 
Seat 6: Iseedora ($100 in chips) 
machosaliba22: posts small blind $0.50
ImaPeppaPig: posts big blind $1
*** HOLE CARDS ***
ru_ruu_ru: folds 
ozstrike88: raises $2.50 to $3.50
AlexPinsk1: folds 
Iseedora: folds 
machosaliba22: folds 
ImaPeppaPig: folds 
Uncalled bet ($2.50) returned to ozstrike88
ozstrike88 collected $2.50 from pot
*** SUMMARY ***
Total pot $2.50 | Rake $0 
Seat 1: machosaliba22 (small blind) folded before Flop
Seat 2: ImaPeppaPig (big blind) folded before Flop
Seat 3: ru_ruu_ru folded before Flop (didn't bet)
Seat 4: ozstrike88 collected ($2.50)
Seat 5: AlexPinsk1 folded before Flop (didn't bet)
Seat 6: Iseedora (button) folded before Flop (didn't bet)



PokerStars Hand #254736740590:  Hold'em No Limit ($0.50/$1.00 USD) - 2025/02/06 18:24:11 WET [2025/02/06 13:24:11 ET]
Table 'Sponde II' 6-max Seat #1 is the button
Seat 1: machosaliba22 ($46.80 in chips) 
Seat 2: ImaPeppaPig ($110.72 in chips) 
Seat 3: ru_ruu_ru ($103.84 in chips) 
Seat 4: ozstrike88 ($103.12 in chips) 
Seat 5: AlexPinsk1 ($269.38 in chips) 
Seat 6: Iseedora ($100 in chips) 
ImaPeppaPig: posts small blind $0.50
ru_ruu_ru: posts big blind $1
*** HOLE CARDS ***
ozstrike88: folds 
AlexPinsk1: folds 
Iseedora: raises $1.20 to $2.20
machosaliba22: folds 
ImaPeppaPig: folds 
ru_ruu_ru: folds 
Uncalled bet ($1.20) returned to Iseedora
Iseedora collected $2.50 from pot
Iseedora: doesn't show hand 
*** SUMMARY ***
Total pot $2.50 | Rake $0 
Seat 1: machosaliba22 (button) folded before Flop (didn't bet)
Seat 2: ImaPeppaPig (small blind) folded before Flop
Seat 3: ru_ruu_ru (big blind) folded before Flop
Seat 4: ozstrike88 folded before Flop (didn't bet)
Seat 5: AlexPinsk1 folded before Flop (didn't bet)
Seat 6: Iseedora collected ($2.50)



PokerStars Hand #254736747759:  Hold'em No Limit ($0.50/$1.00 USD) - 2025/02/06 18:24:38 WET [2025/02/06 13:24:38 ET]
Table 'Sponde II' 6-max Seat #2 is the button
Seat 1: machosaliba22 ($46.80 in chips) 
Seat 2: ImaPeppaPig ($110.22 in chips) 
Seat 3: ru_ruu_ru ($102.84 in chips) 
Seat 4: ozstrike88 ($103.12 in chips) 
Seat 5: AlexPinsk1 ($269.38 in chips) 
Seat 6: Iseedora ($101.50 in chips) 
ru_ruu_ru: posts small blind $0.50
ozstrike88: posts big blind $1
*** HOLE CARDS ***
AlexPinsk1: folds 
Iseedora: raises $1.20 to $2.20
machosaliba22: calls $2.20
ImaPeppaPig: folds 
ru_ruu_ru: folds 
ozstrike88: folds 
*** FLOP *** [Ac 6h 3s]
Iseedora: bets $1.51
machosaliba22: calls $1.51
*** TURN *** [Ac 6h 3s] [2s]
Iseedora: checks 
machosaliba22: bets $2
Iseedora: calls $2
*** RIVER *** [Ac 6h 3s 2s] [5h]
Iseedora: checks 
machosaliba22: bets $6
Iseedora: folds 
Uncalled bet ($6) returned to machosaliba22
machosaliba22 collected $12.27 from pot
*** SUMMARY ***
Total pot $12.92 | Rake $0.65 
Board [Ac 6h 3s 2s 5h]
Seat 1: machosaliba22 collected ($12.27)
Seat 2: ImaPeppaPig (button) folded before Flop (didn't bet)
Seat 3: ru_ruu_ru (small blind) folded before Flop
Seat 4: ozstrike88 (big blind) folded before Flop
Seat 5: AlexPinsk1 folded before Flop (didn't bet)
Seat 6: Iseedora folded on the River



PokerStars Hand #254736763963:  Hold'em No Limit ($0.50/$1.00 USD) - 2025/02/06 18:25:36 WET [2025/02/06 13:25:36 ET]
Table 'Sponde II' 6-max Seat #3 is the button
Seat 1: machosaliba22 ($53.36 in chips) 
Seat 2: ImaPeppaPig ($110.22 in chips) 
Seat 3: ru_ruu_ru ($102.34 in chips) 
Seat 4: ozstrike88 ($102.12 in chips) 
Seat 5: AlexPinsk1 ($269.38 in chips) 
Seat 6: Iseedora ($100 in chips) 
ozstrike88: posts small blind $0.50
AlexPinsk1: posts big blind $1
*** HOLE CARDS ***
Iseedora: folds 
machosaliba22: folds 
ImaPeppaPig: folds 
ru_ruu_ru: folds 
ozstrike88: folds 
Uncalled bet ($0.50) returned to AlexPinsk1
AlexPinsk1 collected $1 from pot
AlexPinsk1: doesn't show hand 
*** SUMMARY ***
Total pot $1 | Rake $0 
Seat 1: machosaliba22 folded before Flop (didn't bet)
Seat 2: ImaPeppaPig folded before Flop (didn't bet)
Seat 3: ru_ruu_ru (button) folded before Flop (didn't bet)
Seat 4: ozstrike88 (small blind) folded before Flop
Seat 5: AlexPinsk1 (big blind) collected ($1)
Seat 6: Iseedora folded before Flop (didn't bet)



PokerStars Hand #254736769822:  Hold'em No Limit ($0.50/$1.00 USD) - 2025/02/06 18:25:58 WET [2025/02/06 13:25:58 ET]
Table 'Sponde II' 6-max Seat #4 is the button
Seat 1: machosaliba22 ($53.36 in chips) 
Seat 2: ImaPeppaPig ($110.22 in chips) 
Seat 3: ru_ruu_ru ($102.34 in chips) 
Seat 4: ozstrike88 ($101.62 in chips) 
Seat 5: AlexPinsk1 ($269.88 in chips) 
Seat 6: Iseedora ($100 in chips) 
AlexPinsk1: posts small blind $0.50
Iseedora: posts big blind $1
*** HOLE CARDS ***
machosaliba22: calls $1
ImaPeppaPig: folds 
ru_ruu_ru: folds 
ozstrike88: folds 
AlexPinsk1: folds 
Iseedora: checks 
*** FLOP *** [5d 4h 7s]
Iseedora: checks 
machosaliba22: bets $2
Iseedora: calls $2
*** TURN *** [5d 4h 7s] [8d]
Iseedora: checks 
machosaliba22: bets $2
Iseedora: folds 
Uncalled bet ($2) returned to machosaliba22
machosaliba22 collected $6.18 from pot
*** SUMMARY ***
Total pot $6.50 | Rake $0.32 
Board [5d 4h 7s 8d]
Seat 1: machosaliba22 collected ($6.18)
Seat 2: ImaPeppaPig folded before Flop (didn't bet)
Seat 3: ru_ruu_ru folded before Flop (didn't bet)
Seat 4: ozstrike88 (button) folded before Flop (didn't bet)
Seat 5: AlexPinsk1 (small blind) folded before Flop
Seat 6: Iseedora (big blind) folded on the Turn



PokerStars Hand #254736778989:  Hold'em No Limit ($0.50/$1.00 USD) - 2025/02/06 18:26:31 WET [2025/02/06 13:26:31 ET]
Table 'Sponde II' 6-max Seat #5 is the button
Seat 1: machosaliba22 ($56.54 in chips) 
Seat 2: ImaPeppaPig ($110.22 in chips) 
Seat 3: ru_ruu_ru ($102.34 in chips) 
Seat 4: ozstrike88 ($101.62 in chips) 
Seat 5: AlexPinsk1 ($269.38 in chips) 
Seat 6: Iseedora ($100 in chips) 
Iseedora: posts small blind $0.50
machosaliba22: posts big blind $1
*** HOLE CARDS ***
ImaPeppaPig: folds 
ru_ruu_ru: folds 
ozstrike88: raises $2.50 to $3.50
AlexPinsk1: folds 
Iseedora: folds 
machosaliba22: folds 
Uncalled bet ($2.50) returned to ozstrike88
ozstrike88 collected $2.50 from pot
*** SUMMARY ***
Total pot $2.50 | Rake $0 
Seat 1: machosaliba22 (big blind) folded before Flop
Seat 2: ImaPeppaPig folded before Flop (didn't bet)
Seat 3: ru_ruu_ru folded before Flop (didn't bet)
Seat 4: ozstrike88 collected ($2.50)
Seat 5: AlexPinsk1 (button) folded before Flop (didn't bet)
Seat 6: Iseedora (small blind) folded before Flop



PokerStars Hand #254736784984:  Hold'em No Limit ($0.50/$1.00 USD) - 2025/02/06 18:26:52 WET [2025/02/06 13:26:52 ET]
Table 'Sponde II' 6-max Seat #6 is the button
Seat 1: machosaliba22 ($55.54 in chips) 
Seat 2: ImaPeppaPig ($110.22 in chips) 
Seat 3: ru_ruu_ru ($102.34 in chips) 
Seat 4: ozstrike88 ($103.12 in chips) 
Seat 5: AlexPinsk1 ($269.38 in chips) 
Seat 6: Iseedora ($100 in chips) 
machosaliba22: posts small blind $0.50
ImaPeppaPig: posts big blind $1
*** HOLE CARDS ***
ru_ruu_ru: raises $1.20 to $2.20
ozstrike88: folds 
AlexPinsk1: folds 
Iseedora: folds 
machosaliba22: folds 
ImaPeppaPig: folds 
Uncalled bet ($1.20) returned to ru_ruu_ru
ru_ruu_ru collected $2.50 from pot
ru_ruu_ru: doesn't show hand 
*** SUMMARY ***
Total pot $2.50 | Rake $0 
Seat 1: machosaliba22 (small blind) folded before Flop
Seat 2: ImaPeppaPig (big blind) folded before Flop
Seat 3: ru_ruu_ru collected ($2.50)
Seat 4: ozstrike88 folded before Flop (didn't bet)
Seat 5: AlexPinsk1 folded before Flop (didn't bet)
Seat 6: Iseedora (button) folded before Flop (didn't bet)



PokerStars Hand #254736789793:  Hold'em No Limit ($0.50/$1.00 USD) - 2025/02/06 18:27:10 WET [2025/02/06 13:27:10 ET]
Table 'Sponde II' 6-max Seat #1 is the button
Seat 1: machosaliba22 ($55.04 in chips) 
Seat 2: ImaPeppaPig ($109.22 in chips) 
Seat 3: ru_ruu_ru ($103.84 in chips) 
Seat 4: ozstrike88 ($103.12 in chips) 
Seat 5: AlexPinsk1 ($269.38 in chips) 
Seat 6: Iseedora ($100 in chips) 
ImaPeppaPig: posts small blind $0.50
ru_ruu_ru: posts big blind $1
*** HOLE CARDS ***
ozstrike88: folds 
AlexPinsk1: raises $1.50 to $2.50
Iseedora: folds 
machosaliba22: folds 
ImaPeppaPig: folds 
ru_ruu_ru: raises $10.50 to $13
AlexPinsk1: folds 
Uncalled bet ($10.50) returned to ru_ruu_ru
ru_ruu_ru collected $5.50 from pot
ru_ruu_ru: doesn't show hand 
*** SUMMARY ***
Total pot $5.50 | Rake $0 
Seat 1: machosaliba22 (button) folded before Flop (didn't bet)
Seat 2: ImaPeppaPig (small blind) folded before Flop
Seat 3: ru_ruu_ru (big blind) collected ($5.50)
Seat 4: ozstrike88 folded before Flop (didn't bet)
Seat 5: AlexPinsk1 folded before Flop
Seat 6: Iseedora folded before Flop (didn't bet)



PokerStars Hand #254736794621:  Hold'em No Limit ($0.50/$1.00 USD) - 2025/02/06 18:27:27 WET [2025/02/06 13:27:27 ET]
Table 'Sponde II' 6-max Seat #2 is the button
Seat 1: machosaliba22 ($55.04 in chips) 
Seat 2: ImaPeppaPig ($108.72 in chips) 
Seat 3: ru_ruu_ru ($106.84 in chips) 
Seat 4: ozstrike88 ($103.12 in chips) 
Seat 5: AlexPinsk1 ($266.88 in chips) 
Seat 6: Iseedora ($100 in chips) 
ru_ruu_ru: posts small blind $0.50
ozstrike88: posts big blind $1
*** HOLE CARDS ***
AlexPinsk1: raises $1.50 to $2.50
Iseedora: raises $5 to $7.50
machosaliba22: folds 
ImaPeppaPig: folds 
ru_ruu_ru: folds 
ozstrike88: folds 
AlexPinsk1: calls $5
*** FLOP *** [Ad Ks Th]
AlexPinsk1: checks 
Iseedora: bets $4.23
AlexPinsk1: calls $4.23
*** TURN *** [Ad Ks Th] [Jd]
AlexPinsk1: checks 
Iseedora: checks 
*** RIVER *** [Ad Ks Th Jd] [7d]
AlexPinsk1: bets $11.86
Iseedora: folds 
Uncalled bet ($11.86) returned to AlexPinsk1
AlexPinsk1 collected $23.71 from pot
AlexPinsk1: doesn't show hand 
*** SUMMARY ***
Total pot $24.96 | Rake $1.25 
Board [Ad Ks Th Jd 7d]
Seat 1: machosaliba22 folded before Flop (didn't bet)
Seat 2: ImaPeppaPig (button) folded before Flop (didn't bet)
Seat 3: ru_ruu_ru (small blind) folded before Flop
Seat 4: ozstrike88 (big blind) folded before Flop
Seat 5: AlexPinsk1 collected ($23.71)
Seat 6: Iseedora folded on the River



PokerStars Hand #254736815208:  Hold'em No Limit ($0.50/$1.00 USD) - 2025/02/06 18:28:42 WET [2025/02/06 13:28:42 ET]
Table 'Sponde II' 6-max Seat #3 is the button
Seat 1: machosaliba22 ($55.04 in chips) 
Seat 2: ImaPeppaPig ($108.72 in chips) 
Seat 3: ru_ruu_ru ($106.34 in chips) 
Seat 4: ozstrike88 ($102.12 in chips) 
Seat 5: AlexPinsk1 ($278.86 in chips) 
Seat 6: Iseedora ($100 in chips) 
ozstrike88: posts small blind $0.50
AlexPinsk1: posts big blind $1
*** HOLE CARDS ***
Iseedora: folds 
machosaliba22: calls $1
ImaPeppaPig: raises $3 to $4
ru_ruu_ru: folds 
ozstrike88: folds 
AlexPinsk1: folds 
machosaliba22: folds 
Uncalled bet ($3) returned to ImaPeppaPig
ImaPeppaPig collected $3.50 from pot
ImaPeppaPig: doesn't show hand 
*** SUMMARY ***
Total pot $3.50 | Rake $0 
Seat 1: machosaliba22 folded before Flop
Seat 2: ImaPeppaPig collected ($3.50)
Seat 3: ru_ruu_ru (button) folded before Flop (didn't bet)
Seat 4: ozstrike88 (small blind) folded before Flop
Seat 5: AlexPinsk1 (big blind) folded before Flop
Seat 6: Iseedora folded before Flop (didn't bet)



PokerStars Hand #254736823433:  Hold'em No Limit ($0.50/$1.00 USD) - 2025/02/06 18:29:12 WET [2025/02/06 13:29:12 ET]
Table 'Sponde II' 6-max Seat #4 is the button
Seat 1: machosaliba22 ($54.04 in chips) 
Seat 2: ImaPeppaPig ($111.22 in chips) 
Seat 3: ru_ruu_ru ($106.34 in chips) 
Seat 4: ozstrike88 ($101.62 in chips) 
Seat 5: AlexPinsk1 ($277.86 in chips) 
Seat 6: Iseedora ($100 in chips) 
AlexPinsk1: posts small blind $0.50
Iseedora: posts big blind $1
*** HOLE CARDS ***
machosaliba22: folds 
ImaPeppaPig: raises $1.50 to $2.50
ru_ruu_ru: folds 
ozstrike88: folds 
AlexPinsk1: folds 
Iseedora: folds 
Uncalled bet ($1.50) returned to ImaPeppaPig
ImaPeppaPig collected $2.50 from pot
ImaPeppaPig: doesn't show hand 
*** SUMMARY ***
Total pot $2.50 | Rake $0 
Seat 1: machosaliba22 folded before Flop (didn't bet)
Seat 2: ImaPeppaPig collected ($2.50)
Seat 3: ru_ruu_ru folded before Flop (didn't bet)
Seat 4: ozstrike88 (button) folded before Flop (didn't bet)
Seat 5: AlexPinsk1 (small blind) folded before Flop
Seat 6: Iseedora (big blind) folded before Flop



PokerStars Hand #254736827924:  Hold'em No Limit ($0.50/$1.00 USD) - 2025/02/06 18:29:28 WET [2025/02/06 13:29:28 ET]
Table 'Sponde II' 6-max Seat #5 is the button
Seat 1: machosaliba22 ($54.04 in chips) 
Seat 2: ImaPeppaPig ($112.72 in chips) 
Seat 3: ru_ruu_ru ($106.34 in chips) 
Seat 4: ozstrike88 ($101.62 in chips) 
Seat 5: AlexPinsk1 ($277.36 in chips) 
Seat 6: Iseedora ($100 in chips) 
Iseedora: posts small blind $0.50
machosaliba22: posts big blind $1
*** HOLE CARDS ***
ImaPeppaPig: folds 
ru_ruu_ru: folds 
ozstrike88: raises $1 to $2
AlexPinsk1: folds 
Iseedora: folds 
machosaliba22: calls $1
*** FLOP *** [Ac Ts Kh]
machosaliba22: checks 
ozstrike88: bets $1
machosaliba22: folds 
Uncalled bet ($1) returned to ozstrike88
ozstrike88 collected $4.28 from pot
*** SUMMARY ***
Total pot $4.50 | Rake $0.22 
Board [Ac Ts Kh]
Seat 1: machosaliba22 (big blind) folded on the Flop
Seat 2: ImaPeppaPig folded before Flop (didn't bet)
Seat 3: ru_ruu_ru folded before Flop (didn't bet)
Seat 4: ozstrike88 collected ($4.28)
Seat 5: AlexPinsk1 (button) folded before Flop (didn't bet)
Seat 6: Iseedora (small blind) folded before Flop



PokerStars Hand #254736836878:  Hold'em No Limit ($0.50/$1.00 USD) - 2025/02/06 18:29:59 WET [2025/02/06 13:29:59 ET]
Table 'Sponde II' 6-max Seat #6 is the button
Seat 1: machosaliba22 ($52.04 in chips) 
Seat 2: ImaPeppaPig ($112.72 in chips) 
Seat 3: ru_ruu_ru ($106.34 in chips) 
Seat 4: ozstrike88 ($103.90 in chips) 
Seat 5: AlexPinsk1 ($277.36 in chips) 
Seat 6: Iseedora ($100 in chips) 
machosaliba22: posts small blind $0.50
ImaPeppaPig: posts big blind $1
*** HOLE CARDS ***
ru_ruu_ru: raises $1.20 to $2.20
ozstrike88: calls $2.20
AlexPinsk1: folds 
Iseedora: folds 
machosaliba22: calls $1.70
ImaPeppaPig: calls $1.20
*** FLOP *** [2d 9s Th]
machosaliba22: checks 
ImaPeppaPig: checks 
ru_ruu_ru: checks 
ozstrike88: checks 
*** TURN *** [2d 9s Th] [Qs]
machosaliba22: bets $3
ImaPeppaPig: folds 
ru_ruu_ru: folds 
ozstrike88: folds 
Uncalled bet ($3) returned to machosaliba22
machosaliba22 collected $8.36 from pot
*** SUMMARY ***
Total pot $8.80 | Rake $0.44 
Board [2d 9s Th Qs]
Seat 1: machosaliba22 (small blind) collected ($8.36)
Seat 2: ImaPeppaPig (big blind) folded on the Turn
Seat 3: ru_ruu_ru folded on the Turn
Seat 4: ozstrike88 folded on the Turn
Seat 5: AlexPinsk1 folded before Flop (didn't bet)
Seat 6: Iseedora (button) folded before Flop (didn't bet)



PokerStars Hand #254736852381:  Hold'em No Limit ($0.50/$1.00 USD) - 2025/02/06 18:30:55 WET [2025/02/06 13:30:55 ET]
Table 'Sponde II' 6-max Seat #1 is the button
Seat 1: machosaliba22 ($58.20 in chips) 
Seat 2: ImaPeppaPig ($110.52 in chips) 
Seat 3: ru_ruu_ru ($104.14 in chips) 
Seat 4: ozstrike88 ($101.70 in chips) 
Seat 5: AlexPinsk1 ($277.36 in chips) 
Seat 6: Iseedora ($100 in chips) 
ImaPeppaPig: posts small blind $0.50
ru_ruu_ru: posts big blind $1
*** HOLE CARDS ***
ozstrike88: folds 
AlexPinsk1: raises $1.50 to $2.50
Iseedora: folds 
machosaliba22: folds 
ImaPeppaPig: folds 
ru_ruu_ru: folds 
Uncalled bet ($1.50) returned to AlexPinsk1
AlexPinsk1 collected $2.50 from pot
AlexPinsk1: doesn't show hand 
*** SUMMARY ***
Total pot $2.50 | Rake $0 
Seat 1: machosaliba22 (button) folded before Flop (didn't bet)
Seat 2: ImaPeppaPig (small blind) folded before Flop
Seat 3: ru_ruu_ru (big blind) folded before Flop
Seat 4: ozstrike88 folded before Flop (didn't bet)
Seat 5: AlexPinsk1 collected ($2.50)
Seat 6: Iseedora folded before Flop (didn't bet)



PokerStars Hand #254736859313:  Hold'em No Limit ($0.50/$1.00 USD) - 2025/02/06 18:31:20 WET [2025/02/06 13:31:20 ET]
Table 'Sponde II' 6-max Seat #2 is the button
Seat 1: machosaliba22 ($58.20 in chips) 
Seat 2: ImaPeppaPig ($110.02 in chips) 
Seat 3: ru_ruu_ru ($103.14 in chips) 
Seat 4: ozstrike88 ($101.70 in chips) 
Seat 5: AlexPinsk1 ($278.86 in chips) 
Seat 6: Iseedora ($100 in chips) 
ru_ruu_ru: posts small blind $0.50
ozstrike88: posts big blind $1
*** HOLE CARDS ***
AlexPinsk1: folds 
Iseedora: folds 
machosaliba22: folds 
ImaPeppaPig: folds 
ru_ruu_ru: folds 
Uncalled bet ($0.50) returned to ozstrike88
ozstrike88 collected $1 from pot
*** SUMMARY ***
Total pot $1 | Rake $0 
Seat 1: machosaliba22 folded before Flop (didn't bet)
Seat 2: ImaPeppaPig (button) folded before Flop (didn't bet)
Seat 3: ru_ruu_ru (small blind) folded before Flop
Seat 4: ozstrike88 (big blind) collected ($1)
Seat 5: AlexPinsk1 folded before Flop (didn't bet)
Seat 6: Iseedora folded before Flop (didn't bet)



PokerStars Hand #254736863639:  Hold'em No Limit ($0.50/$1.00 USD) - 2025/02/06 18:31:35 WET [2025/02/06 13:31:35 ET]
Table 'Sponde II' 6-max Seat #3 is the button
Seat 1: machosaliba22 ($58.20 in chips) 
Seat 2: ImaPeppaPig ($110.02 in chips) 
Seat 3: ru_ruu_ru ($102.64 in chips) 
Seat 4: ozstrike88 ($102.20 in chips) 
Seat 5: AlexPinsk1 ($278.86 in chips) 
Seat 6: Iseedora ($100 in chips) 
ozstrike88: posts small blind $0.50
AlexPinsk1: posts big blind $1
*** HOLE CARDS ***
Iseedora: folds 
machosaliba22: folds 
ImaPeppaPig: folds 
ru_ruu_ru: raises $1.50 to $2.50
ozstrike88: folds 
AlexPinsk1: folds 
Uncalled bet ($1.50) returned to ru_ruu_ru
ru_ruu_ru collected $2.50 from pot
ru_ruu_ru: doesn't show hand 
*** SUMMARY ***
Total pot $2.50 | Rake $0 
Seat 1: machosaliba22 folded before Flop (didn't bet)
Seat 2: ImaPeppaPig folded before Flop (didn't bet)
Seat 3: ru_ruu_ru (button) collected ($2.50)
Seat 4: ozstrike88 (small blind) folded before Flop
Seat 5: AlexPinsk1 (big blind) folded before Flop
Seat 6: Iseedora folded before Flop (didn't bet)



PokerStars Hand #254736867064:  Hold'em No Limit ($0.50/$1.00 USD) - 2025/02/06 18:31:48 WET [2025/02/06 13:31:48 ET]
Table 'Sponde II' 6-max Seat #4 is the button
Seat 1: machosaliba22 ($58.20 in chips) 
Seat 2: ImaPeppaPig ($110.02 in chips) 
Seat 3: ru_ruu_ru ($104.14 in chips) 
Seat 4: ozstrike88 ($101.70 in chips) 
Seat 5: AlexPinsk1 ($277.86 in chips) 
Seat 6: Iseedora ($100 in chips) 
AlexPinsk1: posts small blind $0.50
Iseedora: posts big blind $1
*** HOLE CARDS ***
machosaliba22: raises $1 to $2
ImaPeppaPig: folds 
ru_ruu_ru: raises $5 to $7
ozstrike88: folds 
AlexPinsk1: folds 
Iseedora: folds 
machosaliba22: folds 
Uncalled bet ($5) returned to ru_ruu_ru
ru_ruu_ru collected $5.50 from pot
ru_ruu_ru: doesn't show hand 
*** SUMMARY ***
Total pot $5.50 | Rake $0 
Seat 1: machosaliba22 folded before Flop
Seat 2: ImaPeppaPig folded before Flop (didn't bet)
Seat 3: ru_ruu_ru collected ($5.50)
Seat 4: ozstrike88 (button) folded before Flop (didn't bet)
Seat 5: AlexPinsk1 (small blind) folded before Flop
Seat 6: Iseedora (big blind) folded before Flop



PokerStars Hand #254736873806:  Hold'em No Limit ($0.50/$1.00 USD) - 2025/02/06 18:32:12 WET [2025/02/06 13:32:12 ET]
Table 'Sponde II' 6-max Seat #5 is the button
Seat 1: machosaliba22 ($56.20 in chips) 
Seat 2: ImaPeppaPig ($110.02 in chips) 
Seat 3: ru_ruu_ru ($107.64 in chips) 
Seat 4: ozstrike88 ($101.70 in chips) 
Seat 5: AlexPinsk1 ($277.36 in chips) 
Seat 6: Iseedora ($100 in chips) 
Iseedora: posts small blind $0.50
machosaliba22: posts big blind $1
*** HOLE CARDS ***
ImaPeppaPig: raises $1.50 to $2.50
ru_ruu_ru: folds 
ozstrike88: folds 
AlexPinsk1: folds 
Iseedora: folds 
machosaliba22: calls $1.50
*** FLOP *** [4c 5d Jh]
machosaliba22: checks 
ImaPeppaPig: bets $2.71
machosaliba22: calls $2.71
*** TURN *** [4c 5d Jh] [Kd]
machosaliba22: checks 
ImaPeppaPig: checks 
*** RIVER *** [4c 5d Jh Kd] [Kc]
machosaliba22: bets $2
ImaPeppaPig: raises $13 to $15
machosaliba22: folds 
Uncalled bet ($13) returned to ImaPeppaPig
ImaPeppaPig collected $14.17 from pot
ImaPeppaPig: doesn't show hand 
*** SUMMARY ***
Total pot $14.92 | Rake $0.75 
Board [4c 5d Jh Kd Kc]
Seat 1: machosaliba22 (big blind) folded on the River
Seat 2: ImaPeppaPig collected ($14.17)
Seat 3: ru_ruu_ru folded before Flop (didn't bet)
Seat 4: ozstrike88 folded before Flop (didn't bet)
Seat 5: AlexPinsk1 (button) folded before Flop (didn't bet)
Seat 6: Iseedora (small blind) folded before Flop



PokerStars Hand #254736885294:  Hold'em No Limit ($0.50/$1.00 USD) - 2025/02/06 18:32:53 WET [2025/02/06 13:32:53 ET]
Table 'Sponde II' 6-max Seat #6 is the button
Seat 1: machosaliba22 ($48.99 in chips) 
Seat 2: ImaPeppaPig ($116.98 in chips) 
Seat 3: ru_ruu_ru ($107.64 in chips) 
Seat 4: ozstrike88 ($101.70 in chips) 
Seat 5: AlexPinsk1 ($277.36 in chips) 
Seat 6: Iseedora ($100 in chips) 
machosaliba22: posts small blind $0.50
ImaPeppaPig: posts big blind $1
*** HOLE CARDS ***
ru_ruu_ru: folds 
ozstrike88: folds 
AlexPinsk1: folds 
Iseedora: folds 
machosaliba22: folds 
Uncalled bet ($0.50) returned to ImaPeppaPig
ImaPeppaPig collected $1 from pot
ImaPeppaPig: doesn't show hand 
*** SUMMARY ***
Total pot $1 | Rake $0 
Seat 1: machosaliba22 (small blind) folded before Flop
Seat 2: ImaPeppaPig (big blind) collected ($1)
Seat 3: ru_ruu_ru folded before Flop (didn't bet)
Seat 4: ozstrike88 folded before Flop (didn't bet)
Seat 5: AlexPinsk1 folded before Flop (didn't bet)
Seat 6: Iseedora (button) folded before Flop (didn't bet)



PokerStars Hand #254736889348:  Hold'em No Limit ($0.50/$1.00 USD) - 2025/02/06 18:33:07 WET [2025/02/06 13:33:07 ET]
Table 'Sponde II' 6-max Seat #1 is the button
Seat 3: ru_ruu_ru ($107.64 in chips) is sitting out
Seat 1: machosaliba22 ($48.49 in chips) 
Seat 2: ImaPeppaPig ($117.48 in chips) 
Seat 4: ozstrike88 ($101.70 in chips) 
Seat 5: AlexPinsk1 ($277.36 in chips) 
Seat 6: Iseedora ($100 in chips) 
ImaPeppaPig: posts small blind $0.50
ru_ruu_ru: is sitting out 
ozstrike88: posts big blind $1
*** HOLE CARDS ***
AlexPinsk1: folds 
Iseedora: folds 
machosaliba22: calls $1
ru_ruu_ru leaves the table
ImaPeppaPig: folds 
ozstrike88: checks 
*** FLOP *** [5h 4s Qh]
ozstrike88: checks 
BumHuntKing joins the table at seat #3 
machosaliba22: bets $1
ozstrike88: folds 
Uncalled bet ($1) returned to machosaliba22
machosaliba22 collected $2.38 from pot
*** SUMMARY ***
Total pot $2.50 | Rake $0.12 
Board [5h 4s Qh]
Seat 3: ru_ruu_ru
Seat 1: machosaliba22 (button) collected ($2.38)
Seat 2: ImaPeppaPig (small blind) folded before Flop
Seat 4: ozstrike88 (big blind) folded on the Flop
Seat 5: AlexPinsk1 folded before Flop (didn't bet)
Seat 6: Iseedora folded before Flop (didn't bet)



PokerStars Hand #254736902134:  Hold'em No Limit ($0.50/$1.00 USD) - 2025/02/06 18:33:53 WET [2025/02/06 13:33:53 ET]
Table 'Sponde II' 6-max Seat #2 is the button
Seat 3: BumHuntKing ($100 in chips) is sitting out
Seat 1: machosaliba22 ($49.87 in chips) 
Seat 2: ImaPeppaPig ($116.98 in chips) 
Seat 4: ozstrike88 ($100.70 in chips) 
Seat 5: AlexPinsk1 ($277.36 in chips) 
Seat 6: Iseedora ($100 in chips) 
ozstrike88: posts small blind $0.50
AlexPinsk1: posts big blind $1
*** HOLE CARDS ***
Iseedora: folds 
machosaliba22: folds 
ImaPeppaPig: raises $1.50 to $2.50
ozstrike88: calls $2
AlexPinsk1: folds 
*** FLOP *** [4s 5h 9h]
ozstrike88: bets $2.85
ImaPeppaPig: folds 
Uncalled bet ($2.85) returned to ozstrike88
ozstrike88 collected $5.70 from pot
*** SUMMARY ***
Total pot $6 | Rake $0.30 
Board [4s 5h 9h]
Seat 3: BumHuntKing
Seat 1: machosaliba22 folded before Flop (didn't bet)
Seat 2: ImaPeppaPig (button) folded on the Flop
Seat 4: ozstrike88 (small blind) collected ($5.70)
Seat 5: AlexPinsk1 (big blind) folded before Flop
Seat 6: Iseedora folded before Flop (didn't bet)



PokerStars Hand #254736909759:  Hold'em No Limit ($0.50/$1.00 USD) - 2025/02/06 18:34:20 WET [2025/02/06 13:34:20 ET]
Table 'Sponde II' 6-max Seat #4 is the button
Seat 3: BumHuntKing ($100 in chips) is sitting out
Seat 1: machosaliba22 ($49.87 in chips) 
Seat 2: ImaPeppaPig ($114.48 in chips) 
Seat 4: ozstrike88 ($103.90 in chips) 
Seat 5: AlexPinsk1 ($276.36 in chips) 
Seat 6: Iseedora ($100 in chips) 
AlexPinsk1: posts small blind $0.50
Iseedora: posts big blind $1
BumHuntKing: sits out 
*** HOLE CARDS ***
machosaliba22: folds 
ImaPeppaPig: raises $1.50 to $2.50
ozstrike88: folds 
AlexPinsk1: folds 
Iseedora: folds 
Uncalled bet ($1.50) returned to ImaPeppaPig
ImaPeppaPig collected $2.50 from pot
ImaPeppaPig: doesn't show hand 
*** SUMMARY ***
Total pot $2.50 | Rake $0 
Seat 3: BumHuntKing
Seat 1: machosaliba22 folded before Flop (didn't bet)
Seat 2: ImaPeppaPig collected ($2.50)
Seat 4: ozstrike88 (button) folded before Flop (didn't bet)
Seat 5: AlexPinsk1 (small blind) folded before Flop
Seat 6: Iseedora (big blind) folded before Flop



PokerStars Hand #254736915843:  Hold'em No Limit ($0.50/$1.00 USD) - 2025/02/06 18:34:41 WET [2025/02/06 13:34:41 ET]
Table 'Sponde II' 6-max Seat #5 is the button
Seat 3: BumHuntKing ($100 in chips) is sitting out
Seat 1: machosaliba22 ($49.87 in chips) 
Seat 2: ImaPeppaPig ($115.98 in chips) 
Seat 4: ozstrike88 ($103.90 in chips) 
Seat 5: AlexPinsk1 ($275.86 in chips) 
Seat 6: Iseedora ($100 in chips) 
Iseedora: posts small blind $0.50
machosaliba22: posts big blind $1
BumHuntKing: sits out 
*** HOLE CARDS ***
ImaPeppaPig: folds 
ozstrike88: folds 
AlexPinsk1: folds 
Iseedora: raises $2 to $3
machosaliba22: folds 
Uncalled bet ($2) returned to Iseedora
Iseedora collected $2 from pot
Iseedora: doesn't show hand 
*** SUMMARY ***
Total pot $2 | Rake $0 
Seat 3: BumHuntKing
Seat 1: machosaliba22 (big blind) folded before Flop
Seat 2: ImaPeppaPig folded before Flop (didn't bet)
Seat 4: ozstrike88 folded before Flop (didn't bet)
Seat 5: AlexPinsk1 (button) folded before Flop (didn't bet)
Seat 6: Iseedora (small blind) collected ($2)



PokerStars Hand #254736919807:  Hold'em No Limit ($0.50/$1.00 USD) - 2025/02/06 18:34:55 WET [2025/02/06 13:34:55 ET]
Table 'Sponde II' 6-max Seat #6 is the button
Seat 3: BumHuntKing ($100 in chips) is sitting out
Seat 1: machosaliba22 ($48.87 in chips) 
Seat 2: ImaPeppaPig ($115.98 in chips) 
Seat 4: ozstrike88 ($103.90 in chips) 
Seat 5: AlexPinsk1 ($275.86 in chips) 
Seat 6: Iseedora ($101 in chips) 
machosaliba22: posts small blind $0.50
ImaPeppaPig: posts big blind $1
BumHuntKing: sits out 
*** HOLE CARDS ***
ozstrike88: raises $2.50 to $3.50
AlexPinsk1: folds 
Iseedora: raises $6.50 to $10
machosaliba22: folds 
ImaPeppaPig: folds 
ozstrike88: calls $6.50
*** FLOP *** [Ah 5d 8h]
ozstrike88: checks 
Iseedora: bets $10.62
ozstrike88: folds 
Uncalled bet ($10.62) returned to Iseedora
Iseedora collected $20.42 from pot
Iseedora: doesn't show hand 
*** SUMMARY ***
Total pot $21.50 | Rake $1.08 
Board [Ah 5d 8h]
Seat 3: BumHuntKing
Seat 1: machosaliba22 (small blind) folded before Flop
Seat 2: ImaPeppaPig (big blind) folded before Flop
Seat 4: ozstrike88 folded on the Flop
Seat 5: AlexPinsk1 folded before Flop (didn't bet)
Seat 6: Iseedora (button) collected ($20.42)



PokerStars Hand #254736934690:  Hold'em No Limit ($0.50/$1.00 USD) - 2025/02/06 18:35:48 WET [2025/02/06 13:35:48 ET]
Table 'Sponde II' 6-max Seat #1 is the button
Seat 1: machosaliba22 ($48.37 in chips) 
Seat 2: ImaPeppaPig ($114.98 in chips) 
Seat 3: BumHuntKing ($100 in chips) 
Seat 4: ozstrike88 ($93.90 in chips) 
Seat 5: AlexPinsk1 ($275.86 in chips) 
Seat 6: Iseedora ($111.42 in chips) 
ImaPeppaPig: posts small blind $0.50
BumHuntKing: posts big blind $1
*** HOLE CARDS ***
ozstrike88: raises $2 to $3
AlexPinsk1: folds 
Iseedora: folds 
machosaliba22: calls $3
ImaPeppaPig: folds 
BumHuntKing: folds 
*** FLOP *** [3d 6d Js]
ozstrike88: checks 
machosaliba22: checks 
*** TURN *** [3d 6d Js] [7s]
ozstrike88: checks 
machosaliba22: checks 
*** RIVER *** [3d 6d Js 7s] [9s]
ozstrike88: checks 
machosaliba22: checks 
*** SHOW DOWN ***
ozstrike88: shows [Td Kc] (high card King)
machosaliba22: shows [2s 2h] (a pair of Deuces)
machosaliba22 collected $7.12 from pot
*** SUMMARY ***
Total pot $7.50 | Rake $0.38 
Board [3d 6d Js 7s 9s]
Seat 1: machosaliba22 (button) showed [2s 2h] and won ($7.12) with a pair of Deuces
Seat 2: ImaPeppaPig (small blind) folded before Flop
Seat 3: BumHuntKing (big blind) folded before Flop
Seat 4: ozstrike88 showed [Td Kc] and lost with high card King
Seat 5: AlexPinsk1 folded before Flop (didn't bet)
Seat 6: Iseedora folded before Flop (didn't bet)



PokerStars Hand #254736948925:  Hold'em No Limit ($0.50/$1.00 USD) - 2025/02/06 18:36:38 WET [2025/02/06 13:36:38 ET]
Table 'Sponde II' 6-max Seat #2 is the button
Seat 1: machosaliba22 ($52.49 in chips) 
Seat 2: ImaPeppaPig ($114.48 in chips) 
Seat 3: BumHuntKing ($100 in chips) 
Seat 4: ozstrike88 ($90.90 in chips) 
Seat 5: AlexPinsk1 ($275.86 in chips) 
Seat 6: Iseedora ($111.42 in chips) 
BumHuntKing: posts small blind $0.50
ozstrike88: posts big blind $1
*** HOLE CARDS ***
AlexPinsk1: folds 
Iseedora: folds 
machosaliba22: folds 
ImaPeppaPig: folds 
BumHuntKing: folds 
Uncalled bet ($0.50) returned to ozstrike88
ozstrike88 collected $1 from pot
*** SUMMARY ***
Total pot $1 | Rake $0 
Seat 1: machosaliba22 folded before Flop (didn't bet)
Seat 2: ImaPeppaPig (button) folded before Flop (didn't bet)
Seat 3: BumHuntKing (small blind) folded before Flop
Seat 4: ozstrike88 (big blind) collected ($1)
Seat 5: AlexPinsk1 folded before Flop (didn't bet)
Seat 6: Iseedora folded before Flop (didn't bet)



PokerStars Hand #254736952509:  Hold'em No Limit ($0.50/$1.00 USD) - 2025/02/06 18:36:51 WET [2025/02/06 13:36:51 ET]
Table 'Sponde II' 6-max Seat #3 is the button
Seat 1: machosaliba22 ($52.49 in chips) 
Seat 2: ImaPeppaPig ($114.48 in chips) 
Seat 3: BumHuntKing ($100 in chips) 
Seat 4: ozstrike88 ($91.40 in chips) 
Seat 5: AlexPinsk1 ($275.86 in chips) 
Seat 6: Iseedora ($111.42 in chips) 
ozstrike88: posts small blind $0.50
AlexPinsk1: posts big blind $1
*** HOLE CARDS ***
Iseedora: raises $1.20 to $2.20
machosaliba22: folds 
ImaPeppaPig: raises $4.80 to $7
BumHuntKing: folds 
ozstrike88: folds 
AlexPinsk1: folds 
Iseedora: raises $12.50 to $19.50
ImaPeppaPig: raises $94.98 to $114.48 and is all-in
Iseedora: folds 
Uncalled bet ($94.98) returned to ImaPeppaPig
ImaPeppaPig collected $40.50 from pot
ImaPeppaPig: doesn't show hand 
*** SUMMARY ***
Total pot $40.50 | Rake $0 
Seat 1: machosaliba22 folded before Flop (didn't bet)
Seat 2: ImaPeppaPig collected ($40.50)
Seat 3: BumHuntKing (button) folded before Flop (didn't bet)
Seat 4: ozstrike88 (small blind) folded before Flop
Seat 5: AlexPinsk1 (big blind) folded before Flop
Seat 6: Iseedora folded before Flop



PokerStars Hand #254736969271:  Hold'em No Limit ($0.50/$1.00 USD) - 2025/02/06 18:37:50 WET [2025/02/06 13:37:50 ET]
Table 'Sponde II' 6-max Seat #4 is the button
Seat 1: machosaliba22 ($52.49 in chips) 
Seat 2: ImaPeppaPig ($135.48 in chips) 
Seat 3: BumHuntKing ($100 in chips) 
Seat 4: ozstrike88 ($90.90 in chips) 
Seat 5: AlexPinsk1 ($274.86 in chips) 
Seat 6: Iseedora ($100 in chips) 
AlexPinsk1: posts small blind $0.50
Iseedora: posts big blind $1
*** HOLE CARDS ***
machosaliba22: folds 
ImaPeppaPig: raises $1.50 to $2.50
BumHuntKing: folds 
ozstrike88: calls $2.50
AlexPinsk1: folds 
Iseedora: raises $10.50 to $13
ImaPeppaPig: raises $15 to $28
ozstrike88: folds 
Iseedora: folds 
Uncalled bet ($15) returned to ImaPeppaPig
ImaPeppaPig collected $29 from pot
ImaPeppaPig: doesn't show hand 
*** SUMMARY ***
Total pot $29 | Rake $0 
Seat 1: machosaliba22 folded before Flop (didn't bet)
Seat 2: ImaPeppaPig collected ($29)
Seat 3: BumHuntKing folded before Flop (didn't bet)
Seat 4: ozstrike88 (button) folded before Flop
Seat 5: AlexPinsk1 (small blind) folded before Flop
Seat 6: Iseedora (big blind) folded before Flop



PokerStars Hand #254736983854:  Hold'em No Limit ($0.50/$1.00 USD) - 2025/02/06 18:38:43 WET [2025/02/06 13:38:43 ET]
Table 'Sponde II' 6-max Seat #5 is the button
Seat 1: machosaliba22 ($52.49 in chips) 
Seat 2: ImaPeppaPig ($151.48 in chips) 
Seat 3: BumHuntKing ($100 in chips) 
Seat 4: ozstrike88 ($88.40 in chips) 
Seat 5: AlexPinsk1 ($274.36 in chips) 
Seat 6: Iseedora ($100 in chips) 
Iseedora: posts small blind $0.50
machosaliba22: posts big blind $1
*** HOLE CARDS ***
ImaPeppaPig: folds 
BumHuntKing: raises $1.20 to $2.20
ozstrike88: folds 
AlexPinsk1: folds 
Iseedora: folds 
machosaliba22: folds 
Uncalled bet ($1.20) returned to BumHuntKing
BumHuntKing collected $2.50 from pot
BumHuntKing: doesn't show hand 
*** SUMMARY ***
Total pot $2.50 | Rake $0 
Seat 1: machosaliba22 (big blind) folded before Flop
Seat 2: ImaPeppaPig folded before Flop (didn't bet)
Seat 3: BumHuntKing collected ($2.50)
Seat 4: ozstrike88 folded before Flop (didn't bet)
Seat 5: AlexPinsk1 (button) folded before Flop (didn't bet)
Seat 6: Iseedora (small blind) folded before Flop



PokerStars Hand #254736988784:  Hold'em No Limit ($0.50/$1.00 USD) - 2025/02/06 18:39:00 WET [2025/02/06 13:39:00 ET]
Table 'Sponde II' 6-max Seat #6 is the button
Seat 1: machosaliba22 ($51.49 in chips) 
Seat 2: ImaPeppaPig ($151.48 in chips) 
Seat 3: BumHuntKing ($101.50 in chips) 
Seat 4: ozstrike88 ($88.40 in chips) 
Seat 5: AlexPinsk1 ($274.36 in chips) 
Seat 6: Iseedora ($100 in chips) 
machosaliba22: posts small blind $0.50
ImaPeppaPig: posts big blind $1
*** HOLE CARDS ***
BumHuntKing: raises $1.20 to $2.20
ozstrike88: calls $2.20
AlexPinsk1: folds 
Iseedora: folds 
machosaliba22: folds 
ImaPeppaPig: calls $1.20
*** FLOP *** [8d 9h Th]
ImaPeppaPig: checks 
BumHuntKing: checks 
ozstrike88: checks 
*** TURN *** [8d 9h Th] [Tc]
ImaPeppaPig: checks 
BumHuntKing: checks 
ozstrike88: checks 
*** RIVER *** [8d 9h Th Tc] [Qc]
ImaPeppaPig: checks 
BumHuntKing: bets $5.05
ozstrike88: folds 
ImaPeppaPig: folds 
Uncalled bet ($5.05) returned to BumHuntKing
BumHuntKing collected $6.74 from pot
BumHuntKing: doesn't show hand 
*** SUMMARY ***
Total pot $7.10 | Rake $0.36 
Board [8d 9h Th Tc Qc]
Seat 1: machosaliba22 (small blind) folded before Flop
Seat 2: ImaPeppaPig (big blind) folded on the River
Seat 3: BumHuntKing collected ($6.74)
Seat 4: ozstrike88 folded on the River
Seat 5: AlexPinsk1 folded before Flop (didn't bet)
Seat 6: Iseedora (button) folded before Flop (didn't bet)



PokerStars Hand #254737021896:  Hold'em No Limit ($0.50/$1.00 USD) - 2025/02/06 18:40:58 WET [2025/02/06 13:40:58 ET]
Table 'Sponde II' 6-max Seat #1 is the button
Seat 1: machosaliba22 ($50.99 in chips) 
Seat 2: ImaPeppaPig ($149.28 in chips) 
Seat 3: BumHuntKing ($106.04 in chips) 
Seat 4: ozstrike88 ($86.20 in chips) 
Seat 5: AlexPinsk1 ($274.36 in chips) 
Seat 6: Iseedora ($100 in chips) 
ImaPeppaPig: posts small blind $0.50
BumHuntKing: posts big blind $1
*** HOLE CARDS ***
ozstrike88: folds 
AlexPinsk1: raises $1.50 to $2.50
Iseedora: folds 
machosaliba22: folds 
ImaPeppaPig: folds 
BumHuntKing: folds 
Uncalled bet ($1.50) returned to AlexPinsk1
AlexPinsk1 collected $2.50 from pot
AlexPinsk1: doesn't show hand 
*** SUMMARY ***
Total pot $2.50 | Rake $0 
Seat 1: machosaliba22 (button) folded before Flop (didn't bet)
Seat 2: ImaPeppaPig (small blind) folded before Flop
Seat 3: BumHuntKing (big blind) folded before Flop
Seat 4: ozstrike88 folded before Flop (didn't bet)
Seat 5: AlexPinsk1 collected ($2.50)
Seat 6: Iseedora folded before Flop (didn't bet)



PokerStars Hand #254737027460:  Hold'em No Limit ($0.50/$1.00 USD) - 2025/02/06 18:41:18 WET [2025/02/06 13:41:18 ET]
Table 'Sponde II' 6-max Seat #2 is the button
Seat 1: machosaliba22 ($50.99 in chips) 
Seat 2: ImaPeppaPig ($148.78 in chips) 
Seat 3: BumHuntKing ($105.04 in chips) 
Seat 4: ozstrike88 ($86.20 in chips) 
Seat 5: AlexPinsk1 ($275.86 in chips) 
Seat 6: Iseedora ($100 in chips) 
BumHuntKing: posts small blind $0.50
ozstrike88: posts big blind $1
*** HOLE CARDS ***
AlexPinsk1: folds 
Iseedora: folds 
machosaliba22: folds 
ImaPeppaPig: folds 
BumHuntKing: folds 
Uncalled bet ($0.50) returned to ozstrike88
ozstrike88 collected $1 from pot
*** SUMMARY ***
Total pot $1 | Rake $0 
Seat 1: machosaliba22 folded before Flop (didn't bet)
Seat 2: ImaPeppaPig (button) folded before Flop (didn't bet)
Seat 3: BumHuntKing (small blind) folded before Flop
Seat 4: ozstrike88 (big blind) collected ($1)
Seat 5: AlexPinsk1 folded before Flop (didn't bet)
Seat 6: Iseedora folded before Flop (didn't bet)



PokerStars Hand #254737031152:  Hold'em No Limit ($0.50/$1.00 USD) - 2025/02/06 18:41:31 WET [2025/02/06 13:41:31 ET]
Table 'Sponde II' 6-max Seat #3 is the button
Seat 1: machosaliba22 ($50.99 in chips) 
Seat 2: ImaPeppaPig ($148.78 in chips) 
Seat 3: BumHuntKing ($104.54 in chips) 
Seat 4: ozstrike88 ($86.70 in chips) 
Seat 5: AlexPinsk1 ($275.86 in chips) 
Seat 6: Iseedora ($100 in chips) 
ozstrike88: posts small blind $0.50
AlexPinsk1: posts big blind $1
*** HOLE CARDS ***
Iseedora: raises $1.20 to $2.20
machosaliba22: folds 
ImaPeppaPig: raises $4.80 to $7
BumHuntKing: folds 
ozstrike88: folds 
AlexPinsk1: folds 
Iseedora: folds 
Uncalled bet ($4.80) returned to ImaPeppaPig
ImaPeppaPig collected $5.90 from pot
ImaPeppaPig: doesn't show hand 
*** SUMMARY ***
Total pot $5.90 | Rake $0 
Seat 1: machosaliba22 folded before Flop (didn't bet)
Seat 2: ImaPeppaPig collected ($5.90)
Seat 3: BumHuntKing (button) folded before Flop (didn't bet)
Seat 4: ozstrike88 (small blind) folded before Flop
Seat 5: AlexPinsk1 (big blind) folded before Flop
Seat 6: Iseedora folded before Flop



PokerStars Hand #254737046806:  Hold'em No Limit ($0.50/$1.00 USD) - 2025/02/06 18:42:26 WET [2025/02/06 13:42:26 ET]
Table 'Sponde II' 6-max Seat #4 is the button
Seat 1: machosaliba22 ($50.99 in chips) 
Seat 2: ImaPeppaPig ($152.48 in chips) 
Seat 3: BumHuntKing ($104.54 in chips) 
Seat 4: ozstrike88 ($86.20 in chips) 
Seat 5: AlexPinsk1 ($274.86 in chips) 
Seat 6: Iseedora ($100 in chips) 
AlexPinsk1: posts small blind $0.50
Iseedora: posts big blind $1
*** HOLE CARDS ***
machosaliba22 has timed out
machosaliba22: folds 
ImaPeppaPig: raises $1.50 to $2.50
BumHuntKing: folds 
ozstrike88: folds 
AlexPinsk1: folds 
Iseedora: folds 
Uncalled bet ($1.50) returned to ImaPeppaPig
ImaPeppaPig collected $2.50 from pot
ImaPeppaPig: doesn't show hand 
*** SUMMARY ***
Total pot $2.50 | Rake $0 
Seat 1: machosaliba22 folded before Flop (didn't bet)
Seat 2: ImaPeppaPig collected ($2.50)
Seat 3: BumHuntKing folded before Flop (didn't bet)
Seat 4: ozstrike88 (button) folded before Flop (didn't bet)
Seat 5: AlexPinsk1 (small blind) folded before Flop
Seat 6: Iseedora (big blind) folded before Flop



PokerStars Hand #254737055318:  Hold'em No Limit ($0.50/$1.00 USD) - 2025/02/06 18:42:57 WET [2025/02/06 13:42:57 ET]
Table 'Sponde II' 6-max Seat #5 is the button
Seat 1: machosaliba22 ($50.99 in chips) 
Seat 2: ImaPeppaPig ($153.98 in chips) 
Seat 3: BumHuntKing ($104.54 in chips) 
Seat 4: ozstrike88 ($86.20 in chips) 
Seat 5: AlexPinsk1 ($274.36 in chips) 
Seat 6: Iseedora ($100 in chips) 
Iseedora: posts small blind $0.50
machosaliba22: posts big blind $1
*** HOLE CARDS ***
ImaPeppaPig: folds 
BumHuntKing: folds 
ozstrike88: folds 
AlexPinsk1: folds 
Iseedora: folds 
Uncalled bet ($0.50) returned to machosaliba22
machosaliba22 collected $1 from pot
*** SUMMARY ***
Total pot $1 | Rake $0 
Seat 1: machosaliba22 (big blind) collected ($1)
Seat 2: ImaPeppaPig folded before Flop (didn't bet)
Seat 3: BumHuntKing folded before Flop (didn't bet)
Seat 4: ozstrike88 folded before Flop (didn't bet)
Seat 5: AlexPinsk1 (button) folded before Flop (didn't bet)
Seat 6: Iseedora (small blind) folded before Flop



PokerStars Hand #254736391022:  Hold'em No Limit ($0.50/$1.00 USD) - 2025/02/06 18:02:25 WET [2025/02/06 13:02:25 ET]
Table 'Sponde II' 6-max Seat #6 is the button
Seat 1: machosaliba22 ($32.84 in chips) 
Seat 2: ImaPeppaPig ($113 in chips) 
Seat 3: ru_ruu_ru ($100 in chips) 
Seat 4: ozstrike88 ($89.52 in chips) 
Seat 5: AlexPinsk1 ($101.92 in chips) 
Seat 6: Iseedora ($101.89 in chips) 
machosaliba22: posts small blind $0.50
ImaPeppaPig: posts big blind $1
*** HOLE CARDS ***
ru_ruu_ru: folds 
ozstrike88: folds 
AlexPinsk1: folds 
Iseedora: folds 
machosaliba22: raises $1 to $2
ImaPeppaPig: folds 
Uncalled bet ($1) returned to machosaliba22
machosaliba22 collected $2 from pot
*** SUMMARY ***
Total pot $2 | Rake $0 
Seat 1: machosaliba22 (small blind) collected ($2)
Seat 2: ImaPeppaPig (big blind) folded before Flop
Seat 3: ru_ruu_ru folded before Flop (didn't bet)
Seat 4: ozstrike88 folded before Flop (didn't bet)
Seat 5: AlexPinsk1 folded before Flop (didn't bet)
Seat 6: Iseedora (button) folded before Flop (didn't bet)



PokerStars Hand #254736394877:  Hold'em No Limit ($0.50/$1.00 USD) - 2025/02/06 18:02:40 WET [2025/02/06 13:02:40 ET]
Table 'Sponde II' 6-max Seat #1 is the button
Seat 1: machosaliba22 ($33.84 in chips) 
Seat 2: ImaPeppaPig ($112 in chips) 
Seat 3: ru_ruu_ru ($100 in chips) 
Seat 4: ozstrike88 ($89.52 in chips) 
Seat 5: AlexPinsk1 ($101.92 in chips) 
Seat 6: Iseedora ($101.89 in chips) 
ImaPeppaPig: posts small blind $0.50
ru_ruu_ru: posts big blind $1
*** HOLE CARDS ***
ozstrike88: raises $2.50 to $3.50
AlexPinsk1: folds 
Iseedora: folds 
machosaliba22: folds 
ImaPeppaPig: folds 
ru_ruu_ru: folds 
Uncalled bet ($2.50) returned to ozstrike88
ozstrike88 collected $2.50 from pot
*** SUMMARY ***
Total pot $2.50 | Rake $0 
Seat 1: machosaliba22 (button) folded before Flop (didn't bet)
Seat 2: ImaPeppaPig (small blind) folded before Flop
Seat 3: ru_ruu_ru (big blind) folded before Flop
Seat 4: ozstrike88 collected ($2.50)
Seat 5: AlexPinsk1 folded before Flop (didn't bet)
Seat 6: Iseedora folded before Flop (didn't bet)



PokerStars Hand #254736400352:  Hold'em No Limit ($0.50/$1.00 USD) - 2025/02/06 18:03:01 WET [2025/02/06 13:03:01 ET]
Table 'Sponde II' 6-max Seat #2 is the button
Seat 1: machosaliba22 ($33.84 in chips) 
Seat 2: ImaPeppaPig ($111.50 in chips) 
Seat 3: ru_ruu_ru ($100 in chips) 
Seat 4: ozstrike88 ($91.02 in chips) 
Seat 5: AlexPinsk1 ($101.92 in chips) 
Seat 6: Iseedora ($101.89 in chips) 
ru_ruu_ru: posts small blind $0.50
ozstrike88: posts big blind $1
*** HOLE CARDS ***
AlexPinsk1: folds 
Iseedora: raises $1.20 to $2.20
machosaliba22: folds 
ImaPeppaPig: folds 
ru_ruu_ru: calls $1.70
ozstrike88: raises $1.20 to $3.40
Iseedora: raises $10.60 to $14
ru_ruu_ru: folds 
ozstrike88: folds 
Uncalled bet ($10.60) returned to Iseedora
Iseedora collected $9 from pot
Iseedora: doesn't show hand 
*** SUMMARY ***
Total pot $9 | Rake $0 
Seat 1: machosaliba22 folded before Flop (didn't bet)
Seat 2: ImaPeppaPig (button) folded before Flop (didn't bet)
Seat 3: ru_ruu_ru (small blind) folded before Flop
Seat 4: ozstrike88 (big blind) folded before Flop
Seat 5: AlexPinsk1 folded before Flop (didn't bet)
Seat 6: Iseedora collected ($9)



PokerStars Hand #254736412878:  Hold'em No Limit ($0.50/$1.00 USD) - 2025/02/06 18:03:49 WET [2025/02/06 13:03:49 ET]
Table 'Sponde II' 6-max Seat #3 is the button
Seat 1: machosaliba22 ($33.84 in chips) 
Seat 2: ImaPeppaPig ($111.50 in chips) 
Seat 3: ru_ruu_ru ($100 in chips) 
Seat 4: ozstrike88 ($87.62 in chips) 
Seat 5: AlexPinsk1 ($101.92 in chips) 
Seat 6: Iseedora ($107.49 in chips) 
ozstrike88: posts small blind $0.50
AlexPinsk1: posts big blind $1
*** HOLE CARDS ***
Iseedora: folds 
machosaliba22: calls $1
ImaPeppaPig: folds 
ru_ruu_ru: folds 
ozstrike88: raises $1 to $2
AlexPinsk1: folds 
machosaliba22: calls $1
*** FLOP *** [9c 8c 6c]
ozstrike88: bets $2.38
machosaliba22: calls $2.38
*** TURN *** [9c 8c 6c] [8h]
ozstrike88: checks 
machosaliba22: bets $3
ozstrike88: calls $3
*** RIVER *** [9c 8c 6c 8h] [Qc]
ozstrike88: checks 
machosaliba22: bets $4
ozstrike88: folds 
Uncalled bet ($4) returned to machosaliba22
machosaliba22 collected $14.97 from pot
*** SUMMARY ***
Total pot $15.76 | Rake $0.79 
Board [9c 8c 6c 8h Qc]
Seat 1: machosaliba22 collected ($14.97)
Seat 2: ImaPeppaPig folded before Flop (didn't bet)
Seat 3: ru_ruu_ru (button) folded before Flop (didn't bet)
Seat 4: ozstrike88 (small blind) folded on the River
Seat 5: AlexPinsk1 (big blind) folded before Flop
Seat 6: Iseedora folded before Flop (didn't bet)



PokerStars Hand #254736433723:  Hold'em No Limit ($0.50/$1.00 USD) - 2025/02/06 18:05:08 WET [2025/02/06 13:05:08 ET]
Table 'Sponde II' 6-max Seat #4 is the button
Seat 1: machosaliba22 ($41.43 in chips) 
Seat 2: ImaPeppaPig ($111.50 in chips) 
Seat 3: ru_ruu_ru ($100 in chips) 
Seat 4: ozstrike88 ($80.24 in chips) 
Seat 5: AlexPinsk1 ($100.92 in chips) 
Seat 6: Iseedora ($107.49 in chips) 
AlexPinsk1: posts small blind $0.50
Iseedora: posts big blind $1
*** HOLE CARDS ***
machosaliba22: calls $1
ImaPeppaPig: folds 
ru_ruu_ru: folds 
ozstrike88: raises $1 to $2
AlexPinsk1: folds 
Iseedora: raises $9.50 to $11.50
machosaliba22: folds 
ozstrike88: folds 
Uncalled bet ($9.50) returned to Iseedora
Iseedora collected $5.50 from pot
Iseedora: doesn't show hand 
*** SUMMARY ***
Total pot $5.50 | Rake $0 
Seat 1: machosaliba22 folded before Flop
Seat 2: ImaPeppaPig folded before Flop (didn't bet)
Seat 3: ru_ruu_ru folded before Flop (didn't bet)
Seat 4: ozstrike88 (button) folded before Flop
Seat 5: AlexPinsk1 (small blind) folded before Flop
Seat 6: Iseedora (big blind) collected ($5.50)



PokerStars Hand #254736442381:  Hold'em No Limit ($0.50/$1.00 USD) - 2025/02/06 18:05:41 WET [2025/02/06 13:05:41 ET]
Table 'Sponde II' 6-max Seat #5 is the button
Seat 1: machosaliba22 ($40.43 in chips) 
Seat 2: ImaPeppaPig ($111.50 in chips) 
Seat 3: ru_ruu_ru ($100 in chips) 
Seat 4: ozstrike88 ($78.24 in chips) 
Seat 5: AlexPinsk1 ($100.42 in chips) 
Seat 6: Iseedora ($110.99 in chips) 
Iseedora: posts small blind $0.50
machosaliba22: posts big blind $1
*** HOLE CARDS ***
ImaPeppaPig: folds 
ru_ruu_ru: folds 
ozstrike88: raises $2.50 to $3.50
AlexPinsk1: folds 
Iseedora: folds 
machosaliba22: folds 
Uncalled bet ($2.50) returned to ozstrike88
ozstrike88 collected $2.50 from pot
*** SUMMARY ***
Total pot $2.50 | Rake $0 
Seat 1: machosaliba22 (big blind) folded before Flop
Seat 2: ImaPeppaPig folded before Flop (didn't bet)
Seat 3: ru_ruu_ru folded before Flop (didn't bet)
Seat 4: ozstrike88 collected ($2.50)
Seat 5: AlexPinsk1 (button) folded before Flop (didn't bet)
Seat 6: Iseedora (small blind) folded before Flop



PokerStars Hand #254736448931:  Hold'em No Limit ($0.50/$1.00 USD) - 2025/02/06 18:06:06 WET [2025/02/06 13:06:06 ET]
Table 'Sponde II' 6-max Seat #6 is the button
Seat 1: machosaliba22 ($39.43 in chips) 
Seat 2: ImaPeppaPig ($111.50 in chips) 
Seat 3: ru_ruu_ru ($100 in chips) 
Seat 4: ozstrike88 ($79.74 in chips) 
Seat 5: AlexPinsk1 ($100.42 in chips) 
Seat 6: Iseedora ($110.49 in chips) 
machosaliba22: posts small blind $0.50
ImaPeppaPig: posts big blind $1
*** HOLE CARDS ***
ru_ruu_ru: folds 
ozstrike88: calls $1
AlexPinsk1: folds 
Iseedora: folds 
machosaliba22: calls $0.50
ImaPeppaPig: raises $5 to $6
ozstrike88: folds 
machosaliba22: folds 
Uncalled bet ($5) returned to ImaPeppaPig
ImaPeppaPig collected $3 from pot
ImaPeppaPig: doesn't show hand 
*** SUMMARY ***
Total pot $3 | Rake $0 
Seat 1: machosaliba22 (small blind) folded before Flop
Seat 2: ImaPeppaPig (big blind) collected ($3)
Seat 3: ru_ruu_ru folded before Flop (didn't bet)
Seat 4: ozstrike88 folded before Flop
Seat 5: AlexPinsk1 folded before Flop (didn't bet)
Seat 6: Iseedora (button) folded before Flop (didn't bet)



PokerStars Hand #254736459227:  Hold'em No Limit ($0.50/$1.00 USD) - 2025/02/06 18:06:44 WET [2025/02/06 13:06:44 ET]
Table 'Sponde II' 6-max Seat #1 is the button
Seat 1: machosaliba22 ($38.43 in chips) 
Seat 2: ImaPeppaPig ($113.50 in chips) 
Seat 3: ru_ruu_ru ($100 in chips) 
Seat 4: ozstrike88 ($78.74 in chips) 
Seat 5: AlexPinsk1 ($100.42 in chips) 
Seat 6: Iseedora ($110.49 in chips) 
ImaPeppaPig: posts small blind $0.50
ru_ruu_ru: posts big blind $1
*** HOLE CARDS ***
ozstrike88: folds 
AlexPinsk1: folds 
Iseedora: folds 
machosaliba22: calls $1
ImaPeppaPig: folds 
ru_ruu_ru: checks 
*** FLOP *** [7s Kh Ah]
ru_ruu_ru: checks 
machosaliba22: bets $2
ru_ruu_ru: folds 
Uncalled bet ($2) returned to machosaliba22
machosaliba22 collected $2.38 from pot
*** SUMMARY ***
Total pot $2.50 | Rake $0.12 
Board [7s Kh Ah]
Seat 1: machosaliba22 (button) collected ($2.38)
Seat 2: ImaPeppaPig (small blind) folded before Flop
Seat 3: ru_ruu_ru (big blind) folded on the Flop
Seat 4: ozstrike88 folded before Flop (didn't bet)
Seat 5: AlexPinsk1 folded before Flop (didn't bet)
Seat 6: Iseedora folded before Flop (didn't bet)



PokerStars Hand #254736465848:  Hold'em No Limit ($0.50/$1.00 USD) - 2025/02/06 18:07:09 WET [2025/02/06 13:07:09 ET]
Table 'Sponde II' 6-max Seat #2 is the button
Seat 1: machosaliba22 ($39.81 in chips) 
Seat 2: ImaPeppaPig ($113 in chips) 
Seat 3: ru_ruu_ru ($100 in chips) 
Seat 4: ozstrike88 ($78.74 in chips) 
Seat 5: AlexPinsk1 ($100.42 in chips) 
Seat 6: Iseedora ($110.49 in chips) 
ru_ruu_ru: posts small blind $0.50
ozstrike88: posts big blind $1
*** HOLE CARDS ***
AlexPinsk1: folds 
Iseedora: folds 
machosaliba22: folds 
ImaPeppaPig: folds 
ru_ruu_ru: folds 
Uncalled bet ($0.50) returned to ozstrike88
ozstrike88 collected $1 from pot
*** SUMMARY ***
Total pot $1 | Rake $0 
Seat 1: machosaliba22 folded before Flop (didn't bet)
Seat 2: ImaPeppaPig (button) folded before Flop (didn't bet)
Seat 3: ru_ruu_ru (small blind) folded before Flop
Seat 4: ozstrike88 (big blind) collected ($1)
Seat 5: AlexPinsk1 folded before Flop (didn't bet)
Seat 6: Iseedora folded before Flop (didn't bet)



PokerStars Hand #254736468889:  Hold'em No Limit ($0.50/$1.00 USD) - 2025/02/06 18:07:21 WET [2025/02/06 13:07:21 ET]
Table 'Sponde II' 6-max Seat #3 is the button
Seat 1: machosaliba22 ($39.81 in chips) 
Seat 2: ImaPeppaPig ($113 in chips) 
Seat 3: ru_ruu_ru ($100 in chips) 
Seat 4: ozstrike88 ($79.24 in chips) 
Seat 5: AlexPinsk1 ($100.42 in chips) 
Seat 6: Iseedora ($110.49 in chips) 
ozstrike88: posts small blind $0.50
AlexPinsk1: posts big blind $1
*** HOLE CARDS ***
Iseedora: folds 
machosaliba22: folds 
ImaPeppaPig: folds 
ru_ruu_ru: raises $1.50 to $2.50
ozstrike88: folds 
AlexPinsk1: raises $9.50 to $12
ru_ruu_ru: folds 
Uncalled bet ($9.50) returned to AlexPinsk1
AlexPinsk1 collected $5.50 from pot
AlexPinsk1: doesn't show hand 
*** SUMMARY ***
Total pot $5.50 | Rake $0 
Seat 1: machosaliba22 folded before Flop (didn't bet)
Seat 2: ImaPeppaPig folded before Flop (didn't bet)
Seat 3: ru_ruu_ru (button) folded before Flop
Seat 4: ozstrike88 (small blind) folded before Flop
Seat 5: AlexPinsk1 (big blind) collected ($5.50)
Seat 6: Iseedora folded before Flop (didn't bet)



PokerStars Hand #254736476130:  Hold'em No Limit ($0.50/$1.00 USD) - 2025/02/06 18:07:49 WET [2025/02/06 13:07:49 ET]
Table 'Sponde II' 6-max Seat #4 is the button
Seat 1: machosaliba22 ($39.81 in chips) 
Seat 2: ImaPeppaPig ($113 in chips) 
Seat 3: ru_ruu_ru ($100 in chips) 
Seat 4: ozstrike88 ($78.74 in chips) 
Seat 5: AlexPinsk1 ($103.42 in chips) 
Seat 6: Iseedora ($110.49 in chips) 
AlexPinsk1: posts small blind $0.50
Iseedora: posts big blind $1
*** HOLE CARDS ***
machosaliba22: folds 
ImaPeppaPig: folds 
ru_ruu_ru: raises $1.50 to $2.50
ozstrike88: folds 
AlexPinsk1: folds 
Iseedora: folds 
Uncalled bet ($1.50) returned to ru_ruu_ru
ru_ruu_ru collected $2.50 from pot
ru_ruu_ru: doesn't show hand 
*** SUMMARY ***
Total pot $2.50 | Rake $0 
Seat 1: machosaliba22 folded before Flop (didn't bet)
Seat 2: ImaPeppaPig folded before Flop (didn't bet)
Seat 3: ru_ruu_ru collected ($2.50)
Seat 4: ozstrike88 (button) folded before Flop (didn't bet)
Seat 5: AlexPinsk1 (small blind) folded before Flop
Seat 6: Iseedora (big blind) folded before Flop



PokerStars Hand #254736580224:  Hold'em No Limit ($0.50/$1.00 USD) - 2025/02/06 18:14:19 WET [2025/02/06 13:14:19 ET]
Table 'Sponde II' 6-max Seat #6 is the button
Seat 1: machosaliba22 ($40.49 in chips) 
Seat 2: ImaPeppaPig ($113.22 in chips) 
Seat 3: ru_ruu_ru ($105.34 in chips) 
Seat 4: ozstrike88 ($78.74 in chips) 
Seat 5: AlexPinsk1 ($198.50 in chips) 
Seat 6: Iseedora ($100 in chips) 
machosaliba22: posts small blind $0.50
ImaPeppaPig: posts big blind $1
*** HOLE CARDS ***
ru_ruu_ru: folds 
ozstrike88: raises $2.50 to $3.50
AlexPinsk1: folds 
Iseedora: folds 
machosaliba22: calls $3
ImaPeppaPig: folds 
*** FLOP *** [5h Td 2h]
machosaliba22: checks 
ozstrike88: checks 
*** TURN *** [5h Td 2h] [Jc]
machosaliba22: bets $2
ozstrike88: calls $2
*** RIVER *** [5h Td 2h Jc] [Th]
machosaliba22: bets $11.40
ozstrike88: calls $11.40
*** SHOW DOWN ***
machosaliba22: shows [Qh Jh] (a flush, Queen high)
ozstrike88: shows [Js 9c] (two pair, Jacks and Tens)
machosaliba22 collected $33.06 from pot
*** SUMMARY ***
Total pot $34.80 | Rake $1.74 
Board [5h Td 2h Jc Th]
Seat 1: machosaliba22 (small blind) showed [Qh Jh] and won ($33.06) with a flush, Queen high
Seat 2: ImaPeppaPig (big blind) folded before Flop
Seat 3: ru_ruu_ru folded before Flop (didn't bet)
Seat 4: ozstrike88 showed [Js 9c] and lost with two pair, Jacks and Tens
Seat 5: AlexPinsk1 folded before Flop (didn't bet)
Seat 6: Iseedora (button) folded before Flop (didn't bet)



PokerStars Hand #254736597899:  Hold'em No Limit ($0.50/$1.00 USD) - 2025/02/06 18:15:25 WET [2025/02/06 13:15:25 ET]
Table 'Sponde II' 6-max Seat #1 is the button
Seat 1: machosaliba22 ($56.65 in chips) 
Seat 2: ImaPeppaPig ($112.22 in chips) 
Seat 3: ru_ruu_ru ($105.34 in chips) 
Seat 4: ozstrike88 ($61.84 in chips) 
Seat 5: AlexPinsk1 ($198.50 in chips) 
Seat 6: Iseedora ($100 in chips) 
ImaPeppaPig: posts small blind $0.50
ru_ruu_ru: posts big blind $1
*** HOLE CARDS ***
ozstrike88: raises $2 to $3
AlexPinsk1: raises $3 to $6
Iseedora: folds 
machosaliba22: folds 
ImaPeppaPig: folds 
ru_ruu_ru: folds 
ozstrike88: calls $3
*** FLOP *** [Tc 6c 3d]
ozstrike88: checks 
AlexPinsk1: checks 
*** TURN *** [Tc 6c 3d] [3c]
ozstrike88: checks 
AlexPinsk1: bets $9.62
ozstrike88: calls $9.62
*** RIVER *** [Tc 6c 3d 3c] [As]
ozstrike88: bets $19.55
AlexPinsk1: raises $87.75 to $107.30
ozstrike88: calls $26.67 and is all-in
Uncalled bet ($61.08) returned to AlexPinsk1
*** SHOW DOWN ***
AlexPinsk1: shows [Kc Jc] (a flush, King high)
ozstrike88: shows [8c 7c] (a flush, Ten high)
AlexPinsk1 collected $122.68 from pot
*** SUMMARY ***
Total pot $125.18 | Rake $2.50 
Board [Tc 6c 3d 3c As]
Seat 1: machosaliba22 (button) folded before Flop (didn't bet)
Seat 2: ImaPeppaPig (small blind) folded before Flop
Seat 3: ru_ruu_ru (big blind) folded before Flop
Seat 4: ozstrike88 showed [8c 7c] and lost with a flush, Ten high
Seat 5: AlexPinsk1 showed [Kc Jc] and won ($122.68) with a flush, King high
Seat 6: Iseedora folded before Flop (didn't bet)



PokerStars Hand #254736637357:  Hold'em No Limit ($0.50/$1.00 USD) - 2025/02/06 18:17:53 WET [2025/02/06 13:17:53 ET]
Table 'Sponde II' 6-max Seat #2 is the button
Seat 4: ozstrike88 ($0 in chips) is sitting out
Seat 1: machosaliba22 ($56.65 in chips) 
Seat 2: ImaPeppaPig ($111.72 in chips) 
Seat 3: ru_ruu_ru ($104.34 in chips) 
Seat 5: AlexPinsk1 ($259.34 in chips) 
Seat 6: Iseedora ($100 in chips) 
ru_ruu_ru: posts small blind $0.50
AlexPinsk1: posts big blind $1
*** HOLE CARDS ***
Iseedora: folds 
machosaliba22: calls $1
ImaPeppaPig: folds 
ru_ruu_ru: folds 
AlexPinsk1: checks 
*** FLOP *** [4d Qh 9h]
AlexPinsk1: checks 
machosaliba22: checks 
*** TURN *** [4d Qh 9h] [5h]
AlexPinsk1: bets $1
machosaliba22: folds 
Uncalled bet ($1) returned to AlexPinsk1
AlexPinsk1 collected $2.38 from pot
AlexPinsk1: doesn't show hand 
*** SUMMARY ***
Total pot $2.50 | Rake $0.12 
Board [4d Qh 9h 5h]
Seat 4: ozstrike88
Seat 1: machosaliba22 folded on the Turn
Seat 2: ImaPeppaPig (button) folded before Flop (didn't bet)
Seat 3: ru_ruu_ru (small blind) folded before Flop
Seat 5: AlexPinsk1 (big blind) collected ($2.38)
Seat 6: Iseedora folded before Flop (didn't bet)



PokerStars Hand #254736646965:  Hold'em No Limit ($0.50/$1.00 USD) - 2025/02/06 18:18:28 WET [2025/02/06 13:18:28 ET]
Table 'Sponde II' 6-max Seat #3 is the button
Seat 4: ozstrike88 ($100 in chips) is sitting out
Seat 1: machosaliba22 ($55.65 in chips) 
Seat 2: ImaPeppaPig ($111.72 in chips) 
Seat 3: ru_ruu_ru ($103.84 in chips) 
Seat 5: AlexPinsk1 ($260.72 in chips) 
Seat 6: Iseedora ($100 in chips) 
AlexPinsk1: posts small blind $0.50
Iseedora: posts big blind $1
*** HOLE CARDS ***
machosaliba22: calls $1
ImaPeppaPig: folds 
ru_ruu_ru: folds 
AlexPinsk1: folds 
Iseedora: checks 
*** FLOP *** [3c Th 7c]
Iseedora: checks 
machosaliba22: checks 
*** TURN *** [3c Th 7c] [9c]
Iseedora: checks 
machosaliba22: checks 
*** RIVER *** [3c Th 7c 9c] [8h]
Iseedora: checks 
machosaliba22: checks 
*** SHOW DOWN ***
Iseedora: shows [5s 2s] (high card Ten)
machosaliba22: shows [4h 6h] (a straight, Six to Ten)
machosaliba22 collected $2.38 from pot
*** SUMMARY ***
Total pot $2.50 | Rake $0.12 
Board [3c Th 7c 9c 8h]
Seat 4: ozstrike88
Seat 1: machosaliba22 showed [4h 6h] and won ($2.38) with a straight, Six to Ten
Seat 2: ImaPeppaPig folded before Flop (didn't bet)
Seat 3: ru_ruu_ru (button) folded before Flop (didn't bet)
Seat 5: AlexPinsk1 (small blind) folded before Flop
Seat 6: Iseedora (big blind) showed [5s 2s] and lost with high card Ten



PokerStars Hand #254736658660:  Hold'em No Limit ($0.50/$1.00 USD) - 2025/02/06 18:19:11 WET [2025/02/06 13:19:11 ET]
Table 'Sponde II' 6-max Seat #5 is the button
Seat 1: machosaliba22 ($57.03 in chips) 
Seat 2: ImaPeppaPig ($111.72 in chips) 
Seat 3: ru_ruu_ru ($103.84 in chips) 
Seat 4: ozstrike88 ($100 in chips) 
Seat 5: AlexPinsk1 ($260.22 in chips) 
Seat 6: Iseedora ($100 in chips) 
Iseedora: posts small blind $0.50
machosaliba22: posts big blind $1
ozstrike88: posts small & big blinds $1.50
*** HOLE CARDS ***
ImaPeppaPig: folds 
ru_ruu_ru has timed out
ru_ruu_ru: folds 
ozstrike88: checks 
AlexPinsk1: raises $2.50 to $3.50
Iseedora: folds 
machosaliba22: folds 
ozstrike88: folds 
Uncalled bet ($2.50) returned to AlexPinsk1
AlexPinsk1 collected $4 from pot
AlexPinsk1: doesn't show hand 
*** SUMMARY ***
Total pot $4 | Rake $0 
Seat 1: machosaliba22 (big blind) folded before Flop
Seat 2: ImaPeppaPig folded before Flop (didn't bet)
Seat 3: ru_ruu_ru folded before Flop (didn't bet)
Seat 4: ozstrike88 folded before Flop (didn't bet)
Seat 5: AlexPinsk1 (button) collected ($4)
Seat 6: Iseedora (small blind) folded before Flop



PokerStars Hand #254736670438:  Hold'em No Limit ($0.50/$1.00 USD) - 2025/02/06 18:19:55 WET [2025/02/06 13:19:55 ET]
Table 'Sponde II' 6-max Seat #6 is the button
Seat 1: machosaliba22 ($56.03 in chips) 
Seat 2: ImaPeppaPig ($111.72 in chips) 
Seat 3: ru_ruu_ru ($103.84 in chips) 
Seat 4: ozstrike88 ($98.50 in chips) 
Seat 5: AlexPinsk1 ($263.22 in chips) 
Seat 6: Iseedora ($100 in chips) 
machosaliba22: posts small blind $0.50
ImaPeppaPig: posts big blind $1
*** HOLE CARDS ***
ru_ruu_ru: folds 
ozstrike88: folds 
AlexPinsk1: folds 
Iseedora: folds 
machosaliba22: folds 
Uncalled bet ($0.50) returned to ImaPeppaPig
ImaPeppaPig collected $1 from pot
ImaPeppaPig: doesn't show hand 
*** SUMMARY ***
Total pot $1 | Rake $0 
Seat 1: machosaliba22 (small blind) folded before Flop
Seat 2: ImaPeppaPig (big blind) collected ($1)
Seat 3: ru_ruu_ru folded before Flop (didn't bet)
Seat 4: ozstrike88 folded before Flop (didn't bet)
Seat 5: AlexPinsk1 folded before Flop (didn't bet)
Seat 6: Iseedora (button) folded before Flop (didn't bet)



PokerStars Hand #254736675172:  Hold'em No Limit ($0.50/$1.00 USD) - 2025/02/06 18:20:12 WET [2025/02/06 13:20:12 ET]
Table 'Sponde II' 6-max Seat #1 is the button
Seat 1: machosaliba22 ($55.53 in chips) 
Seat 2: ImaPeppaPig ($112.22 in chips) 
Seat 3: ru_ruu_ru ($103.84 in chips) 
Seat 4: ozstrike88 ($98.50 in chips) 
Seat 5: AlexPinsk1 ($263.22 in chips) 
Seat 6: Iseedora ($100 in chips) 
ImaPeppaPig: posts small blind $0.50
ru_ruu_ru: posts big blind $1
*** HOLE CARDS ***
ozstrike88: folds 
AlexPinsk1: folds 
Iseedora: folds 
machosaliba22: folds 
ImaPeppaPig: folds 
Uncalled bet ($0.50) returned to ru_ruu_ru
ru_ruu_ru collected $1 from pot
ru_ruu_ru: doesn't show hand 
*** SUMMARY ***
Total pot $1 | Rake $0 
Seat 1: machosaliba22 (button) folded before Flop (didn't bet)
Seat 2: ImaPeppaPig (small blind) folded before Flop
Seat 3: ru_ruu_ru (big blind) collected ($1)
Seat 4: ozstrike88 folded before Flop (didn't bet)
Seat 5: AlexPinsk1 folded before Flop (didn't bet)
Seat 6: Iseedora folded before Flop (didn't bet)



PokerStars Hand #254736680594:  Hold'em No Limit ($0.50/$1.00 USD) - 2025/02/06 18:20:32 WET [2025/02/06 13:20:32 ET]
Table 'Sponde II' 6-max Seat #2 is the button
Seat 1: machosaliba22 ($55.53 in chips) 
Seat 2: ImaPeppaPig ($111.72 in chips) 
Seat 3: ru_ruu_ru ($104.34 in chips) 
Seat 4: ozstrike88 ($98.50 in chips) 
Seat 5: AlexPinsk1 ($263.22 in chips) 
Seat 6: Iseedora ($100 in chips) 
ru_ruu_ru: posts small blind $0.50
ozstrike88: posts big blind $1
*** HOLE CARDS ***
AlexPinsk1: folds 
Iseedora: folds 
machosaliba22: folds 
ImaPeppaPig: folds 
ru_ruu_ru: folds 
Uncalled bet ($0.50) returned to ozstrike88
ozstrike88 collected $1 from pot
*** SUMMARY ***
Total pot $1 | Rake $0 
Seat 1: machosaliba22 folded before Flop (didn't bet)
Seat 2: ImaPeppaPig (button) folded before Flop (didn't bet)
Seat 3: ru_ruu_ru (small blind) folded before Flop
Seat 4: ozstrike88 (big blind) collected ($1)
Seat 5: AlexPinsk1 folded before Flop (didn't bet)
Seat 6: Iseedora folded before Flop (didn't bet)



PokerStars Hand #254736685157:  Hold'em No Limit ($0.50/$1.00 USD) - 2025/02/06 18:20:49 WET [2025/02/06 13:20:49 ET]
Table 'Sponde II' 6-max Seat #3 is the button
Seat 1: machosaliba22 ($55.53 in chips) 
Seat 2: ImaPeppaPig ($111.72 in chips) 
Seat 3: ru_ruu_ru ($103.84 in chips) 
Seat 4: ozstrike88 ($99 in chips) 
Seat 5: AlexPinsk1 ($263.22 in chips) 
Seat 6: Iseedora ($100 in chips) 
ozstrike88: posts small blind $0.50
AlexPinsk1: posts big blind $1
*** HOLE CARDS ***
Iseedora: folds 
machosaliba22: calls $1
ImaPeppaPig: folds 
ru_ruu_ru: folds 
ozstrike88: calls $0.50
AlexPinsk1: raises $4 to $5
machosaliba22: calls $4
ozstrike88: folds 
*** FLOP *** [Jc 2h Ks]
AlexPinsk1: bets $5.23
machosaliba22: calls $5.23
*** TURN *** [Jc 2h Ks] [2s]
AlexPinsk1: bets $12.50
machosaliba22: folds 
Uncalled bet ($12.50) returned to AlexPinsk1
AlexPinsk1 collected $20.39 from pot
AlexPinsk1: doesn't show hand 
*** SUMMARY ***
Total pot $21.46 | Rake $1.07 
Board [Jc 2h Ks 2s]
Seat 1: machosaliba22 folded on the Turn
Seat 2: ImaPeppaPig folded before Flop (didn't bet)
Seat 3: ru_ruu_ru (button) folded before Flop (didn't bet)
Seat 4: ozstrike88 (small blind) folded before Flop
Seat 5: AlexPinsk1 (big blind) collected ($20.39)
Seat 6: Iseedora folded before Flop (didn't bet)



PokerStars Hand #254736703989:  Hold'em No Limit ($0.50/$1.00 USD) - 2025/02/06 18:21:58 WET [2025/02/06 13:21:58 ET]
Table 'Sponde II' 6-max Seat #4 is the button
Seat 1: machosaliba22 ($45.30 in chips) 
Seat 2: ImaPeppaPig ($111.72 in chips) 
Seat 3: ru_ruu_ru ($103.84 in chips) 
Seat 4: ozstrike88 ($98 in chips) 
Seat 5: AlexPinsk1 ($273.38 in chips) 
Seat 6: Iseedora ($100 in chips) 
AlexPinsk1: posts small blind $0.50
Iseedora: posts big blind $1
*** HOLE CARDS ***
machosaliba22: calls $1
ImaPeppaPig: folds 
ru_ruu_ru: folds 
ozstrike88: folds 
AlexPinsk1: calls $0.50
Iseedora: checks 
*** FLOP *** [Kd 7d 7s]
AlexPinsk1: bets $1
Iseedora: calls $1
machosaliba22: raises $2 to $3
AlexPinsk1: calls $2
Iseedora: folds 
*** TURN *** [Kd 7d 7s] [4h]
AlexPinsk1: checks 
machosaliba22: checks 
*** RIVER *** [Kd 7d 7s 4h] [9h]
AlexPinsk1: checks 
machosaliba22: checks 
*** SHOW DOWN ***
AlexPinsk1: shows [4d 2d] (two pair, Sevens and Fours)
machosaliba22: shows [Ac Kh] (two pair, Kings and Sevens)
machosaliba22 collected $9.50 from pot
*** SUMMARY ***
Total pot $10 | Rake $0.50 
Board [Kd 7d 7s 4h 9h]
Seat 1: machosaliba22 showed [Ac Kh] and won ($9.50) with two pair, Kings and Sevens
Seat 2: ImaPeppaPig folded before Flop (didn't bet)
Seat 3: ru_ruu_ru folded before Flop (didn't bet)
Seat 4: ozstrike88 (button) folded before Flop (didn't bet)
Seat 5: AlexPinsk1 (small blind) showed [4d 2d] and lost with two pair, Sevens and Fours
Seat 6: Iseedora (big blind) folded on the Flop



PokerStars Hand #254737060431:  Hold'em No Limit ($0.50/$1.00 USD) - 2025/02/06 18:43:15 WET [2025/02/06 13:43:15 ET]
Table 'Sponde II' 6-max Seat #6 is the button
Seat 1: machosaliba22 ($51.49 in chips) 
Seat 2: ImaPeppaPig ($153.98 in chips) 
Seat 3: BumHuntKing ($104.54 in chips) 
Seat 4: ozstrike88 ($86.20 in chips) 
Seat 5: AlexPinsk1 ($274.36 in chips) 
Seat 6: Iseedora ($100 in chips) 
machosaliba22: posts small blind $0.50
ImaPeppaPig: posts big blind $1
*** HOLE CARDS ***
BumHuntKing: raises $1.20 to $2.20
ozstrike88: folds 
AlexPinsk1: folds 
Iseedora: folds 
machosaliba22 has timed out
machosaliba22: folds 
ImaPeppaPig: calls $1.20
*** FLOP *** [Js Qd 9h]
ImaPeppaPig: checks 
BumHuntKing: bets $3.50
ImaPeppaPig: calls $3.50
*** TURN *** [Js Qd 9h] [Ks]
ImaPeppaPig: checks 
BumHuntKing: bets $3.73
ImaPeppaPig: calls $3.73
*** RIVER *** [Js Qd 9h Ks] [9c]
ImaPeppaPig: checks 
BumHuntKing: bets $27.59
ImaPeppaPig: folds 
Uncalled bet ($27.59) returned to BumHuntKing
BumHuntKing collected $18.39 from pot
BumHuntKing: doesn't show hand 
*** SUMMARY ***
Total pot $19.36 | Rake $0.97 
Board [Js Qd 9h Ks 9c]
Seat 1: machosaliba22 (small blind) folded before Flop
Seat 2: ImaPeppaPig (big blind) folded on the River
Seat 3: BumHuntKing collected ($18.39)
Seat 4: ozstrike88 folded before Flop (didn't bet)
Seat 5: AlexPinsk1 folded before Flop (didn't bet)
Seat 6: Iseedora (button) folded before Flop (didn't bet)



PokerStars Hand #254737085446:  Hold'em No Limit ($0.50/$1.00 USD) - 2025/02/06 18:44:44 WET [2025/02/06 13:44:44 ET]
Table 'Sponde II' 6-max Seat #1 is the button
Seat 1: machosaliba22 ($50.99 in chips) 
Seat 2: ImaPeppaPig ($144.55 in chips) 
Seat 3: BumHuntKing ($113.50 in chips) 
Seat 4: ozstrike88 ($86.20 in chips) 
Seat 5: AlexPinsk1 ($274.36 in chips) 
Seat 6: Iseedora ($100 in chips) 
ImaPeppaPig: posts small blind $0.50
BumHuntKing: posts big blind $1
*** HOLE CARDS ***
ozstrike88: folds 
AlexPinsk1: folds 
Iseedora: folds 
machosaliba22: calls $1
ImaPeppaPig: folds 
BumHuntKing: checks 
*** FLOP *** [4s 8h 7h]
BumHuntKing: checks 
machosaliba22: checks 
*** TURN *** [4s 8h 7h] [5h]
BumHuntKing: bets $1.50
machosaliba22: folds 
Uncalled bet ($1.50) returned to BumHuntKing
BumHuntKing collected $2.38 from pot
BumHuntKing: doesn't show hand 
*** SUMMARY ***
Total pot $2.50 | Rake $0.12 
Board [4s 8h 7h 5h]
Seat 1: machosaliba22 (button) folded on the Turn
Seat 2: ImaPeppaPig (small blind) folded before Flop
Seat 3: BumHuntKing (big blind) collected ($2.38)
Seat 4: ozstrike88 folded before Flop (didn't bet)
Seat 5: AlexPinsk1 folded before Flop (didn't bet)
Seat 6: Iseedora folded before Flop (didn't bet)



PokerStars Hand #254737099618:  Hold'em No Limit ($0.50/$1.00 USD) - 2025/02/06 18:45:34 WET [2025/02/06 13:45:34 ET]
Table 'Sponde II' 6-max Seat #2 is the button
Seat 1: machosaliba22 ($49.99 in chips) 
Seat 2: ImaPeppaPig ($144.05 in chips) 
Seat 3: BumHuntKing ($114.88 in chips) 
Seat 4: ozstrike88 ($86.20 in chips) 
Seat 5: AlexPinsk1 ($274.36 in chips) 
Seat 6: Iseedora ($100 in chips) 
BumHuntKing: posts small blind $0.50
ozstrike88: posts big blind $1
*** HOLE CARDS ***
AlexPinsk1: folds 
Iseedora: folds 
machosaliba22: folds 
ImaPeppaPig: folds 
BumHuntKing: raises $2 to $3
ozstrike88: folds 
Uncalled bet ($2) returned to BumHuntKing
BumHuntKing collected $2 from pot
BumHuntKing: doesn't show hand 
*** SUMMARY ***
Total pot $2 | Rake $0 
Seat 1: machosaliba22 folded before Flop (didn't bet)
Seat 2: ImaPeppaPig (button) folded before Flop (didn't bet)
Seat 3: BumHuntKing (small blind) collected ($2)
Seat 4: ozstrike88 (big blind) folded before Flop
Seat 5: AlexPinsk1 folded before Flop (didn't bet)
Seat 6: Iseedora folded before Flop (didn't bet)



PokerStars Hand #254737107055:  Hold'em No Limit ($0.50/$1.00 USD) - 2025/02/06 18:46:01 WET [2025/02/06 13:46:01 ET]
Table 'Sponde II' 6-max Seat #3 is the button
Seat 1: machosaliba22 ($49.99 in chips) 
Seat 2: ImaPeppaPig ($144.05 in chips) 
Seat 3: BumHuntKing ($115.88 in chips) 
Seat 4: ozstrike88 ($85.20 in chips) 
Seat 5: AlexPinsk1 ($274.36 in chips) 
Seat 6: Iseedora ($100 in chips) 
ozstrike88: posts small blind $0.50
AlexPinsk1: posts big blind $1
*** HOLE CARDS ***
Iseedora: folds 
machosaliba22: folds 
ImaPeppaPig: folds 
BumHuntKing: folds 
ozstrike88: folds 
Uncalled bet ($0.50) returned to AlexPinsk1
AlexPinsk1 collected $1 from pot
AlexPinsk1: doesn't show hand 
*** SUMMARY ***
Total pot $1 | Rake $0 
Seat 1: machosaliba22 folded before Flop (didn't bet)
Seat 2: ImaPeppaPig folded before Flop (didn't bet)
Seat 3: BumHuntKing (button) folded before Flop (didn't bet)
Seat 4: ozstrike88 (small blind) folded before Flop
Seat 5: AlexPinsk1 (big blind) collected ($1)
Seat 6: Iseedora folded before Flop (didn't bet)



PokerStars Hand #254737110781:  Hold'em No Limit ($0.50/$1.00 USD) - 2025/02/06 18:46:14 WET [2025/02/06 13:46:14 ET]
Table 'Sponde II' 6-max Seat #4 is the button
Seat 1: machosaliba22 ($49.99 in chips) 
Seat 2: ImaPeppaPig ($144.05 in chips) 
Seat 3: BumHuntKing ($115.88 in chips) 
Seat 4: ozstrike88 ($84.70 in chips) 
Seat 5: AlexPinsk1 ($274.86 in chips) 
Seat 6: Iseedora ($100 in chips) 
AlexPinsk1: posts small blind $0.50
Iseedora: posts big blind $1
*** HOLE CARDS ***
machosaliba22: folds 
ImaPeppaPig: raises $1.50 to $2.50
BumHuntKing: raises $5 to $7.50
ozstrike88: calls $7.50
AlexPinsk1: folds 
Iseedora: folds 
ImaPeppaPig: folds 
*** FLOP *** [3s Qd 5c]
BumHuntKing: checks 
ozstrike88: checks 
*** TURN *** [3s Qd 5c] [Qs]
BumHuntKing: bets $5.96
ozstrike88: calls $5.96
*** RIVER *** [3s Qd 5c Qs] [Jc]
BumHuntKing: bets $9.69
ozstrike88: folds 
Uncalled bet ($9.69) returned to BumHuntKing
BumHuntKing collected $29.37 from pot
BumHuntKing: doesn't show hand 
*** SUMMARY ***
Total pot $30.92 | Rake $1.55 
Board [3s Qd 5c Qs Jc]
Seat 1: machosaliba22 folded before Flop (didn't bet)
Seat 2: ImaPeppaPig folded before Flop
Seat 3: BumHuntKing collected ($29.37)
Seat 4: ozstrike88 (button) folded on the River
Seat 5: AlexPinsk1 (small blind) folded before Flop
Seat 6: Iseedora (big blind) folded before Flop



PokerStars Hand #254737133154:  Hold'em No Limit ($0.50/$1.00 USD) - 2025/02/06 18:47:34 WET [2025/02/06 13:47:34 ET]
Table 'Sponde II' 6-max Seat #5 is the button
Seat 1: machosaliba22 ($49.99 in chips) 
Seat 2: ImaPeppaPig ($141.55 in chips) 
Seat 3: BumHuntKing ($131.79 in chips) 
Seat 4: ozstrike88 ($71.24 in chips) 
Seat 5: AlexPinsk1 ($274.36 in chips) 
Seat 6: Iseedora ($100 in chips) 
Iseedora: posts small blind $0.50
machosaliba22: posts big blind $1
*** HOLE CARDS ***
ImaPeppaPig: folds 
BumHuntKing: raises $1.20 to $2.20
ozstrike88: folds 
AlexPinsk1: folds 
Iseedora: folds 
machosaliba22: calls $1.20
*** FLOP *** [As 3h 5c]
machosaliba22: checks 
BumHuntKing: bets $1.54
machosaliba22: folds 
Uncalled bet ($1.54) returned to BumHuntKing
BumHuntKing collected $4.66 from pot
BumHuntKing: doesn't show hand 
*** SUMMARY ***
Total pot $4.90 | Rake $0.24 
Board [As 3h 5c]
Seat 1: machosaliba22 (big blind) folded on the Flop
Seat 2: ImaPeppaPig folded before Flop (didn't bet)
Seat 3: BumHuntKing collected ($4.66)
Seat 4: ozstrike88 folded before Flop (didn't bet)
Seat 5: AlexPinsk1 (button) folded before Flop (didn't bet)
Seat 6: Iseedora (small blind) folded before Flop



PokerStars Hand #254737143167:  Hold'em No Limit ($0.50/$1.00 USD) - 2025/02/06 18:48:09 WET [2025/02/06 13:48:09 ET]
Table 'Sponde II' 6-max Seat #6 is the button
Seat 1: machosaliba22 ($47.79 in chips) 
Seat 2: ImaPeppaPig ($141.55 in chips) 
Seat 3: BumHuntKing ($134.25 in chips) 
Seat 4: ozstrike88 ($71.24 in chips) 
Seat 5: AlexPinsk1 ($274.36 in chips) 
Seat 6: Iseedora ($100 in chips) 
machosaliba22: posts small blind $0.50
ImaPeppaPig: posts big blind $1
*** HOLE CARDS ***
BumHuntKing: folds 
ozstrike88: folds 
AlexPinsk1: folds 
Iseedora: folds 
machosaliba22: calls $0.50
ImaPeppaPig: checks 
*** FLOP *** [8c 6s 5h]
machosaliba22: checks 
ImaPeppaPig: checks 
*** TURN *** [8c 6s 5h] [4d]
machosaliba22: bets $1
ImaPeppaPig: folds 
Uncalled bet ($1) returned to machosaliba22
machosaliba22 collected $1.90 from pot
*** SUMMARY ***
Total pot $2 | Rake $0.10 
Board [8c 6s 5h 4d]
Seat 1: machosaliba22 (small blind) collected ($1.90)
Seat 2: ImaPeppaPig (big blind) folded on the Turn
Seat 3: BumHuntKing folded before Flop (didn't bet)
Seat 4: ozstrike88 folded before Flop (didn't bet)
Seat 5: AlexPinsk1 folded before Flop (didn't bet)
Seat 6: Iseedora (button) folded before Flop (didn't bet)



PokerStars Hand #254737154226:  Hold'em No Limit ($0.50/$1.00 USD) - 2025/02/06 18:48:49 WET [2025/02/06 13:48:49 ET]
Table 'Sponde II' 6-max Seat #1 is the button
Seat 1: machosaliba22 ($48.69 in chips) 
Seat 2: ImaPeppaPig ($140.55 in chips) 
Seat 3: BumHuntKing ($134.25 in chips) 
Seat 4: ozstrike88 ($71.24 in chips) 
Seat 5: AlexPinsk1 ($274.36 in chips) 
Seat 6: Iseedora ($100 in chips) 
ImaPeppaPig: posts small blind $0.50
BumHuntKing: posts big blind $1
*** HOLE CARDS ***
ozstrike88: folds 
AlexPinsk1: folds 
Iseedora: folds 
machosaliba22: calls $1
ImaPeppaPig: calls $0.50
BumHuntKing: checks 
*** FLOP *** [2s Ts 8s]
ImaPeppaPig: checks 
BumHuntKing: checks 
machosaliba22: checks 
*** TURN *** [2s Ts 8s] [4h]
ImaPeppaPig: checks 
BumHuntKing: bets $1.50
machosaliba22: folds 
ImaPeppaPig: folds 
Uncalled bet ($1.50) returned to BumHuntKing
BumHuntKing collected $2.85 from pot
BumHuntKing: doesn't show hand 
*** SUMMARY ***
Total pot $3 | Rake $0.15 
Board [2s Ts 8s 4h]
Seat 1: machosaliba22 (button) folded on the Turn
Seat 2: ImaPeppaPig (small blind) folded on the Turn
Seat 3: BumHuntKing (big blind) collected ($2.85)
Seat 4: ozstrike88 folded before Flop (didn't bet)
Seat 5: AlexPinsk1 folded before Flop (didn't bet)
Seat 6: Iseedora folded before Flop (didn't bet)



PokerStars Hand #254737169469:  Hold'em No Limit ($0.50/$1.00 USD) - 2025/02/06 18:49:44 WET [2025/02/06 13:49:44 ET]
Table 'Sponde II' 6-max Seat #2 is the button
Seat 1: machosaliba22 ($47.69 in chips) 
Seat 2: ImaPeppaPig ($139.55 in chips) 
Seat 3: BumHuntKing ($136.10 in chips) 
Seat 4: ozstrike88 ($71.24 in chips) 
Seat 5: AlexPinsk1 ($274.36 in chips) 
Seat 6: Iseedora ($100 in chips) 
BumHuntKing: posts small blind $0.50
ozstrike88: posts big blind $1
*** HOLE CARDS ***
AlexPinsk1: folds 
Iseedora: folds 
machosaliba22: calls $1
ImaPeppaPig: folds 
BumHuntKing: raises $7 to $8
ozstrike88: folds 
machosaliba22: folds 
Uncalled bet ($7) returned to BumHuntKing
BumHuntKing collected $3 from pot
BumHuntKing: doesn't show hand 
*** SUMMARY ***
Total pot $3 | Rake $0 
Seat 1: machosaliba22 folded before Flop
Seat 2: ImaPeppaPig (button) folded before Flop (didn't bet)
Seat 3: BumHuntKing (small blind) collected ($3)
Seat 4: ozstrike88 (big blind) folded before Flop
Seat 5: AlexPinsk1 folded before Flop (didn't bet)
Seat 6: Iseedora folded before Flop (didn't bet)



PokerStars Hand #254737176216:  Hold'em No Limit ($0.50/$1.00 USD) - 2025/02/06 18:50:08 WET [2025/02/06 13:50:08 ET]
Table 'Sponde II' 6-max Seat #3 is the button
Seat 1: machosaliba22 ($46.69 in chips) 
Seat 2: ImaPeppaPig ($139.55 in chips) 
Seat 3: BumHuntKing ($138.10 in chips) 
Seat 4: ozstrike88 ($70.24 in chips) 
Seat 5: AlexPinsk1 ($274.36 in chips) 
Seat 6: Iseedora ($100 in chips) 
ozstrike88: posts small blind $0.50
AlexPinsk1: posts big blind $1
*** HOLE CARDS ***
Iseedora: folds 
machosaliba22: folds 
ImaPeppaPig: folds 
BumHuntKing: raises $1.50 to $2.50
ozstrike88: folds 
AlexPinsk1: folds 
Uncalled bet ($1.50) returned to BumHuntKing
BumHuntKing collected $2.50 from pot
BumHuntKing: doesn't show hand 
*** SUMMARY ***
Total pot $2.50 | Rake $0 
Seat 1: machosaliba22 folded before Flop (didn't bet)
Seat 2: ImaPeppaPig folded before Flop (didn't bet)
Seat 3: BumHuntKing (button) collected ($2.50)
Seat 4: ozstrike88 (small blind) folded before Flop
Seat 5: AlexPinsk1 (big blind) folded before Flop
Seat 6: Iseedora folded before Flop (didn't bet)



PokerStars Hand #254737180721:  Hold'em No Limit ($0.50/$1.00 USD) - 2025/02/06 18:50:24 WET [2025/02/06 13:50:24 ET]
Table 'Sponde II' 6-max Seat #4 is the button
Seat 6: Iseedora ($100 in chips) is sitting out
Seat 1: machosaliba22 ($46.69 in chips) 
Seat 2: ImaPeppaPig ($139.55 in chips) 
Seat 3: BumHuntKing ($139.60 in chips) 
Seat 4: ozstrike88 ($69.74 in chips) 
Seat 5: AlexPinsk1 ($273.36 in chips) 
AlexPinsk1: posts small blind $0.50
machosaliba22: posts big blind $1
*** HOLE CARDS ***
ImaPeppaPig: folds 
BumHuntKing: folds 
ozstrike88: folds 
AlexPinsk1: folds 
Uncalled bet ($0.50) returned to machosaliba22
machosaliba22 collected $1 from pot
*** SUMMARY ***
Total pot $1 | Rake $0 
Seat 6: Iseedora
Seat 1: machosaliba22 (big blind) collected ($1)
Seat 2: ImaPeppaPig folded before Flop (didn't bet)
Seat 3: BumHuntKing folded before Flop (didn't bet)
Seat 4: ozstrike88 (button) folded before Flop (didn't bet)
Seat 5: AlexPinsk1 (small blind) folded before Flop



PokerStars Hand #254737184744:  Hold'em No Limit ($0.50/$1.00 USD) - 2025/02/06 18:50:39 WET [2025/02/06 13:50:39 ET]
Table 'Sponde II' 6-max Seat #5 is the button
Seat 6: Iseedora ($100 in chips) is sitting out
Seat 1: machosaliba22 ($47.19 in chips) 
Seat 2: ImaPeppaPig ($139.55 in chips) 
Seat 3: BumHuntKing ($139.60 in chips) 
Seat 4: ozstrike88 ($69.74 in chips) 
Seat 5: AlexPinsk1 ($272.86 in chips) 
machosaliba22: posts small blind $0.50
ImaPeppaPig: posts big blind $1
*** HOLE CARDS ***
BumHuntKing: folds 
ozstrike88: folds 
AlexPinsk1: raises $1.50 to $2.50
machosaliba22: folds 
ImaPeppaPig: folds 
Uncalled bet ($1.50) returned to AlexPinsk1
AlexPinsk1 collected $2.50 from pot
AlexPinsk1: doesn't show hand 
*** SUMMARY ***
Total pot $2.50 | Rake $0 
Seat 6: Iseedora
Seat 1: machosaliba22 (small blind) folded before Flop
Seat 2: ImaPeppaPig (big blind) folded before Flop
Seat 3: BumHuntKing folded before Flop (didn't bet)
Seat 4: ozstrike88 folded before Flop (didn't bet)
Seat 5: AlexPinsk1 (button) collected ($2.50)



PokerStars Hand #254737191097:  Hold'em No Limit ($0.50/$1.00 USD) - 2025/02/06 18:51:02 WET [2025/02/06 13:51:02 ET]
Table 'Sponde II' 6-max Seat #1 is the button
Seat 6: Iseedora ($100 in chips) is sitting out
Seat 1: machosaliba22 ($46.69 in chips) 
Seat 2: ImaPeppaPig ($138.55 in chips) 
Seat 3: BumHuntKing ($139.60 in chips) 
Seat 4: ozstrike88 ($69.74 in chips) 
Seat 5: AlexPinsk1 ($274.36 in chips) 
ImaPeppaPig: posts small blind $0.50
BumHuntKing: posts big blind $1
*** HOLE CARDS ***
ozstrike88: raises $2.50 to $3.50
AlexPinsk1: folds 
machosaliba22: folds 
ImaPeppaPig: folds 
BumHuntKing: calls $2.50
*** FLOP *** [Qc Ad 7h]
BumHuntKing: checks 
ozstrike88: bets $3.56
BumHuntKing: folds 
Uncalled bet ($3.56) returned to ozstrike88
ozstrike88 collected $7.12 from pot
*** SUMMARY ***
Total pot $7.50 | Rake $0.38 
Board [Qc Ad 7h]
Seat 6: Iseedora
Seat 1: machosaliba22 (button) folded before Flop (didn't bet)
Seat 2: ImaPeppaPig (small blind) folded before Flop
Seat 3: BumHuntKing (big blind) folded on the Flop
Seat 4: ozstrike88 collected ($7.12)
Seat 5: AlexPinsk1 folded before Flop (didn't bet)



PokerStars Hand #254737202520:  Hold'em No Limit ($0.50/$1.00 USD) - 2025/02/06 18:51:43 WET [2025/02/06 13:51:43 ET]
Table 'Sponde II' 6-max Seat #2 is the button
Seat 6: Iseedora ($100 in chips) is sitting out
Seat 1: machosaliba22 ($46.69 in chips) 
Seat 2: ImaPeppaPig ($138.05 in chips) 
Seat 3: BumHuntKing ($136.10 in chips) 
Seat 4: ozstrike88 ($73.36 in chips) 
Seat 5: AlexPinsk1 ($274.36 in chips) 
BumHuntKing: posts small blind $0.50
ozstrike88: posts big blind $1
*** HOLE CARDS ***
AlexPinsk1: folds 
machosaliba22: calls $1
ImaPeppaPig: raises $4 to $5
BumHuntKing: folds 
ozstrike88: folds 
machosaliba22: folds 
Uncalled bet ($4) returned to ImaPeppaPig
ImaPeppaPig collected $3.50 from pot
ImaPeppaPig: doesn't show hand 
*** SUMMARY ***
Total pot $3.50 | Rake $0 
Seat 6: Iseedora
Seat 1: machosaliba22 folded before Flop
Seat 2: ImaPeppaPig (button) collected ($3.50)
Seat 3: BumHuntKing (small blind) folded before Flop
Seat 4: ozstrike88 (big blind) folded before Flop
Seat 5: AlexPinsk1 folded before Flop (didn't bet)



PokerStars Hand #254737209919:  Hold'em No Limit ($0.50/$1.00 USD) - 2025/02/06 18:52:09 WET [2025/02/06 13:52:09 ET]
Table 'Sponde II' 6-max Seat #3 is the button
Seat 6: Iseedora ($100 in chips) is sitting out
Seat 1: machosaliba22 ($45.69 in chips) 
Seat 2: ImaPeppaPig ($140.55 in chips) 
Seat 3: BumHuntKing ($135.60 in chips) 
Seat 4: ozstrike88 ($72.36 in chips) 
Seat 5: AlexPinsk1 ($274.36 in chips) 
ozstrike88: posts small blind $0.50
AlexPinsk1: posts big blind $1
*** HOLE CARDS ***
machosaliba22: folds 
ImaPeppaPig: folds 
BumHuntKing: folds 
ozstrike88: folds 
Uncalled bet ($0.50) returned to AlexPinsk1
AlexPinsk1 collected $1 from pot
AlexPinsk1: doesn't show hand 
*** SUMMARY ***
Total pot $1 | Rake $0 
Seat 6: Iseedora
Seat 1: machosaliba22 folded before Flop (didn't bet)
Seat 2: ImaPeppaPig folded before Flop (didn't bet)
Seat 3: BumHuntKing (button) folded before Flop (didn't bet)
Seat 4: ozstrike88 (small blind) folded before Flop
Seat 5: AlexPinsk1 (big blind) collected ($1)



PokerStars Hand #254737215914:  Hold'em No Limit ($0.50/$1.00 USD) - 2025/02/06 18:52:31 WET [2025/02/06 13:52:31 ET]
Table 'Sponde II' 6-max Seat #4 is the button
Seat 6: Iseedora ($100 in chips) is sitting out
Seat 1: machosaliba22 ($45.69 in chips) 
Seat 2: ImaPeppaPig ($140.55 in chips) 
Seat 3: BumHuntKing ($135.60 in chips) 
Seat 4: ozstrike88 ($71.86 in chips) 
Seat 5: AlexPinsk1 ($274.86 in chips) 
AlexPinsk1: posts small blind $0.50
machosaliba22: posts big blind $1
*** HOLE CARDS ***
ImaPeppaPig: raises $1.50 to $2.50
BumHuntKing: folds 
ozstrike88: folds 
AlexPinsk1: folds 
machosaliba22: folds 
Uncalled bet ($1.50) returned to ImaPeppaPig
ImaPeppaPig collected $2.50 from pot
ImaPeppaPig: doesn't show hand 
*** SUMMARY ***
Total pot $2.50 | Rake $0 
Seat 6: Iseedora
Seat 1: machosaliba22 (big blind) folded before Flop
Seat 2: ImaPeppaPig collected ($2.50)
Seat 3: BumHuntKing folded before Flop (didn't bet)
Seat 4: ozstrike88 (button) folded before Flop (didn't bet)
Seat 5: AlexPinsk1 (small blind) folded before Flop



PokerStars Hand #254737221011:  Hold'em No Limit ($0.50/$1.00 USD) - 2025/02/06 18:52:49 WET [2025/02/06 13:52:49 ET]
Table 'Sponde II' 6-max Seat #5 is the button
Seat 6: Iseedora ($100 in chips) is sitting out
Seat 1: machosaliba22 ($44.69 in chips) 
Seat 2: ImaPeppaPig ($142.05 in chips) 
Seat 3: BumHuntKing ($135.60 in chips) 
Seat 4: ozstrike88 ($71.86 in chips) 
Seat 5: AlexPinsk1 ($274.36 in chips) 
machosaliba22: posts small blind $0.50
ImaPeppaPig: posts big blind $1
*** HOLE CARDS ***
BumHuntKing: folds 
ozstrike88: raises $2.50 to $3.50
AlexPinsk1: folds 
machosaliba22: folds 
ImaPeppaPig: raises $9 to $12.50
ozstrike88: folds 
Uncalled bet ($9) returned to ImaPeppaPig
ImaPeppaPig collected $7.50 from pot
ImaPeppaPig: doesn't show hand 
*** SUMMARY ***
Total pot $7.50 | Rake $0 
Seat 6: Iseedora
Seat 1: machosaliba22 (small blind) folded before Flop
Seat 2: ImaPeppaPig (big blind) collected ($7.50)
Seat 3: BumHuntKing folded before Flop (didn't bet)
Seat 4: ozstrike88 folded before Flop
Seat 5: AlexPinsk1 (button) folded before Flop (didn't bet)



PokerStars Hand #254737231221:  Hold'em No Limit ($0.50/$1.00 USD) - 2025/02/06 18:53:26 WET [2025/02/06 13:53:26 ET]
Table 'Sponde II' 6-max Seat #1 is the button
Seat 6: Iseedora ($100 in chips) is sitting out
Seat 1: machosaliba22 ($44.19 in chips) 
Seat 2: ImaPeppaPig ($146.05 in chips) 
Seat 3: BumHuntKing ($135.60 in chips) 
Seat 4: ozstrike88 ($68.36 in chips) 
Seat 5: AlexPinsk1 ($274.36 in chips) 
ImaPeppaPig: posts small blind $0.50
BumHuntKing: posts big blind $1
*** HOLE CARDS ***
ozstrike88: folds 
AlexPinsk1: folds 
machosaliba22: folds 
ImaPeppaPig: raises $2 to $3
BumHuntKing: folds 
Uncalled bet ($2) returned to ImaPeppaPig
ImaPeppaPig collected $2 from pot
ImaPeppaPig: doesn't show hand 
*** SUMMARY ***
Total pot $2 | Rake $0 
Seat 6: Iseedora
Seat 1: machosaliba22 (button) folded before Flop (didn't bet)
Seat 2: ImaPeppaPig (small blind) collected ($2)
Seat 3: BumHuntKing (big blind) folded before Flop
Seat 4: ozstrike88 folded before Flop (didn't bet)
Seat 5: AlexPinsk1 folded before Flop (didn't bet)



PokerStars Hand #254737236959:  Hold'em No Limit ($0.50/$1.00 USD) - 2025/02/06 18:53:47 WET [2025/02/06 13:53:47 ET]
Table 'Sponde II' 6-max Seat #2 is the button
Seat 6: Iseedora ($100 in chips) is sitting out
Seat 1: machosaliba22 ($44.19 in chips) 
Seat 2: ImaPeppaPig ($147.05 in chips) 
Seat 3: BumHuntKing ($134.60 in chips) 
Seat 4: ozstrike88 ($68.36 in chips) 
Seat 5: AlexPinsk1 ($274.36 in chips) 
BumHuntKing: posts small blind $0.50
ozstrike88: posts big blind $1
Iseedora: sits out 
*** HOLE CARDS ***
AlexPinsk1: raises $1.50 to $2.50
machosaliba22: calls $2.50
ImaPeppaPig: folds 
BumHuntKing: folds 
ozstrike88: raises $1.50 to $4
AlexPinsk1: calls $1.50
machosaliba22: calls $1.50
*** FLOP *** [Ah 4d Js]
ozstrike88: checks 
AlexPinsk1: checks 
machosaliba22: checks 
*** TURN *** [Ah 4d Js] [Qd]
ozstrike88: bets $4.94
AlexPinsk1: folds 
machosaliba22: folds 
Uncalled bet ($4.94) returned to ozstrike88
ozstrike88 collected $11.88 from pot
*** SUMMARY ***
Total pot $12.50 | Rake $0.62 
Board [Ah 4d Js Qd]
Seat 6: Iseedora
Seat 1: machosaliba22 folded on the Turn
Seat 2: ImaPeppaPig (button) folded before Flop (didn't bet)
Seat 3: BumHuntKing (small blind) folded before Flop
Seat 4: ozstrike88 (big blind) collected ($11.88)
Seat 5: AlexPinsk1 folded on the Turn



PokerStars Hand #254737251189:  Hold'em No Limit ($0.50/$1.00 USD) - 2025/02/06 18:54:39 WET [2025/02/06 13:54:39 ET]
Table 'Sponde II' 6-max Seat #3 is the button
Seat 6: Iseedora ($100 in chips) is sitting out
Seat 1: machosaliba22 ($40.19 in chips) 
Seat 2: ImaPeppaPig ($147.05 in chips) 
Seat 3: BumHuntKing ($134.10 in chips) 
Seat 4: ozstrike88 ($76.24 in chips) 
Seat 5: AlexPinsk1 ($270.36 in chips) 
ozstrike88: posts small blind $0.50
AlexPinsk1: posts big blind $1
Iseedora: sits out 
*** HOLE CARDS ***
machosaliba22: calls $1
ImaPeppaPig: folds 
BumHuntKing: folds 
ozstrike88: calls $0.50
AlexPinsk1: checks 
*** FLOP *** [9d Qh 3c]
ozstrike88: checks 
AlexPinsk1: checks 
machosaliba22: bets $1
ozstrike88: calls $1
AlexPinsk1: calls $1
*** TURN *** [9d Qh 3c] [Ac]
ozstrike88: checks 
AlexPinsk1: checks 
machosaliba22: bets $2
ozstrike88: calls $2
AlexPinsk1: folds 
*** RIVER *** [9d Qh 3c Ac] [5d]
ozstrike88: checks 
machosaliba22: bets $4
ozstrike88: folds 
Uncalled bet ($4) returned to machosaliba22
machosaliba22 collected $9.50 from pot
*** SUMMARY ***
Total pot $10 | Rake $0.50 
Board [9d Qh 3c Ac 5d]
Seat 6: Iseedora
Seat 1: machosaliba22 collected ($9.50)
Seat 2: ImaPeppaPig folded before Flop (didn't bet)
Seat 3: BumHuntKing (button) folded before Flop (didn't bet)
Seat 4: ozstrike88 (small blind) folded on the River
Seat 5: AlexPinsk1 (big blind) folded on the Turn



PokerStars Hand #254737281661:  Hold'em No Limit ($0.50/$1.00 USD) - 2025/02/06 18:57:05 WET [2025/02/06 13:57:05 ET]
Table 'Sponde II' 6-max Seat #4 is the button
Seat 1: machosaliba22 ($45.69 in chips) 
Seat 2: ImaPeppaPig ($147.05 in chips) 
Seat 3: BumHuntKing ($134.10 in chips) 
Seat 4: ozstrike88 ($72.24 in chips) 
Seat 5: AlexPinsk1 ($268.36 in chips) 
Seat 6: Iseedora ($100 in chips) 
AlexPinsk1: posts small blind $0.50
Iseedora: posts big blind $1
*** HOLE CARDS ***
machosaliba22: folds 
ImaPeppaPig: folds 
BumHuntKing: folds 
ozstrike88: raises $2.50 to $3.50
AlexPinsk1: folds 
Iseedora: calls $2.50
*** FLOP *** [As Kh Tc]
Iseedora: checks 
ozstrike88: bets $3.56
Iseedora: calls $3.56
*** TURN *** [As Kh Tc] [Qh]
Iseedora: checks 
ozstrike88: checks 
*** RIVER *** [As Kh Tc Qh] [Qc]
Iseedora: bets $9.72
ozstrike88: folds 
Uncalled bet ($9.72) returned to Iseedora
Iseedora collected $13.89 from pot
Iseedora: doesn't show hand 
*** SUMMARY ***
Total pot $14.62 | Rake $0.73 
Board [As Kh Tc Qh Qc]
Seat 1: machosaliba22 folded before Flop (didn't bet)
Seat 2: ImaPeppaPig folded before Flop (didn't bet)
Seat 3: BumHuntKing folded before Flop (didn't bet)
Seat 4: ozstrike88 (button) folded on the River
Seat 5: AlexPinsk1 (small blind) folded before Flop
Seat 6: Iseedora (big blind) collected ($13.89)



PokerStars Hand #254737295057:  Hold'em No Limit ($0.50/$1.00 USD) - 2025/02/06 18:58:12 WET [2025/02/06 13:58:12 ET]
Table 'Sponde II' 6-max Seat #5 is the button
Seat 1: machosaliba22 ($45.69 in chips) 
Seat 2: ImaPeppaPig ($147.05 in chips) 
Seat 3: BumHuntKing ($134.10 in chips) 
Seat 4: ozstrike88 ($65.18 in chips) 
Seat 5: AlexPinsk1 ($267.86 in chips) 
Seat 6: Iseedora ($106.83 in chips) 
Iseedora: posts small blind $0.50
machosaliba22: posts big blind $1
*** HOLE CARDS ***
ImaPeppaPig: folds 
BumHuntKing: folds 
ozstrike88: folds 
ozstrike88 leaves the table
AlexPinsk1: folds 
Iseedora: raises $2 to $3
machosaliba22: folds 
Uncalled bet ($2) returned to Iseedora
Iseedora collected $2 from pot
Iseedora: doesn't show hand 
*** SUMMARY ***
Total pot $2 | Rake $0 
Seat 1: machosaliba22 (big blind) folded before Flop
Seat 2: ImaPeppaPig folded before Flop (didn't bet)
Seat 3: BumHuntKing folded before Flop (didn't bet)
Seat 4: ozstrike88 folded before Flop (didn't bet)
Seat 5: AlexPinsk1 (button) folded before Flop (didn't bet)
Seat 6: Iseedora (small blind) collected ($2)



PokerStars Hand #254737299584:  Hold'em No Limit ($0.50/$1.00 USD) - 2025/02/06 18:58:34 WET [2025/02/06 13:58:34 ET]
Table 'Sponde II' 6-max Seat #6 is the button
Seat 1: machosaliba22 ($44.69 in chips) 
Seat 2: ImaPeppaPig ($147.05 in chips) 
Seat 3: BumHuntKing ($134.10 in chips) 
Seat 5: AlexPinsk1 ($267.86 in chips) 
Seat 6: Iseedora ($107.83 in chips) 
machosaliba22: posts small blind $0.50
ImaPeppaPig: posts big blind $1
*** HOLE CARDS ***
Unipoker11 joins the table at seat #4 
BumHuntKing: folds 
AlexPinsk1: folds 
Iseedora: raises $1.50 to $2.50
machosaliba22: folds 
ImaPeppaPig: calls $1.50
*** FLOP *** [Ks 3h 4c]
machosaliba22 leaves the table
ImaPeppaPig: checks 
Iseedora: bets $1.41
ImaPeppaPig: folds 
Uncalled bet ($1.41) returned to Iseedora
Iseedora collected $5.22 from pot
Iseedora: doesn't show hand 
*** SUMMARY ***
Total pot $5.50 | Rake $0.28 
Board [Ks 3h 4c]
Seat 1: machosaliba22 (small blind) folded before Flop
Seat 2: ImaPeppaPig (big blind) folded on the Flop
Seat 3: BumHuntKing folded before Flop (didn't bet)
Seat 5: AlexPinsk1 folded before Flop (didn't bet)
Seat 6: Iseedora (button) collected ($5.22)



PokerStars Hand #254737304790:  Hold'em No Limit ($0.50/$1.00 USD) - 2025/02/06 18:59:01 WET [2025/02/06 13:59:01 ET]
Table 'Sponde II' 6-max Seat #2 is the button
Seat 2: ImaPeppaPig ($144.55 in chips) 
Seat 3: BumHuntKing ($134.10 in chips) 
Seat 4: Unipoker11 ($100 in chips) 
Seat 5: AlexPinsk1 ($267.86 in chips) 
Seat 6: Iseedora ($110.55 in chips) 
BumHuntKing: posts small blind $0.50
Unipoker11: posts big blind $1
*** HOLE CARDS ***
AlexPinsk1: raises $1.50 to $2.50
Iseedora: folds 
ImaPeppaPig: folds 
BumHuntKing: folds 
Unipoker11: folds 
Uncalled bet ($1.50) returned to AlexPinsk1
AlexPinsk1 collected $2.50 from pot
AlexPinsk1: doesn't show hand 
*** SUMMARY ***
Total pot $2.50 | Rake $0 
Seat 2: ImaPeppaPig (button) folded before Flop (didn't bet)
Seat 3: BumHuntKing (small blind) folded before Flop
Seat 4: Unipoker11 (big blind) folded before Flop
Seat 5: AlexPinsk1 collected ($2.50)
Seat 6: Iseedora folded before Flop (didn't bet)



PokerStars Hand #254737309561:  Hold'em No Limit ($0.50/$1.00 USD) - 2025/02/06 18:59:25 WET [2025/02/06 13:59:25 ET]
Table 'Sponde II' 6-max Seat #3 is the button
Seat 5: AlexPinsk1 ($269.36 in chips) is sitting out
Seat 6: Iseedora ($110.55 in chips) is sitting out
Seat 2: ImaPeppaPig ($144.55 in chips) 
Seat 3: BumHuntKing ($133.60 in chips) 
Seat 4: Unipoker11 ($100 in chips) 
Unipoker11: posts small blind $0.50
AlexPinsk1: is sitting out 
Iseedora: is sitting out 
ImaPeppaPig: posts big blind $1
*** HOLE CARDS ***
Iseedora leaves the table
AlexPinsk1 leaves the table
BumHuntKing: folds 
Unipoker11: folds 
Uncalled bet ($0.50) returned to ImaPeppaPig
ImaPeppaPig collected $1 from pot
ImaPeppaPig: doesn't show hand 
BumHuntKing leaves the table
*** SUMMARY ***
Total pot $1 | Rake $0 
Seat 5: AlexPinsk1
Seat 6: Iseedora
Seat 2: ImaPeppaPig (big blind) collected ($1)
Seat 3: BumHuntKing (button) folded before Flop (didn't bet)
Seat 4: Unipoker11 (small blind) folded before Flop



PokerStars Hand #254737313298:  Hold'em No Limit ($0.50/$1.00 USD) - 2025/02/06 18:59:44 WET [2025/02/06 13:59:44 ET]
Table 'Sponde II' 6-max Seat #2 is the button
Seat 2: ImaPeppaPig ($145.05 in chips) 
Seat 4: Unipoker11 ($100 in chips) 
ImaPeppaPig: posts small blind $0.50
Unipoker11: posts big blind $1
*** HOLE CARDS ***
Rapp78 joins the table at seat #6 
ImaPeppaPig: raises $1.50 to $2.50
yzuk joins the table at seat #1 
Unipoker11: folds 
Uncalled bet ($1.50) returned to ImaPeppaPig
ImaPeppaPig collected $2 from pot
ImaPeppaPig: doesn't show hand 
*** SUMMARY ***
Total pot $2 | Rake $0 
Seat 2: ImaPeppaPig (button) (small blind) collected ($2)
Seat 4: Unipoker11 (big blind) folded before Flop



PokerStars Hand #254737316226:  Hold'em No Limit ($0.50/$1.00 USD) - 2025/02/06 18:59:58 WET [2025/02/06 13:59:58 ET]
Table 'Sponde II' 6-max Seat #2 is the button
Seat 1: yzuk ($100 in chips) is sitting out
Seat 2: ImaPeppaPig ($146.05 in chips) 
Seat 4: Unipoker11 ($100 in chips) 
Seat 6: Rapp78 ($20 in chips) 
Unipoker11: posts small blind $0.50
Rapp78: posts big blind $1
yzuk: sits out 
*** HOLE CARDS ***
ImaPeppaPig: raises $1.50 to $2.50
Unipoker11: folds 
Rapp78: calls $1.50
*** FLOP *** [8d Jd 6h]
Rapp78: checks 
ImaPeppaPig: bets $3.97
Rapp78: calls $3.97
*** TURN *** [8d Jd 6h] [2h]
Rapp78: checks 
Y_19 joins the table at seat #3 
ImaPeppaPig: bets $13
BumHuntKing joins the table at seat #5 
Rapp78: raises $0.53 to $13.53 and is all-in
ImaPeppaPig: calls $0.53
*** RIVER *** [8d Jd 6h 2h] [Ks]
*** SHOW DOWN ***
Rapp78: shows [Js 2s] (two pair, Jacks and Deuces)
ImaPeppaPig: shows [Ad 5d] (high card Ace)
Rapp78 collected $39.50 from pot
*** SUMMARY ***
Total pot $40.50 | Rake $1 
Board [8d Jd 6h 2h Ks]
Seat 1: yzuk
Seat 2: ImaPeppaPig (button) showed [Ad 5d] and lost with high card Ace
Seat 4: Unipoker11 (small blind) folded before Flop
Seat 6: Rapp78 (big blind) showed [Js 2s] and won ($39.50) with two pair, Jacks and Deuces



PokerStars Hand #254737322625:  Hold'em No Limit ($0.50/$1.00 USD) - 2025/02/06 19:00:29 WET [2025/02/06 14:00:29 ET]
Table 'Sponde II' 6-max Seat #4 is the button
Seat 3: Y_19 ($100 in chips) is sitting out
Seat 5: BumHuntKing ($133.60 in chips) is sitting out
Seat 1: yzuk ($100 in chips) 
Seat 2: ImaPeppaPig ($126.05 in chips) 
Seat 4: Unipoker11 ($100 in chips) 
Seat 6: Rapp78 ($39.50 in chips) 
Rapp78: posts small blind $0.50
yzuk: posts big blind $1
Y_19: sits out 
*** HOLE CARDS ***
ImaPeppaPig: folds 
Unipoker11: raises $1.50 to $2.50
Rapp78: folds 
yzuk: calls $1.50
*** FLOP *** [8c Jh 5c]
yzuk: checks 
Unipoker11: bets $1.30
yzuk: calls $1.30
*** TURN *** [8c Jh 5c] [Th]
yzuk: checks 
Unipoker11: bets $7.70
yzuk: folds 
Uncalled bet ($7.70) returned to Unipoker11
Unipoker11 collected $7.70 from pot
Unipoker11: doesn't show hand 
*** SUMMARY ***
Total pot $8.10 | Rake $0.40 
Board [8c Jh 5c Th]
Seat 3: Y_19
Seat 5: BumHuntKing
Seat 1: yzuk (big blind) folded on the Turn
Seat 2: ImaPeppaPig folded before Flop (didn't bet)
Seat 4: Unipoker11 (button) collected ($7.70)
Seat 6: Rapp78 (small blind) folded before Flop



PokerStars Hand #254737337266:  Hold'em No Limit ($0.50/$1.00 USD) - 2025/02/06 19:01:33 WET [2025/02/06 14:01:33 ET]
Table 'Sponde II' 6-max Seat #6 is the button
Seat 3: Y_19 ($100 in chips) is sitting out
Seat 5: BumHuntKing ($133.60 in chips) is sitting out
Seat 1: yzuk ($100 in chips) 
Seat 2: ImaPeppaPig ($126.05 in chips) 
Seat 4: Unipoker11 ($103.90 in chips) 
Seat 6: Rapp78 ($39 in chips) 
yzuk: posts small blind $0.50
ImaPeppaPig: posts big blind $1
Y_19: sits out 
BumHuntKing: sits out 
*** HOLE CARDS ***
Unipoker11: folds 
Rapp78: raises $1 to $2
yzuk: raises $6 to $8
ImaPeppaPig: folds 
Rapp78: calls $6
*** FLOP *** [2s Tc 9c]
yzuk: checks 
Rapp78: bets $5
yzuk: raises $5 to $10
Rapp78: calls $5
*** TURN *** [2s Tc 9c] [9s]
yzuk: bets $21
Rapp78: folds 
Uncalled bet ($21) returned to yzuk
yzuk collected $36 from pot
yzuk: doesn't show hand 
*** SUMMARY ***
Total pot $37 | Rake $1 
Board [2s Tc 9c 9s]
Seat 3: Y_19
Seat 5: BumHuntKing
Seat 1: yzuk (small blind) collected ($36)
Seat 2: ImaPeppaPig (big blind) folded before Flop
Seat 4: Unipoker11 folded before Flop (didn't bet)
Seat 6: Rapp78 (button) folded on the Turn



PokerStars Hand #254737349883:  Hold'em No Limit ($0.50/$1.00 USD) - 2025/02/06 19:02:18 WET [2025/02/06 14:02:18 ET]
Table 'Sponde II' 6-max Seat #1 is the button
Seat 5: BumHuntKing ($133.60 in chips) is sitting out
Seat 1: yzuk ($118 in chips) 
Seat 2: ImaPeppaPig ($125.05 in chips) 
Seat 3: Y_19 ($100 in chips) 
Seat 4: Unipoker11 ($103.90 in chips) 
Seat 6: Rapp78 ($21 in chips) 
ImaPeppaPig: posts small blind $0.50
Y_19: posts big blind $1
BumHuntKing: sits out 
*** HOLE CARDS ***
Unipoker11: folds 
Rapp78: folds 
yzuk: folds 
ImaPeppaPig: folds 
Uncalled bet ($0.50) returned to Y_19
Y_19 collected $1 from pot
Y_19: doesn't show hand 
*** SUMMARY ***
Total pot $1 | Rake $0 
Seat 5: BumHuntKing
Seat 1: yzuk (button) folded before Flop (didn't bet)
Seat 2: ImaPeppaPig (small blind) folded before Flop
Seat 3: Y_19 (big blind) collected ($1)
Seat 4: Unipoker11 folded before Flop (didn't bet)
Seat 6: Rapp78 folded before Flop (didn't bet)



PokerStars Hand #254737352326:  Hold'em No Limit ($0.50/$1.00 USD) - 2025/02/06 19:02:27 WET [2025/02/06 14:02:27 ET]
Table 'Sponde II' 6-max Seat #2 is the button
Seat 5: BumHuntKing ($133.60 in chips) is sitting out
Seat 1: yzuk ($118 in chips) 
Seat 2: ImaPeppaPig ($124.55 in chips) 
Seat 3: Y_19 ($100.50 in chips) 
Seat 4: Unipoker11 ($103.90 in chips) 
Seat 6: Rapp78 ($21 in chips) 
Y_19: posts small blind $0.50
Unipoker11: posts big blind $1
BumHuntKing: sits out 
*** HOLE CARDS ***
Rapp78: folds 
yzuk: folds 
ImaPeppaPig: folds 
Y_19: raises $2 to $3
Unipoker11: calls $2
*** FLOP *** [3s 3d 9h]
Y_19: bets $1.88
Unipoker11: calls $1.88
*** TURN *** [3s 3d 9h] [Kd]
Y_19: bets $11.96
Unipoker11: folds 
Uncalled bet ($11.96) returned to Y_19
Y_19 collected $9.27 from pot
Y_19: doesn't show hand 
*** SUMMARY ***
Total pot $9.76 | Rake $0.49 
Board [3s 3d 9h Kd]
Seat 5: BumHuntKing
Seat 1: yzuk folded before Flop (didn't bet)
Seat 2: ImaPeppaPig (button) folded before Flop (didn't bet)
Seat 3: Y_19 (small blind) collected ($9.27)
Seat 4: Unipoker11 (big blind) folded on the Turn
Seat 6: Rapp78 folded before Flop (didn't bet)



PokerStars Hand #254737377035:  Hold'em No Limit ($0.50/$1.00 USD) - 2025/02/06 19:03:58 WET [2025/02/06 14:03:58 ET]
Table 'Sponde II' 6-max Seat #3 is the button
Seat 1: yzuk ($118 in chips) 
Seat 2: ImaPeppaPig ($124.55 in chips) 
Seat 3: Y_19 ($104.89 in chips) 
Seat 4: Unipoker11 ($100 in chips) 
Seat 5: BumHuntKing ($133.60 in chips) 
Seat 6: Rapp78 ($21 in chips) 
Unipoker11: posts small blind $0.50
BumHuntKing: posts big blind $1
*** HOLE CARDS ***
Rapp78: raises $3 to $4
yzuk: folds 
ImaPeppaPig: folds 
Y_19: folds 
Unipoker11: folds 
BumHuntKing: folds 
Uncalled bet ($3) returned to Rapp78
Rapp78 collected $2.50 from pot
Rapp78: doesn't show hand 
*** SUMMARY ***
Total pot $2.50 | Rake $0 
Seat 1: yzuk folded before Flop (didn't bet)
Seat 2: ImaPeppaPig folded before Flop (didn't bet)
Seat 3: Y_19 (button) folded before Flop (didn't bet)
Seat 4: Unipoker11 (small blind) folded before Flop
Seat 5: BumHuntKing (big blind) folded before Flop
Seat 6: Rapp78 collected ($2.50)



PokerStars Hand #254737381006:  Hold'em No Limit ($0.50/$1.00 USD) - 2025/02/06 19:04:13 WET [2025/02/06 14:04:13 ET]
Table 'Sponde II' 6-max Seat #4 is the button
Seat 1: yzuk ($118 in chips) 
Seat 2: ImaPeppaPig ($124.55 in chips) 
Seat 3: Y_19 ($104.89 in chips) 
Seat 4: Unipoker11 ($100 in chips) 
Seat 5: BumHuntKing ($132.60 in chips) 
Seat 6: Rapp78 ($22.50 in chips) 
BumHuntKing: posts small blind $0.50
Rapp78: posts big blind $1
*** HOLE CARDS ***
yzuk: folds 
ImaPeppaPig: raises $1.50 to $2.50
Y_19: raises $5 to $7.50
Unipoker11: folds 
BumHuntKing: folds 
Rapp78: folds 
ImaPeppaPig: folds 
Uncalled bet ($5) returned to Y_19
Y_19 collected $6.50 from pot
Y_19: doesn't show hand 
*** SUMMARY ***
Total pot $6.50 | Rake $0 
Seat 1: yzuk folded before Flop (didn't bet)
Seat 2: ImaPeppaPig folded before Flop
Seat 3: Y_19 collected ($6.50)
Seat 4: Unipoker11 (button) folded before Flop (didn't bet)
Seat 5: BumHuntKing (small blind) folded before Flop
Seat 6: Rapp78 (big blind) folded before Flop



PokerStars Hand #254737389051:  Hold'em No Limit ($0.50/$1.00 USD) - 2025/02/06 19:04:41 WET [2025/02/06 14:04:41 ET]
Table 'Sponde II' 6-max Seat #5 is the button
Seat 1: yzuk ($118 in chips) 
Seat 2: ImaPeppaPig ($122.05 in chips) 
Seat 3: Y_19 ($108.89 in chips) 
Seat 4: Unipoker11 ($100 in chips) 
Seat 5: BumHuntKing ($132.10 in chips) 
Seat 6: Rapp78 ($21.50 in chips) 
Rapp78: posts small blind $0.50
yzuk: posts big blind $1
*** HOLE CARDS ***
ImaPeppaPig: folds 
Y_19: folds 
Unipoker11: folds 
BumHuntKing: raises $1.50 to $2.50
Rapp78: folds 
yzuk: raises $10 to $12.50
BumHuntKing: calls $10
*** FLOP *** [9h Ks 8c]
yzuk: bets $8.23
BumHuntKing: calls $8.23
*** TURN *** [9h Ks 8c] [As]
yzuk: bets $13.55
BumHuntKing: calls $13.55
*** RIVER *** [9h Ks 8c As] [3h]
yzuk: bets $22.63
BumHuntKing has timed out
BumHuntKing: folds 
Uncalled bet ($22.63) returned to yzuk
yzuk collected $66.56 from pot
yzuk: doesn't show hand 
*** SUMMARY ***
Total pot $69.06 | Rake $2.50 
Board [9h Ks 8c As 3h]
Seat 1: yzuk (big blind) collected ($66.56)
Seat 2: ImaPeppaPig folded before Flop (didn't bet)
Seat 3: Y_19 folded before Flop (didn't bet)
Seat 4: Unipoker11 folded before Flop (didn't bet)
Seat 5: BumHuntKing (button) folded on the River
Seat 6: Rapp78 (small blind) folded before Flop



PokerStars Hand #254737423837:  Hold'em No Limit ($0.50/$1.00 USD) - 2025/02/06 19:06:44 WET [2025/02/06 14:06:44 ET]
Table 'Sponde II' 6-max Seat #6 is the button
Seat 1: yzuk ($150.28 in chips) 
Seat 2: ImaPeppaPig ($122.05 in chips) 
Seat 3: Y_19 ($108.89 in chips) 
Seat 4: Unipoker11 ($100 in chips) 
Seat 5: BumHuntKing ($100 in chips) 
Seat 6: Rapp78 ($21 in chips) 
yzuk: posts small blind $0.50
ImaPeppaPig: posts big blind $1
*** HOLE CARDS ***
Y_19: folds 
Unipoker11: folds 
BumHuntKing: folds 
Rapp78: folds 
yzuk: calls $0.50
ImaPeppaPig: checks 
*** FLOP *** [4h 2d Th]
yzuk: bets $1
ImaPeppaPig: folds 
Uncalled bet ($1) returned to yzuk
yzuk collected $1.90 from pot
yzuk: doesn't show hand 
*** SUMMARY ***
Total pot $2 | Rake $0.10 
Board [4h 2d Th]
Seat 1: yzuk (small blind) collected ($1.90)
Seat 2: ImaPeppaPig (big blind) folded on the Flop
Seat 3: Y_19 folded before Flop (didn't bet)
Seat 4: Unipoker11 folded before Flop (didn't bet)
Seat 5: BumHuntKing folded before Flop (didn't bet)
Seat 6: Rapp78 (button) folded before Flop (didn't bet)



PokerStars Hand #254737434122:  Hold'em No Limit ($0.50/$1.00 USD) - 2025/02/06 19:07:21 WET [2025/02/06 14:07:21 ET]
Table 'Sponde II' 6-max Seat #1 is the button
Seat 1: yzuk ($151.18 in chips) 
Seat 2: ImaPeppaPig ($121.05 in chips) 
Seat 3: Y_19 ($108.89 in chips) 
Seat 4: Unipoker11 ($100 in chips) 
Seat 5: BumHuntKing ($100 in chips) 
Seat 6: Rapp78 ($21 in chips) 
ImaPeppaPig: posts small blind $0.50
Y_19: posts big blind $1
*** HOLE CARDS ***
Unipoker11: folds 
BumHuntKing: folds 
Rapp78: raises $2 to $3
yzuk: raises $4 to $7
ImaPeppaPig: folds 
Y_19: folds 
Rapp78: calls $4
*** FLOP *** [9h 5c 5h]
Rapp78: checks 
yzuk: bets $37
Rapp78: folds 
Uncalled bet ($37) returned to yzuk
yzuk collected $14.72 from pot
yzuk: doesn't show hand 
*** SUMMARY ***
Total pot $15.50 | Rake $0.78 
Board [9h 5c 5h]
Seat 1: yzuk (button) collected ($14.72)
Seat 2: ImaPeppaPig (small blind) folded before Flop
Seat 3: Y_19 (big blind) folded before Flop
Seat 4: Unipoker11 folded before Flop (didn't bet)
Seat 5: BumHuntKing folded before Flop (didn't bet)
Seat 6: Rapp78 folded on the Flop



PokerStars Hand #254737443925:  Hold'em No Limit ($0.50/$1.00 USD) - 2025/02/06 19:07:56 WET [2025/02/06 14:07:56 ET]
Table 'Sponde II' 6-max Seat #2 is the button
Seat 1: yzuk ($158.90 in chips) 
Seat 2: ImaPeppaPig ($120.55 in chips) 
Seat 3: Y_19 ($107.89 in chips) 
Seat 4: Unipoker11 ($100 in chips) 
Seat 5: BumHuntKing ($100 in chips) 
Seat 6: Rapp78 ($14 in chips) 
Y_19: posts small blind $0.50
Unipoker11: posts big blind $1
*** HOLE CARDS ***
BumHuntKing: raises $1.20 to $2.20
Rapp78: folds 
yzuk: folds 
ImaPeppaPig: raises $4.80 to $7
Y_19: folds 
Unipoker11: folds 
BumHuntKing: calls $4.80
*** FLOP *** [7s Jd 9d]
BumHuntKing: checks 
ImaPeppaPig: checks 
*** TURN *** [7s Jd 9d] [Qs]
BumHuntKing: bets $11.04
ImaPeppaPig: calls $11.04
*** RIVER *** [7s Jd 9d Qs] [Qc]
BumHuntKing has timed out
BumHuntKing: checks 
ImaPeppaPig: checks 
*** SHOW DOWN ***
BumHuntKing: shows [6s 5s] (a pair of Queens)
ImaPeppaPig: shows [Ad Td] (a pair of Queens - Ace kicker)
ImaPeppaPig collected $35.70 from pot
*** SUMMARY ***
Total pot $37.58 | Rake $1.88 
Board [7s Jd 9d Qs Qc]
Seat 1: yzuk folded before Flop (didn't bet)
Seat 2: ImaPeppaPig (button) showed [Ad Td] and won ($35.70) with a pair of Queens
Seat 3: Y_19 (small blind) folded before Flop
Seat 4: Unipoker11 (big blind) folded before Flop
Seat 5: BumHuntKing showed [6s 5s] and lost with a pair of Queens
Seat 6: Rapp78 folded before Flop (didn't bet)



PokerStars Hand #254737467943:  Hold'em No Limit ($0.50/$1.00 USD) - 2025/02/06 19:09:23 WET [2025/02/06 14:09:23 ET]
Table 'Sponde II' 6-max Seat #3 is the button
Seat 5: BumHuntKing ($100 in chips) is sitting out
Seat 1: yzuk ($158.90 in chips) 
Seat 2: ImaPeppaPig ($138.21 in chips) 
Seat 3: Y_19 ($107.39 in chips) 
Seat 4: Unipoker11 ($100 in chips) 
Seat 6: Rapp78 ($14 in chips) 
Unipoker11: posts small blind $0.50
BumHuntKing: is sitting out 
Rapp78: posts big blind $1
*** HOLE CARDS ***
yzuk: raises $1.50 to $2.50
ImaPeppaPig: folds 
Y_19: folds 
Unipoker11: folds 
Rapp78: calls $1.50
*** FLOP *** [4s 5c 9s]
Rapp78: checks 
yzuk: checks 
*** TURN *** [4s 5c 9s] [Ah]
Rapp78: bets $3
BumHuntKing leaves the table
yzuk: folds 
Uncalled bet ($3) returned to Rapp78
Rapp78 collected $5.22 from pot
Rapp78: doesn't show hand 
*** SUMMARY ***
Total pot $5.50 | Rake $0.28 
Board [4s 5c 9s Ah]
Seat 5: BumHuntKing
Seat 1: yzuk folded on the Turn
Seat 2: ImaPeppaPig folded before Flop (didn't bet)
Seat 3: Y_19 (button) folded before Flop (didn't bet)
Seat 4: Unipoker11 (small blind) folded before Flop
Seat 6: Rapp78 (big blind) collected ($5.22)



PokerStars Hand #254737477575:  Hold'em No Limit ($0.50/$1.00 USD) - 2025/02/06 19:09:57 WET [2025/02/06 14:09:57 ET]
Table 'Sponde II' 6-max Seat #4 is the button
Seat 1: yzuk ($156.40 in chips) is sitting out
Seat 2: ImaPeppaPig ($138.21 in chips) 
Seat 3: Y_19 ($107.39 in chips) 
Seat 4: Unipoker11 ($100 in chips) 
Seat 6: Rapp78 ($16.72 in chips) 
Rapp78: posts small blind $0.50
yzuk: is sitting out 
ImaPeppaPig: posts big blind $1
*** HOLE CARDS ***
yzuk leaves the table
Y_19: raises $1.23 to $2.23
michasia joins the table at seat #1 
Unipoker11: folds 
Rapp78: folds 
ImaPeppaPig: folds 
Uncalled bet ($1.23) returned to Y_19
Y_19 collected $2.50 from pot
Y_19: doesn't show hand 
*** SUMMARY ***
Total pot $2.50 | Rake $0 
Seat 1: yzuk
Seat 2: ImaPeppaPig (big blind) folded before Flop
Seat 3: Y_19 collected ($2.50)
Seat 4: Unipoker11 (button) folded before Flop (didn't bet)
Seat 6: Rapp78 (small blind) folded before Flop



PokerStars Hand #254737481194:  Hold'em No Limit ($0.50/$1.00 USD) - 2025/02/06 19:10:10 WET [2025/02/06 14:10:10 ET]
Table 'Sponde II' 6-max Seat #6 is the button
Seat 1: michasia ($100 in chips) is sitting out
Seat 2: ImaPeppaPig ($137.21 in chips) 
Seat 3: Y_19 ($108.89 in chips) 
Seat 4: Unipoker11 ($100 in chips) 
Seat 6: Rapp78 ($16.22 in chips) 
ImaPeppaPig: posts small blind $0.50
Y_19: posts big blind $1
*** HOLE CARDS ***
Unipoker11: folds 
Rapp78: folds 
ImaPeppaPig: folds 
Uncalled bet ($0.50) returned to Y_19
Y_19 collected $1 from pot
Y_19: doesn't show hand 
reiyser joins the table at seat #5 
*** SUMMARY ***
Total pot $1 | Rake $0 
Seat 1: michasia
Seat 2: ImaPeppaPig (small blind) folded before Flop
Seat 3: Y_19 (big blind) collected ($1)
Seat 4: Unipoker11 folded before Flop (didn't bet)
Seat 6: Rapp78 (button) folded before Flop (didn't bet)



PokerStars Hand #254737483412:  Hold'em No Limit ($0.50/$1.00 USD) - 2025/02/06 19:10:19 WET [2025/02/06 14:10:19 ET]
Table 'Sponde II' 6-max Seat #2 is the button
Seat 1: michasia ($100 in chips) is sitting out
Seat 5: reiyser ($10 in chips) is sitting out
Seat 2: ImaPeppaPig ($136.71 in chips) 
Seat 3: Y_19 ($109.39 in chips) 
Seat 4: Unipoker11 ($100 in chips) 
Seat 6: Rapp78 ($16.22 in chips) 
Y_19: posts small blind $0.50
Unipoker11: posts big blind $1
reiyser: sits out 
michasia: sits out 
*** HOLE CARDS ***
Rapp78: folds 
ImaPeppaPig: folds 
Y_19: folds 
Uncalled bet ($0.50) returned to Unipoker11
Unipoker11 collected $1 from pot
Unipoker11: doesn't show hand 
*** SUMMARY ***
Total pot $1 | Rake $0 
Seat 1: michasia
Seat 5: reiyser
Seat 2: ImaPeppaPig (button) folded before Flop (didn't bet)
Seat 3: Y_19 (small blind) folded before Flop
Seat 4: Unipoker11 (big blind) collected ($1)
Seat 6: Rapp78 folded before Flop (didn't bet)



PokerStars Hand #254737486818:  Hold'em No Limit ($0.50/$1.00 USD) - 2025/02/06 19:10:31 WET [2025/02/06 14:10:31 ET]
Table 'Sponde II' 6-max Seat #3 is the button
Seat 1: michasia ($100 in chips) is sitting out
Seat 2: ImaPeppaPig ($136.71 in chips) 
Seat 3: Y_19 ($108.89 in chips) 
Seat 4: Unipoker11 ($100.50 in chips) 
Seat 5: reiyser ($100 in chips) 
Seat 6: Rapp78 ($16.22 in chips) 
Unipoker11: posts small blind $0.50
reiyser: posts big blind $1
michasia: sits out 
*** HOLE CARDS ***
Rapp78: raises $1 to $2
ImaPeppaPig: folds 
Y_19: folds 
Unipoker11: folds 
reiyser: folds 
Uncalled bet ($1) returned to Rapp78
Rapp78 collected $2.50 from pot
Rapp78: doesn't show hand 
*** SUMMARY ***
Total pot $2.50 | Rake $0 
Seat 1: michasia
Seat 2: ImaPeppaPig folded before Flop (didn't bet)
Seat 3: Y_19 (button) folded before Flop (didn't bet)
Seat 4: Unipoker11 (small blind) folded before Flop
Seat 5: reiyser (big blind) folded before Flop
Seat 6: Rapp78 collected ($2.50)



PokerStars Hand #254737493114:  Hold'em No Limit ($0.50/$1.00 USD) - 2025/02/06 19:10:53 WET [2025/02/06 14:10:53 ET]
Table 'Sponde II' 6-max Seat #4 is the button
Seat 1: michasia ($100 in chips) is sitting out
Seat 2: ImaPeppaPig ($136.71 in chips) 
Seat 3: Y_19 ($108.89 in chips) 
Seat 4: Unipoker11 ($100 in chips) 
Seat 5: reiyser ($100 in chips) 
Seat 6: Rapp78 ($17.72 in chips) 
reiyser: posts small blind $0.50
Rapp78: posts big blind $1
michasia: sits out 
*** HOLE CARDS ***
ImaPeppaPig: folds 
Y_19: folds 
Unipoker11: folds 
reiyser: raises $1.80 to $2.80
Rapp78: folds 
Uncalled bet ($1.80) returned to reiyser
reiyser collected $2 from pot
reiyser: doesn't show hand 
*** SUMMARY ***
Total pot $2 | Rake $0 
Seat 1: michasia
Seat 2: ImaPeppaPig folded before Flop (didn't bet)
Seat 3: Y_19 folded before Flop (didn't bet)
Seat 4: Unipoker11 (button) folded before Flop (didn't bet)
Seat 5: reiyser (small blind) collected ($2)
Seat 6: Rapp78 (big blind) folded before Flop



PokerStars Hand #254737496100:  Hold'em No Limit ($0.50/$1.00 USD) - 2025/02/06 19:11:04 WET [2025/02/06 14:11:04 ET]
Table 'Sponde II' 6-max Seat #5 is the button
Seat 1: michasia ($100 in chips) 
Seat 2: ImaPeppaPig ($136.71 in chips) 
Seat 3: Y_19 ($108.89 in chips) 
Seat 4: Unipoker11 ($100 in chips) 
Seat 5: reiyser ($101 in chips) 
Seat 6: Rapp78 ($16.72 in chips) 
Rapp78: posts small blind $0.50
michasia: posts big blind $1
*** HOLE CARDS ***
ImaPeppaPig: folds 
Y_19: folds 
Unipoker11: folds 
reiyser: raises $1.23 to $2.23
Rapp78: folds 
michasia: raises $8.77 to $11
reiyser: folds 
Uncalled bet ($8.77) returned to michasia
michasia collected $4.96 from pot
michasia: doesn't show hand 
*** SUMMARY ***
Total pot $4.96 | Rake $0 
Seat 1: michasia (big blind) collected ($4.96)
Seat 2: ImaPeppaPig folded before Flop (didn't bet)
Seat 3: Y_19 folded before Flop (didn't bet)
Seat 4: Unipoker11 folded before Flop (didn't bet)
Seat 5: reiyser (button) folded before Flop
Seat 6: Rapp78 (small blind) folded before Flop



PokerStars Hand #254737505444:  Hold'em No Limit ($0.50/$1.00 USD) - 2025/02/06 19:11:38 WET [2025/02/06 14:11:38 ET]
Table 'Sponde II' 6-max Seat #6 is the button
Seat 2: ImaPeppaPig ($136.71 in chips) is sitting out
Seat 1: michasia ($102.73 in chips) 
Seat 3: Y_19 ($108.89 in chips) 
Seat 4: Unipoker11 ($100 in chips) 
Seat 5: reiyser ($100 in chips) 
Seat 6: Rapp78 ($16.22 in chips) 
michasia: posts small blind $0.50
ImaPeppaPig: is sitting out 
Y_19: posts big blind $1
*** HOLE CARDS ***
Unipoker11: folds 
reiyser: raises $1.23 to $2.23
Rapp78: folds 
michasia: folds 
Y_19: raises $9.77 to $12
reiyser: calls $9.77
*** FLOP *** [4h 8c Qh]
Y_19: bets $17.46
reiyser: folds 
Uncalled bet ($17.46) returned to Y_19
Y_19 collected $23.28 from pot
Y_19: doesn't show hand 
*** SUMMARY ***
Total pot $24.50 | Rake $1.22 
Board [4h 8c Qh]
Seat 2: ImaPeppaPig
Seat 1: michasia (small blind) folded before Flop
Seat 3: Y_19 (big blind) collected ($23.28)
Seat 4: Unipoker11 folded before Flop (didn't bet)
Seat 5: reiyser folded on the Flop
Seat 6: Rapp78 (button) folded before Flop (didn't bet)



PokerStars Hand #254737521134:  Hold'em No Limit ($0.50/$1.00 USD) - 2025/02/06 19:12:34 WET [2025/02/06 14:12:34 ET]
Table 'Sponde II' 6-max Seat #1 is the button
Seat 2: ImaPeppaPig ($136.71 in chips) is sitting out
Seat 1: michasia ($102.23 in chips) 
Seat 3: Y_19 ($120.17 in chips) 
Seat 4: Unipoker11 ($100 in chips) 
Seat 5: reiyser ($100 in chips) 
Seat 6: Rapp78 ($16.22 in chips) 
Y_19: posts small blind $0.50
Unipoker11: posts big blind $1
*** HOLE CARDS ***
reiyser: folds 
Rapp78: raises $2 to $3
michasia: folds 
Y_19: folds 
Unipoker11: calls $2
*** FLOP *** [Kh 4c 9d]
Unipoker11: checks 
Rapp78: bets $3
Unipoker11: raises $24.36 to $27.36
Rapp78: calls $10.22 and is all-in
Uncalled bet ($14.14) returned to Unipoker11
*** TURN *** [Kh 4c 9d] [Kc]
*** RIVER *** [Kh 4c 9d Kc] [7d]
*** SHOW DOWN ***
Unipoker11: shows [Th Ks] (three of a kind, Kings)
Rapp78: shows [Ac Jc] (a pair of Kings)
Unipoker11 collected $31.29 from pot
*** SUMMARY ***
Total pot $32.94 | Rake $1.65 
Board [Kh 4c 9d Kc 7d]
Seat 2: ImaPeppaPig
Seat 1: michasia (button) folded before Flop (didn't bet)
Seat 3: Y_19 (small blind) folded before Flop
Seat 4: Unipoker11 (big blind) showed [Th Ks] and won ($31.29) with three of a kind, Kings
Seat 5: reiyser folded before Flop (didn't bet)
Seat 6: Rapp78 showed [Ac Jc] and lost with a pair of Kings



PokerStars Hand #254737535721:  Hold'em No Limit ($0.50/$1.00 USD) - 2025/02/06 19:13:25 WET [2025/02/06 14:13:25 ET]
Table 'Sponde II' 6-max Seat #3 is the button
Seat 2: ImaPeppaPig ($136.71 in chips) is sitting out
Seat 6: Rapp78 ($0 in chips) is sitting out
Seat 1: michasia ($102.23 in chips) 
Seat 3: Y_19 ($119.67 in chips) 
Seat 4: Unipoker11 ($115.07 in chips) 
Seat 5: reiyser ($100 in chips) 
Unipoker11: posts small blind $0.50
reiyser: posts big blind $1
ImaPeppaPig: sits out 
*** HOLE CARDS ***
michasia: folds 
Y_19: folds 
Unipoker11: raises $2 to $3
reiyser: calls $2
*** FLOP *** [9d Qs 7s]
Unipoker11: checks 
reiyser: bets $2.96
Unipoker11: calls $2.96
*** TURN *** [9d Qs 7s] [3c]
Unipoker11: checks 
reiyser: bets $8.60
Unipoker11: calls $8.60
*** RIVER *** [9d Qs 7s 3c] [4s]
Unipoker11: checks 
reiyser: bets $21.37
Unipoker11: calls $21.37
*** SHOW DOWN ***
reiyser: shows [Ks Tc] (high card King)
Unipoker11: shows [4h Qh] (two pair, Queens and Fours)
Unipoker11 collected $70.86 from pot
*** SUMMARY ***
Total pot $71.86 | Rake $1 
Board [9d Qs 7s 3c 4s]
Seat 2: ImaPeppaPig
Seat 6: Rapp78
Seat 1: michasia folded before Flop (didn't bet)
Seat 3: Y_19 (button) folded before Flop (didn't bet)
Seat 4: Unipoker11 (small blind) showed [4h Qh] and won ($70.86) with two pair, Queens and Fours
Seat 5: reiyser (big blind) showed [Ks Tc] and lost with high card King



PokerStars Hand #254737561648:  Hold'em No Limit ($0.50/$1.00 USD) - 2025/02/06 19:14:57 WET [2025/02/06 14:14:57 ET]
Table 'Sponde II' 6-max Seat #4 is the button
Seat 2: ImaPeppaPig ($136.71 in chips) is sitting out
Seat 1: michasia ($102.23 in chips) 
Seat 3: Y_19 ($119.67 in chips) 
Seat 4: Unipoker11 ($150 in chips) 
Seat 5: reiyser ($100 in chips) 
Seat 6: Rapp78 ($20 in chips) 
reiyser: posts small blind $0.50
Rapp78: posts big blind $1
ImaPeppaPig: sits out 
*** HOLE CARDS ***
michasia: folds 
Y_19: folds 
Unipoker11: folds 
reiyser: folds 
Uncalled bet ($0.50) returned to Rapp78
Rapp78 collected $1 from pot
Rapp78: doesn't show hand 
*** SUMMARY ***
Total pot $1 | Rake $0 
Seat 2: ImaPeppaPig
Seat 1: michasia folded before Flop (didn't bet)
Seat 3: Y_19 folded before Flop (didn't bet)
Seat 4: Unipoker11 (button) folded before Flop (didn't bet)
Seat 5: reiyser (small blind) folded before Flop
Seat 6: Rapp78 (big blind) collected ($1)



PokerStars Hand #254737565578:  Hold'em No Limit ($0.50/$1.00 USD) - 2025/02/06 19:15:10 WET [2025/02/06 14:15:10 ET]
Table 'Sponde II' 6-max Seat #5 is the button
Seat 2: ImaPeppaPig ($136.71 in chips) is sitting out
Seat 1: michasia ($102.23 in chips) 
Seat 3: Y_19 ($119.67 in chips) 
Seat 4: Unipoker11 ($150 in chips) 
Seat 5: reiyser ($100 in chips) 
Seat 6: Rapp78 ($20.50 in chips) 
Rapp78: posts small blind $0.50
michasia: posts big blind $1
ImaPeppaPig: sits out 
*** HOLE CARDS ***
Y_19: folds 
Unipoker11: folds 
reiyser: folds 
Rapp78: raises $1 to $2
michasia: calls $1
*** FLOP *** [Ad Td 9c]
Rapp78: bets $3
michasia: calls $3
*** TURN *** [Ad Td 9c] [Tc]
Rapp78: bets $3
michasia: calls $3
*** RIVER *** [Ad Td 9c Tc] [5h]
Rapp78: checks 
michasia: checks 
*** SHOW DOWN ***
Rapp78: shows [3c Kc] (a pair of Tens)
michasia: mucks hand 
Rapp78 collected $15.20 from pot
*** SUMMARY ***
Total pot $16 | Rake $0.80 
Board [Ad Td 9c Tc 5h]
Seat 2: ImaPeppaPig
Seat 1: michasia (big blind) mucked
Seat 3: Y_19 folded before Flop (didn't bet)
Seat 4: Unipoker11 folded before Flop (didn't bet)
Seat 5: reiyser (button) folded before Flop (didn't bet)
Seat 6: Rapp78 (small blind) showed [3c Kc] and won ($15.20) with a pair of Tens



PokerStars Hand #254737574263:  Hold'em No Limit ($0.50/$1.00 USD) - 2025/02/06 19:15:42 WET [2025/02/06 14:15:42 ET]
Table 'Sponde II' 6-max Seat #6 is the button
Seat 1: michasia ($100 in chips) 
Seat 2: ImaPeppaPig ($136.71 in chips) 
Seat 3: Y_19 ($119.67 in chips) 
Seat 4: Unipoker11 ($150 in chips) 
Seat 5: reiyser ($100 in chips) 
Seat 6: Rapp78 ($27.70 in chips) 
michasia: posts small blind $0.50
ImaPeppaPig: posts big blind $1
*** HOLE CARDS ***
Y_19: folds 
Unipoker11: folds 
reiyser: raises $1.23 to $2.23
Rapp78: calls $2.23
michasia: raises $11.77 to $14
ImaPeppaPig: folds 
reiyser: folds 
Rapp78: calls $11.77
*** FLOP *** [3d Kc Jd]
michasia: checks 
Rapp78: checks 
*** TURN *** [3d Kc Jd] [5h]
michasia: bets $19.78
Rapp78: calls $13.70 and is all-in
Uncalled bet ($6.08) returned to michasia
*** RIVER *** [3d Kc Jd 5h] [8c]
*** SHOW DOWN ***
michasia: shows [Kd Js] (two pair, Kings and Jacks)
Rapp78: shows [Jh Qd] (a pair of Jacks)
michasia collected $56.13 from pot
*** SUMMARY ***
Total pot $58.63 | Rake $2.50 
Board [3d Kc Jd 5h 8c]
Seat 1: michasia (small blind) showed [Kd Js] and won ($56.13) with two pair, Kings and Jacks
Seat 2: ImaPeppaPig (big blind) folded before Flop
Seat 3: Y_19 folded before Flop (didn't bet)
Seat 4: Unipoker11 folded before Flop (didn't bet)
Seat 5: reiyser folded before Flop
Seat 6: Rapp78 (button) showed [Jh Qd] and lost with a pair of Jacks



PokerStars Hand #254737584683:  Hold'em No Limit ($0.50/$1.00 USD) - 2025/02/06 19:16:19 WET [2025/02/06 14:16:19 ET]
Table 'Sponde II' 6-max Seat #1 is the button
Seat 6: Rapp78 ($0 in chips) is sitting out
Seat 1: michasia ($128.43 in chips) 
Seat 2: ImaPeppaPig ($135.71 in chips) 
Seat 3: Y_19 ($119.67 in chips) 
Seat 4: Unipoker11 ($150 in chips) 
Seat 5: reiyser ($100 in chips) 
ImaPeppaPig: posts small blind $0.50
Y_19: posts big blind $1
*** HOLE CARDS ***
Unipoker11: folds 
reiyser: raises $1.23 to $2.23
michasia: folds 
ImaPeppaPig: folds 
Y_19: folds 
Uncalled bet ($1.23) returned to reiyser
reiyser collected $2.50 from pot
reiyser: doesn't show hand 
*** SUMMARY ***
Total pot $2.50 | Rake $0 
Seat 6: Rapp78
Seat 1: michasia (button) folded before Flop (didn't bet)
Seat 2: ImaPeppaPig (small blind) folded before Flop
Seat 3: Y_19 (big blind) folded before Flop
Seat 4: Unipoker11 folded before Flop (didn't bet)
Seat 5: reiyser collected ($2.50)



PokerStars Hand #254737588702:  Hold'em No Limit ($0.50/$1.00 USD) - 2025/02/06 19:16:33 WET [2025/02/06 14:16:33 ET]
Table 'Sponde II' 6-max Seat #2 is the button
Seat 1: michasia ($128.43 in chips) 
Seat 2: ImaPeppaPig ($135.21 in chips) 
Seat 3: Y_19 ($118.67 in chips) 
Seat 4: Unipoker11 ($150 in chips) 
Seat 5: reiyser ($101.50 in chips) 
Seat 6: Rapp78 ($18.69 in chips) 
Y_19: posts small blind $0.50
Unipoker11: posts big blind $1
*** HOLE CARDS ***
reiyser: folds 
Rapp78: folds 
michasia: raises $1.80 to $2.80
ImaPeppaPig: folds 
Y_19: folds 
Unipoker11: folds 
Uncalled bet ($1.80) returned to michasia
michasia collected $2.50 from pot
michasia: doesn't show hand 
*** SUMMARY ***
Total pot $2.50 | Rake $0 
Seat 1: michasia collected ($2.50)
Seat 2: ImaPeppaPig (button) folded before Flop (didn't bet)
Seat 3: Y_19 (small blind) folded before Flop
Seat 4: Unipoker11 (big blind) folded before Flop
Seat 5: reiyser folded before Flop (didn't bet)
Seat 6: Rapp78 folded before Flop (didn't bet)



PokerStars Hand #254737595295:  Hold'em No Limit ($0.50/$1.00 USD) - 2025/02/06 19:16:56 WET [2025/02/06 14:16:56 ET]
Table 'Sponde II' 6-max Seat #3 is the button
Seat 1: michasia ($129.93 in chips) 
Seat 2: ImaPeppaPig ($135.21 in chips) 
Seat 3: Y_19 ($118.17 in chips) 
Seat 4: Unipoker11 ($149 in chips) 
Seat 5: reiyser ($101.50 in chips) 
Seat 6: Rapp78 ($18.69 in chips) 
Unipoker11: posts small blind $0.50
reiyser: posts big blind $1
*** HOLE CARDS ***
Rapp78: raises $1 to $2
michasia: folds 
ImaPeppaPig: folds 
Y_19: raises $4.13 to $6.13
Unipoker11: folds 
reiyser: folds 
Rapp78: calls $4.13
*** FLOP *** [4s Qh 6d]
Rapp78: checks 
Y_19: bets $4.31
Rapp78: calls $4.31
*** TURN *** [4s Qh 6d] [4c]
Rapp78: checks 
Y_19: bets $10.63
Rapp78: calls $8.25 and is all-in
Uncalled bet ($2.38) returned to Y_19
*** RIVER *** [4s Qh 6d 4c] [Qd]
*** SHOW DOWN ***
Rapp78: shows [Jc As] (two pair, Queens and Fours)
Y_19: shows [Kc Qc] (a full house, Queens full of Fours)
Y_19 collected $36.94 from pot
*** SUMMARY ***
Total pot $38.88 | Rake $1.94 
Board [4s Qh 6d 4c Qd]
Seat 1: michasia folded before Flop (didn't bet)
Seat 2: ImaPeppaPig folded before Flop (didn't bet)
Seat 3: Y_19 (button) showed [Kc Qc] and won ($36.94) with a full house, Queens full of Fours
Seat 4: Unipoker11 (small blind) folded before Flop
Seat 5: reiyser (big blind) folded before Flop
Seat 6: Rapp78 showed [Jc As] and lost with two pair, Queens and Fours



PokerStars Hand #254737610781:  Hold'em No Limit ($0.50/$1.00 USD) - 2025/02/06 19:17:51 WET [2025/02/06 14:17:51 ET]
Table 'Sponde II' 6-max Seat #4 is the button
Seat 6: Rapp78 ($0 in chips) is sitting out
Seat 1: michasia ($129.93 in chips) 
Seat 2: ImaPeppaPig ($135.21 in chips) 
Seat 3: Y_19 ($136.42 in chips) 
Seat 4: Unipoker11 ($148.50 in chips) 
Seat 5: reiyser ($100.50 in chips) 
reiyser: posts small blind $0.50
michasia: posts big blind $1
*** HOLE CARDS ***
ImaPeppaPig: folds 
Y_19: folds 
Rapp78 leaves the table
Unipoker11: folds 
reiyser: raises $1.80 to $2.80
michasia: folds 
Uncalled bet ($1.80) returned to reiyser
reiyser collected $2 from pot
reiyser: doesn't show hand 
*** SUMMARY ***
Total pot $2 | Rake $0 
Seat 6: Rapp78
Seat 1: michasia (big blind) folded before Flop
Seat 2: ImaPeppaPig folded before Flop (didn't bet)
Seat 3: Y_19 folded before Flop (didn't bet)
Seat 4: Unipoker11 (button) folded before Flop (didn't bet)
Seat 5: reiyser (small blind) collected ($2)



PokerStars Hand #254737615362:  Hold'em No Limit ($0.50/$1.00 USD) - 2025/02/06 19:18:07 WET [2025/02/06 14:18:07 ET]
Table 'Sponde II' 6-max Seat #5 is the button
Seat 1: michasia ($128.93 in chips) 
Seat 2: ImaPeppaPig ($135.21 in chips) 
Seat 3: Y_19 ($136.42 in chips) 
Seat 4: Unipoker11 ($148.50 in chips) 
Seat 5: reiyser ($101.50 in chips) 
michasia: posts small blind $0.50
ImaPeppaPig: posts big blind $1
*** HOLE CARDS ***
Y_19: folds 
Unipoker11: raises $1.30 to $2.30
reiyser: folds 
michasia: folds 
ImaPeppaPig: calls $1.30
*** FLOP *** [Ah 3d 2d]
ImaPeppaPig: checks 
Unipoker11: checks 
*** TURN *** [Ah 3d 2d] [6s]
ImaPeppaPig: checks 
Unipoker11: checks 
*** RIVER *** [Ah 3d 2d 6s] [5d]
ImaPeppaPig: bets $3.68
Unipoker11: calls $3.68
*** SHOW DOWN ***
ImaPeppaPig: shows [Qd Th] (high card Ace)
Unipoker11: shows [Js As] (a pair of Aces)
Unipoker11 collected $11.84 from pot
*** SUMMARY ***
Total pot $12.46 | Rake $0.62 
Board [Ah 3d 2d 6s 5d]
Seat 1: michasia (small blind) folded before Flop
Seat 2: ImaPeppaPig (big blind) showed [Qd Th] and lost with high card Ace
Seat 3: Y_19 folded before Flop (didn't bet)
Seat 4: Unipoker11 showed [Js As] and won ($11.84) with a pair of Aces
Seat 5: reiyser (button) folded before Flop (didn't bet)



PokerStars Hand #254737632323:  Hold'em No Limit ($0.50/$1.00 USD) - 2025/02/06 19:19:07 WET [2025/02/06 14:19:07 ET]
Table 'Sponde II' 6-max Seat #1 is the button
Seat 3: Y_19 ($136.42 in chips) is sitting out
Seat 1: michasia ($128.43 in chips) 
Seat 2: ImaPeppaPig ($129.23 in chips) 
Seat 4: Unipoker11 ($154.36 in chips) 
Seat 5: reiyser ($101.50 in chips) 
ImaPeppaPig: posts small blind $0.50
Y_19: is sitting out 
Unipoker11: posts big blind $1
*** HOLE CARDS ***
reiyser: raises $1.23 to $2.23
Y_19 leaves the table
michasia: raises $4.46 to $6.69
ImaPeppaPig: folds 
Unipoker11: folds 
reiyser: folds 
Uncalled bet ($4.46) returned to michasia
michasia collected $5.96 from pot
michasia: doesn't show hand 
*** SUMMARY ***
Total pot $5.96 | Rake $0 
Seat 3: Y_19
Seat 1: michasia (button) collected ($5.96)
Seat 2: ImaPeppaPig (small blind) folded before Flop
Seat 4: Unipoker11 (big blind) folded before Flop
Seat 5: reiyser folded before Flop



PokerStars Hand #254737637186:  Hold'em No Limit ($0.50/$1.00 USD) - 2025/02/06 19:19:25 WET [2025/02/06 14:19:25 ET]
Table 'Sponde II' 6-max Seat #2 is the button
Seat 5: reiyser ($100 in chips) is sitting out
Seat 1: michasia ($132.16 in chips) 
Seat 2: ImaPeppaPig ($128.73 in chips) 
Seat 4: Unipoker11 ($153.36 in chips) 
Unipoker11: posts small blind $0.50
reiyser: is sitting out 
michasia: posts big blind $1
*** HOLE CARDS ***
ImaPeppaPig: folds 
reiyser leaves the table
ImaPeppaPig leaves the table
Unipoker11: raises $2 to $3
michasia: folds 
Uncalled bet ($2) returned to Unipoker11
Unipoker11 collected $2 from pot
Unipoker11: doesn't show hand 
*** SUMMARY ***
Total pot $2 | Rake $0 
Seat 5: reiyser
Seat 1: michasia (big blind) folded before Flop
Seat 2: ImaPeppaPig (button) folded before Flop (didn't bet)
Seat 4: Unipoker11 (small blind) collected ($2)



PokerStars Hand #254737641348:  Hold'em No Limit ($0.50/$1.00 USD) - 2025/02/06 19:19:39 WET [2025/02/06 14:19:39 ET]
Table 'Sponde II' 6-max Seat #1 is the button
Seat 1: michasia ($131.16 in chips) 
Seat 4: Unipoker11 ($154.36 in chips) 
michasia: posts small blind $0.50
Unipoker11: posts big blind $1
*** HOLE CARDS ***
michasia: folds 
Uncalled bet ($0.50) returned to Unipoker11
Unipoker11 collected $1 from pot
Unipoker11: doesn't show hand 
*** SUMMARY ***
Total pot $1 | Rake $0 
Seat 1: michasia (button) (small blind) folded before Flop
Seat 4: Unipoker11 (big blind) collected ($1)



PokerStars Hand #254737643461:  Hold'em No Limit ($0.50/$1.00 USD) - 2025/02/06 19:19:47 WET [2025/02/06 14:19:47 ET]
Table 'Sponde II' 6-max Seat #4 is the button
Seat 1: michasia ($130.66 in chips) 
Seat 4: Unipoker11 ($154.86 in chips) 
Unipoker11: posts small blind $0.50
michasia: posts big blind $1
*** HOLE CARDS ***
Unipoker11: raises $1.50 to $2.50
michasia: folds 
Uncalled bet ($1.50) returned to Unipoker11
Unipoker11 collected $2 from pot
Unipoker11: doesn't show hand 
*** SUMMARY ***
Total pot $2 | Rake $0 
Seat 1: michasia (big blind) folded before Flop
Seat 4: Unipoker11 (button) (small blind) collected ($2)



PokerStars Hand #254737647689:  Hold'em No Limit ($0.50/$1.00 USD) - 2025/02/06 19:20:02 WET [2025/02/06 14:20:02 ET]
Table 'Sponde II' 6-max Seat #1 is the button
Seat 1: michasia ($129.66 in chips) 
Seat 4: Unipoker11 ($155.86 in chips) 
michasia: posts small blind $0.50
Unipoker11: posts big blind $1
*** HOLE CARDS ***
michasia: folds 
Uncalled bet ($0.50) returned to Unipoker11
Unipoker11 collected $1 from pot
Unipoker11: doesn't show hand 
*** SUMMARY ***
Total pot $1 | Rake $0 
Seat 1: michasia (button) (small blind) folded before Flop
Seat 4: Unipoker11 (big blind) collected ($1)



PokerStars Hand #254737657976:  Hold'em No Limit ($0.50/$1.00 USD) - 2025/02/06 19:20:39 WET [2025/02/06 14:20:39 ET]
Table 'Sponde II' 6-max Seat #2 is the button
Seat 1: Christianzt1 ($100 in chips) 
Seat 2: BGS013 ($100 in chips) 
Seat 3: Y_19 ($136.42 in chips) 
Seat 4: Unipoker11 ($156.36 in chips) 
Seat 5: BBogdanM123 ($99.09 in chips) 
Seat 6: z00mba ($100 in chips) 
Y_19: posts small blind $0.50
Unipoker11: posts big blind $1
*** HOLE CARDS ***
BBogdanM123: raises $1 to $2
z00mba: folds 
Christianzt1: folds 
BGS013: folds 
Y_19: folds 
Unipoker11: folds 
Uncalled bet ($1) returned to BBogdanM123
BBogdanM123 collected $2.50 from pot
*** SUMMARY ***
Total pot $2.50 | Rake $0 
Seat 1: Christianzt1 folded before Flop (didn't bet)
Seat 2: BGS013 (button) folded before Flop (didn't bet)
Seat 3: Y_19 (small blind) folded before Flop
Seat 4: Unipoker11 (big blind) folded before Flop
Seat 5: BBogdanM123 collected ($2.50)
Seat 6: z00mba folded before Flop (didn't bet)



PokerStars Hand #254737667852:  Hold'em No Limit ($0.50/$1.00 USD) - 2025/02/06 19:21:14 WET [2025/02/06 14:21:14 ET]
Table 'Sponde II' 6-max Seat #3 is the button
Seat 1: Christianzt1 ($100 in chips) 
Seat 2: BGS013 ($100 in chips) 
Seat 3: Y_19 ($135.92 in chips) 
Seat 4: Unipoker11 ($155.36 in chips) 
Seat 5: BBogdanM123 ($100.59 in chips) 
Seat 6: z00mba ($100 in chips) 
Unipoker11: posts small blind $0.50
BBogdanM123: posts big blind $1
*** HOLE CARDS ***
z00mba: raises $1.50 to $2.50
Christianzt1: folds 
BGS013: folds 
Y_19: folds 
Unipoker11: folds 
BBogdanM123: calls $1.50
*** FLOP *** [4d 7h 7d]
BBogdanM123: bets $2.61
z00mba: calls $2.61
*** TURN *** [4d 7h 7d] [6h]
BBogdanM123: bets $5.09
z00mba: folds 
Uncalled bet ($5.09) returned to BBogdanM123
BBogdanM123 collected $10.18 from pot
*** SUMMARY ***
Total pot $10.72 | Rake $0.54 
Board [4d 7h 7d 6h]
Seat 1: Christianzt1 folded before Flop (didn't bet)
Seat 2: BGS013 folded before Flop (didn't bet)
Seat 3: Y_19 (button) folded before Flop (didn't bet)
Seat 4: Unipoker11 (small blind) folded before Flop
Seat 5: BBogdanM123 (big blind) collected ($10.18)
Seat 6: z00mba folded on the Turn



PokerStars Hand #254737680961:  Hold'em No Limit ($0.50/$1.00 USD) - 2025/02/06 19:21:59 WET [2025/02/06 14:21:59 ET]
Table 'Sponde II' 6-max Seat #4 is the button
Seat 1: Christianzt1 ($100 in chips) 
Seat 2: BGS013 ($100 in chips) 
Seat 3: Y_19 ($135.92 in chips) 
Seat 4: Unipoker11 ($154.86 in chips) 
Seat 5: BBogdanM123 ($105.66 in chips) 
Seat 6: z00mba ($100 in chips) 
BBogdanM123: posts small blind $0.50
z00mba: posts big blind $1
*** HOLE CARDS ***
Christianzt1: folds 
BGS013: folds 
Y_19: folds 
Unipoker11: folds 
BBogdanM123: calls $0.50
z00mba: checks 
*** FLOP *** [4s 7h 9s]
BBogdanM123: checks 
z00mba: checks 
*** TURN *** [4s 7h 9s] [6s]
BBogdanM123: bets $1.90
z00mba: folds 
Uncalled bet ($1.90) returned to BBogdanM123
BBogdanM123 collected $1.90 from pot
*** SUMMARY ***
Total pot $2 | Rake $0.10 
Board [4s 7h 9s 6s]
Seat 1: Christianzt1 folded before Flop (didn't bet)
Seat 2: BGS013 folded before Flop (didn't bet)
Seat 3: Y_19 folded before Flop (didn't bet)
Seat 4: Unipoker11 (button) folded before Flop (didn't bet)
Seat 5: BBogdanM123 (small blind) collected ($1.90)
Seat 6: z00mba (big blind) folded on the Turn



PokerStars Hand #254737742614:  Hold'em No Limit ($0.50/$1.00 USD) - 2025/02/06 19:25:36 WET [2025/02/06 14:25:36 ET]
Table 'Sponde II' 6-max Seat #4 is the button
Seat 1: michasia ($129.16 in chips) is sitting out
Seat 2: BGS013 ($101.50 in chips) 
Seat 3: Y_19 ($133.69 in chips) 
Seat 4: Unipoker11 ($160.34 in chips) 
Seat 5: BBogdanM123 ($101.92 in chips) 
Seat 6: z00mba ($100 in chips) 
BBogdanM123: posts small blind $0.50
z00mba: posts big blind $1
michasia: sits out 
*** HOLE CARDS ***
BGS013: folds 
Y_19: folds 
Unipoker11: raises $1.50 to $2.50
BBogdanM123: folds 
z00mba: folds 
Uncalled bet ($1.50) returned to Unipoker11
Unipoker11 collected $2.50 from pot
Unipoker11: doesn't show hand 
*** SUMMARY ***
Total pot $2.50 | Rake $0 
Seat 1: michasia
Seat 2: BGS013 folded before Flop (didn't bet)
Seat 3: Y_19 folded before Flop (didn't bet)
Seat 4: Unipoker11 (button) collected ($2.50)
Seat 5: BBogdanM123 (small blind) folded before Flop
Seat 6: z00mba (big blind) folded before Flop



PokerStars Hand #254737747065:  Hold'em No Limit ($0.50/$1.00 USD) - 2025/02/06 19:25:51 WET [2025/02/06 14:25:51 ET]
Table 'Sponde II' 6-max Seat #5 is the button
Seat 1: michasia ($129.16 in chips) 
Seat 2: BGS013 ($101.50 in chips) 
Seat 3: Y_19 ($133.69 in chips) 
Seat 4: Unipoker11 ($161.84 in chips) 
Seat 5: BBogdanM123 ($101.42 in chips) 
Seat 6: z00mba ($100 in chips) 
z00mba: posts small blind $0.50
michasia: posts big blind $1
*** HOLE CARDS ***
BGS013: folds 
Y_19: folds 
Unipoker11: folds 
BBogdanM123: calls $1
z00mba: calls $0.50
michasia: checks 
*** FLOP *** [Ah 6h 5c]
z00mba: checks 
michasia: checks 
BBogdanM123: checks 
*** TURN *** [Ah 6h 5c] [7d]
z00mba: bets $2
michasia: folds 
BBogdanM123: folds 
Uncalled bet ($2) returned to z00mba
z00mba collected $2.85 from pot
z00mba: doesn't show hand 
*** SUMMARY ***
Total pot $3 | Rake $0.15 
Board [Ah 6h 5c 7d]
Seat 1: michasia (big blind) folded on the Turn
Seat 2: BGS013 folded before Flop (didn't bet)
Seat 3: Y_19 folded before Flop (didn't bet)
Seat 4: Unipoker11 folded before Flop (didn't bet)
Seat 5: BBogdanM123 (button) folded on the Turn
Seat 6: z00mba (small blind) collected ($2.85)



PokerStars Hand #254737757075:  Hold'em No Limit ($0.50/$1.00 USD) - 2025/02/06 19:26:27 WET [2025/02/06 14:26:27 ET]
Table 'Sponde II' 6-max Seat #6 is the button
Seat 1: michasia ($128.16 in chips) 
Seat 2: BGS013 ($101.50 in chips) 
Seat 3: Y_19 ($133.69 in chips) 
Seat 4: Unipoker11 ($161.84 in chips) 
Seat 5: BBogdanM123 ($100.42 in chips) 
Seat 6: z00mba ($101.85 in chips) 
michasia: posts small blind $0.50
BGS013: posts big blind $1
*** HOLE CARDS ***
Y_19: raises $1.23 to $2.23
Unipoker11: calls $2.23
BBogdanM123: calls $2.23
z00mba: calls $2.23
michasia: folds 
BGS013: folds 
*** FLOP *** [8h 8d Qd]
Y_19: checks 
Unipoker11: checks 
BBogdanM123: checks 
z00mba: checks 
*** TURN *** [8h 8d Qd] [5d]
Y_19: checks 
Unipoker11 is disconnected 
Unipoker11 is connected 
Unipoker11: checks 
BBogdanM123: checks 
z00mba: bets $4.85
Y_19: folds 
Unipoker11: folds 
BBogdanM123: folds 
Uncalled bet ($4.85) returned to z00mba
z00mba collected $9.90 from pot
z00mba: doesn't show hand 
*** SUMMARY ***
Total pot $10.42 | Rake $0.52 
Board [8h 8d Qd 5d]
Seat 1: michasia (small blind) folded before Flop
Seat 2: BGS013 (big blind) folded before Flop
Seat 3: Y_19 folded on the Turn
Seat 4: Unipoker11 folded on the Turn
Seat 5: BBogdanM123 folded on the Turn
Seat 6: z00mba (button) collected ($9.90)



PokerStars Hand #254737784360:  Hold'em No Limit ($0.50/$1.00 USD) - 2025/02/06 19:28:03 WET [2025/02/06 14:28:03 ET]
Table 'Sponde II' 6-max Seat #1 is the button
Seat 1: michasia ($127.66 in chips) 
Seat 2: BGS013 ($100.50 in chips) 
Seat 3: Y_19 ($131.46 in chips) 
Seat 4: Unipoker11 ($159.61 in chips) 
Seat 5: BBogdanM123 ($98.19 in chips) 
Seat 6: z00mba ($109.52 in chips) 
BGS013: posts small blind $0.50
Y_19: posts big blind $1
*** HOLE CARDS ***
Unipoker11: folds 
BBogdanM123: folds 
z00mba: raises $1.50 to $2.50
michasia: folds 
BGS013: folds 
Y_19: calls $1.50
*** FLOP *** [Th 6d Jd]
Y_19: checks 
z00mba: checks 
*** TURN *** [Th 6d Jd] [Qd]
Y_19: checks 
z00mba: checks 
*** RIVER *** [Th 6d Jd Qd] [Kh]
Y_19: checks 
z00mba: bets $1.50
Y_19: folds 
Uncalled bet ($1.50) returned to z00mba
z00mba collected $5.22 from pot
z00mba: doesn't show hand 
*** SUMMARY ***
Total pot $5.50 | Rake $0.28 
Board [Th 6d Jd Qd Kh]
Seat 1: michasia (button) folded before Flop (didn't bet)
Seat 2: BGS013 (small blind) folded before Flop
Seat 3: Y_19 (big blind) folded on the River
Seat 4: Unipoker11 folded before Flop (didn't bet)
Seat 5: BBogdanM123 folded before Flop (didn't bet)
Seat 6: z00mba collected ($5.22)



PokerStars Hand #254737797241:  Hold'em No Limit ($0.50/$1.00 USD) - 2025/02/06 19:28:49 WET [2025/02/06 14:28:49 ET]
Table 'Sponde II' 6-max Seat #2 is the button
Seat 1: michasia ($127.66 in chips) 
Seat 2: BGS013 ($100 in chips) 
Seat 3: Y_19 ($128.96 in chips) 
Seat 4: Unipoker11 ($159.61 in chips) 
Seat 5: BBogdanM123 ($98.19 in chips) 
Seat 6: z00mba ($112.24 in chips) 
Y_19: posts small blind $0.50
Unipoker11: posts big blind $1
*** HOLE CARDS ***
BBogdanM123: folds 
z00mba: folds 
michasia: raises $1.80 to $2.80
BGS013: folds 
Y_19: raises $8.70 to $11.50
Unipoker11: folds 
michasia: calls $8.70
*** FLOP *** [Qs Td Ks]
Y_19: bets $7.52
michasia: folds 
Uncalled bet ($7.52) returned to Y_19
Y_19 collected $22.80 from pot
Y_19: doesn't show hand 
*** SUMMARY ***
Total pot $24 | Rake $1.20 
Board [Qs Td Ks]
Seat 1: michasia folded on the Flop
Seat 2: BGS013 (button) folded before Flop (didn't bet)
Seat 3: Y_19 (small blind) collected ($22.80)
Seat 4: Unipoker11 (big blind) folded before Flop
Seat 5: BBogdanM123 folded before Flop (didn't bet)
Seat 6: z00mba folded before Flop (didn't bet)



PokerStars Hand #254737818840:  Hold'em No Limit ($0.50/$1.00 USD) - 2025/02/06 19:30:05 WET [2025/02/06 14:30:05 ET]
Table 'Sponde II' 6-max Seat #3 is the button
Seat 1: michasia ($116.16 in chips) 
Seat 2: BGS013 ($100 in chips) 
Seat 3: Y_19 ($140.26 in chips) 
Seat 4: Unipoker11 ($158.61 in chips) 
Seat 5: BBogdanM123 ($98.19 in chips) 
Seat 6: z00mba ($112.24 in chips) 
Unipoker11: posts small blind $0.50
BBogdanM123: posts big blind $1
*** HOLE CARDS ***
z00mba: folds 
michasia: raises $1.60 to $2.60
BGS013: folds 
Y_19: folds 
Unipoker11: folds 
BBogdanM123: folds 
Uncalled bet ($1.60) returned to michasia
michasia collected $2.50 from pot
michasia: doesn't show hand 
*** SUMMARY ***
Total pot $2.50 | Rake $0 
Seat 1: michasia collected ($2.50)
Seat 2: BGS013 folded before Flop (didn't bet)
Seat 3: Y_19 (button) folded before Flop (didn't bet)
Seat 4: Unipoker11 (small blind) folded before Flop
Seat 5: BBogdanM123 (big blind) folded before Flop
Seat 6: z00mba folded before Flop (didn't bet)



PokerStars Hand #254737823564:  Hold'em No Limit ($0.50/$1.00 USD) - 2025/02/06 19:30:22 WET [2025/02/06 14:30:22 ET]
Table 'Sponde II' 6-max Seat #4 is the button
Seat 1: michasia ($117.66 in chips) 
Seat 2: BGS013 ($100 in chips) 
Seat 3: Y_19 ($140.26 in chips) 
Seat 4: Unipoker11 ($158.11 in chips) 
Seat 5: BBogdanM123 ($97.19 in chips) 
Seat 6: z00mba ($112.24 in chips) 
BBogdanM123: posts small blind $0.50
z00mba: posts big blind $1
*** HOLE CARDS ***
michasia: folds 
BGS013: folds 
Y_19: folds 
Unipoker11: folds 
BBogdanM123: calls $0.50
z00mba: raises $3 to $4
BBogdanM123: folds 
Uncalled bet ($3) returned to z00mba
z00mba collected $2 from pot
z00mba: doesn't show hand 
*** SUMMARY ***
Total pot $2 | Rake $0 
Seat 1: michasia folded before Flop (didn't bet)
Seat 2: BGS013 folded before Flop (didn't bet)
Seat 3: Y_19 folded before Flop (didn't bet)
Seat 4: Unipoker11 (button) folded before Flop (didn't bet)
Seat 5: BBogdanM123 (small blind) folded before Flop
Seat 6: z00mba (big blind) collected ($2)



PokerStars Hand #254737827849:  Hold'em No Limit ($0.50/$1.00 USD) - 2025/02/06 19:30:37 WET [2025/02/06 14:30:37 ET]
Table 'Sponde II' 6-max Seat #5 is the button
Seat 1: michasia ($117.66 in chips) 
Seat 2: BGS013 ($100 in chips) 
Seat 3: Y_19 ($140.26 in chips) 
Seat 4: Unipoker11 ($158.11 in chips) 
Seat 5: BBogdanM123 ($96.19 in chips) 
Seat 6: z00mba ($113.24 in chips) 
z00mba: posts small blind $0.50
michasia: posts big blind $1
*** HOLE CARDS ***
BGS013: folds 
Y_19: folds 
Unipoker11: folds 
BBogdanM123: folds 
z00mba: folds 
Uncalled bet ($0.50) returned to michasia
michasia collected $1 from pot
michasia: doesn't show hand 
*** SUMMARY ***
Total pot $1 | Rake $0 
Seat 1: michasia (big blind) collected ($1)
Seat 2: BGS013 folded before Flop (didn't bet)
Seat 3: Y_19 folded before Flop (didn't bet)
Seat 4: Unipoker11 folded before Flop (didn't bet)
Seat 5: BBogdanM123 (button) folded before Flop (didn't bet)
Seat 6: z00mba (small blind) folded before Flop



PokerStars Hand #254737832786:  Hold'em No Limit ($0.50/$1.00 USD) - 2025/02/06 19:30:54 WET [2025/02/06 14:30:54 ET]
Table 'Sponde II' 6-max Seat #6 is the button
Seat 1: michasia ($118.16 in chips) 
Seat 2: BGS013 ($100 in chips) 
Seat 3: Y_19 ($140.26 in chips) 
Seat 4: Unipoker11 ($158.11 in chips) 
Seat 5: BBogdanM123 ($96.19 in chips) 
Seat 6: z00mba ($112.74 in chips) 
michasia: posts small blind $0.50
BGS013: posts big blind $1
*** HOLE CARDS ***
Y_19: folds 
Unipoker11: folds 
BBogdanM123: calls $1
z00mba: folds 
michasia: raises $4 to $5
BGS013: folds 
BBogdanM123: calls $4
*** FLOP *** [4c 7c 3c]
michasia: bets $3.45
BBogdanM123: calls $3.45
*** TURN *** [4c 7c 3c] [7s]
michasia: checks 
BBogdanM123: bets $8.50
michasia: calls $8.50
*** RIVER *** [4c 7c 3c 7s] [8d]
michasia: checks 
BBogdanM123: checks 
*** SHOW DOWN ***
michasia: shows [Kh Kd] (two pair, Kings and Sevens)
BBogdanM123: mucks hand 
michasia collected $33.16 from pot
*** SUMMARY ***
Total pot $34.90 | Rake $1.74 
Board [4c 7c 3c 7s 8d]
Seat 1: michasia (small blind) showed [Kh Kd] and won ($33.16) with two pair, Kings and Sevens
Seat 2: BGS013 (big blind) folded before Flop
Seat 3: Y_19 folded before Flop (didn't bet)
Seat 4: Unipoker11 folded before Flop (didn't bet)
Seat 5: BBogdanM123 mucked
Seat 6: z00mba (button) folded before Flop (didn't bet)



PokerStars Hand #254737848365:  Hold'em No Limit ($0.50/$1.00 USD) - 2025/02/06 19:31:49 WET [2025/02/06 14:31:49 ET]
Table 'Sponde II' 6-max Seat #1 is the button
Seat 1: michasia ($134.37 in chips) 
Seat 2: BGS013 ($100 in chips) 
Seat 3: Y_19 ($140.26 in chips) 
Seat 4: Unipoker11 ($158.11 in chips) 
Seat 5: BBogdanM123 ($79.24 in chips) 
Seat 6: z00mba ($112.74 in chips) 
BGS013: posts small blind $0.50
Y_19: posts big blind $1
*** HOLE CARDS ***
Unipoker11: folds 
BBogdanM123: folds 
z00mba: folds 
michasia: raises $1.80 to $2.80
BGS013: folds 
Y_19: folds 
Uncalled bet ($1.80) returned to michasia
michasia collected $2.50 from pot
michasia: doesn't show hand 
*** SUMMARY ***
Total pot $2.50 | Rake $0 
Seat 1: michasia (button) collected ($2.50)
Seat 2: BGS013 (small blind) folded before Flop
Seat 3: Y_19 (big blind) folded before Flop
Seat 4: Unipoker11 folded before Flop (didn't bet)
Seat 5: BBogdanM123 folded before Flop (didn't bet)
Seat 6: z00mba folded before Flop (didn't bet)



PokerStars Hand #254737854857:  Hold'em No Limit ($0.50/$1.00 USD) - 2025/02/06 19:32:11 WET [2025/02/06 14:32:11 ET]
Table 'Sponde II' 6-max Seat #2 is the button
Seat 1: michasia ($135.87 in chips) 
Seat 2: BGS013 ($100 in chips) 
Seat 3: Y_19 ($139.26 in chips) 
Seat 4: Unipoker11 ($158.11 in chips) 
Seat 5: BBogdanM123 ($79.24 in chips) 
Seat 6: z00mba ($112.74 in chips) 
Y_19: posts small blind $0.50
Unipoker11: posts big blind $1
*** HOLE CARDS ***
BBogdanM123: folds 
z00mba: folds 
michasia: folds 
BGS013: raises $1.50 to $2.50
Y_19: folds 
Unipoker11: folds 
Uncalled bet ($1.50) returned to BGS013
BGS013 collected $2.50 from pot
BGS013: doesn't show hand 
*** SUMMARY ***
Total pot $2.50 | Rake $0 
Seat 1: michasia folded before Flop (didn't bet)
Seat 2: BGS013 (button) collected ($2.50)
Seat 3: Y_19 (small blind) folded before Flop
Seat 4: Unipoker11 (big blind) folded before Flop
Seat 5: BBogdanM123 folded before Flop (didn't bet)
Seat 6: z00mba folded before Flop (didn't bet)



PokerStars Hand #254737864332:  Hold'em No Limit ($0.50/$1.00 USD) - 2025/02/06 19:32:44 WET [2025/02/06 14:32:44 ET]
Table 'Sponde II' 6-max Seat #3 is the button
Seat 1: michasia ($135.87 in chips) 
Seat 2: BGS013 ($101.50 in chips) 
Seat 3: Y_19 ($138.76 in chips) 
Seat 4: Unipoker11 ($157.11 in chips) 
Seat 5: BBogdanM123 ($79.24 in chips) 
Seat 6: z00mba ($112.74 in chips) 
Unipoker11: posts small blind $0.50
BBogdanM123: posts big blind $1
*** HOLE CARDS ***
z00mba: folds 
michasia: folds 
BGS013: folds 
Y_19: raises $1.23 to $2.23
Unipoker11: folds 
BBogdanM123: calls $1.23
*** FLOP *** [4c 2d 7c]
BBogdanM123: checks 
Y_19: bets $1.55
BBogdanM123: folds 
Uncalled bet ($1.55) returned to Y_19
Y_19 collected $4.71 from pot
Y_19: doesn't show hand 
*** SUMMARY ***
Total pot $4.96 | Rake $0.25 
Board [4c 2d 7c]
Seat 1: michasia folded before Flop (didn't bet)
Seat 2: BGS013 folded before Flop (didn't bet)
Seat 3: Y_19 (button) collected ($4.71)
Seat 4: Unipoker11 (small blind) folded before Flop
Seat 5: BBogdanM123 (big blind) folded on the Flop
Seat 6: z00mba folded before Flop (didn't bet)



PokerStars Hand #254737873602:  Hold'em No Limit ($0.50/$1.00 USD) - 2025/02/06 19:33:16 WET [2025/02/06 14:33:16 ET]
Table 'Sponde II' 6-max Seat #4 is the button
Seat 1: michasia ($135.87 in chips) 
Seat 2: BGS013 ($101.50 in chips) 
Seat 3: Y_19 ($141.24 in chips) 
Seat 4: Unipoker11 ($156.61 in chips) 
Seat 5: BBogdanM123 ($77.01 in chips) 
Seat 6: z00mba ($112.74 in chips) 
BBogdanM123: posts small blind $0.50
z00mba: posts big blind $1
*** HOLE CARDS ***
michasia: folds 
BGS013: folds 
Y_19: folds 
Unipoker11: raises $1.50 to $2.50
BBogdanM123: calls $2
z00mba: folds 
*** FLOP *** [Kd Ts 7c]
BBogdanM123: bets $2.85
Unipoker11: calls $2.85
*** TURN *** [Kd Ts 7c] [2d]
BBogdanM123: bets $4
Unipoker11: folds 
Uncalled bet ($4) returned to BBogdanM123
BBogdanM123 collected $11.12 from pot
*** SUMMARY ***
Total pot $11.70 | Rake $0.58 
Board [Kd Ts 7c 2d]
Seat 1: michasia folded before Flop (didn't bet)
Seat 2: BGS013 folded before Flop (didn't bet)
Seat 3: Y_19 folded before Flop (didn't bet)
Seat 4: Unipoker11 (button) folded on the Turn
Seat 5: BBogdanM123 (small blind) collected ($11.12)
Seat 6: z00mba (big blind) folded before Flop



PokerStars Hand #254737895570:  Hold'em No Limit ($0.50/$1.00 USD) - 2025/02/06 19:34:33 WET [2025/02/06 14:34:33 ET]
Table 'Sponde II' 6-max Seat #5 is the button
Seat 1: michasia ($135.87 in chips) 
Seat 2: BGS013 ($101.50 in chips) 
Seat 3: Y_19 ($141.24 in chips) 
Seat 4: Unipoker11 ($151.26 in chips) 
Seat 5: BBogdanM123 ($82.78 in chips) 
Seat 6: z00mba ($111.74 in chips) 
z00mba: posts small blind $0.50
michasia: posts big blind $1
*** HOLE CARDS ***
BGS013: folds 
Y_19: raises $1.23 to $2.23
Unipoker11: calls $2.23
BBogdanM123: calls $2.23
z00mba: folds 
michasia: folds 
*** FLOP *** [Js 4s 7s]
Y_19: checks 
Unipoker11: checks 
BBogdanM123: checks 
*** TURN *** [Js 4s 7s] [5s]
Y_19: bets $2.57
Unipoker11: calls $2.57
BBogdanM123: folds 
*** RIVER *** [Js 4s 7s 5s] [4c]
Y_19: bets $9.50
Unipoker11: calls $9.50
*** SHOW DOWN ***
Y_19: shows [5d 5h] (a full house, Fives full of Fours)
Unipoker11: mucks hand 
Y_19 collected $30.71 from pot
*** SUMMARY ***
Total pot $32.33 | Rake $1.62 
Board [Js 4s 7s 5s 4c]
Seat 1: michasia (big blind) folded before Flop
Seat 2: BGS013 folded before Flop (didn't bet)
Seat 3: Y_19 showed [5d 5h] and won ($30.71) with a full house, Fives full of Fours
Seat 4: Unipoker11 mucked
Seat 5: BBogdanM123 (button) folded on the Turn
Seat 6: z00mba (small blind) folded before Flop



PokerStars Hand #254737916097:  Hold'em No Limit ($0.50/$1.00 USD) - 2025/02/06 19:35:44 WET [2025/02/06 14:35:44 ET]
Table 'Sponde II' 6-max Seat #6 is the button
Seat 1: michasia ($134.87 in chips) 
Seat 2: BGS013 ($101.50 in chips) 
Seat 3: Y_19 ($157.65 in chips) 
Seat 4: Unipoker11 ($136.96 in chips) 
Seat 5: BBogdanM123 ($80.55 in chips) 
Seat 6: z00mba ($111.24 in chips) 
michasia: posts small blind $0.50
BGS013: posts big blind $1
*** HOLE CARDS ***
Y_19: folds 
Unipoker11: folds 
BBogdanM123: folds 
z00mba: folds 
michasia: raises $2 to $3
BGS013: calls $2
*** FLOP *** [3s Ks 8d]
michasia: bets $1.88
BGS013: calls $1.88
*** TURN *** [3s Ks 8d] [Ah]
michasia: checks 
BGS013: checks 
*** RIVER *** [3s Ks 8d Ah] [3d]
michasia: checks 
BGS013: bets $6
michasia: calls $6
*** SHOW DOWN ***
BGS013: shows [Qh Kc] (two pair, Kings and Threes)
michasia: shows [Ts Kh] (two pair, Kings and Threes)
michasia collected $10.34 from pot
BGS013 collected $10.33 from pot
*** SUMMARY ***
Total pot $21.76 | Rake $1.09 
Board [3s Ks 8d Ah 3d]
Seat 1: michasia (small blind) showed [Ts Kh] and won ($10.34) with two pair, Kings and Threes
Seat 2: BGS013 (big blind) showed [Qh Kc] and won ($10.33) with two pair, Kings and Threes
Seat 3: Y_19 folded before Flop (didn't bet)
Seat 4: Unipoker11 folded before Flop (didn't bet)
Seat 5: BBogdanM123 folded before Flop (didn't bet)
Seat 6: z00mba (button) folded before Flop (didn't bet)



PokerStars Hand #254737928143:  Hold'em No Limit ($0.50/$1.00 USD) - 2025/02/06 19:36:26 WET [2025/02/06 14:36:26 ET]
Table 'Sponde II' 6-max Seat #1 is the button
Seat 1: michasia ($134.33 in chips) 
Seat 2: BGS013 ($100.95 in chips) 
Seat 3: Y_19 ($157.65 in chips) 
Seat 4: Unipoker11 ($136.96 in chips) 
Seat 5: BBogdanM123 ($80.55 in chips) 
Seat 6: z00mba ($111.24 in chips) 
BGS013: posts small blind $0.50
Y_19: posts big blind $1
*** HOLE CARDS ***
Unipoker11: raises $1 to $2
BBogdanM123: folds 
z00mba: folds 
michasia: folds 
BGS013: folds 
Y_19: folds 
Uncalled bet ($1) returned to Unipoker11
Unipoker11 collected $2.50 from pot
Unipoker11: doesn't show hand 
*** SUMMARY ***
Total pot $2.50 | Rake $0 
Seat 1: michasia (button) folded before Flop (didn't bet)
Seat 2: BGS013 (small blind) folded before Flop
Seat 3: Y_19 (big blind) folded before Flop
Seat 4: Unipoker11 collected ($2.50)
Seat 5: BBogdanM123 folded before Flop (didn't bet)
Seat 6: z00mba folded before Flop (didn't bet)



PokerStars Hand #254737933022:  Hold'em No Limit ($0.50/$1.00 USD) - 2025/02/06 19:36:43 WET [2025/02/06 14:36:43 ET]
Table 'Sponde II' 6-max Seat #2 is the button
Seat 1: michasia ($134.33 in chips) 
Seat 2: BGS013 ($100.45 in chips) 
Seat 3: Y_19 ($156.65 in chips) 
Seat 4: Unipoker11 ($138.46 in chips) 
Seat 5: BBogdanM123 ($80.55 in chips) 
Seat 6: z00mba ($111.24 in chips) 
Y_19: posts small blind $0.50
Unipoker11: posts big blind $1
*** HOLE CARDS ***
BBogdanM123: raises $2 to $3
z00mba: folds 
michasia: raises $6 to $9
BGS013: folds 
Y_19: folds 
Unipoker11: folds 
BBogdanM123: folds 
Uncalled bet ($6) returned to michasia
michasia collected $7.50 from pot
michasia: doesn't show hand 
*** SUMMARY ***
Total pot $7.50 | Rake $0 
Seat 1: michasia collected ($7.50)
Seat 2: BGS013 (button) folded before Flop (didn't bet)
Seat 3: Y_19 (small blind) folded before Flop
Seat 4: Unipoker11 (big blind) folded before Flop
Seat 5: BBogdanM123 folded before Flop
Seat 6: z00mba folded before Flop (didn't bet)



PokerStars Hand #254737941262:  Hold'em No Limit ($0.50/$1.00 USD) - 2025/02/06 19:37:12 WET [2025/02/06 14:37:12 ET]
Table 'Sponde II' 6-max Seat #3 is the button
Seat 1: michasia ($138.83 in chips) 
Seat 2: BGS013 ($100.45 in chips) 
Seat 3: Y_19 ($156.15 in chips) 
Seat 4: Unipoker11 ($137.46 in chips) 
Seat 5: BBogdanM123 ($77.55 in chips) 
Seat 6: z00mba ($111.24 in chips) 
Unipoker11: posts small blind $0.50
BBogdanM123: posts big blind $1
*** HOLE CARDS ***
z00mba: folds 
michasia: raises $1.60 to $2.60
BGS013: folds 
Y_19: folds 
Unipoker11: folds 
BBogdanM123: calls $1.60
*** FLOP *** [6h 2d 4c]
BBogdanM123: checks 
michasia: bets $1.79
BBogdanM123: calls $1.79
*** TURN *** [6h 2d 4c] [Ts]
BBogdanM123: bets $8.82
michasia: folds 
Uncalled bet ($8.82) returned to BBogdanM123
BBogdanM123 collected $8.82 from pot
*** SUMMARY ***
Total pot $9.28 | Rake $0.46 
Board [6h 2d 4c Ts]
Seat 1: michasia folded on the Turn
Seat 2: BGS013 folded before Flop (didn't bet)
Seat 3: Y_19 (button) folded before Flop (didn't bet)
Seat 4: Unipoker11 (small blind) folded before Flop
Seat 5: BBogdanM123 (big blind) collected ($8.82)
Seat 6: z00mba folded before Flop (didn't bet)



PokerStars Hand #254737954518:  Hold'em No Limit ($0.50/$1.00 USD) - 2025/02/06 19:37:58 WET [2025/02/06 14:37:58 ET]
Table 'Sponde II' 6-max Seat #4 is the button
Seat 1: michasia ($134.44 in chips) 
Seat 2: BGS013 ($100.45 in chips) 
Seat 3: Y_19 ($156.15 in chips) 
Seat 4: Unipoker11 ($136.96 in chips) 
Seat 5: BBogdanM123 ($81.98 in chips) 
Seat 6: z00mba ($111.24 in chips) 
BBogdanM123: posts small blind $0.50
z00mba: posts big blind $1
*** HOLE CARDS ***
michasia: folds 
BGS013: folds 
Y_19: folds 
Unipoker11: raises $1.50 to $2.50
BBogdanM123: folds 
z00mba: folds 
Uncalled bet ($1.50) returned to Unipoker11
Unipoker11 collected $2.50 from pot
Unipoker11: doesn't show hand 
*** SUMMARY ***
Total pot $2.50 | Rake $0 
Seat 1: michasia folded before Flop (didn't bet)
Seat 2: BGS013 folded before Flop (didn't bet)
Seat 3: Y_19 folded before Flop (didn't bet)
Seat 4: Unipoker11 (button) collected ($2.50)
Seat 5: BBogdanM123 (small blind) folded before Flop
Seat 6: z00mba (big blind) folded before Flop



PokerStars Hand #254737960941:  Hold'em No Limit ($0.50/$1.00 USD) - 2025/02/06 19:38:20 WET [2025/02/06 14:38:20 ET]
Table 'Sponde II' 6-max Seat #5 is the button
Seat 1: michasia ($134.44 in chips) 
Seat 2: BGS013 ($100.45 in chips) 
Seat 3: Y_19 ($156.15 in chips) 
Seat 4: Unipoker11 ($138.46 in chips) 
Seat 5: BBogdanM123 ($81.48 in chips) 
Seat 6: z00mba ($110.24 in chips) 
z00mba: posts small blind $0.50
michasia: posts big blind $1
*** HOLE CARDS ***
BGS013: folds 
Y_19: folds 
Unipoker11: raises $1.30 to $2.30
BBogdanM123: calls $2.30
z00mba: folds 
michasia: folds 
*** FLOP *** [8h As Ad]
Unipoker11: checks 
BBogdanM123: checks 
*** TURN *** [8h As Ad] [8d]
Unipoker11: checks 
BBogdanM123: checks 
*** RIVER *** [8h As Ad 8d] [8c]
Unipoker11: checks 
BBogdanM123: checks 
*** SHOW DOWN ***
Unipoker11: shows [Qh Ts] (a full house, Eights full of Aces)
BBogdanM123: shows [Jc 9c] (a full house, Eights full of Aces)
Unipoker11 collected $2.90 from pot
BBogdanM123 collected $2.90 from pot
*** SUMMARY ***
Total pot $6.10 | Rake $0.30 
Board [8h As Ad 8d 8c]
Seat 1: michasia (big blind) folded before Flop
Seat 2: BGS013 folded before Flop (didn't bet)
Seat 3: Y_19 folded before Flop (didn't bet)
Seat 4: Unipoker11 showed [Qh Ts] and won ($2.90) with a full house, Eights full of Aces
Seat 5: BBogdanM123 (button) showed [Jc 9c] and won ($2.90) with a full house, Eights full of Aces
Seat 6: z00mba (small blind) folded before Flop



PokerStars Hand #254737972870:  Hold'em No Limit ($0.50/$1.00 USD) - 2025/02/06 19:39:01 WET [2025/02/06 14:39:01 ET]
Table 'Sponde II' 6-max Seat #6 is the button
Seat 1: michasia ($133.44 in chips) 
Seat 2: BGS013 ($100.45 in chips) 
Seat 3: Y_19 ($156.15 in chips) 
Seat 4: Unipoker11 ($139.06 in chips) 
Seat 5: BBogdanM123 ($82.08 in chips) 
Seat 6: z00mba ($109.74 in chips) 
michasia: posts small blind $0.50
BGS013: posts big blind $1
*** HOLE CARDS ***
Y_19: raises $1.23 to $2.23
Unipoker11: folds 
BBogdanM123: folds 
z00mba: folds 
michasia: raises $8.77 to $11
BGS013: folds 
Y_19: folds 
Uncalled bet ($8.77) returned to michasia
michasia collected $5.46 from pot
michasia: doesn't show hand 
*** SUMMARY ***
Total pot $5.46 | Rake $0 
Seat 1: michasia (small blind) collected ($5.46)
Seat 2: BGS013 (big blind) folded before Flop
Seat 3: Y_19 folded before Flop
Seat 4: Unipoker11 folded before Flop (didn't bet)
Seat 5: BBogdanM123 folded before Flop (didn't bet)
Seat 6: z00mba (button) folded before Flop (didn't bet)



PokerStars Hand #254737983466:  Hold'em No Limit ($0.50/$1.00 USD) - 2025/02/06 19:39:38 WET [2025/02/06 14:39:38 ET]
Table 'Sponde II' 6-max Seat #1 is the button
Seat 1: michasia ($136.67 in chips) 
Seat 2: BGS013 ($100 in chips) 
Seat 3: Y_19 ($153.92 in chips) 
Seat 4: Unipoker11 ($139.06 in chips) 
Seat 5: BBogdanM123 ($82.08 in chips) 
Seat 6: z00mba ($109.74 in chips) 
BGS013: posts small blind $0.50
Y_19: posts big blind $1
*** HOLE CARDS ***
Unipoker11: folds 
BBogdanM123: raises $2 to $3
z00mba: raises $6 to $9
michasia: folds 
BGS013: folds 
Y_19: folds 
BBogdanM123: calls $6
*** FLOP *** [Qc Ad Ks]
BBogdanM123: bets $9.26
z00mba: calls $9.26
*** TURN *** [Qc Ad Ks] [9s]
BBogdanM123: bets $18.06
z00mba: calls $18.06
*** RIVER *** [Qc Ad Ks 9s] [5h]
BBogdanM123: bets $45.76 and is all-in
z00mba: calls $45.76
*** SHOW DOWN ***
BBogdanM123: shows [Kh Jd] (a pair of Kings)
z00mba: shows [Jc Tc] (a straight, Ten to Ace)
z00mba collected $163.16 from pot
*** SUMMARY ***
Total pot $165.66 | Rake $2.50 
Board [Qc Ad Ks 9s 5h]
Seat 1: michasia (button) folded before Flop (didn't bet)
Seat 2: BGS013 (small blind) folded before Flop
Seat 3: Y_19 (big blind) folded before Flop
Seat 4: Unipoker11 folded before Flop (didn't bet)
Seat 5: BBogdanM123 showed [Kh Jd] and lost with a pair of Kings
Seat 6: z00mba showed [Jc Tc] and won ($163.16) with a straight, Ten to Ace



PokerStars Hand #254738006131:  Hold'em No Limit ($0.50/$1.00 USD) - 2025/02/06 19:40:56 WET [2025/02/06 14:40:56 ET]
Table 'Sponde II' 6-max Seat #2 is the button
Seat 5: BBogdanM123 ($0 in chips) is sitting out
Seat 1: michasia ($136.67 in chips) 
Seat 2: BGS013 ($100 in chips) 
Seat 3: Y_19 ($152.92 in chips) 
Seat 4: Unipoker11 ($139.06 in chips) 
Seat 6: z00mba ($190.82 in chips) 
Y_19: posts small blind $0.50
Unipoker11: posts big blind $1
*** HOLE CARDS ***
z00mba: folds 
michasia: folds 
BGS013: raises $1.50 to $2.50
Y_19: folds 
Unipoker11: raises $11 to $13.50
BGS013: calls $11
*** FLOP *** [2d 4d Ts]
BBogdanM123 leaves the table
Unipoker11: checks 
laloo246 joins the table at seat #5 
laloo246 leaves the table
michasia leaves the table
BGS013: checks 
*** TURN *** [2d 4d Ts] [Kc]
coeeeelho joins the table at seat #5 
Unipoker11: bets $19.59
BGS013: folds 
Uncalled bet ($19.59) returned to Unipoker11
Unipoker11 collected $26.12 from pot
Unipoker11: doesn't show hand 
*** SUMMARY ***
Total pot $27.50 | Rake $1.38 
Board [2d 4d Ts Kc]
Seat 5: BBogdanM123
Seat 1: michasia folded before Flop (didn't bet)
Seat 2: BGS013 (button) folded on the Turn
Seat 3: Y_19 (small blind) folded before Flop
Seat 4: Unipoker11 (big blind) collected ($26.12)
Seat 6: z00mba folded before Flop (didn't bet)



PokerStars Hand #254738032476:  Hold'em No Limit ($0.50/$1.00 USD) - 2025/02/06 19:42:28 WET [2025/02/06 14:42:28 ET]
Table 'Sponde II' 6-max Seat #3 is the button
Seat 2: BGS013 ($100 in chips) 
Seat 3: Y_19 ($152.42 in chips) 
Seat 4: Unipoker11 ($151.68 in chips) 
Seat 5: coeeeelho ($100 in chips) 
Seat 6: z00mba ($190.82 in chips) 
Unipoker11: posts small blind $0.50
coeeeelho: posts big blind $1
*** HOLE CARDS ***
Iseedora joins the table at seat #1 
z00mba: folds 
BGS013: folds 
Y_19: raises $1.23 to $2.23
z00mba leaves the table
Unipoker11: folds 
coeeeelho: calls $1.23
*** FLOP *** [Qh 2d 7h]
coeeeelho: checks 
Y_19: bets $1.55
coeeeelho: raises $3.45 to $5
Y_19: calls $3.45
*** TURN *** [Qh 2d 7h] [Kd]
coeeeelho: checks 
Y_19: checks 
*** RIVER *** [Qh 2d 7h Kd] [4s]
coeeeelho: bets $21
Y_19: folds 
Uncalled bet ($21) returned to coeeeelho
coeeeelho collected $14.21 from pot
*** SUMMARY ***
Total pot $14.96 | Rake $0.75 
Board [Qh 2d 7h Kd 4s]
Seat 2: BGS013 folded before Flop (didn't bet)
Seat 3: Y_19 (button) folded on the River
Seat 4: Unipoker11 (small blind) folded before Flop
Seat 5: coeeeelho (big blind) collected ($14.21)
Seat 6: z00mba folded before Flop (didn't bet)



PokerStars Hand #254738067332:  Hold'em No Limit ($0.50/$1.00 USD) - 2025/02/06 19:44:27 WET [2025/02/06 14:44:27 ET]
Table 'Sponde II' 6-max Seat #4 is the button
Seat 1: Iseedora ($110.55 in chips) 
Seat 2: BGS013 ($100 in chips) 
Seat 3: Y_19 ($145.19 in chips) 
Seat 4: Unipoker11 ($151.18 in chips) 
Seat 5: coeeeelho ($106.98 in chips) 
coeeeelho: posts small blind $0.50
Iseedora: posts big blind $1
*** HOLE CARDS ***
BGS013: folds 
Y_19: raises $1.23 to $2.23
BGS013 leaves the table
Unipoker11: folds 
coeeeelho: raises $8.99 to $11.22
Iseedora: folds 
Y_19: folds 
Uncalled bet ($8.99) returned to coeeeelho
coeeeelho collected $5.46 from pot
*** SUMMARY ***
Total pot $5.46 | Rake $0 
Seat 1: Iseedora (big blind) folded before Flop
Seat 2: BGS013 folded before Flop (didn't bet)
Seat 3: Y_19 folded before Flop
Seat 4: Unipoker11 (button) folded before Flop (didn't bet)
Seat 5: coeeeelho (small blind) collected ($5.46)



PokerStars Hand #254738074768:  Hold'em No Limit ($0.50/$1.00 USD) - 2025/02/06 19:44:52 WET [2025/02/06 14:44:52 ET]
Table 'Sponde II' 6-max Seat #1 is the button
Seat 1: Iseedora ($109.55 in chips) 
Seat 3: Y_19 ($142.96 in chips) 
Seat 4: Unipoker11 ($151.18 in chips) 
Y_19: posts small blind $0.50
Unipoker11: posts big blind $1
*** HOLE CARDS ***
Iseedora: folds 
Y_19: folds 
Uncalled bet ($0.50) returned to Unipoker11
Unipoker11 collected $1 from pot
Unipoker11: doesn't show hand 
*** SUMMARY ***
Total pot $1 | Rake $0 
Seat 1: Iseedora (button) folded before Flop (didn't bet)
Seat 3: Y_19 (small blind) folded before Flop
Seat 4: Unipoker11 (big blind) collected ($1)



PokerStars Hand #254741894306:  Hold'em No Limit ($0.50/$1.00 USD) - 2025/02/06 23:29:45 WET [2025/02/06 18:29:45 ET]
Table 'Sponde II' 6-max Seat #6 is the button
Seat 1: YeeesMan ($100 in chips) 
Seat 2: blackclan7 ($100 in chips) 
Seat 3: ReVeu710 ($100 in chips) 
Seat 5: Tyron209 ($10.84 in chips) 
Seat 6: tintin641 ($100 in chips) 
YeeesMan: posts small blind $0.50
blackclan7: posts big blind $1
*** HOLE CARDS ***
ReVeu710: folds 
XneferX joins the table at seat #4 
Tyron209: raises $9.84 to $10.84 and is all-in
tintin641: folds 
YeeesMan: folds 
blackclan7: folds 
Uncalled bet ($9.84) returned to Tyron209
Tyron209 collected $2.50 from pot
*** SUMMARY ***
Total pot $2.50 | Rake $0 
Seat 1: YeeesMan (small blind) folded before Flop
Seat 2: blackclan7 (big blind) folded before Flop
Seat 3: ReVeu710 folded before Flop (didn't bet)
Seat 5: Tyron209 collected ($2.50)
Seat 6: tintin641 (button) folded before Flop (didn't bet)



PokerStars Hand #254741900072:  Hold'em No Limit ($0.50/$1.00 USD) - 2025/02/06 23:30:07 WET [2025/02/06 18:30:07 ET]
Table 'Sponde II' 6-max Seat #1 is the button
Seat 4: XneferX ($100 in chips) is sitting out
Seat 1: YeeesMan ($100 in chips) 
Seat 2: blackclan7 ($100 in chips) 
Seat 3: ReVeu710 ($100 in chips) 
Seat 5: Tyron209 ($12.34 in chips) 
Seat 6: tintin641 ($100 in chips) 
blackclan7: posts small blind $0.50
ReVeu710: posts big blind $1
XneferX: sits out 
*** HOLE CARDS ***
Tyron209: folds 
tintin641: raises $1.50 to $2.50
YeeesMan: raises $5.50 to $8
blackclan7: folds 
ReVeu710: folds 
tintin641: folds 
Uncalled bet ($5.50) returned to YeeesMan
YeeesMan collected $6.50 from pot
YeeesMan: doesn't show hand 
*** SUMMARY ***
Total pot $6.50 | Rake $0 
Seat 4: XneferX
Seat 1: YeeesMan (button) collected ($6.50)
Seat 2: blackclan7 (small blind) folded before Flop
Seat 3: ReVeu710 (big blind) folded before Flop
Seat 5: Tyron209 folded before Flop (didn't bet)
Seat 6: tintin641 folded before Flop



PokerStars Hand #254741905397:  Hold'em No Limit ($0.50/$1.00 USD) - 2025/02/06 23:30:29 WET [2025/02/06 18:30:29 ET]
Table 'Sponde II' 6-max Seat #2 is the button
Seat 1: YeeesMan ($104 in chips) 
Seat 2: blackclan7 ($100 in chips) 
Seat 3: ReVeu710 ($100 in chips) 
Seat 4: XneferX ($100 in chips) 
Seat 5: Tyron209 ($12.34 in chips) 
Seat 6: tintin641 ($100 in chips) 
ReVeu710: posts small blind $0.50
XneferX: posts big blind $1
*** HOLE CARDS ***
Tyron209: folds 
tintin641: folds 
YeeesMan: raises $1.50 to $2.50
blackclan7: folds 
ReVeu710: folds 
XneferX: folds 
Uncalled bet ($1.50) returned to YeeesMan
YeeesMan collected $2.50 from pot
YeeesMan: doesn't show hand 
*** SUMMARY ***
Total pot $2.50 | Rake $0 
Seat 1: YeeesMan collected ($2.50)
Seat 2: blackclan7 (button) folded before Flop (didn't bet)
Seat 3: ReVeu710 (small blind) folded before Flop
Seat 4: XneferX (big blind) folded before Flop
Seat 5: Tyron209 folded before Flop (didn't bet)
Seat 6: tintin641 folded before Flop (didn't bet)



PokerStars Hand #254741911231:  Hold'em No Limit ($0.50/$1.00 USD) - 2025/02/06 23:30:52 WET [2025/02/06 18:30:52 ET]
Table 'Sponde II' 6-max Seat #3 is the button
Seat 1: YeeesMan ($105.50 in chips) 
Seat 2: blackclan7 ($100 in chips) 
Seat 3: ReVeu710 ($100 in chips) 
Seat 4: XneferX ($100 in chips) 
Seat 5: Tyron209 ($12.34 in chips) 
Seat 6: tintin641 ($100 in chips) 
XneferX: posts small blind $0.50
Tyron209: posts big blind $1
*** HOLE CARDS ***
tintin641: folds 
YeeesMan: folds 
blackclan7: raises $1.30 to $2.30
ReVeu710: folds 
XneferX: folds 
Tyron209: raises $10.04 to $12.34 and is all-in
blackclan7: calls $10.04
*** FLOP *** [As 2h 6c]
*** TURN *** [As 2h 6c] [Td]
*** RIVER *** [As 2h 6c Td] [9c]
*** SHOW DOWN ***
Tyron209: shows [3s 3h] (a pair of Threes)
blackclan7: shows [Qh Ah] (a pair of Aces)
blackclan7 cashed out the hand for $11.56 | Cash Out Fee $0.24
*** SUMMARY ***
Total pot $25.18 | Rake $1.26 
Board [As 2h 6c Td 9c]
Seat 1: YeeesMan folded before Flop (didn't bet)
Seat 2: blackclan7 showed [Qh Ah] and won ($23.92) with a pair of Aces (pot not awarded as player cashed out)
Seat 3: ReVeu710 (button) folded before Flop (didn't bet)
Seat 4: XneferX (small blind) folded before Flop
Seat 5: Tyron209 (big blind) showed [3s 3h] and lost with a pair of Threes
Seat 6: tintin641 folded before Flop (didn't bet)



PokerStars Hand #254741917525:  Hold'em No Limit ($0.50/$1.00 USD) - 2025/02/06 23:31:17 WET [2025/02/06 18:31:17 ET]
Table 'Sponde II' 6-max Seat #4 is the button
Seat 5: Tyron209 ($0 in chips) is sitting out
Seat 1: YeeesMan ($105.50 in chips) 
Seat 2: blackclan7 ($100 in chips) 
Seat 3: ReVeu710 ($100 in chips) 
Seat 4: XneferX ($100 in chips) 
Seat 6: tintin641 ($100 in chips) 
tintin641: posts small blind $0.50
YeeesMan: posts big blind $1
*** HOLE CARDS ***
Tyron209 is disconnected 
blackclan7: raises $1 to $2
ReVeu710: raises $4.50 to $6.50
XneferX: folds 
tintin641: folds 
YeeesMan: calls $5.50
blackclan7: folds 
*** FLOP *** [Ad 7d 8d]
YeeesMan: checks 
ReVeu710: checks 
*** TURN *** [Ad 7d 8d] [5s]
YeeesMan: checks 
ReVeu710: bets $7.95
YeeesMan: folds 
Uncalled bet ($7.95) returned to ReVeu710
ReVeu710 collected $14.72 from pot
ReVeu710: doesn't show hand 
*** SUMMARY ***
Total pot $15.50 | Rake $0.78 
Board [Ad 7d 8d 5s]
Seat 5: Tyron209
Seat 1: YeeesMan (big blind) folded on the Turn
Seat 2: blackclan7 folded before Flop
Seat 3: ReVeu710 collected ($14.72)
Seat 4: XneferX (button) folded before Flop (didn't bet)
Seat 6: tintin641 (small blind) folded before Flop



PokerStars Hand #254741938940:  Hold'em No Limit ($0.50/$1.00 USD) - 2025/02/06 23:32:43 WET [2025/02/06 18:32:43 ET]
Table 'Sponde II' 6-max Seat #6 is the button
Seat 2: blackclan7 ($100 in chips) is sitting out
Seat 5: Tyron209 ($0 in chips) is sitting out
Seat 1: YeeesMan ($100 in chips) 
Seat 3: ReVeu710 ($108.22 in chips) 
Seat 4: XneferX ($100 in chips) 
Seat 6: tintin641 ($100 in chips) 
YeeesMan: posts small blind $0.50
blackclan7: is sitting out 
ReVeu710: posts big blind $1
*** HOLE CARDS ***
XneferX: folds 
blackclan7 leaves the table
tintin641: folds 
XneferX leaves the table
YeeesMan: raises $2 to $3
ReVeu710: folds 
Uncalled bet ($2) returned to YeeesMan
YeeesMan collected $2 from pot
YeeesMan: doesn't show hand 
*** SUMMARY ***
Total pot $2 | Rake $0 
Seat 2: blackclan7
Seat 5: Tyron209
Seat 1: YeeesMan (small blind) collected ($2)
Seat 3: ReVeu710 (big blind) folded before Flop
Seat 4: XneferX folded before Flop (didn't bet)
Seat 6: tintin641 (button) folded before Flop (didn't bet)



PokerStars Hand #254741943113:  Hold'em No Limit ($0.50/$1.00 USD) - 2025/02/06 23:33:00 WET [2025/02/06 18:33:00 ET]
Table 'Sponde II' 6-max Seat #1 is the button
Seat 5: Tyron209 ($0 in chips) is sitting out
Seat 1: YeeesMan ($101 in chips) 
Seat 3: ReVeu710 ($107.22 in chips) 
Seat 6: tintin641 ($100 in chips) 
ReVeu710: posts small blind $0.50
tintin641: posts big blind $1
*** HOLE CARDS ***
YeeesMan: raises $1.50 to $2.50
ReVeu710: raises $9.50 to $12
tintin641: folds 
YeeesMan: calls $9.50
*** FLOP *** [Qd 2s 3d]
ReVeu710: checks 
YeeesMan: checks 
*** TURN *** [Qd 2s 3d] [2h]
ReVeu710: checks 
YeeesMan: checks 
*** RIVER *** [Qd 2s 3d 2h] [Kc]
ReVeu710: checks 
YeeesMan: checks 
*** SHOW DOWN ***
ReVeu710: shows [6s 6c] (two pair, Sixes and Deuces)
YeeesMan: mucks hand 
ReVeu710 collected $24 from pot
*** SUMMARY ***
Total pot $25 | Rake $1 
Board [Qd 2s 3d 2h Kc]
Seat 5: Tyron209
Seat 1: YeeesMan (button) mucked
Seat 3: ReVeu710 (small blind) showed [6s 6c] and won ($24) with two pair, Sixes and Deuces
Seat 6: tintin641 (big blind) folded before Flop



PokerStars Hand #254741963528:  Hold'em No Limit ($0.50/$1.00 USD) - 2025/02/06 23:34:22 WET [2025/02/06 18:34:22 ET]
Table 'Sponde II' 6-max Seat #3 is the button
Seat 5: Tyron209 ($0 in chips) is sitting out
Seat 1: YeeesMan ($100 in chips) 
Seat 3: ReVeu710 ($119.22 in chips) 
Seat 6: tintin641 ($100 in chips) 
tintin641: posts small blind $0.50
YeeesMan: posts big blind $1
*** HOLE CARDS ***
ReVeu710: folds 
ReVeu710 leaves the table
tintin641: folds 
Uncalled bet ($0.50) returned to YeeesMan
YeeesMan collected $1 from pot
YeeesMan: doesn't show hand 
*** SUMMARY ***
Total pot $1 | Rake $0 
Seat 5: Tyron209
Seat 1: YeeesMan (big blind) collected ($1)
Seat 3: ReVeu710 (button) folded before Flop (didn't bet)
Seat 6: tintin641 (small blind) folded before Flop



