PokerStars Hand #254732804298:  Hold'em No Limit ($0.50/$1.00 USD) - 2025/02/06 12:57:31 WET [2025/02/06 7:57:31 ET]
Table 'Arethusa II' 6-max Seat #5 is the button
Seat 1: janarr5 ($100 in chips) 
Seat 2: LeaveItYeah ($130.31 in chips) 
Seat 3: blistein ($101.50 in chips) 
Seat 4: sta$igk ($117.63 in chips) 
Seat 5: vitalik_sw ($100 in chips) 
Seat 6: Sheva9191 ($100 in chips) 
Sheva9191: posts small blind $0.50
janarr5: posts big blind $1
*** HOLE CARDS ***
LeaveItYeah: folds 
blistein: folds 
sta$igk: folds 
vitalik_sw: raises $1.50 to $2.50
Sheva9191: folds 
janarr5: folds 
Uncalled bet ($1.50) returned to vitalik_sw
vitalik_sw collected $2.50 from pot
vitalik_sw: doesn't show hand 
*** SUMMARY ***
Total pot $2.50 | Rake $0 
Seat 1: janarr5 (big blind) folded before Flop
Seat 2: LeaveItYeah folded before Flop (didn't bet)
Seat 3: blistein folded before Flop (didn't bet)
Seat 4: sta$igk folded before Flop (didn't bet)
Seat 5: vitalik_sw (button) collected ($2.50)
Seat 6: Sheva9191 (small blind) folded before Flop



PokerStars Hand #254732806022:  Hold'em No Limit ($0.50/$1.00 USD) - 2025/02/06 12:57:45 WET [2025/02/06 7:57:45 ET]
Table 'Arethusa II' 6-max Seat #6 is the button
Seat 1: janarr5 ($100 in chips) 
Seat 2: LeaveItYeah ($130.31 in chips) 
Seat 3: blistein ($101.50 in chips) 
Seat 4: sta$igk ($117.63 in chips) 
Seat 5: vitalik_sw ($101.50 in chips) 
Seat 6: Sheva9191 ($99.50 in chips) 
janarr5: posts small blind $0.50
LeaveItYeah: posts big blind $1
*** HOLE CARDS ***
blistein: folds 
blistein leaves the table
sta$igk: folds 
vitalik_sw: folds 
Sheva9191: raises $1.70 to $2.70
janarr5: raises $9.30 to $12
LeaveItYeah: folds 
Sheva9191: folds 
Uncalled bet ($9.30) returned to janarr5
janarr5 collected $6.40 from pot
janarr5: doesn't show hand 
*** SUMMARY ***
Total pot $6.40 | Rake $0 
Seat 1: janarr5 (small blind) collected ($6.40)
Seat 2: LeaveItYeah (big blind) folded before Flop
Seat 3: blistein folded before Flop (didn't bet)
Seat 4: sta$igk folded before Flop (didn't bet)
Seat 5: vitalik_sw folded before Flop (didn't bet)
Seat 6: Sheva9191 (button) folded before Flop



PokerStars Hand #254732810902:  Hold'em No Limit ($0.50/$1.00 USD) - 2025/02/06 12:58:25 WET [2025/02/06 7:58:25 ET]
Table 'Arethusa II' 6-max Seat #1 is the button
Seat 1: janarr5 ($103.70 in chips) 
Seat 2: LeaveItYeah ($129.31 in chips) 
Seat 4: sta$igk ($117.63 in chips) 
Seat 5: vitalik_sw ($101.50 in chips) 
Seat 6: Sheva9191 ($96.80 in chips) 
LeaveItYeah: posts small blind $0.50
sta$igk: posts big blind $1
*** HOLE CARDS ***
vitalik_sw: folds 
Sheva9191: folds 
janarr5: folds 
LeaveItYeah: folds 
Uncalled bet ($0.50) returned to sta$igk
sta$igk collected $1 from pot
sta$igk: doesn't show hand 
*** SUMMARY ***
Total pot $1 | Rake $0 
Seat 1: janarr5 (button) folded before Flop (didn't bet)
Seat 2: LeaveItYeah (small blind) folded before Flop
Seat 4: sta$igk (big blind) collected ($1)
Seat 5: vitalik_sw folded before Flop (didn't bet)
Seat 6: Sheva9191 folded before Flop (didn't bet)



PokerStars Hand #254732812846:  Hold'em No Limit ($0.50/$1.00 USD) - 2025/02/06 12:58:41 WET [2025/02/06 7:58:41 ET]
Table 'Arethusa II' 6-max Seat #2 is the button
Seat 5: vitalik_sw ($101.50 in chips) is sitting out
Seat 6: Sheva9191 ($96.80 in chips) is sitting out
Seat 1: janarr5 ($103.70 in chips) 
Seat 2: LeaveItYeah ($128.81 in chips) 
Seat 4: sta$igk ($118.13 in chips) 
sta$igk: posts small blind $0.50
vitalik_sw: is sitting out 
Sheva9191: is sitting out 
janarr5: posts big blind $1
*** HOLE CARDS ***
LeaveItYeah: folds 
vitalik_sw leaves the table
Sheva9191 leaves the table
sta$igk: folds 
Uncalled bet ($0.50) returned to janarr5
janarr5 collected $1 from pot
janarr5: doesn't show hand 
*** SUMMARY ***
Total pot $1 | Rake $0 
Seat 5: vitalik_sw
Seat 6: Sheva9191
Seat 1: janarr5 (big blind) collected ($1)
Seat 2: LeaveItYeah (button) folded before Flop (didn't bet)
Seat 4: sta$igk (small blind) folded before Flop



PokerStars Hand #254732814093:  Hold'em No Limit ($0.50/$1.00 USD) - 2025/02/06 12:58:52 WET [2025/02/06 7:58:52 ET]
Table 'Arethusa II' 6-max Seat #4 is the button
Seat 1: janarr5 ($104.20 in chips) 
Seat 2: LeaveItYeah ($128.81 in chips) 
Seat 4: sta$igk ($117.63 in chips) 
janarr5: posts small blind $0.50
LeaveItYeah: posts big blind $1
*** HOLE CARDS ***
sta$igk: folds 
janarr5: raises $2 to $3
LeaveItYeah: calls $2
*** FLOP *** [7h Ad 4d]
janarr5: checks 
LeaveItYeah: checks 
*** TURN *** [7h Ad 4d] [3d]
janarr5: checks 
LeaveItYeah: checks 
*** RIVER *** [7h Ad 4d 3d] [2d]
janarr5: bets $1.88
LeaveItYeah: raises $3.76 to $5.64
janarr5: folds 
Uncalled bet ($3.76) returned to LeaveItYeah
LeaveItYeah collected $9.27 from pot
LeaveItYeah: doesn't show hand 
janarr5 leaves the table
*** SUMMARY ***
Total pot $9.76 | Rake $0.49 
Board [7h Ad 4d 3d 2d]
Seat 1: janarr5 (small blind) folded on the River
Seat 2: LeaveItYeah (big blind) collected ($9.27)
Seat 4: sta$igk (button) folded before Flop (didn't bet)



