PokerStars Hand #254734083112:  Hold'em No Limit ($0.50/$1.00 USD) - 2025/02/06 15:07:20 WET [2025/02/06 10:07:20 ET]
Table 'Kochab II' 6-max Seat #4 is the button
Seat 1: vitalik_sw ($80 in chips) 
Seat 4: socito ($100 in chips) 
Seat 6: tintin641 ($100 in chips) 
tintin641: posts small blind $0.50
vitalik_sw: posts big blind $1
*** HOLE CARDS ***
socito: folds 
tintin641: raises $2 to $3
vitalik_sw: calls $2
*** FLOP *** [7s Ac Kc]
tintin641: bets $1.88
vitalik_sw: calls $1.88
*** TURN *** [7s Ac Kc] [2d]
tintin641: bets $13.91
vitalik_sw: folds 
Uncalled bet ($13.91) returned to tintin641
tintin641 collected $9.27 from pot
tintin641: doesn't show hand 
*** SUMMARY ***
Total pot $9.76 | Rake $0.49 
Board [7s Ac Kc 2d]
Seat 1: vitalik_sw (big blind) folded on the Turn
Seat 4: socito (button) folded before Flop (didn't bet)
Seat 6: tintin641 (small blind) collected ($9.27)



PokerStars Hand #254734092297:  Hold'em No Limit ($0.50/$1.00 USD) - 2025/02/06 15:08:10 WET [2025/02/06 10:08:10 ET]
Table 'Kochab II' 6-max Seat #6 is the button
Seat 1: vitalik_sw ($100 in chips) 
Seat 4: socito ($100 in chips) 
Seat 6: tintin641 ($104.39 in chips) 
vitalik_sw: posts small blind $0.50
socito: posts big blind $1
*** HOLE CARDS ***
tintin641: folds 
vitalik_sw: folds 
Uncalled bet ($0.50) returned to socito
socito collected $1 from pot
socito: doesn't show hand 
*** SUMMARY ***
Total pot $1 | Rake $0 
Seat 1: vitalik_sw (small blind) folded before Flop
Seat 4: socito (big blind) collected ($1)
Seat 6: tintin641 (button) folded before Flop (didn't bet)



PokerStars Hand #254734094921:  Hold'em No Limit ($0.50/$1.00 USD) - 2025/02/06 15:08:24 WET [2025/02/06 10:08:24 ET]
Table 'Kochab II' 6-max Seat #1 is the button
Seat 1: vitalik_sw ($100 in chips) 
Seat 4: socito ($100.50 in chips) 
Seat 6: tintin641 ($104.39 in chips) 
socito: posts small blind $0.50
tintin641: posts big blind $1
*** HOLE CARDS ***
vitalik_sw: folds 
socito: folds 
Uncalled bet ($0.50) returned to tintin641
tintin641 collected $1 from pot
tintin641: doesn't show hand 
*** SUMMARY ***
Total pot $1 | Rake $0 
Seat 1: vitalik_sw (button) folded before Flop (didn't bet)
Seat 4: socito (small blind) folded before Flop
Seat 6: tintin641 (big blind) collected ($1)



PokerStars Hand #254734098447:  Hold'em No Limit ($0.50/$1.00 USD) - 2025/02/06 15:08:43 WET [2025/02/06 10:08:43 ET]
Table 'Kochab II' 6-max Seat #4 is the button
Seat 1: vitalik_sw ($100 in chips) 
Seat 4: socito ($100 in chips) 
Seat 6: tintin641 ($104.89 in chips) 
tintin641: posts small blind $0.50
vitalik_sw: posts big blind $1
*** HOLE CARDS ***
socito: raises $1.50 to $2.50
tintin641: folds 
vitalik_sw: folds 
Uncalled bet ($1.50) returned to socito
socito collected $2.50 from pot
socito: doesn't show hand 
*** SUMMARY ***
Total pot $2.50 | Rake $0 
Seat 1: vitalik_sw (big blind) folded before Flop
Seat 4: socito (button) collected ($2.50)
Seat 6: tintin641 (small blind) folded before Flop



PokerStars Hand #254734101619:  Hold'em No Limit ($0.50/$1.00 USD) - 2025/02/06 15:09:00 WET [2025/02/06 10:09:00 ET]
Table 'Kochab II' 6-max Seat #6 is the button
Seat 1: vitalik_sw ($100 in chips) 
Seat 4: socito ($101.50 in chips) 
Seat 6: tintin641 ($104.39 in chips) 
vitalik_sw: posts small blind $0.50
socito: posts big blind $1
*** HOLE CARDS ***
tintin641: raises $1.50 to $2.50
vitalik_sw: folds 
socito: folds 
Uncalled bet ($1.50) returned to tintin641
tintin641 collected $2.50 from pot
tintin641: doesn't show hand 
*** SUMMARY ***
Total pot $2.50 | Rake $0 
Seat 1: vitalik_sw (small blind) folded before Flop
Seat 4: socito (big blind) folded before Flop
Seat 6: tintin641 (button) collected ($2.50)



PokerStars Hand #254734103327:  Hold'em No Limit ($0.50/$1.00 USD) - 2025/02/06 15:09:09 WET [2025/02/06 10:09:09 ET]
Table 'Kochab II' 6-max Seat #1 is the button
Seat 1: vitalik_sw ($100 in chips) 
Seat 4: socito ($100.50 in chips) 
Seat 6: tintin641 ($105.89 in chips) 
socito: posts small blind $0.50
tintin641: posts big blind $1
*** HOLE CARDS ***
vitalik_sw: folds 
socito: folds 
Uncalled bet ($0.50) returned to tintin641
tintin641 collected $1 from pot
tintin641: doesn't show hand 
*** SUMMARY ***
Total pot $1 | Rake $0 
Seat 1: vitalik_sw (button) folded before Flop (didn't bet)
Seat 4: socito (small blind) folded before Flop
Seat 6: tintin641 (big blind) collected ($1)



PokerStars Hand #254734105365:  Hold'em No Limit ($0.50/$1.00 USD) - 2025/02/06 15:09:20 WET [2025/02/06 10:09:20 ET]
Table 'Kochab II' 6-max Seat #4 is the button
Seat 1: vitalik_sw ($100 in chips) 
Seat 4: socito ($100 in chips) 
Seat 6: tintin641 ($106.39 in chips) 
tintin641: posts small blind $0.50
vitalik_sw: posts big blind $1
*** HOLE CARDS ***
socito: raises $1.50 to $2.50
tintin641: raises $8.50 to $11
vitalik_sw: folds 
socito: folds 
Uncalled bet ($8.50) returned to tintin641
tintin641 collected $6 from pot
tintin641: doesn't show hand 
*** SUMMARY ***
Total pot $6 | Rake $0 
Seat 1: vitalik_sw (big blind) folded before Flop
Seat 4: socito (button) folded before Flop
Seat 6: tintin641 (small blind) collected ($6)



PokerStars Hand #254734111030:  Hold'em No Limit ($0.50/$1.00 USD) - 2025/02/06 15:09:51 WET [2025/02/06 10:09:51 ET]
Table 'Kochab II' 6-max Seat #6 is the button
Seat 1: vitalik_sw ($100 in chips) 
Seat 4: socito ($100 in chips) 
Seat 6: tintin641 ($109.89 in chips) 
vitalik_sw: posts small blind $0.50
socito: posts big blind $1
*** HOLE CARDS ***
tintin641: raises $1.50 to $2.50
vitalik_sw: folds 
socito: folds 
Uncalled bet ($1.50) returned to tintin641
tintin641 collected $2.50 from pot
tintin641: doesn't show hand 
*** SUMMARY ***
Total pot $2.50 | Rake $0 
Seat 1: vitalik_sw (small blind) folded before Flop
Seat 4: socito (big blind) folded before Flop
Seat 6: tintin641 (button) collected ($2.50)



PokerStars Hand #254734112880:  Hold'em No Limit ($0.50/$1.00 USD) - 2025/02/06 15:10:01 WET [2025/02/06 10:10:01 ET]
Table 'Kochab II' 6-max Seat #1 is the button
Seat 1: vitalik_sw ($100 in chips) 
Seat 4: socito ($100 in chips) 
Seat 6: tintin641 ($111.39 in chips) 
socito: posts small blind $0.50
tintin641: posts big blind $1
*** HOLE CARDS ***
vitalik_sw: raises $1.50 to $2.50
socito: folds 
tintin641: folds 
Uncalled bet ($1.50) returned to vitalik_sw
vitalik_sw collected $2.50 from pot
vitalik_sw: doesn't show hand 
*** SUMMARY ***
Total pot $2.50 | Rake $0 
Seat 1: vitalik_sw (button) collected ($2.50)
Seat 4: socito (small blind) folded before Flop
Seat 6: tintin641 (big blind) folded before Flop



PokerStars Hand #254734115514:  Hold'em No Limit ($0.50/$1.00 USD) - 2025/02/06 15:10:15 WET [2025/02/06 10:10:15 ET]
Table 'Kochab II' 6-max Seat #6 is the button
Seat 1: vitalik_sw ($101.50 in chips) is sitting out
Seat 4: socito ($100 in chips) 
Seat 6: tintin641 ($110.39 in chips) 
tintin641: posts small blind $0.50
vitalik_sw: is sitting out 
socito: posts big blind $1
*** HOLE CARDS ***
vitalik_sw leaves the table
tintin641: folds 
Uncalled bet ($0.50) returned to socito
socito collected $1 from pot
socito: doesn't show hand 
*** SUMMARY ***
Total pot $1 | Rake $0 
Seat 1: vitalik_sw
Seat 4: socito (big blind) collected ($1)
Seat 6: tintin641 (button) (small blind) folded before Flop



PokerStars Hand #254734117060:  Hold'em No Limit ($0.50/$1.00 USD) - 2025/02/06 15:10:23 WET [2025/02/06 10:10:23 ET]
Table 'Kochab II' 6-max Seat #4 is the button
Seat 4: socito ($100.50 in chips) 
Seat 6: tintin641 ($109.89 in chips) 
socito: posts small blind $0.50
tintin641: posts big blind $1
*** HOLE CARDS ***
socito: folds 
Uncalled bet ($0.50) returned to tintin641
tintin641 collected $1 from pot
tintin641: doesn't show hand 
*** SUMMARY ***
Total pot $1 | Rake $0 
Seat 4: socito (button) (small blind) folded before Flop
Seat 6: tintin641 (big blind) collected ($1)



PokerStars Hand #254734119465:  Hold'em No Limit ($0.50/$1.00 USD) - 2025/02/06 15:10:36 WET [2025/02/06 10:10:36 ET]
Table 'Kochab II' 6-max Seat #6 is the button
Seat 4: socito ($100 in chips) 
Seat 6: tintin641 ($110.39 in chips) 
tintin641: posts small blind $0.50
socito: posts big blind $1
*** HOLE CARDS ***
tintin641: raises $1.50 to $2.50
MAO_DZEDYN_S joins the table at seat #2 
socito: folds 
Uncalled bet ($1.50) returned to tintin641
tintin641 collected $2 from pot
tintin641: doesn't show hand 
*** SUMMARY ***
Total pot $2 | Rake $0 
Seat 4: socito (big blind) folded before Flop
Seat 6: tintin641 (button) (small blind) collected ($2)



PokerStars Hand #254734124581:  Hold'em No Limit ($0.50/$1.00 USD) - 2025/02/06 15:11:04 WET [2025/02/06 10:11:04 ET]
Table 'Kochab II' 6-max Seat #4 is the button
Seat 2: MAO_DZEDYN_S ($100 in chips) 
Seat 4: socito ($100 in chips) 
Seat 6: tintin641 ($111.39 in chips) 
tintin641: posts small blind $0.50
MAO_DZEDYN_S: posts big blind $1
*** HOLE CARDS ***
socito: raises $1.50 to $2.50
tintin641: folds 
MAO_DZEDYN_S: calls $1.50
*** FLOP *** [8c 5d 6s]
MAO_DZEDYN_S: checks 
socito: bets $1.72
MAO_DZEDYN_S: raises $7 to $8.72
socito: calls $7
*** TURN *** [8c 5d 6s] [8s]
blistein joins the table at seat #5 
Burlica2013 joins the table at seat #1 
MAO_DZEDYN_S: checks 
socito: bets $10.97
MAO_DZEDYN_S: folds 
Uncalled bet ($10.97) returned to socito
socito collected $21.94 from pot
socito: doesn't show hand 
*** SUMMARY ***
Total pot $22.94 | Rake $1 
Board [8c 5d 6s 8s]
Seat 2: MAO_DZEDYN_S (big blind) folded on the Turn
Seat 4: socito (button) collected ($21.94)
Seat 6: tintin641 (small blind) folded before Flop



PokerStars Hand #254734149176:  Hold'em No Limit ($0.50/$1.00 USD) - 2025/02/06 15:13:16 WET [2025/02/06 10:13:16 ET]
Table 'Kochab II' 6-max Seat #6 is the button
Seat 1: Burlica2013 ($100 in chips) is sitting out
Seat 5: blistein ($100 in chips) is sitting out
Seat 2: MAO_DZEDYN_S ($100 in chips) 
Seat 4: socito ($110.72 in chips) 
Seat 6: tintin641 ($110.89 in chips) 
MAO_DZEDYN_S: posts small blind $0.50
socito: posts big blind $1
blistein: sits out 
*** HOLE CARDS ***
tintin641: folds 
Artero10 joins the table at seat #3 
MAO_DZEDYN_S: raises $2 to $3
socito: calls $2
*** FLOP *** [2h Ac Qd]
MAO_DZEDYN_S: bets $1.37
socito: calls $1.37
*** TURN *** [2h Ac Qd] [Jh]
MAO_DZEDYN_S: checks 
socito: checks 
*** RIVER *** [2h Ac Qd Jh] [Qc]
MAO_DZEDYN_S: checks 
socito: checks 
*** SHOW DOWN ***
MAO_DZEDYN_S: shows [3d 3s] (two pair, Queens and Threes)
socito: shows [Ah 7d] (two pair, Aces and Queens)
socito collected $8.30 from pot
*** SUMMARY ***
Total pot $8.74 | Rake $0.44 
Board [2h Ac Qd Jh Qc]
Seat 1: Burlica2013
Seat 5: blistein
Seat 2: MAO_DZEDYN_S (small blind) showed [3d 3s] and lost with two pair, Queens and Threes
Seat 4: socito (big blind) showed [Ah 7d] and won ($8.30) with two pair, Aces and Queens
Seat 6: tintin641 (button) folded before Flop (didn't bet)



PokerStars Hand #254734165842:  Hold'em No Limit ($0.50/$1.00 USD) - 2025/02/06 15:14:45 WET [2025/02/06 10:14:45 ET]
Table 'Kochab II' 6-max Seat #2 is the button
Seat 1: Burlica2013 ($100 in chips) is sitting out
Seat 3: Artero10 ($100 in chips) is sitting out
Seat 2: MAO_DZEDYN_S ($100 in chips) 
Seat 4: socito ($114.65 in chips) 
Seat 5: blistein ($100 in chips) 
Seat 6: tintin641 ($110.89 in chips) 
socito: posts small blind $0.50
blistein: posts big blind $1
Burlica2013: sits out 
*** HOLE CARDS ***
tintin641: raises $1.50 to $2.50
MAO_DZEDYN_S: folds 
socito: folds 
blistein: folds 
Uncalled bet ($1.50) returned to tintin641
tintin641 collected $2.50 from pot
tintin641: doesn't show hand 
*** SUMMARY ***
Total pot $2.50 | Rake $0 
Seat 1: Burlica2013
Seat 3: Artero10
Seat 2: MAO_DZEDYN_S (button) folded before Flop (didn't bet)
Seat 4: socito (small blind) folded before Flop
Seat 5: blistein (big blind) folded before Flop
Seat 6: tintin641 collected ($2.50)



PokerStars Hand #254734167967:  Hold'em No Limit ($0.50/$1.00 USD) - 2025/02/06 15:14:56 WET [2025/02/06 10:14:56 ET]
Table 'Kochab II' 6-max Seat #4 is the button
Seat 1: Burlica2013 ($100 in chips) is sitting out
Seat 3: Artero10 ($100 in chips) is sitting out
Seat 2: MAO_DZEDYN_S ($100 in chips) 
Seat 4: socito ($114.15 in chips) 
Seat 5: blistein ($100 in chips) 
Seat 6: tintin641 ($112.39 in chips) 
blistein: posts small blind $0.50
tintin641: posts big blind $1
Burlica2013: sits out 
Artero10: sits out 
*** HOLE CARDS ***
MAO_DZEDYN_S: folds 
socito: raises $1.50 to $2.50
blistein: raises $9.50 to $12
tintin641: folds 
socito: calls $9.50
*** FLOP *** [8h 9d Qd]
blistein: checks 
socito: bets $6
blistein: folds 
Uncalled bet ($6) returned to socito
socito collected $24 from pot
socito: doesn't show hand 
*** SUMMARY ***
Total pot $25 | Rake $1 
Board [8h 9d Qd]
Seat 1: Burlica2013
Seat 3: Artero10
Seat 2: MAO_DZEDYN_S folded before Flop (didn't bet)
Seat 4: socito (button) collected ($24)
Seat 5: blistein (small blind) folded on the Flop
Seat 6: tintin641 (big blind) folded before Flop



PokerStars Hand #254734179324:  Hold'em No Limit ($0.50/$1.00 USD) - 2025/02/06 15:15:55 WET [2025/02/06 10:15:55 ET]
Table 'Kochab II' 6-max Seat #5 is the button
Seat 3: Artero10 ($100 in chips) is sitting out
Seat 1: Burlica2013 ($100 in chips) 
Seat 2: MAO_DZEDYN_S ($100 in chips) 
Seat 4: socito ($126.15 in chips) 
Seat 5: blistein ($100 in chips) 
Seat 6: tintin641 ($111.39 in chips) 
tintin641: posts small blind $0.50
Burlica2013: posts big blind $1
Artero10: sits out 
*** HOLE CARDS ***
MAO_DZEDYN_S: folds 
socito: folds 
blistein: folds 
tintin641: folds 
Uncalled bet ($0.50) returned to Burlica2013
Burlica2013 collected $1 from pot
Burlica2013: doesn't show hand 
*** SUMMARY ***
Total pot $1 | Rake $0 
Seat 3: Artero10
Seat 1: Burlica2013 (big blind) collected ($1)
Seat 2: MAO_DZEDYN_S folded before Flop (didn't bet)
Seat 4: socito folded before Flop (didn't bet)
Seat 5: blistein (button) folded before Flop (didn't bet)
Seat 6: tintin641 (small blind) folded before Flop



PokerStars Hand #254734183432:  Hold'em No Limit ($0.50/$1.00 USD) - 2025/02/06 15:16:16 WET [2025/02/06 10:16:16 ET]
Table 'Kochab II' 6-max Seat #6 is the button
Seat 2: MAO_DZEDYN_S ($100 in chips) is sitting out
Seat 1: Burlica2013 ($100.50 in chips) 
Seat 3: Artero10 ($100 in chips) 
Seat 4: socito ($126.15 in chips) 
Seat 5: blistein ($100 in chips) 
Seat 6: tintin641 ($110.89 in chips) 
Burlica2013: posts small blind $0.50
MAO_DZEDYN_S: is sitting out 
Artero10: posts big blind $1
*** HOLE CARDS ***
socito: folds 
blistein: folds 
MAO_DZEDYN_S leaves the table
tintin641: raises $1.50 to $2.50
Burlica2013: folds 
Quahrino joins the table at seat #2 
Artero10: folds 
Uncalled bet ($1.50) returned to tintin641
tintin641 collected $2.50 from pot
tintin641: doesn't show hand 
*** SUMMARY ***
Total pot $2.50 | Rake $0 
Seat 2: MAO_DZEDYN_S
Seat 1: Burlica2013 (small blind) folded before Flop
Seat 3: Artero10 (big blind) folded before Flop
Seat 4: socito folded before Flop (didn't bet)
Seat 5: blistein folded before Flop (didn't bet)
Seat 6: tintin641 (button) collected ($2.50)



PokerStars Hand #254734188516:  Hold'em No Limit ($0.50/$1.00 USD) - 2025/02/06 15:16:42 WET [2025/02/06 10:16:42 ET]
Table 'Kochab II' 6-max Seat #1 is the button
Seat 2: Quahrino ($100 in chips) is sitting out
Seat 1: Burlica2013 ($100 in chips) 
Seat 3: Artero10 ($99 in chips) 
Seat 4: socito ($126.15 in chips) 
Seat 5: blistein ($100 in chips) 
Seat 6: tintin641 ($112.39 in chips) 
Artero10: posts small blind $0.50
socito: posts big blind $1
*** HOLE CARDS ***
blistein: folds 
blistein leaves the table
tintin641: raises $1.50 to $2.50
Burlica2013: folds 
Artero10: folds 
2cute4me2 joins the table at seat #5 
socito: folds 
Uncalled bet ($1.50) returned to tintin641
tintin641 collected $2.50 from pot
tintin641: doesn't show hand 
*** SUMMARY ***
Total pot $2.50 | Rake $0 
Seat 2: Quahrino
Seat 1: Burlica2013 (button) folded before Flop (didn't bet)
Seat 3: Artero10 (small blind) folded before Flop
Seat 4: socito (big blind) folded before Flop
Seat 5: blistein folded before Flop (didn't bet)
Seat 6: tintin641 collected ($2.50)



PokerStars Hand #254734193632:  Hold'em No Limit ($0.50/$1.00 USD) - 2025/02/06 15:17:08 WET [2025/02/06 10:17:08 ET]
Table 'Kochab II' 6-max Seat #3 is the button
Seat 2: Quahrino ($100 in chips) is sitting out
Seat 1: Burlica2013 ($100 in chips) 
Seat 3: Artero10 ($98.50 in chips) 
Seat 4: socito ($125.15 in chips) 
Seat 5: 2cute4me2 ($100 in chips) 
Seat 6: tintin641 ($113.89 in chips) 
socito: posts small blind $0.50
2cute4me2: posts big blind $1
Quahrino: sits out 
*** HOLE CARDS ***
tintin641: folds 
Burlica2013: folds 
Artero10: raises $1.50 to $2.50
socito: folds 
2cute4me2: calls $1.50
*** FLOP *** [Ac Qh Qd]
2cute4me2: checks 
Artero10: bets $1.50
2cute4me2: calls $1.50
*** TURN *** [Ac Qh Qd] [4h]
2cute4me2: checks 
Artero10: checks 
*** RIVER *** [Ac Qh Qd 4h] [Qs]
2cute4me2: checks 
Artero10: checks 
*** SHOW DOWN ***
2cute4me2: shows [3d 3c] (a full house, Queens full of Threes)
Artero10: shows [Jh Jd] (a full house, Queens full of Jacks)
Artero10 collected $8.08 from pot
*** SUMMARY ***
Total pot $8.50 | Rake $0.42 
Board [Ac Qh Qd 4h Qs]
Seat 2: Quahrino
Seat 1: Burlica2013 folded before Flop (didn't bet)
Seat 3: Artero10 (button) showed [Jh Jd] and won ($8.08) with a full house, Queens full of Jacks
Seat 4: socito (small blind) folded before Flop
Seat 5: 2cute4me2 (big blind) showed [3d 3c] and lost with a full house, Queens full of Threes
Seat 6: tintin641 folded before Flop (didn't bet)



PokerStars Hand #254734202467:  Hold'em No Limit ($0.50/$1.00 USD) - 2025/02/06 15:17:53 WET [2025/02/06 10:17:53 ET]
Table 'Kochab II' 6-max Seat #4 is the button
Seat 2: Quahrino ($100 in chips) is sitting out
Seat 1: Burlica2013 ($100 in chips) 
Seat 3: Artero10 ($102.58 in chips) 
Seat 4: socito ($124.65 in chips) 
Seat 5: 2cute4me2 ($100 in chips) 
Seat 6: tintin641 ($113.89 in chips) 
2cute4me2: posts small blind $0.50
tintin641: posts big blind $1
Quahrino: sits out 
*** HOLE CARDS ***
Burlica2013: folds 
Artero10: raises $1.50 to $2.50
socito: folds 
2cute4me2: folds 
tintin641: folds 
Uncalled bet ($1.50) returned to Artero10
Burlica2013 leaves the table
Artero10 collected $2.50 from pot
*** SUMMARY ***
Total pot $2.50 | Rake $0 
Seat 2: Quahrino
Seat 1: Burlica2013 folded before Flop (didn't bet)
Seat 3: Artero10 collected ($2.50)
Seat 4: socito (button) folded before Flop (didn't bet)
Seat 5: 2cute4me2 (small blind) folded before Flop
Seat 6: tintin641 (big blind) folded before Flop



PokerStars Hand #254734205782:  Hold'em No Limit ($0.50/$1.00 USD) - 2025/02/06 15:18:10 WET [2025/02/06 10:18:10 ET]
Table 'Kochab II' 6-max Seat #5 is the button
Seat 2: Quahrino ($100 in chips) 
Seat 3: Artero10 ($104.08 in chips) 
Seat 4: socito ($124.65 in chips) 
Seat 5: 2cute4me2 ($100 in chips) 
Seat 6: tintin641 ($112.89 in chips) 
tintin641: posts small blind $0.50
Quahrino: posts big blind $1
*** HOLE CARDS ***
Artero10: folds 
socito: folds 
2cute4me2: folds 
tintin641: raises $2 to $3
Quahrino: folds 
Uncalled bet ($2) returned to tintin641
tintin641 collected $2 from pot
tintin641: doesn't show hand 
*** SUMMARY ***
Total pot $2 | Rake $0 
Seat 2: Quahrino (big blind) folded before Flop
Seat 3: Artero10 folded before Flop (didn't bet)
Seat 4: socito folded before Flop (didn't bet)
Seat 5: 2cute4me2 (button) folded before Flop (didn't bet)
Seat 6: tintin641 (small blind) collected ($2)



PokerStars Hand #254734208647:  Hold'em No Limit ($0.50/$1.00 USD) - 2025/02/06 15:18:24 WET [2025/02/06 10:18:24 ET]
Table 'Kochab II' 6-max Seat #6 is the button
Seat 2: Quahrino ($100 in chips) 
Seat 3: Artero10 ($104.08 in chips) 
Seat 4: socito ($124.65 in chips) 
Seat 5: 2cute4me2 ($100 in chips) 
Seat 6: tintin641 ($113.89 in chips) 
Quahrino: posts small blind $0.50
Artero10: posts big blind $1
*** HOLE CARDS ***
EBoshered joins the table at seat #1 
socito: folds 
2cute4me2: folds 
tintin641: folds 
Quahrino: raises $2 to $3
Artero10: calls $2
*** FLOP *** [7c Ts 2h]
Quahrino: bets $1.43
Artero10: raises $4.28 to $5.71
Quahrino: folds 
Uncalled bet ($4.28) returned to Artero10
Artero10 collected $8.42 from pot
*** SUMMARY ***
Total pot $8.86 | Rake $0.44 
Board [7c Ts 2h]
Seat 2: Quahrino (small blind) folded on the Flop
Seat 3: Artero10 (big blind) collected ($8.42)
Seat 4: socito folded before Flop (didn't bet)
Seat 5: 2cute4me2 folded before Flop (didn't bet)
Seat 6: tintin641 (button) folded before Flop (didn't bet)



PokerStars Hand #254734218323:  Hold'em No Limit ($0.50/$1.00 USD) - 2025/02/06 15:19:14 WET [2025/02/06 10:19:14 ET]
Table 'Kochab II' 6-max Seat #2 is the button
Seat 1: EBoshered ($100 in chips) is sitting out
Seat 2: Quahrino ($100 in chips) 
Seat 3: Artero10 ($108.07 in chips) 
Seat 4: socito ($124.65 in chips) 
Seat 5: 2cute4me2 ($100 in chips) 
Seat 6: tintin641 ($113.89 in chips) 
Artero10: posts small blind $0.50
socito: posts big blind $1
EBoshered: sits out 
*** HOLE CARDS ***
2cute4me2: folds 
tintin641: folds 
Quahrino: raises $1.70 to $2.70
Artero10: folds 
socito: folds 
Uncalled bet ($1.70) returned to Quahrino
Quahrino collected $2.50 from pot
Quahrino: doesn't show hand 
*** SUMMARY ***
Total pot $2.50 | Rake $0 
Seat 1: EBoshered
Seat 2: Quahrino (button) collected ($2.50)
Seat 3: Artero10 (small blind) folded before Flop
Seat 4: socito (big blind) folded before Flop
Seat 5: 2cute4me2 folded before Flop (didn't bet)
Seat 6: tintin641 folded before Flop (didn't bet)



PokerStars Hand #254734222538:  Hold'em No Limit ($0.50/$1.00 USD) - 2025/02/06 15:19:35 WET [2025/02/06 10:19:35 ET]
Table 'Kochab II' 6-max Seat #3 is the button
Seat 1: EBoshered ($100 in chips) is sitting out
Seat 2: Quahrino ($101.50 in chips) 
Seat 3: Artero10 ($107.57 in chips) 
Seat 4: socito ($123.65 in chips) 
Seat 5: 2cute4me2 ($100 in chips) 
Seat 6: tintin641 ($113.89 in chips) 
socito: posts small blind $0.50
2cute4me2: posts big blind $1
EBoshered: sits out 
*** HOLE CARDS ***
tintin641: folds 
Quahrino: folds 
Artero10: folds 
socito: raises $2 to $3
2cute4me2: folds 
Uncalled bet ($2) returned to socito
socito collected $2 from pot
socito: doesn't show hand 
*** SUMMARY ***
Total pot $2 | Rake $0 
Seat 1: EBoshered
Seat 2: Quahrino folded before Flop (didn't bet)
Seat 3: Artero10 (button) folded before Flop (didn't bet)
Seat 4: socito (small blind) collected ($2)
Seat 5: 2cute4me2 (big blind) folded before Flop
Seat 6: tintin641 folded before Flop (didn't bet)



PokerStars Hand #254734226616:  Hold'em No Limit ($0.50/$1.00 USD) - 2025/02/06 15:19:56 WET [2025/02/06 10:19:56 ET]
Table 'Kochab II' 6-max Seat #4 is the button
Seat 1: EBoshered ($100 in chips) is sitting out
Seat 2: Quahrino ($101.50 in chips) 
Seat 3: Artero10 ($107.57 in chips) 
Seat 4: socito ($124.65 in chips) 
Seat 5: 2cute4me2 ($100 in chips) 
Seat 6: tintin641 ($113.89 in chips) 
2cute4me2: posts small blind $0.50
tintin641: posts big blind $1
EBoshered: sits out 
*** HOLE CARDS ***
Quahrino: raises $1 to $2
Artero10: folds 
socito: folds 
2cute4me2: folds 
tintin641: folds 
Uncalled bet ($1) returned to Quahrino
Quahrino collected $2.50 from pot
Quahrino: doesn't show hand 
*** SUMMARY ***
Total pot $2.50 | Rake $0 
Seat 1: EBoshered
Seat 2: Quahrino collected ($2.50)
Seat 3: Artero10 folded before Flop (didn't bet)
Seat 4: socito (button) folded before Flop (didn't bet)
Seat 5: 2cute4me2 (small blind) folded before Flop
Seat 6: tintin641 (big blind) folded before Flop



PokerStars Hand #254734229867:  Hold'em No Limit ($0.50/$1.00 USD) - 2025/02/06 15:20:13 WET [2025/02/06 10:20:13 ET]
Table 'Kochab II' 6-max Seat #5 is the button
Seat 1: EBoshered ($100 in chips) 
Seat 2: Quahrino ($103 in chips) 
Seat 3: Artero10 ($107.57 in chips) 
Seat 4: socito ($124.65 in chips) 
Seat 5: 2cute4me2 ($100 in chips) 
Seat 6: tintin641 ($112.89 in chips) 
tintin641: posts small blind $0.50
EBoshered: posts big blind $1
*** HOLE CARDS ***
Quahrino: folds 
Artero10: folds 
socito: raises $1.50 to $2.50
2cute4me2: folds 
tintin641: folds 
EBoshered: folds 
Uncalled bet ($1.50) returned to socito
socito collected $2.50 from pot
socito: doesn't show hand 
*** SUMMARY ***
Total pot $2.50 | Rake $0 
Seat 1: EBoshered (big blind) folded before Flop
Seat 2: Quahrino folded before Flop (didn't bet)
Seat 3: Artero10 folded before Flop (didn't bet)
Seat 4: socito collected ($2.50)
Seat 5: 2cute4me2 (button) folded before Flop (didn't bet)
Seat 6: tintin641 (small blind) folded before Flop



PokerStars Hand #254734233228:  Hold'em No Limit ($0.50/$1.00 USD) - 2025/02/06 15:20:29 WET [2025/02/06 10:20:29 ET]
Table 'Kochab II' 6-max Seat #6 is the button
Seat 1: EBoshered ($100 in chips) 
Seat 2: Quahrino ($103 in chips) 
Seat 3: Artero10 ($107.57 in chips) 
Seat 4: socito ($126.15 in chips) 
Seat 5: 2cute4me2 ($100 in chips) 
Seat 6: tintin641 ($112.39 in chips) 
EBoshered: posts small blind $0.50
Quahrino: posts big blind $1
*** HOLE CARDS ***
Artero10: raises $1.10 to $2.10
socito: folds 
2cute4me2: folds 
tintin641: folds 
EBoshered: folds 
Quahrino: raises $9.90 to $12
Artero10: folds 
Uncalled bet ($9.90) returned to Quahrino
Quahrino collected $4.70 from pot
Quahrino: doesn't show hand 
*** SUMMARY ***
Total pot $4.70 | Rake $0 
Seat 1: EBoshered (small blind) folded before Flop
Seat 2: Quahrino (big blind) collected ($4.70)
Seat 3: Artero10 folded before Flop
Seat 4: socito folded before Flop (didn't bet)
Seat 5: 2cute4me2 folded before Flop (didn't bet)
Seat 6: tintin641 (button) folded before Flop (didn't bet)



PokerStars Hand #254734237212:  Hold'em No Limit ($0.50/$1.00 USD) - 2025/02/06 15:20:50 WET [2025/02/06 10:20:50 ET]
Table 'Kochab II' 6-max Seat #1 is the button
Seat 1: EBoshered ($100 in chips) 
Seat 2: Quahrino ($105.60 in chips) 
Seat 3: Artero10 ($105.47 in chips) 
Seat 4: socito ($126.15 in chips) 
Seat 5: 2cute4me2 ($100 in chips) 
Seat 6: tintin641 ($112.39 in chips) 
Quahrino: posts small blind $0.50
Artero10: posts big blind $1
*** HOLE CARDS ***
socito: raises $1.50 to $2.50
2cute4me2: folds 
tintin641: folds 
EBoshered: folds 
Quahrino: folds 
Artero10: calls $1.50
*** FLOP *** [Js 5c 5h]
Artero10: checks 
socito: bets $1.72
Artero10: raises $4.33 to $6.05
socito: folds 
Uncalled bet ($4.33) returned to Artero10
Artero10 collected $8.49 from pot
*** SUMMARY ***
Total pot $8.94 | Rake $0.45 
Board [Js 5c 5h]
Seat 1: EBoshered (button) folded before Flop (didn't bet)
Seat 2: Quahrino (small blind) folded before Flop
Seat 3: Artero10 (big blind) collected ($8.49)
Seat 4: socito folded on the Flop
Seat 5: 2cute4me2 folded before Flop (didn't bet)
Seat 6: tintin641 folded before Flop (didn't bet)



PokerStars Hand #254734247563:  Hold'em No Limit ($0.50/$1.00 USD) - 2025/02/06 15:21:42 WET [2025/02/06 10:21:42 ET]
Table 'Kochab II' 6-max Seat #2 is the button
Seat 1: EBoshered ($100 in chips) 
Seat 2: Quahrino ($105.10 in chips) 
Seat 3: Artero10 ($109.74 in chips) 
Seat 4: socito ($121.93 in chips) 
Seat 5: 2cute4me2 ($100 in chips) 
Seat 6: tintin641 ($112.39 in chips) 
Artero10: posts small blind $0.50
socito: posts big blind $1
*** HOLE CARDS ***
2cute4me2: folds 
tintin641: folds 
EBoshered: folds 
Quahrino: folds 
Artero10: calls $0.50
socito: checks 
*** FLOP *** [4d 7d Jd]
Artero10: checks 
socito: bets $1
Artero10: calls $1
*** TURN *** [4d 7d Jd] [4c]
Artero10: checks 
socito: checks 
*** RIVER *** [4d 7d Jd 4c] [Kc]
Artero10: checks 
socito: checks 
*** SHOW DOWN ***
Artero10: shows [3d Ah] (a pair of Fours)
socito: mucks hand 
Artero10 collected $3.80 from pot
*** SUMMARY ***
Total pot $4 | Rake $0.20 
Board [4d 7d Jd 4c Kc]
Seat 1: EBoshered folded before Flop (didn't bet)
Seat 2: Quahrino (button) folded before Flop (didn't bet)
Seat 3: Artero10 (small blind) showed [3d Ah] and won ($3.80) with a pair of Fours
Seat 4: socito (big blind) mucked
Seat 5: 2cute4me2 folded before Flop (didn't bet)
Seat 6: tintin641 folded before Flop (didn't bet)



PokerStars Hand #254734260182:  Hold'em No Limit ($0.50/$1.00 USD) - 2025/02/06 15:22:45 WET [2025/02/06 10:22:45 ET]
Table 'Kochab II' 6-max Seat #3 is the button
Seat 1: EBoshered ($100 in chips) 
Seat 2: Quahrino ($105.10 in chips) 
Seat 3: Artero10 ($111.54 in chips) 
Seat 4: socito ($119.93 in chips) 
Seat 5: 2cute4me2 ($100 in chips) 
Seat 6: tintin641 ($112.39 in chips) 
socito: posts small blind $0.50
2cute4me2: posts big blind $1
*** HOLE CARDS ***
tintin641: folds 
EBoshered: raises $1.50 to $2.50
Quahrino: folds 
Artero10: folds 
socito: folds 
2cute4me2: folds 
Uncalled bet ($1.50) returned to EBoshered
EBoshered collected $2.50 from pot
EBoshered: doesn't show hand 
*** SUMMARY ***
Total pot $2.50 | Rake $0 
Seat 1: EBoshered collected ($2.50)
Seat 2: Quahrino folded before Flop (didn't bet)
Seat 3: Artero10 (button) folded before Flop (didn't bet)
Seat 4: socito (small blind) folded before Flop
Seat 5: 2cute4me2 (big blind) folded before Flop
Seat 6: tintin641 folded before Flop (didn't bet)



PokerStars Hand #254734264177:  Hold'em No Limit ($0.50/$1.00 USD) - 2025/02/06 15:23:05 WET [2025/02/06 10:23:05 ET]
Table 'Kochab II' 6-max Seat #4 is the button
Seat 1: EBoshered ($101.50 in chips) 
Seat 2: Quahrino ($105.10 in chips) 
Seat 3: Artero10 ($111.54 in chips) 
Seat 4: socito ($119.43 in chips) 
Seat 5: 2cute4me2 ($100 in chips) 
Seat 6: tintin641 ($112.39 in chips) 
2cute4me2: posts small blind $0.50
tintin641: posts big blind $1
*** HOLE CARDS ***
EBoshered: folds 
Quahrino: raises $1 to $2
Artero10: folds 
socito: folds 
2cute4me2: folds 
tintin641: calls $1
*** FLOP *** [5d Jc Th]
tintin641: checks 
Quahrino: checks 
*** TURN *** [5d Jc Th] [2d]
tintin641: bets $6.42
Quahrino: folds 
Uncalled bet ($6.42) returned to tintin641
tintin641 collected $4.28 from pot
tintin641: doesn't show hand 
*** SUMMARY ***
Total pot $4.50 | Rake $0.22 
Board [5d Jc Th 2d]
Seat 1: EBoshered folded before Flop (didn't bet)
Seat 2: Quahrino folded on the Turn
Seat 3: Artero10 folded before Flop (didn't bet)
Seat 4: socito (button) folded before Flop (didn't bet)
Seat 5: 2cute4me2 (small blind) folded before Flop
Seat 6: tintin641 (big blind) collected ($4.28)



PokerStars Hand #254734275679:  Hold'em No Limit ($0.50/$1.00 USD) - 2025/02/06 15:24:02 WET [2025/02/06 10:24:02 ET]
Table 'Kochab II' 6-max Seat #5 is the button
Seat 1: EBoshered ($101.50 in chips) is sitting out
Seat 2: Quahrino ($103.10 in chips) 
Seat 3: Artero10 ($111.54 in chips) 
Seat 4: socito ($119.43 in chips) 
Seat 5: 2cute4me2 ($100 in chips) 
Seat 6: tintin641 ($114.67 in chips) 
tintin641: posts small blind $0.50
EBoshered: is sitting out 
Quahrino: posts big blind $1
*** HOLE CARDS ***
Artero10: folds 
socito: raises $1.50 to $2.50
2cute4me2: folds 
EBoshered leaves the table
tintin641: folds 
Quahrino: folds 
Uncalled bet ($1.50) returned to socito
socito collected $2.50 from pot
socito: doesn't show hand 
*** SUMMARY ***
Total pot $2.50 | Rake $0 
Seat 1: EBoshered
Seat 2: Quahrino (big blind) folded before Flop
Seat 3: Artero10 folded before Flop (didn't bet)
Seat 4: socito collected ($2.50)
Seat 5: 2cute4me2 (button) folded before Flop (didn't bet)
Seat 6: tintin641 (small blind) folded before Flop



PokerStars Hand #254734279185:  Hold'em No Limit ($0.50/$1.00 USD) - 2025/02/06 15:24:19 WET [2025/02/06 10:24:19 ET]
Table 'Kochab II' 6-max Seat #6 is the button
Seat 2: Quahrino ($102.10 in chips) 
Seat 3: Artero10 ($111.54 in chips) 
Seat 4: socito ($120.93 in chips) 
Seat 5: 2cute4me2 ($100 in chips) 
Seat 6: tintin641 ($114.17 in chips) 
Quahrino: posts small blind $0.50
Artero10: posts big blind $1
*** HOLE CARDS ***
socito: folds 
2cute4me2: folds 
tintin641: raises $1.50 to $2.50
Quahrino: folds 
Artero10: calls $1.50
*** FLOP *** [3s Th 8c]
Artero10: checks 
tintin641: checks 
*** TURN *** [3s Th 8c] [2d]
Artero10: bets $2.61
tintin641: folds 
Uncalled bet ($2.61) returned to Artero10
BadenBadenPH joins the table at seat #1 
Artero10 collected $5.22 from pot
BadenBadenPH is disconnected 
*** SUMMARY ***
Total pot $5.50 | Rake $0.28 
Board [3s Th 8c 2d]
Seat 2: Quahrino (small blind) folded before Flop
Seat 3: Artero10 (big blind) collected ($5.22)
Seat 4: socito folded before Flop (didn't bet)
Seat 5: 2cute4me2 folded before Flop (didn't bet)
Seat 6: tintin641 (button) folded on the Turn



PokerStars Hand #254734288809:  Hold'em No Limit ($0.50/$1.00 USD) - 2025/02/06 15:25:07 WET [2025/02/06 10:25:07 ET]
Table 'Kochab II' 6-max Seat #2 is the button
Seat 1: BadenBadenPH ($100 in chips) is sitting out
Seat 2: Quahrino ($101.60 in chips) 
Seat 3: Artero10 ($114.26 in chips) 
Seat 4: socito ($120.93 in chips) 
Seat 5: 2cute4me2 ($100 in chips) 
Seat 6: tintin641 ($111.67 in chips) 
Artero10: posts small blind $0.50
socito: posts big blind $1
BadenBadenPH: sits out 
*** HOLE CARDS ***
2cute4me2: folds 
tintin641: folds 
Quahrino: raises $1.70 to $2.70
Artero10: folds 
socito: calls $1.70
*** FLOP *** [Jc Ad As]
socito: checks 
Quahrino: bets $1.12
socito: calls $1.12
*** TURN *** [Jc Ad As] [4h]
socito: checks 
Quahrino: bets $3.87
socito: folds 
Uncalled bet ($3.87) returned to Quahrino
Quahrino collected $7.73 from pot
Quahrino: doesn't show hand 
*** SUMMARY ***
Total pot $8.14 | Rake $0.41 
Board [Jc Ad As 4h]
Seat 1: BadenBadenPH
Seat 2: Quahrino (button) collected ($7.73)
Seat 3: Artero10 (small blind) folded before Flop
Seat 4: socito (big blind) folded on the Turn
Seat 5: 2cute4me2 folded before Flop (didn't bet)
Seat 6: tintin641 folded before Flop (didn't bet)



PokerStars Hand #254734299203:  Hold'em No Limit ($0.50/$1.00 USD) - 2025/02/06 15:25:59 WET [2025/02/06 10:25:59 ET]
Table 'Kochab II' 6-max Seat #3 is the button
Seat 1: BadenBadenPH ($100 in chips) is sitting out
Seat 2: Quahrino ($105.51 in chips) 
Seat 3: Artero10 ($113.76 in chips) 
Seat 4: socito ($117.11 in chips) 
Seat 5: 2cute4me2 ($100 in chips) 
Seat 6: tintin641 ($111.67 in chips) 
socito: posts small blind $0.50
2cute4me2: posts big blind $1
BadenBadenPH: sits out 
*** HOLE CARDS ***
tintin641: folds 
Quahrino: raises $1.30 to $2.30
Artero10: folds 
socito: folds 
2cute4me2: folds 
Uncalled bet ($1.30) returned to Quahrino
Quahrino collected $2.50 from pot
Quahrino: doesn't show hand 
*** SUMMARY ***
Total pot $2.50 | Rake $0 
Seat 1: BadenBadenPH
Seat 2: Quahrino collected ($2.50)
Seat 3: Artero10 (button) folded before Flop (didn't bet)
Seat 4: socito (small blind) folded before Flop
Seat 5: 2cute4me2 (big blind) folded before Flop
Seat 6: tintin641 folded before Flop (didn't bet)



PokerStars Hand #254734302446:  Hold'em No Limit ($0.50/$1.00 USD) - 2025/02/06 15:26:15 WET [2025/02/06 10:26:15 ET]
Table 'Kochab II' 6-max Seat #4 is the button
Seat 1: BadenBadenPH ($100 in chips) is sitting out
Seat 2: Quahrino ($107.01 in chips) 
Seat 3: Artero10 ($113.76 in chips) 
Seat 4: socito ($116.61 in chips) 
Seat 5: 2cute4me2 ($100 in chips) 
Seat 6: tintin641 ($111.67 in chips) 
2cute4me2: posts small blind $0.50
tintin641: posts big blind $1
BadenBadenPH: sits out 
*** HOLE CARDS ***
Quahrino: folds 
Artero10: folds 
socito: folds 
2cute4me2: folds 
Uncalled bet ($0.50) returned to tintin641
tintin641 collected $1 from pot
tintin641: doesn't show hand 
*** SUMMARY ***
Total pot $1 | Rake $0 
Seat 1: BadenBadenPH
Seat 2: Quahrino folded before Flop (didn't bet)
Seat 3: Artero10 folded before Flop (didn't bet)
Seat 4: socito (button) folded before Flop (didn't bet)
Seat 5: 2cute4me2 (small blind) folded before Flop
Seat 6: tintin641 (big blind) collected ($1)



PokerStars Hand #254734305713:  Hold'em No Limit ($0.50/$1.00 USD) - 2025/02/06 15:26:31 WET [2025/02/06 10:26:31 ET]
Table 'Kochab II' 6-max Seat #5 is the button
Seat 1: BadenBadenPH ($100 in chips) 
Seat 2: Quahrino ($107.01 in chips) 
Seat 3: Artero10 ($113.76 in chips) 
Seat 4: socito ($116.61 in chips) 
Seat 5: 2cute4me2 ($100 in chips) 
Seat 6: tintin641 ($112.17 in chips) 
tintin641: posts small blind $0.50
BadenBadenPH: posts big blind $1
*** HOLE CARDS ***
Quahrino: folds 
Artero10: folds 
socito: raises $1.50 to $2.50
2cute4me2: folds 
tintin641: folds 
BadenBadenPH: folds 
Uncalled bet ($1.50) returned to socito
socito collected $2.50 from pot
socito: doesn't show hand 
*** SUMMARY ***
Total pot $2.50 | Rake $0 
Seat 1: BadenBadenPH (big blind) folded before Flop
Seat 2: Quahrino folded before Flop (didn't bet)
Seat 3: Artero10 folded before Flop (didn't bet)
Seat 4: socito collected ($2.50)
Seat 5: 2cute4me2 (button) folded before Flop (didn't bet)
Seat 6: tintin641 (small blind) folded before Flop



PokerStars Hand #254734309741:  Hold'em No Limit ($0.50/$1.00 USD) - 2025/02/06 15:26:51 WET [2025/02/06 10:26:51 ET]
Table 'Kochab II' 6-max Seat #6 is the button
Seat 1: BadenBadenPH ($99 in chips) 
Seat 2: Quahrino ($107.01 in chips) 
Seat 3: Artero10 ($113.76 in chips) 
Seat 4: socito ($118.11 in chips) 
Seat 5: 2cute4me2 ($100 in chips) 
Seat 6: tintin641 ($111.67 in chips) 
BadenBadenPH: posts small blind $0.50
Quahrino: posts big blind $1
*** HOLE CARDS ***
Artero10: folds 
socito: folds 
2cute4me2: folds 
tintin641: folds 
BadenBadenPH: folds 
Uncalled bet ($0.50) returned to Quahrino
Quahrino collected $1 from pot
Quahrino: doesn't show hand 
*** SUMMARY ***
Total pot $1 | Rake $0 
Seat 1: BadenBadenPH (small blind) folded before Flop
Seat 2: Quahrino (big blind) collected ($1)
Seat 3: Artero10 folded before Flop (didn't bet)
Seat 4: socito folded before Flop (didn't bet)
Seat 5: 2cute4me2 folded before Flop (didn't bet)
Seat 6: tintin641 (button) folded before Flop (didn't bet)



PokerStars Hand #254734313676:  Hold'em No Limit ($0.50/$1.00 USD) - 2025/02/06 15:27:11 WET [2025/02/06 10:27:11 ET]
Table 'Kochab II' 6-max Seat #1 is the button
Seat 1: BadenBadenPH ($98.50 in chips) 
Seat 2: Quahrino ($107.51 in chips) 
Seat 3: Artero10 ($113.76 in chips) 
Seat 4: socito ($118.11 in chips) 
Seat 5: 2cute4me2 ($100 in chips) 
Seat 6: tintin641 ($111.67 in chips) 
Quahrino: posts small blind $0.50
Artero10: posts big blind $1
*** HOLE CARDS ***
socito: folds 
2cute4me2: folds 
tintin641: folds 
BadenBadenPH: raises $1.50 to $2.50
Quahrino: folds 
Artero10: calls $1.50
*** FLOP *** [3s Js Qs]
Artero10: checks 
BadenBadenPH: bets $1.50
Artero10: calls $1.50
*** TURN *** [3s Js Qs] [4d]
Artero10: checks 
BadenBadenPH: bets $3.04
Artero10: calls $3.04
*** RIVER *** [3s Js Qs 4d] [Qh]
Artero10: checks 
BadenBadenPH: checks 
*** SHOW DOWN ***
Artero10: shows [Jd As] (two pair, Queens and Jacks)
BadenBadenPH: mucks hand 
Artero10 collected $13.85 from pot
*** SUMMARY ***
Total pot $14.58 | Rake $0.73 
Board [3s Js Qs 4d Qh]
Seat 1: BadenBadenPH (button) mucked
Seat 2: Quahrino (small blind) folded before Flop
Seat 3: Artero10 (big blind) showed [Jd As] and won ($13.85) with two pair, Queens and Jacks
Seat 4: socito folded before Flop (didn't bet)
Seat 5: 2cute4me2 folded before Flop (didn't bet)
Seat 6: tintin641 folded before Flop (didn't bet)



PokerStars Hand #254734325848:  Hold'em No Limit ($0.50/$1.00 USD) - 2025/02/06 15:28:12 WET [2025/02/06 10:28:12 ET]
Table 'Kochab II' 6-max Seat #2 is the button
Seat 1: BadenBadenPH ($91.46 in chips) 
Seat 2: Quahrino ($107.01 in chips) 
Seat 3: Artero10 ($120.57 in chips) 
Seat 4: socito ($118.11 in chips) 
Seat 5: 2cute4me2 ($100 in chips) 
Seat 6: tintin641 ($111.67 in chips) 
Artero10: posts small blind $0.50
socito: posts big blind $1
*** HOLE CARDS ***
2cute4me2: folds 
tintin641: folds 
BadenBadenPH: folds 
Quahrino: folds 
Artero10: folds 
Uncalled bet ($0.50) returned to socito
socito collected $1 from pot
socito: doesn't show hand 
*** SUMMARY ***
Total pot $1 | Rake $0 
Seat 1: BadenBadenPH folded before Flop (didn't bet)
Seat 2: Quahrino (button) folded before Flop (didn't bet)
Seat 3: Artero10 (small blind) folded before Flop
Seat 4: socito (big blind) collected ($1)
Seat 5: 2cute4me2 folded before Flop (didn't bet)
Seat 6: tintin641 folded before Flop (didn't bet)



PokerStars Hand #254734329335:  Hold'em No Limit ($0.50/$1.00 USD) - 2025/02/06 15:28:30 WET [2025/02/06 10:28:30 ET]
Table 'Kochab II' 6-max Seat #3 is the button
Seat 1: BadenBadenPH ($91.46 in chips) 
Seat 2: Quahrino ($107.01 in chips) 
Seat 3: Artero10 ($120.07 in chips) 
Seat 4: socito ($118.61 in chips) 
Seat 5: 2cute4me2 ($100 in chips) 
Seat 6: tintin641 ($111.67 in chips) 
socito: posts small blind $0.50
2cute4me2: posts big blind $1
*** HOLE CARDS ***
tintin641: folds 
BadenBadenPH: folds 
Quahrino: raises $1.30 to $2.30
Artero10: calls $2.30
socito: folds 
2cute4me2: folds 
*** FLOP *** [Qh 5s 7c]
Quahrino: checks 
Artero10: checks 
*** TURN *** [Qh 5s 7c] [Tc]
Quahrino: checks 
Artero10: bets $2.90
Quahrino: folds 
Uncalled bet ($2.90) returned to Artero10
Artero10 collected $5.80 from pot
*** SUMMARY ***
Total pot $6.10 | Rake $0.30 
Board [Qh 5s 7c Tc]
Seat 1: BadenBadenPH folded before Flop (didn't bet)
Seat 2: Quahrino folded on the Turn
Seat 3: Artero10 (button) collected ($5.80)
Seat 4: socito (small blind) folded before Flop
Seat 5: 2cute4me2 (big blind) folded before Flop
Seat 6: tintin641 folded before Flop (didn't bet)



PokerStars Hand #254734340055:  Hold'em No Limit ($0.50/$1.00 USD) - 2025/02/06 15:29:24 WET [2025/02/06 10:29:24 ET]
Table 'Kochab II' 6-max Seat #4 is the button
Seat 1: BadenBadenPH ($91.46 in chips) 
Seat 2: Quahrino ($104.71 in chips) 
Seat 3: Artero10 ($123.57 in chips) 
Seat 4: socito ($118.11 in chips) 
Seat 5: 2cute4me2 ($100 in chips) 
Seat 6: tintin641 ($111.67 in chips) 
2cute4me2: posts small blind $0.50
tintin641: posts big blind $1
*** HOLE CARDS ***
BadenBadenPH: folds 
Quahrino: folds 
Artero10: raises $1.50 to $2.50
socito: folds 
2cute4me2: folds 
tintin641: folds 
Uncalled bet ($1.50) returned to Artero10
Artero10 collected $2.50 from pot
*** SUMMARY ***
Total pot $2.50 | Rake $0 
Seat 1: BadenBadenPH folded before Flop (didn't bet)
Seat 2: Quahrino folded before Flop (didn't bet)
Seat 3: Artero10 collected ($2.50)
Seat 4: socito (button) folded before Flop (didn't bet)
Seat 5: 2cute4me2 (small blind) folded before Flop
Seat 6: tintin641 (big blind) folded before Flop



PokerStars Hand #254734343664:  Hold'em No Limit ($0.50/$1.00 USD) - 2025/02/06 15:29:42 WET [2025/02/06 10:29:42 ET]
Table 'Kochab II' 6-max Seat #5 is the button
Seat 1: BadenBadenPH ($91.46 in chips) 
Seat 2: Quahrino ($104.71 in chips) 
Seat 3: Artero10 ($125.07 in chips) 
Seat 4: socito ($118.11 in chips) 
Seat 5: 2cute4me2 ($100 in chips) 
Seat 6: tintin641 ($110.67 in chips) 
tintin641: posts small blind $0.50
BadenBadenPH: posts big blind $1
*** HOLE CARDS ***
Quahrino: raises $1 to $2
Artero10: folds 
socito: raises $5 to $7
2cute4me2: folds 
tintin641: folds 
BadenBadenPH: folds 
Quahrino: folds 
Uncalled bet ($5) returned to socito
socito collected $5.50 from pot
socito: doesn't show hand 
*** SUMMARY ***
Total pot $5.50 | Rake $0 
Seat 1: BadenBadenPH (big blind) folded before Flop
Seat 2: Quahrino folded before Flop
Seat 3: Artero10 folded before Flop (didn't bet)
Seat 4: socito collected ($5.50)
Seat 5: 2cute4me2 (button) folded before Flop (didn't bet)
Seat 6: tintin641 (small blind) folded before Flop



PokerStars Hand #254734347316:  Hold'em No Limit ($0.50/$1.00 USD) - 2025/02/06 15:30:00 WET [2025/02/06 10:30:00 ET]
Table 'Kochab II' 6-max Seat #6 is the button
Seat 1: BadenBadenPH ($90.46 in chips) 
Seat 2: Quahrino ($102.71 in chips) 
Seat 3: Artero10 ($125.07 in chips) 
Seat 4: socito ($121.61 in chips) 
Seat 5: 2cute4me2 ($100 in chips) 
Seat 6: tintin641 ($110.17 in chips) 
BadenBadenPH: posts small blind $0.50
Quahrino: posts big blind $1
*** HOLE CARDS ***
Artero10: folds 
socito: folds 
2cute4me2: folds 
tintin641: raises $1.50 to $2.50
BadenBadenPH: folds 
Quahrino: raises $10.50 to $13
tintin641: folds 
Uncalled bet ($10.50) returned to Quahrino
Quahrino collected $5.50 from pot
Quahrino: doesn't show hand 
*** SUMMARY ***
Total pot $5.50 | Rake $0 
Seat 1: BadenBadenPH (small blind) folded before Flop
Seat 2: Quahrino (big blind) collected ($5.50)
Seat 3: Artero10 folded before Flop (didn't bet)
Seat 4: socito folded before Flop (didn't bet)
Seat 5: 2cute4me2 folded before Flop (didn't bet)
Seat 6: tintin641 (button) folded before Flop



PokerStars Hand #254734356598:  Hold'em No Limit ($0.50/$1.00 USD) - 2025/02/06 15:30:46 WET [2025/02/06 10:30:46 ET]
Table 'Kochab II' 6-max Seat #1 is the button
Seat 1: BadenBadenPH ($89.96 in chips) 
Seat 2: Quahrino ($105.71 in chips) 
Seat 3: Artero10 ($125.07 in chips) 
Seat 4: socito ($121.61 in chips) 
Seat 5: 2cute4me2 ($100 in chips) 
Seat 6: tintin641 ($107.67 in chips) 
Quahrino: posts small blind $0.50
Artero10: posts big blind $1
*** HOLE CARDS ***
socito: raises $1.50 to $2.50
2cute4me2: folds 
tintin641: folds 
BadenBadenPH: folds 
Quahrino: folds 
Artero10: folds 
Uncalled bet ($1.50) returned to socito
socito collected $2.50 from pot
socito: doesn't show hand 
*** SUMMARY ***
Total pot $2.50 | Rake $0 
Seat 1: BadenBadenPH (button) folded before Flop (didn't bet)
Seat 2: Quahrino (small blind) folded before Flop
Seat 3: Artero10 (big blind) folded before Flop
Seat 4: socito collected ($2.50)
Seat 5: 2cute4me2 folded before Flop (didn't bet)
Seat 6: tintin641 folded before Flop (didn't bet)



PokerStars Hand #254734362494:  Hold'em No Limit ($0.50/$1.00 USD) - 2025/02/06 15:31:16 WET [2025/02/06 10:31:16 ET]
Table 'Kochab II' 6-max Seat #2 is the button
Seat 1: BadenBadenPH ($89.96 in chips) 
Seat 2: Quahrino ($105.21 in chips) 
Seat 3: Artero10 ($124.07 in chips) 
Seat 4: socito ($123.11 in chips) 
Seat 5: 2cute4me2 ($100 in chips) 
Seat 6: tintin641 ($107.67 in chips) 
Artero10: posts small blind $0.50
socito: posts big blind $1
*** HOLE CARDS ***
2cute4me2: folds 
tintin641: raises $1.50 to $2.50
BadenBadenPH: raises $6.50 to $9
Quahrino: folds 
Artero10: folds 
socito: folds 
tintin641: folds 
Uncalled bet ($6.50) returned to BadenBadenPH
BadenBadenPH collected $6.50 from pot
*** SUMMARY ***
Total pot $6.50 | Rake $0 
Seat 1: BadenBadenPH collected ($6.50)
Seat 2: Quahrino (button) folded before Flop (didn't bet)
Seat 3: Artero10 (small blind) folded before Flop
Seat 4: socito (big blind) folded before Flop
Seat 5: 2cute4me2 folded before Flop (didn't bet)
Seat 6: tintin641 folded before Flop



PokerStars Hand #254734366133:  Hold'em No Limit ($0.50/$1.00 USD) - 2025/02/06 15:31:34 WET [2025/02/06 10:31:34 ET]
Table 'Kochab II' 6-max Seat #3 is the button
Seat 1: BadenBadenPH ($93.96 in chips) 
Seat 2: Quahrino ($105.21 in chips) 
Seat 3: Artero10 ($123.57 in chips) 
Seat 4: socito ($122.11 in chips) 
Seat 5: 2cute4me2 ($100 in chips) 
Seat 6: tintin641 ($105.17 in chips) 
socito: posts small blind $0.50
2cute4me2: posts big blind $1
*** HOLE CARDS ***
tintin641: folds 
BadenBadenPH: folds 
Quahrino: folds 
Artero10: raises $1.50 to $2.50
socito: folds 
2cute4me2: calls $1.50
*** FLOP *** [7c Kd Tc]
2cute4me2: checks 
Artero10: bets $1.50
2cute4me2: calls $1.50
*** TURN *** [7c Kd Tc] [2c]
2cute4me2: checks 
Artero10: checks 
*** RIVER *** [7c Kd Tc 2c] [8s]
2cute4me2: checks 
Artero10: bets $6.50
2cute4me2: folds 
Uncalled bet ($6.50) returned to Artero10
Artero10 collected $8.08 from pot
*** SUMMARY ***
Total pot $8.50 | Rake $0.42 
Board [7c Kd Tc 2c 8s]
Seat 1: BadenBadenPH folded before Flop (didn't bet)
Seat 2: Quahrino folded before Flop (didn't bet)
Seat 3: Artero10 (button) collected ($8.08)
Seat 4: socito (small blind) folded before Flop
Seat 5: 2cute4me2 (big blind) folded on the River
Seat 6: tintin641 folded before Flop (didn't bet)



PokerStars Hand #254734385498:  Hold'em No Limit ($0.50/$1.00 USD) - 2025/02/06 15:33:11 WET [2025/02/06 10:33:11 ET]
Table 'Kochab II' 6-max Seat #4 is the button
Seat 6: tintin641 ($105.17 in chips) is sitting out
Seat 1: BadenBadenPH ($93.96 in chips) 
Seat 2: Quahrino ($105.21 in chips) 
Seat 3: Artero10 ($127.65 in chips) 
Seat 4: socito ($121.61 in chips) 
Seat 5: 2cute4me2 ($100 in chips) 
2cute4me2: posts small blind $0.50
tintin641: is sitting out 
BadenBadenPH: posts big blind $1
*** HOLE CARDS ***
Quahrino: folds 
tintin641 leaves the table
Artero10: folds 
socito: raises $1.50 to $2.50
2cute4me2: folds 
BadenBadenPH: calls $1.50
*** FLOP *** [8d 6d 4d]
BadenBadenPH: checks 
socito: checks 
*** TURN *** [8d 6d 4d] [Qh]
BadenBadenPH: bets $3.61
socito: calls $3.61
*** RIVER *** [8d 6d 4d Qh] [2c]
BadenBadenPH: checks 
socito: checks 
*** SHOW DOWN ***
BadenBadenPH: shows [Tc 9h] (high card Queen)
socito: shows [Ah Qs] (a pair of Queens)
socito collected $12.08 from pot
*** SUMMARY ***
Total pot $12.72 | Rake $0.64 
Board [8d 6d 4d Qh 2c]
Seat 6: tintin641
Seat 1: BadenBadenPH (big blind) showed [Tc 9h] and lost with high card Queen
Seat 2: Quahrino folded before Flop (didn't bet)
Seat 3: Artero10 folded before Flop (didn't bet)
Seat 4: socito (button) showed [Ah Qs] and won ($12.08) with a pair of Queens
Seat 5: 2cute4me2 (small blind) folded before Flop



PokerStars Hand #254734398745:  Hold'em No Limit ($0.50/$1.00 USD) - 2025/02/06 15:34:16 WET [2025/02/06 10:34:16 ET]
Table 'Kochab II' 6-max Seat #5 is the button
Seat 1: BadenBadenPH ($87.85 in chips) 
Seat 2: Quahrino ($105.21 in chips) 
Seat 3: Artero10 ($127.65 in chips) 
Seat 4: socito ($127.58 in chips) 
Seat 5: 2cute4me2 ($100 in chips) 
BadenBadenPH: posts small blind $0.50
Quahrino: posts big blind $1
*** HOLE CARDS ***
Artero10: folds 
socito: folds 
2cute4me2: raises $1.50 to $2.50
BadenBadenPH: folds 
Quahrino: folds 
Uncalled bet ($1.50) returned to 2cute4me2
2cute4me2 collected $2.50 from pot
2cute4me2: doesn't show hand 
*** SUMMARY ***
Total pot $2.50 | Rake $0 
Seat 1: BadenBadenPH (small blind) folded before Flop
Seat 2: Quahrino (big blind) folded before Flop
Seat 3: Artero10 folded before Flop (didn't bet)
Seat 4: socito folded before Flop (didn't bet)
Seat 5: 2cute4me2 (button) collected ($2.50)



PokerStars Hand #254734402737:  Hold'em No Limit ($0.50/$1.00 USD) - 2025/02/06 15:34:36 WET [2025/02/06 10:34:36 ET]
Table 'Kochab II' 6-max Seat #1 is the button
Seat 1: BadenBadenPH ($87.35 in chips) 
Seat 2: Quahrino ($104.21 in chips) 
Seat 3: Artero10 ($127.65 in chips) 
Seat 4: socito ($127.58 in chips) 
Seat 5: 2cute4me2 ($101.50 in chips) 
Quahrino: posts small blind $0.50
Artero10: posts big blind $1
*** HOLE CARDS ***
socito: raises $1.50 to $2.50
AlexEliseev7 joins the table at seat #6 
2cute4me2: raises $5.50 to $8
BadenBadenPH: folds 
Quahrino: folds 
Artero10: folds 
socito: folds 
Uncalled bet ($5.50) returned to 2cute4me2
2cute4me2 collected $6.50 from pot
2cute4me2: doesn't show hand 
*** SUMMARY ***
Total pot $6.50 | Rake $0 
Seat 1: BadenBadenPH (button) folded before Flop (didn't bet)
Seat 2: Quahrino (small blind) folded before Flop
Seat 3: Artero10 (big blind) folded before Flop
Seat 4: socito folded before Flop
Seat 5: 2cute4me2 collected ($6.50)



PokerStars Hand #254734409045:  Hold'em No Limit ($0.50/$1.00 USD) - 2025/02/06 15:35:08 WET [2025/02/06 10:35:08 ET]
Table 'Kochab II' 6-max Seat #2 is the button
Seat 6: AlexEliseev7 ($100 in chips) is sitting out
Seat 1: BadenBadenPH ($87.35 in chips) 
Seat 2: Quahrino ($103.71 in chips) 
Seat 3: Artero10 ($126.65 in chips) 
Seat 4: socito ($125.08 in chips) 
Seat 5: 2cute4me2 ($105.50 in chips) 
Artero10: posts small blind $0.50
socito: posts big blind $1
AlexEliseev7: sits out 
*** HOLE CARDS ***
2cute4me2: folds 
BadenBadenPH: folds 
Quahrino: folds 
Artero10: raises $2 to $3
socito: calls $2
*** FLOP *** [6h 3h 8h]
Artero10: bets $2
socito: calls $2
*** TURN *** [6h 3h 8h] [Qc]
Artero10: checks 
socito: checks 
*** RIVER *** [6h 3h 8h Qc] [4d]
Artero10: bets $15.50
socito: folds 
Uncalled bet ($15.50) returned to Artero10
Artero10 collected $9.50 from pot
*** SUMMARY ***
Total pot $10 | Rake $0.50 
Board [6h 3h 8h Qc 4d]
Seat 6: AlexEliseev7
Seat 1: BadenBadenPH folded before Flop (didn't bet)
Seat 2: Quahrino (button) folded before Flop (didn't bet)
Seat 3: Artero10 (small blind) collected ($9.50)
Seat 4: socito (big blind) folded on the River
Seat 5: 2cute4me2 folded before Flop (didn't bet)



PokerStars Hand #254734428408:  Hold'em No Limit ($0.50/$1.00 USD) - 2025/02/06 15:36:43 WET [2025/02/06 10:36:43 ET]
Table 'Kochab II' 6-max Seat #3 is the button
Seat 6: AlexEliseev7 ($100 in chips) is sitting out
Seat 1: BadenBadenPH ($87.35 in chips) 
Seat 2: Quahrino ($103.71 in chips) 
Seat 3: Artero10 ($131.15 in chips) 
Seat 4: socito ($120.08 in chips) 
Seat 5: 2cute4me2 ($105.50 in chips) 
socito: posts small blind $0.50
2cute4me2: posts big blind $1
AlexEliseev7: sits out 
*** HOLE CARDS ***
BadenBadenPH: folds 
Quahrino: folds 
Artero10: folds 
socito: folds 
Uncalled bet ($0.50) returned to 2cute4me2
2cute4me2 collected $1 from pot
2cute4me2: doesn't show hand 
*** SUMMARY ***
Total pot $1 | Rake $0 
Seat 6: AlexEliseev7
Seat 1: BadenBadenPH folded before Flop (didn't bet)
Seat 2: Quahrino folded before Flop (didn't bet)
Seat 3: Artero10 (button) folded before Flop (didn't bet)
Seat 4: socito (small blind) folded before Flop
Seat 5: 2cute4me2 (big blind) collected ($1)



PokerStars Hand #254734431262:  Hold'em No Limit ($0.50/$1.00 USD) - 2025/02/06 15:36:58 WET [2025/02/06 10:36:58 ET]
Table 'Kochab II' 6-max Seat #4 is the button
Seat 1: BadenBadenPH ($100 in chips) 
Seat 2: Quahrino ($103.71 in chips) 
Seat 3: Artero10 ($131.15 in chips) 
Seat 4: socito ($119.58 in chips) 
Seat 5: 2cute4me2 ($106 in chips) 
Seat 6: AlexEliseev7 ($100 in chips) 
2cute4me2: posts small blind $0.50
AlexEliseev7: posts big blind $1
*** HOLE CARDS ***
BadenBadenPH: raises $1 to $2
Quahrino: raises $4 to $6
Artero10: folds 
socito: folds 
2cute4me2: folds 
AlexEliseev7: folds 
BadenBadenPH: raises $10.50 to $16.50
Quahrino: calls $10.50
*** FLOP *** [6s 7h 6c]
BadenBadenPH: bets $16.39
Quahrino: calls $16.39
*** TURN *** [6s 7h 6c] [8c]
BadenBadenPH: bets $67.11 and is all-in
Quahrino: calls $67.11
BadenBadenPH has timed out
*** RIVER *** [6s 7h 6c 8c] [Ks]
*** SHOW DOWN ***
BadenBadenPH: shows [2c 2s] (two pair, Sixes and Deuces)
Quahrino: shows [Tc Th] (two pair, Tens and Sixes)
Quahrino collected $199 from pot
*** SUMMARY ***
Total pot $201.50 | Rake $2.50 
Board [6s 7h 6c 8c Ks]
Seat 1: BadenBadenPH showed [2c 2s] and lost with two pair, Sixes and Deuces
Seat 2: Quahrino showed [Tc Th] and won ($199) with two pair, Tens and Sixes
Seat 3: Artero10 folded before Flop (didn't bet)
Seat 4: socito (button) folded before Flop (didn't bet)
Seat 5: 2cute4me2 (small blind) folded before Flop
Seat 6: AlexEliseev7 (big blind) folded before Flop



PokerStars Hand #254734454818:  Hold'em No Limit ($0.50/$1.00 USD) - 2025/02/06 15:38:55 WET [2025/02/06 10:38:55 ET]
Table 'Kochab II' 6-max Seat #5 is the button
Seat 1: BadenBadenPH ($0 in chips) is sitting out
Seat 2: Quahrino ($202.71 in chips) 
Seat 3: Artero10 ($131.15 in chips) 
Seat 4: socito ($119.58 in chips) 
Seat 5: 2cute4me2 ($105.50 in chips) 
Seat 6: AlexEliseev7 ($100 in chips) 
AlexEliseev7: posts small blind $0.50
Quahrino: posts big blind $1
*** HOLE CARDS ***
Artero10: raises $1.50 to $2.50
BadenBadenPH leaves the table
socito: calls $2.50
2cute4me2: folds 
AlexEliseev7: folds 
Quahrino: folds 
*** FLOP *** [Ad 8c 6d]
Joe_Li7 joins the table at seat #1 
Artero10: checks 
socito: bets $2.04
Artero10: folds 
Uncalled bet ($2.04) returned to socito
socito collected $6.18 from pot
socito: doesn't show hand 
*** SUMMARY ***
Total pot $6.50 | Rake $0.32 
Board [Ad 8c 6d]
Seat 1: BadenBadenPH
Seat 2: Quahrino (big blind) folded before Flop
Seat 3: Artero10 folded on the Flop
Seat 4: socito collected ($6.18)
Seat 5: 2cute4me2 (button) folded before Flop (didn't bet)
Seat 6: AlexEliseev7 (small blind) folded before Flop



PokerStars Hand #254734469180:  Hold'em No Limit ($0.50/$1.00 USD) - 2025/02/06 15:40:06 WET [2025/02/06 10:40:06 ET]
Table 'Kochab II' 6-max Seat #6 is the button
Seat 1: Joe_Li7 ($100 in chips) is sitting out
Seat 2: Quahrino ($201.71 in chips) 
Seat 3: Artero10 ($128.65 in chips) 
Seat 4: socito ($123.26 in chips) 
Seat 5: 2cute4me2 ($105.50 in chips) 
Seat 6: AlexEliseev7 ($100 in chips) 
Quahrino: posts small blind $0.50
Artero10: posts big blind $1
*** HOLE CARDS ***
socito: folds 
2cute4me2: folds 
AlexEliseev7: raises $1.50 to $2.50
Quahrino: folds 
Artero10: calls $1.50
*** FLOP *** [Kc 9h 7d]
Artero10: checks 
AlexEliseev7: bets $1.72
Artero10: calls $1.72
*** TURN *** [Kc 9h 7d] [9d]
Artero10: bets $2
AlexEliseev7: calls $2
*** RIVER *** [Kc 9h 7d 9d] [6h]
Artero10: bets $7
AlexEliseev7: folds 
Uncalled bet ($7) returned to Artero10
Artero10 collected $12.29 from pot
*** SUMMARY ***
Total pot $12.94 | Rake $0.65 
Board [Kc 9h 7d 9d 6h]
Seat 1: Joe_Li7
Seat 2: Quahrino (small blind) folded before Flop
Seat 3: Artero10 (big blind) collected ($12.29)
Seat 4: socito folded before Flop (didn't bet)
Seat 5: 2cute4me2 folded before Flop (didn't bet)
Seat 6: AlexEliseev7 (button) folded on the River



PokerStars Hand #254734482104:  Hold'em No Limit ($0.50/$1.00 USD) - 2025/02/06 15:41:10 WET [2025/02/06 10:41:10 ET]
Table 'Kochab II' 6-max Seat #2 is the button
Seat 1: Joe_Li7 ($100 in chips) is sitting out
Seat 2: Quahrino ($201.21 in chips) 
Seat 3: Artero10 ($134.72 in chips) 
Seat 4: socito ($123.26 in chips) 
Seat 5: 2cute4me2 ($105.50 in chips) 
Seat 6: AlexEliseev7 ($100 in chips) 
Artero10: posts small blind $0.50
socito: posts big blind $1
Joe_Li7: sits out 
*** HOLE CARDS ***
2cute4me2: folds 
AlexEliseev7: folds 
Quahrino: raises $1.70 to $2.70
Artero10: calls $2.20
socito: calls $1.70
*** FLOP *** [7s 2d 8d]
Artero10: checks 
socito: checks 
Quahrino: checks 
*** TURN *** [7s 2d 8d] [5d]
Artero10: checks 
socito: checks 
Quahrino: checks 
*** RIVER *** [7s 2d 8d 5d] [3c]
Artero10: bets $6
socito: folds 
Quahrino: folds 
Uncalled bet ($6) returned to Artero10
Artero10 collected $7.70 from pot
*** SUMMARY ***
Total pot $8.10 | Rake $0.40 
Board [7s 2d 8d 5d 3c]
Seat 1: Joe_Li7
Seat 2: Quahrino (button) folded on the River
Seat 3: Artero10 (small blind) collected ($7.70)
Seat 4: socito (big blind) folded on the River
Seat 5: 2cute4me2 folded before Flop (didn't bet)
Seat 6: AlexEliseev7 folded before Flop (didn't bet)



PokerStars Hand #254734497118:  Hold'em No Limit ($0.50/$1.00 USD) - 2025/02/06 15:42:24 WET [2025/02/06 10:42:24 ET]
Table 'Kochab II' 6-max Seat #3 is the button
Seat 1: Joe_Li7 ($100 in chips) is sitting out
Seat 2: Quahrino ($198.51 in chips) 
Seat 3: Artero10 ($139.72 in chips) 
Seat 4: socito ($120.56 in chips) 
Seat 5: 2cute4me2 ($105.50 in chips) 
Seat 6: AlexEliseev7 ($100 in chips) 
socito: posts small blind $0.50
2cute4me2: posts big blind $1
Joe_Li7: sits out 
*** HOLE CARDS ***
AlexEliseev7: folds 
Quahrino: folds 
Artero10: folds 
socito: folds 
Uncalled bet ($0.50) returned to 2cute4me2
2cute4me2 collected $1 from pot
2cute4me2: doesn't show hand 
*** SUMMARY ***
Total pot $1 | Rake $0 
Seat 1: Joe_Li7
Seat 2: Quahrino folded before Flop (didn't bet)
Seat 3: Artero10 (button) folded before Flop (didn't bet)
Seat 4: socito (small blind) folded before Flop
Seat 5: 2cute4me2 (big blind) collected ($1)
Seat 6: AlexEliseev7 folded before Flop (didn't bet)



PokerStars Hand #254734499372:  Hold'em No Limit ($0.50/$1.00 USD) - 2025/02/06 15:42:35 WET [2025/02/06 10:42:35 ET]
Table 'Kochab II' 6-max Seat #4 is the button
Seat 6: AlexEliseev7 ($100 in chips) is sitting out
Seat 1: Joe_Li7 ($100 in chips) 
Seat 2: Quahrino ($198.51 in chips) 
Seat 3: Artero10 ($139.72 in chips) 
Seat 4: socito ($120.06 in chips) 
Seat 5: 2cute4me2 ($106 in chips) 
2cute4me2: posts small blind $0.50
AlexEliseev7: is sitting out 
Joe_Li7: posts big blind $1
*** HOLE CARDS ***
Quahrino: folds 
Artero10: folds 
AlexEliseev7 leaves the table
xxxZeka joins the table at seat #6 
socito: folds 
2cute4me2: folds 
Uncalled bet ($0.50) returned to Joe_Li7
Joe_Li7 collected $1 from pot
*** SUMMARY ***
Total pot $1 | Rake $0 
Seat 6: AlexEliseev7
Seat 1: Joe_Li7 (big blind) collected ($1)
Seat 2: Quahrino folded before Flop (didn't bet)
Seat 3: Artero10 folded before Flop (didn't bet)
Seat 4: socito (button) folded before Flop (didn't bet)
Seat 5: 2cute4me2 (small blind) folded before Flop



PokerStars Hand #254734502653:  Hold'em No Limit ($0.50/$1.00 USD) - 2025/02/06 15:42:51 WET [2025/02/06 10:42:51 ET]
Table 'Kochab II' 6-max Seat #5 is the button
Seat 6: xxxZeka ($100 in chips) is sitting out
Seat 1: Joe_Li7 ($100.50 in chips) 
Seat 2: Quahrino ($198.51 in chips) 
Seat 3: Artero10 ($139.72 in chips) 
Seat 4: socito ($120.06 in chips) 
Seat 5: 2cute4me2 ($105.50 in chips) 
Joe_Li7: posts small blind $0.50
Quahrino: posts big blind $1
*** HOLE CARDS ***
Artero10: folds 
socito: folds 
2cute4me2: folds 
Joe_Li7: folds 
Uncalled bet ($0.50) returned to Quahrino
Quahrino collected $1 from pot
Quahrino: doesn't show hand 
*** SUMMARY ***
Total pot $1 | Rake $0 
Seat 6: xxxZeka
Seat 1: Joe_Li7 (small blind) folded before Flop
Seat 2: Quahrino (big blind) collected ($1)
Seat 3: Artero10 folded before Flop (didn't bet)
Seat 4: socito folded before Flop (didn't bet)
Seat 5: 2cute4me2 (button) folded before Flop (didn't bet)



PokerStars Hand #254734507027:  Hold'em No Limit ($0.50/$1.00 USD) - 2025/02/06 15:43:13 WET [2025/02/06 10:43:13 ET]
Table 'Kochab II' 6-max Seat #1 is the button
Seat 6: xxxZeka ($100 in chips) is sitting out
Seat 1: Joe_Li7 ($100 in chips) 
Seat 2: Quahrino ($199.01 in chips) 
Seat 3: Artero10 ($139.72 in chips) 
Seat 4: socito ($120.06 in chips) 
Seat 5: 2cute4me2 ($105.50 in chips) 
Quahrino: posts small blind $0.50
Artero10: posts big blind $1
xxxZeka: sits out 
*** HOLE CARDS ***
socito: folds 
2cute4me2: folds 
Joe_Li7: folds 
Quahrino: raises $2 to $3
Artero10: raises $6.50 to $9.50
Quahrino: calls $6.50
*** FLOP *** [6c 5c 9d]
Quahrino: checks 
Artero10: checks 
*** TURN *** [6c 5c 9d] [Ts]
Quahrino: bets $27.15
Artero10: folds 
Uncalled bet ($27.15) returned to Quahrino
Quahrino collected $18.05 from pot
Quahrino: doesn't show hand 
*** SUMMARY ***
Total pot $19 | Rake $0.95 
Board [6c 5c 9d Ts]
Seat 6: xxxZeka
Seat 1: Joe_Li7 (button) folded before Flop (didn't bet)
Seat 2: Quahrino (small blind) collected ($18.05)
Seat 3: Artero10 (big blind) folded on the Turn
Seat 4: socito folded before Flop (didn't bet)
Seat 5: 2cute4me2 folded before Flop (didn't bet)



PokerStars Hand #254734521174:  Hold'em No Limit ($0.50/$1.00 USD) - 2025/02/06 15:44:22 WET [2025/02/06 10:44:22 ET]
Table 'Kochab II' 6-max Seat #2 is the button
Seat 6: xxxZeka ($100 in chips) is sitting out
Seat 1: Joe_Li7 ($100 in chips) 
Seat 2: Quahrino ($207.56 in chips) 
Seat 3: Artero10 ($130.22 in chips) 
Seat 4: socito ($120.06 in chips) 
Seat 5: 2cute4me2 ($105.50 in chips) 
Artero10: posts small blind $0.50
socito: posts big blind $1
xxxZeka: sits out 
*** HOLE CARDS ***
2cute4me2: folds 
2cute4me2 leaves the table
Joe_Li7: folds 
Quahrino: folds 
Artero10: calls $0.50
socito: checks 
*** FLOP *** [Jh 9s 4s]
Pippa83 joins the table at seat #5 
Artero10: bets $1
socito: folds 
Uncalled bet ($1) returned to Artero10
Artero10 collected $1.90 from pot
*** SUMMARY ***
Total pot $2 | Rake $0.10 
Board [Jh 9s 4s]
Seat 6: xxxZeka
Seat 1: Joe_Li7 folded before Flop (didn't bet)
Seat 2: Quahrino (button) folded before Flop (didn't bet)
Seat 3: Artero10 (small blind) collected ($1.90)
Seat 4: socito (big blind) folded on the Flop
Seat 5: 2cute4me2 folded before Flop (didn't bet)



PokerStars Hand #254734524449:  Hold'em No Limit ($0.50/$1.00 USD) - 2025/02/06 15:44:39 WET [2025/02/06 10:44:39 ET]
Table 'Kochab II' 6-max Seat #3 is the button
Seat 6: xxxZeka ($100 in chips) is sitting out
Seat 1: Joe_Li7 ($100 in chips) 
Seat 2: Quahrino ($207.56 in chips) 
Seat 3: Artero10 ($131.12 in chips) 
Seat 4: socito ($119.06 in chips) 
Seat 5: Pippa83 ($100 in chips) 
socito: posts small blind $0.50
Pippa83: posts big blind $1
xxxZeka: sits out 
*** HOLE CARDS ***
Joe_Li7: raises $1.20 to $2.20
Quahrino: raises $4.40 to $6.60
Artero10: raises $12.90 to $19.50
socito: folds 
Pippa83: folds 
Joe_Li7: folds 
Quahrino: folds 
Uncalled bet ($12.90) returned to Artero10
Artero10 collected $16.90 from pot
*** SUMMARY ***
Total pot $16.90 | Rake $0 
Seat 6: xxxZeka
Seat 1: Joe_Li7 folded before Flop
Seat 2: Quahrino folded before Flop
Seat 3: Artero10 (button) collected ($16.90)
Seat 4: socito (small blind) folded before Flop
Seat 5: Pippa83 (big blind) folded before Flop



PokerStars Hand #254734530033:  Hold'em No Limit ($0.50/$1.00 USD) - 2025/02/06 15:45:06 WET [2025/02/06 10:45:06 ET]
Table 'Kochab II' 6-max Seat #4 is the button
Seat 1: Joe_Li7 ($100 in chips) 
Seat 2: Quahrino ($200.96 in chips) 
Seat 3: Artero10 ($141.42 in chips) 
Seat 4: socito ($118.56 in chips) 
Seat 5: Pippa83 ($100 in chips) 
Seat 6: xxxZeka ($100 in chips) 
Pippa83: posts small blind $0.50
xxxZeka: posts big blind $1
*** HOLE CARDS ***
Joe_Li7: folds 
Quahrino: folds 
Artero10: folds 
socito: folds 
Pippa83: folds 
Uncalled bet ($0.50) returned to xxxZeka
xxxZeka collected $1 from pot
xxxZeka: doesn't show hand 
*** SUMMARY ***
Total pot $1 | Rake $0 
Seat 1: Joe_Li7 folded before Flop (didn't bet)
Seat 2: Quahrino folded before Flop (didn't bet)
Seat 3: Artero10 folded before Flop (didn't bet)
Seat 4: socito (button) folded before Flop (didn't bet)
Seat 5: Pippa83 (small blind) folded before Flop
Seat 6: xxxZeka (big blind) collected ($1)



PokerStars Hand #254734532925:  Hold'em No Limit ($0.50/$1.00 USD) - 2025/02/06 15:45:20 WET [2025/02/06 10:45:20 ET]
Table 'Kochab II' 6-max Seat #5 is the button
Seat 1: Joe_Li7 ($100 in chips) 
Seat 2: Quahrino ($200.96 in chips) 
Seat 3: Artero10 ($141.42 in chips) 
Seat 4: socito ($118.56 in chips) 
Seat 5: Pippa83 ($100 in chips) 
Seat 6: xxxZeka ($100.50 in chips) 
xxxZeka: posts small blind $0.50
Joe_Li7: posts big blind $1
*** HOLE CARDS ***
Quahrino: folds 
Artero10: folds 
socito: folds 
Pippa83: folds 
xxxZeka: folds 
Uncalled bet ($0.50) returned to Joe_Li7
Joe_Li7 collected $1 from pot
*** SUMMARY ***
Total pot $1 | Rake $0 
Seat 1: Joe_Li7 (big blind) collected ($1)
Seat 2: Quahrino folded before Flop (didn't bet)
Seat 3: Artero10 folded before Flop (didn't bet)
Seat 4: socito folded before Flop (didn't bet)
Seat 5: Pippa83 (button) folded before Flop (didn't bet)
Seat 6: xxxZeka (small blind) folded before Flop



PokerStars Hand #254734535152:  Hold'em No Limit ($0.50/$1.00 USD) - 2025/02/06 15:45:31 WET [2025/02/06 10:45:31 ET]
Table 'Kochab II' 6-max Seat #6 is the button
Seat 1: Joe_Li7 ($100.50 in chips) 
Seat 2: Quahrino ($200.96 in chips) 
Seat 3: Artero10 ($141.42 in chips) 
Seat 4: socito ($118.56 in chips) 
Seat 5: Pippa83 ($100 in chips) 
Seat 6: xxxZeka ($100 in chips) 
Joe_Li7: posts small blind $0.50
Quahrino: posts big blind $1
*** HOLE CARDS ***
Artero10: folds 
socito: folds 
Pippa83: folds 
xxxZeka: folds 
Joe_Li7: raises $2 to $3
Quahrino: folds 
Uncalled bet ($2) returned to Joe_Li7
Joe_Li7 collected $2 from pot
*** SUMMARY ***
Total pot $2 | Rake $0 
Seat 1: Joe_Li7 (small blind) collected ($2)
Seat 2: Quahrino (big blind) folded before Flop
Seat 3: Artero10 folded before Flop (didn't bet)
Seat 4: socito folded before Flop (didn't bet)
Seat 5: Pippa83 folded before Flop (didn't bet)
Seat 6: xxxZeka (button) folded before Flop (didn't bet)



PokerStars Hand #254734538134:  Hold'em No Limit ($0.50/$1.00 USD) - 2025/02/06 15:45:46 WET [2025/02/06 10:45:46 ET]
Table 'Kochab II' 6-max Seat #1 is the button
Seat 1: Joe_Li7 ($101.50 in chips) 
Seat 2: Quahrino ($199.96 in chips) 
Seat 3: Artero10 ($141.42 in chips) 
Seat 4: socito ($118.56 in chips) 
Seat 5: Pippa83 ($100 in chips) 
Seat 6: xxxZeka ($100 in chips) 
Quahrino: posts small blind $0.50
Artero10: posts big blind $1
*** HOLE CARDS ***
socito: folds 
Pippa83: folds 
xxxZeka: folds 
Joe_Li7: folds 
Quahrino: raises $2.50 to $3.50
Artero10: calls $2.50
*** FLOP *** [2s Ad Qs]
Quahrino: checks 
Artero10: checks 
*** TURN *** [2s Ad Qs] [Ac]
Quahrino: bets $2.19
Artero10: calls $2.19
*** RIVER *** [2s Ad Qs Ac] [4d]
Quahrino: bets $2.70
Artero10: calls $2.70
*** SHOW DOWN ***
Quahrino: shows [Qd 3d] (two pair, Aces and Queens)
Artero10: mucks hand 
Quahrino collected $15.94 from pot
*** SUMMARY ***
Total pot $16.78 | Rake $0.84 
Board [2s Ad Qs Ac 4d]
Seat 1: Joe_Li7 (button) folded before Flop (didn't bet)
Seat 2: Quahrino (small blind) showed [Qd 3d] and won ($15.94) with two pair, Aces and Queens
Seat 3: Artero10 (big blind) mucked
Seat 4: socito folded before Flop (didn't bet)
Seat 5: Pippa83 folded before Flop (didn't bet)
Seat 6: xxxZeka folded before Flop (didn't bet)



PokerStars Hand #254734549877:  Hold'em No Limit ($0.50/$1.00 USD) - 2025/02/06 15:46:43 WET [2025/02/06 10:46:43 ET]
Table 'Kochab II' 6-max Seat #2 is the button
Seat 1: Joe_Li7 ($101.50 in chips) 
Seat 2: Quahrino ($207.51 in chips) 
Seat 3: Artero10 ($133.03 in chips) 
Seat 4: socito ($118.56 in chips) 
Seat 5: Pippa83 ($100 in chips) 
Seat 6: xxxZeka ($100 in chips) 
Artero10: posts small blind $0.50
socito: posts big blind $1
*** HOLE CARDS ***
Pippa83: folds 
xxxZeka: folds 
Joe_Li7: folds 
Quahrino: folds 
Artero10: raises $2 to $3
socito: calls $2
*** FLOP *** [2d Ac Kd]
Artero10: bets $3
socito: calls $3
*** TURN *** [2d Ac Kd] [8c]
Artero10: checks 
socito: checks 
*** RIVER *** [2d Ac Kd 8c] [Js]
Artero10: checks 
socito: bets $5.70
Artero10: folds 
Uncalled bet ($5.70) returned to socito
socito collected $11.40 from pot
socito: doesn't show hand 
*** SUMMARY ***
Total pot $12 | Rake $0.60 
Board [2d Ac Kd 8c Js]
Seat 1: Joe_Li7 folded before Flop (didn't bet)
Seat 2: Quahrino (button) folded before Flop (didn't bet)
Seat 3: Artero10 (small blind) folded on the River
Seat 4: socito (big blind) collected ($11.40)
Seat 5: Pippa83 folded before Flop (didn't bet)
Seat 6: xxxZeka folded before Flop (didn't bet)



PokerStars Hand #254734572881:  Hold'em No Limit ($0.50/$1.00 USD) - 2025/02/06 15:48:32 WET [2025/02/06 10:48:32 ET]
Table 'Kochab II' 6-max Seat #3 is the button
Seat 1: Joe_Li7 ($101.50 in chips) 
Seat 2: Quahrino ($207.51 in chips) 
Seat 3: Artero10 ($127.03 in chips) 
Seat 4: socito ($123.96 in chips) 
Seat 5: Pippa83 ($100 in chips) 
Seat 6: xxxZeka ($100 in chips) 
socito: posts small blind $0.50
Pippa83: posts big blind $1
*** HOLE CARDS ***
xxxZeka: folds 
Joe_Li7: folds 
Quahrino: raises $1.30 to $2.30
Artero10: folds 
socito: folds 
Pippa83: folds 
Uncalled bet ($1.30) returned to Quahrino
Quahrino collected $2.50 from pot
Quahrino: doesn't show hand 
*** SUMMARY ***
Total pot $2.50 | Rake $0 
Seat 1: Joe_Li7 folded before Flop (didn't bet)
Seat 2: Quahrino collected ($2.50)
Seat 3: Artero10 (button) folded before Flop (didn't bet)
Seat 4: socito (small blind) folded before Flop
Seat 5: Pippa83 (big blind) folded before Flop
Seat 6: xxxZeka folded before Flop (didn't bet)



PokerStars Hand #254734575572:  Hold'em No Limit ($0.50/$1.00 USD) - 2025/02/06 15:48:45 WET [2025/02/06 10:48:45 ET]
Table 'Kochab II' 6-max Seat #4 is the button
Seat 1: Joe_Li7 ($101.50 in chips) 
Seat 2: Quahrino ($209.01 in chips) 
Seat 3: Artero10 ($127.03 in chips) 
Seat 4: socito ($123.46 in chips) 
Seat 5: Pippa83 ($100 in chips) 
Seat 6: xxxZeka ($100 in chips) 
Pippa83: posts small blind $0.50
xxxZeka: posts big blind $1
*** HOLE CARDS ***
Joe_Li7: folds 
Quahrino: folds 
Artero10: folds 
socito: raises $1.50 to $2.50
Pippa83: folds 
xxxZeka: folds 
Uncalled bet ($1.50) returned to socito
socito collected $2.50 from pot
socito: doesn't show hand 
*** SUMMARY ***
Total pot $2.50 | Rake $0 
Seat 1: Joe_Li7 folded before Flop (didn't bet)
Seat 2: Quahrino folded before Flop (didn't bet)
Seat 3: Artero10 folded before Flop (didn't bet)
Seat 4: socito (button) collected ($2.50)
Seat 5: Pippa83 (small blind) folded before Flop
Seat 6: xxxZeka (big blind) folded before Flop



PokerStars Hand #254734579879:  Hold'em No Limit ($0.50/$1.00 USD) - 2025/02/06 15:49:06 WET [2025/02/06 10:49:06 ET]
Table 'Kochab II' 6-max Seat #5 is the button
Seat 1: Joe_Li7 ($101.50 in chips) 
Seat 2: Quahrino ($209.01 in chips) 
Seat 3: Artero10 ($127.03 in chips) 
Seat 4: socito ($124.96 in chips) 
Seat 5: Pippa83 ($100 in chips) 
Seat 6: xxxZeka ($100 in chips) 
xxxZeka: posts small blind $0.50
Joe_Li7: posts big blind $1
*** HOLE CARDS ***
Quahrino: folds 
Artero10: folds 
socito: folds 
Pippa83: folds 
xxxZeka: raises $2 to $3
Joe_Li7: calls $2
*** FLOP *** [5s 9h Th]
xxxZeka: checks 
Joe_Li7: checks 
*** TURN *** [5s 9h Th] [6s]
xxxZeka: checks 
Joe_Li7: bets $1.88
xxxZeka: calls $1.88
*** RIVER *** [5s 9h Th 6s] [Kh]
xxxZeka: checks 
Joe_Li7: bets $6.95
xxxZeka: calls $6.95
*** SHOW DOWN ***
Joe_Li7: shows [Kc 3c] (a pair of Kings)
xxxZeka: mucks hand 
Joe_Li7 collected $22.48 from pot
*** SUMMARY ***
Total pot $23.66 | Rake $1.18 
Board [5s 9h Th 6s Kh]
Seat 1: Joe_Li7 (big blind) showed [Kc 3c] and won ($22.48) with a pair of Kings
Seat 2: Quahrino folded before Flop (didn't bet)
Seat 3: Artero10 folded before Flop (didn't bet)
Seat 4: socito folded before Flop (didn't bet)
Seat 5: Pippa83 (button) folded before Flop (didn't bet)
Seat 6: xxxZeka (small blind) mucked



PokerStars Hand #254734607088:  Hold'em No Limit ($0.50/$1.00 USD) - 2025/02/06 15:51:17 WET [2025/02/06 10:51:17 ET]
Table 'Kochab II' 6-max Seat #6 is the button
Seat 1: Joe_Li7 ($112.15 in chips) 
Seat 2: Quahrino ($209.01 in chips) 
Seat 3: Artero10 ($127.03 in chips) 
Seat 4: socito ($124.96 in chips) 
Seat 5: Pippa83 ($100 in chips) 
Seat 6: xxxZeka ($100 in chips) 
Joe_Li7: posts small blind $0.50
Quahrino: posts big blind $1
*** HOLE CARDS ***
Artero10: folds 
socito: folds 
Pippa83: folds 
xxxZeka: folds 
Joe_Li7: folds 
Uncalled bet ($0.50) returned to Quahrino
Quahrino collected $1 from pot
Quahrino: doesn't show hand 
*** SUMMARY ***
Total pot $1 | Rake $0 
Seat 1: Joe_Li7 (small blind) folded before Flop
Seat 2: Quahrino (big blind) collected ($1)
Seat 3: Artero10 folded before Flop (didn't bet)
Seat 4: socito folded before Flop (didn't bet)
Seat 5: Pippa83 folded before Flop (didn't bet)
Seat 6: xxxZeka (button) folded before Flop (didn't bet)



PokerStars Hand #254734609351:  Hold'em No Limit ($0.50/$1.00 USD) - 2025/02/06 15:51:28 WET [2025/02/06 10:51:28 ET]
Table 'Kochab II' 6-max Seat #1 is the button
Seat 1: Joe_Li7 ($111.65 in chips) 
Seat 2: Quahrino ($209.51 in chips) 
Seat 3: Artero10 ($127.03 in chips) 
Seat 4: socito ($124.96 in chips) 
Seat 5: Pippa83 ($100 in chips) 
Seat 6: xxxZeka ($100 in chips) 
Quahrino: posts small blind $0.50
Artero10: posts big blind $1
*** HOLE CARDS ***
socito: folds 
Pippa83: raises $1.20 to $2.20
xxxZeka: folds 
Joe_Li7: folds 
Quahrino: folds 
Artero10: folds 
Uncalled bet ($1.20) returned to Pippa83
Pippa83 collected $2.50 from pot
Pippa83: doesn't show hand 
*** SUMMARY ***
Total pot $2.50 | Rake $0 
Seat 1: Joe_Li7 (button) folded before Flop (didn't bet)
Seat 2: Quahrino (small blind) folded before Flop
Seat 3: Artero10 (big blind) folded before Flop
Seat 4: socito folded before Flop (didn't bet)
Seat 5: Pippa83 collected ($2.50)
Seat 6: xxxZeka folded before Flop (didn't bet)



PokerStars Hand #254734613080:  Hold'em No Limit ($0.50/$1.00 USD) - 2025/02/06 15:51:46 WET [2025/02/06 10:51:46 ET]
Table 'Kochab II' 6-max Seat #2 is the button
Seat 1: Joe_Li7 ($111.65 in chips) 
Seat 2: Quahrino ($209.01 in chips) 
Seat 3: Artero10 ($126.03 in chips) 
Seat 4: socito ($124.96 in chips) 
Seat 5: Pippa83 ($101.50 in chips) 
Seat 6: xxxZeka ($100 in chips) 
Artero10: posts small blind $0.50
socito: posts big blind $1
*** HOLE CARDS ***
Pippa83: folds 
xxxZeka: folds 
Joe_Li7: folds 
Quahrino: raises $1.70 to $2.70
Artero10: folds 
socito: raises $9.30 to $12
Quahrino: folds 
Uncalled bet ($9.30) returned to socito
socito collected $5.90 from pot
socito: doesn't show hand 
*** SUMMARY ***
Total pot $5.90 | Rake $0 
Seat 1: Joe_Li7 folded before Flop (didn't bet)
Seat 2: Quahrino (button) folded before Flop
Seat 3: Artero10 (small blind) folded before Flop
Seat 4: socito (big blind) collected ($5.90)
Seat 5: Pippa83 folded before Flop (didn't bet)
Seat 6: xxxZeka folded before Flop (didn't bet)



PokerStars Hand #254734618250:  Hold'em No Limit ($0.50/$1.00 USD) - 2025/02/06 15:52:12 WET [2025/02/06 10:52:12 ET]
Table 'Kochab II' 6-max Seat #3 is the button
Seat 1: Joe_Li7 ($111.65 in chips) 
Seat 2: Quahrino ($206.31 in chips) 
Seat 3: Artero10 ($125.53 in chips) 
Seat 4: socito ($128.16 in chips) 
Seat 5: Pippa83 ($101.50 in chips) 
Seat 6: xxxZeka ($100 in chips) 
socito: posts small blind $0.50
Pippa83: posts big blind $1
*** HOLE CARDS ***
xxxZeka: folds 
Joe_Li7: raises $1.20 to $2.20
Quahrino: folds 
Artero10: folds 
socito: folds 
Pippa83: folds 
Uncalled bet ($1.20) returned to Joe_Li7
Joe_Li7 collected $2.50 from pot
*** SUMMARY ***
Total pot $2.50 | Rake $0 
Seat 1: Joe_Li7 collected ($2.50)
Seat 2: Quahrino folded before Flop (didn't bet)
Seat 3: Artero10 (button) folded before Flop (didn't bet)
Seat 4: socito (small blind) folded before Flop
Seat 5: Pippa83 (big blind) folded before Flop
Seat 6: xxxZeka folded before Flop (didn't bet)



PokerStars Hand #254734647490:  Hold'em No Limit ($0.50/$1.00 USD) - 2025/02/06 15:54:34 WET [2025/02/06 10:54:34 ET]
Table 'Kochab II' 6-max Seat #6 is the button
Seat 1: Joe_Li7 ($116.15 in chips) 
Seat 2: Quahrino ($206.31 in chips) 
Seat 3: Artero10 ($138.79 in chips) 
Seat 4: socito ($127.66 in chips) 
Seat 5: Pippa83 ($100 in chips) 
Seat 6: xxxZeka ($100 in chips) 
Joe_Li7: posts small blind $0.50
Quahrino: posts big blind $1
*** HOLE CARDS ***
Artero10: folds 
socito: raises $1.50 to $2.50
Pippa83: folds 
xxxZeka: folds 
Joe_Li7: folds 
Quahrino: folds 
Uncalled bet ($1.50) returned to socito
socito collected $2.50 from pot
socito: doesn't show hand 
*** SUMMARY ***
Total pot $2.50 | Rake $0 
Seat 1: Joe_Li7 (small blind) folded before Flop
Seat 2: Quahrino (big blind) folded before Flop
Seat 3: Artero10 folded before Flop (didn't bet)
Seat 4: socito collected ($2.50)
Seat 5: Pippa83 folded before Flop (didn't bet)
Seat 6: xxxZeka (button) folded before Flop (didn't bet)



PokerStars Hand #254734650976:  Hold'em No Limit ($0.50/$1.00 USD) - 2025/02/06 15:54:51 WET [2025/02/06 10:54:51 ET]
Table 'Kochab II' 6-max Seat #1 is the button
Seat 1: Joe_Li7 ($115.65 in chips) 
Seat 2: Quahrino ($205.31 in chips) 
Seat 3: Artero10 ($138.79 in chips) 
Seat 4: socito ($129.16 in chips) 
Seat 5: Pippa83 ($100 in chips) 
Seat 6: xxxZeka ($100 in chips) 
Quahrino: posts small blind $0.50
Artero10: posts big blind $1
*** HOLE CARDS ***
socito: folds 
Pippa83: folds 
xxxZeka: folds 
Joe_Li7: raises $1.50 to $2.50
Quahrino: folds 
Artero10: calls $1.50
*** FLOP *** [3d 8c Td]
Artero10: checks 
Joe_Li7: checks 
*** TURN *** [3d 8c Td] [9d]
Artero10: checks 
Joe_Li7: bets $3.55
Artero10: calls $3.55
*** RIVER *** [3d 8c Td 9d] [Js]
Artero10: checks 
Joe_Li7: bets $6.24
Artero10: folds 
Uncalled bet ($6.24) returned to Joe_Li7
Joe_Li7 collected $11.97 from pot
*** SUMMARY ***
Total pot $12.60 | Rake $0.63 
Board [3d 8c Td 9d Js]
Seat 1: Joe_Li7 (button) collected ($11.97)
Seat 2: Quahrino (small blind) folded before Flop
Seat 3: Artero10 (big blind) folded on the River
Seat 4: socito folded before Flop (didn't bet)
Seat 5: Pippa83 folded before Flop (didn't bet)
Seat 6: xxxZeka folded before Flop (didn't bet)



PokerStars Hand #254734664388:  Hold'em No Limit ($0.50/$1.00 USD) - 2025/02/06 15:56:13 WET [2025/02/06 10:56:13 ET]
Table 'Kochab II' 6-max Seat #2 is the button
Seat 1: Joe_Li7 ($121.57 in chips) 
Seat 2: Quahrino ($204.81 in chips) 
Seat 3: Artero10 ($132.74 in chips) 
Seat 4: socito ($129.16 in chips) 
Seat 5: Pippa83 ($100 in chips) 
Seat 6: xxxZeka ($100 in chips) 
Artero10: posts small blind $0.50
socito: posts big blind $1
*** HOLE CARDS ***
Pippa83: folds 
xxxZeka: raises $1.50 to $2.50
Joe_Li7: folds 
Quahrino: folds 
Artero10: folds 
socito: folds 
Uncalled bet ($1.50) returned to xxxZeka
xxxZeka collected $2.50 from pot
xxxZeka: doesn't show hand 
*** SUMMARY ***
Total pot $2.50 | Rake $0 
Seat 1: Joe_Li7 folded before Flop (didn't bet)
Seat 2: Quahrino (button) folded before Flop (didn't bet)
Seat 3: Artero10 (small blind) folded before Flop
Seat 4: socito (big blind) folded before Flop
Seat 5: Pippa83 folded before Flop (didn't bet)
Seat 6: xxxZeka collected ($2.50)



PokerStars Hand #254734668591:  Hold'em No Limit ($0.50/$1.00 USD) - 2025/02/06 15:56:40 WET [2025/02/06 10:56:40 ET]
Table 'Kochab II' 6-max Seat #3 is the button
Seat 1: Joe_Li7 ($121.57 in chips) 
Seat 2: Quahrino ($204.81 in chips) 
Seat 3: Artero10 ($132.24 in chips) 
Seat 4: socito ($128.16 in chips) 
Seat 5: Pippa83 ($100 in chips) 
Seat 6: xxxZeka ($101.50 in chips) 
socito: posts small blind $0.50
Pippa83: posts big blind $1
*** HOLE CARDS ***
xxxZeka: folds 
Joe_Li7: folds 
Quahrino: raises $1.30 to $2.30
Artero10: folds 
socito: folds 
Pippa83: folds 
Uncalled bet ($1.30) returned to Quahrino
Quahrino collected $2.50 from pot
Quahrino: doesn't show hand 
*** SUMMARY ***
Total pot $2.50 | Rake $0 
Seat 1: Joe_Li7 folded before Flop (didn't bet)
Seat 2: Quahrino collected ($2.50)
Seat 3: Artero10 (button) folded before Flop (didn't bet)
Seat 4: socito (small blind) folded before Flop
Seat 5: Pippa83 (big blind) folded before Flop
Seat 6: xxxZeka folded before Flop (didn't bet)



PokerStars Hand #254734671429:  Hold'em No Limit ($0.50/$1.00 USD) - 2025/02/06 15:56:58 WET [2025/02/06 10:56:58 ET]
Table 'Kochab II' 6-max Seat #4 is the button
Seat 1: Joe_Li7 ($121.57 in chips) 
Seat 2: Quahrino ($206.31 in chips) 
Seat 3: Artero10 ($132.24 in chips) 
Seat 4: socito ($127.66 in chips) 
Seat 5: Pippa83 ($100 in chips) 
Seat 6: xxxZeka ($101.50 in chips) 
Pippa83: posts small blind $0.50
xxxZeka: posts big blind $1
*** HOLE CARDS ***
Joe_Li7: folds 
Quahrino: folds 
Artero10: folds 
socito: raises $1.50 to $2.50
Pippa83: folds 
xxxZeka: folds 
Uncalled bet ($1.50) returned to socito
socito collected $2.50 from pot
socito: doesn't show hand 
*** SUMMARY ***
Total pot $2.50 | Rake $0 
Seat 1: Joe_Li7 folded before Flop (didn't bet)
Seat 2: Quahrino folded before Flop (didn't bet)
Seat 3: Artero10 folded before Flop (didn't bet)
Seat 4: socito (button) collected ($2.50)
Seat 5: Pippa83 (small blind) folded before Flop
Seat 6: xxxZeka (big blind) folded before Flop



PokerStars Hand #254734673555:  Hold'em No Limit ($0.50/$1.00 USD) - 2025/02/06 15:57:12 WET [2025/02/06 10:57:12 ET]
Table 'Kochab II' 6-max Seat #5 is the button
Seat 1: Joe_Li7 ($121.57 in chips) 
Seat 2: Quahrino ($206.31 in chips) 
Seat 3: Artero10 ($132.24 in chips) 
Seat 4: socito ($129.16 in chips) 
Seat 5: Pippa83 ($100 in chips) 
Seat 6: xxxZeka ($100.50 in chips) 
xxxZeka: posts small blind $0.50
Joe_Li7: posts big blind $1
*** HOLE CARDS ***
Quahrino: folds 
Artero10: raises $1.10 to $2.10
socito: folds 
Pippa83: folds 
xxxZeka: folds 
Joe_Li7: folds 
Uncalled bet ($1.10) returned to Artero10
Artero10 collected $2.50 from pot
*** SUMMARY ***
Total pot $2.50 | Rake $0 
Seat 1: Joe_Li7 (big blind) folded before Flop
Seat 2: Quahrino folded before Flop (didn't bet)
Seat 3: Artero10 collected ($2.50)
Seat 4: socito folded before Flop (didn't bet)
Seat 5: Pippa83 (button) folded before Flop (didn't bet)
Seat 6: xxxZeka (small blind) folded before Flop



PokerStars Hand #254734677192:  Hold'em No Limit ($0.50/$1.00 USD) - 2025/02/06 15:57:35 WET [2025/02/06 10:57:35 ET]
Table 'Kochab II' 6-max Seat #6 is the button
Seat 1: Joe_Li7 ($120.57 in chips) 
Seat 2: Quahrino ($206.31 in chips) 
Seat 3: Artero10 ($133.74 in chips) 
Seat 4: socito ($129.16 in chips) 
Seat 5: Pippa83 ($100 in chips) 
Seat 6: xxxZeka ($100 in chips) 
Joe_Li7: posts small blind $0.50
Quahrino: posts big blind $1
*** HOLE CARDS ***
Artero10: folds 
socito: raises $1.50 to $2.50
Pippa83: folds 
xxxZeka: folds 
Joe_Li7: folds 
Quahrino: calls $1.50
*** FLOP *** [5d 3h Kh]
Quahrino: checks 
socito: bets $1.72
Quahrino: calls $1.72
*** TURN *** [5d 3h Kh] [8d]
Quahrino: checks 
socito: checks 
*** RIVER *** [5d 3h Kh 8d] [5s]
Quahrino: checks 
socito: checks 
*** SHOW DOWN ***
Quahrino: shows [Jc Ah] (a pair of Fives)
socito: mucks hand 
Quahrino collected $8.49 from pot
*** SUMMARY ***
Total pot $8.94 | Rake $0.45 
Board [5d 3h Kh 8d 5s]
Seat 1: Joe_Li7 (small blind) folded before Flop
Seat 2: Quahrino (big blind) showed [Jc Ah] and won ($8.49) with a pair of Fives
Seat 3: Artero10 folded before Flop (didn't bet)
Seat 4: socito mucked
Seat 5: Pippa83 folded before Flop (didn't bet)
Seat 6: xxxZeka (button) folded before Flop (didn't bet)



PokerStars Hand #254734687279:  Hold'em No Limit ($0.50/$1.00 USD) - 2025/02/06 15:58:38 WET [2025/02/06 10:58:38 ET]
Table 'Kochab II' 6-max Seat #1 is the button
Seat 1: Joe_Li7 ($120.07 in chips) 
Seat 2: Quahrino ($210.58 in chips) 
Seat 3: Artero10 ($133.74 in chips) 
Seat 4: socito ($124.94 in chips) 
Seat 5: Pippa83 ($100 in chips) 
Seat 6: xxxZeka ($100 in chips) 
Quahrino: posts small blind $0.50
Artero10: posts big blind $1
*** HOLE CARDS ***
socito: folds 
Pippa83: raises $1.20 to $2.20
xxxZeka: folds 
Joe_Li7: folds 
Quahrino: folds 
Artero10: calls $1.20
*** FLOP *** [8c Kh 7h]
Artero10: checks 
Pippa83: bets $1.17
Artero10: folds 
Uncalled bet ($1.17) returned to Pippa83
Pippa83 collected $4.66 from pot
Pippa83: doesn't show hand 
*** SUMMARY ***
Total pot $4.90 | Rake $0.24 
Board [8c Kh 7h]
Seat 1: Joe_Li7 (button) folded before Flop (didn't bet)
Seat 2: Quahrino (small blind) folded before Flop
Seat 3: Artero10 (big blind) folded on the Flop
Seat 4: socito folded before Flop (didn't bet)
Seat 5: Pippa83 collected ($4.66)
Seat 6: xxxZeka folded before Flop (didn't bet)



PokerStars Hand #254734694841:  Hold'em No Limit ($0.50/$1.00 USD) - 2025/02/06 15:59:26 WET [2025/02/06 10:59:26 ET]
Table 'Kochab II' 6-max Seat #2 is the button
Seat 1: Joe_Li7 ($120.07 in chips) 
Seat 2: Quahrino ($210.08 in chips) 
Seat 3: Artero10 ($131.54 in chips) 
Seat 4: socito ($124.94 in chips) 
Seat 5: Pippa83 ($102.46 in chips) 
Seat 6: xxxZeka ($100 in chips) 
Artero10: posts small blind $0.50
socito: posts big blind $1
*** HOLE CARDS ***
Pippa83: folds 
xxxZeka: folds 
Joe_Li7: folds 
Quahrino: raises $1.70 to $2.70
Artero10: folds 
socito: folds 
Uncalled bet ($1.70) returned to Quahrino
Quahrino collected $2.50 from pot
Quahrino: doesn't show hand 
*** SUMMARY ***
Total pot $2.50 | Rake $0 
Seat 1: Joe_Li7 folded before Flop (didn't bet)
Seat 2: Quahrino (button) collected ($2.50)
Seat 3: Artero10 (small blind) folded before Flop
Seat 4: socito (big blind) folded before Flop
Seat 5: Pippa83 folded before Flop (didn't bet)
Seat 6: xxxZeka folded before Flop (didn't bet)



PokerStars Hand #254734697351:  Hold'em No Limit ($0.50/$1.00 USD) - 2025/02/06 15:59:42 WET [2025/02/06 10:59:42 ET]
Table 'Kochab II' 6-max Seat #3 is the button
Seat 1: Joe_Li7 ($120.07 in chips) 
Seat 2: Quahrino ($211.58 in chips) 
Seat 3: Artero10 ($131.04 in chips) 
Seat 4: socito ($123.94 in chips) 
Seat 5: Pippa83 ($102.46 in chips) 
Seat 6: xxxZeka ($100 in chips) 
socito: posts small blind $0.50
Pippa83: posts big blind $1
*** HOLE CARDS ***
xxxZeka: folds 
Joe_Li7: folds 
Quahrino: folds 
Artero10: raises $1.50 to $2.50
socito: folds 
Pippa83: folds 
Uncalled bet ($1.50) returned to Artero10
Artero10 collected $2.50 from pot
*** SUMMARY ***
Total pot $2.50 | Rake $0 
Seat 1: Joe_Li7 folded before Flop (didn't bet)
Seat 2: Quahrino folded before Flop (didn't bet)
Seat 3: Artero10 (button) collected ($2.50)
Seat 4: socito (small blind) folded before Flop
Seat 5: Pippa83 (big blind) folded before Flop
Seat 6: xxxZeka folded before Flop (didn't bet)



PokerStars Hand #254734699402:  Hold'em No Limit ($0.50/$1.00 USD) - 2025/02/06 15:59:54 WET [2025/02/06 10:59:54 ET]
Table 'Kochab II' 6-max Seat #4 is the button
Seat 1: Joe_Li7 ($120.07 in chips) 
Seat 2: Quahrino ($211.58 in chips) 
Seat 3: Artero10 ($132.54 in chips) 
Seat 4: socito ($123.44 in chips) 
Seat 5: Pippa83 ($101.46 in chips) 
Seat 6: xxxZeka ($100 in chips) 
Pippa83: posts small blind $0.50
xxxZeka: posts big blind $1
*** HOLE CARDS ***
Joe_Li7: folds 
Quahrino: raises $1 to $2
Artero10: folds 
socito: folds 
Pippa83: folds 
xxxZeka: folds 
Uncalled bet ($1) returned to Quahrino
Quahrino collected $2.50 from pot
Quahrino: doesn't show hand 
*** SUMMARY ***
Total pot $2.50 | Rake $0 
Seat 1: Joe_Li7 folded before Flop (didn't bet)
Seat 2: Quahrino collected ($2.50)
Seat 3: Artero10 folded before Flop (didn't bet)
Seat 4: socito (button) folded before Flop (didn't bet)
Seat 5: Pippa83 (small blind) folded before Flop
Seat 6: xxxZeka (big blind) folded before Flop



PokerStars Hand #254734703091:  Hold'em No Limit ($0.50/$1.00 USD) - 2025/02/06 16:00:17 WET [2025/02/06 11:00:17 ET]
Table 'Kochab II' 6-max Seat #5 is the button
Seat 1: Joe_Li7 ($120.07 in chips) 
Seat 2: Quahrino ($213.08 in chips) 
Seat 3: Artero10 ($132.54 in chips) 
Seat 4: socito ($123.44 in chips) 
Seat 5: Pippa83 ($100.96 in chips) 
Seat 6: xxxZeka ($100 in chips) 
xxxZeka: posts small blind $0.50
Joe_Li7: posts big blind $1
*** HOLE CARDS ***
Quahrino: folds 
Artero10: folds 
socito: raises $1.50 to $2.50
Pippa83: raises $4.50 to $7
xxxZeka: folds 
Joe_Li7: folds 
socito: calls $4.50
*** FLOP *** [Js 2d Ts]
socito: checks 
Pippa83: checks 
*** TURN *** [Js 2d Ts] [9c]
socito: checks 
Pippa83: checks 
*** RIVER *** [Js 2d Ts 9c] [9s]
socito: bets $3.68
Pippa83: calls $3.68
*** SHOW DOWN ***
socito: shows [7d 7s] (two pair, Nines and Sevens)
Pippa83: shows [Qd Jd] (two pair, Jacks and Nines)
Pippa83 collected $21.72 from pot
*** SUMMARY ***
Total pot $22.86 | Rake $1.14 
Board [Js 2d Ts 9c 9s]
Seat 1: Joe_Li7 (big blind) folded before Flop
Seat 2: Quahrino folded before Flop (didn't bet)
Seat 3: Artero10 folded before Flop (didn't bet)
Seat 4: socito showed [7d 7s] and lost with two pair, Nines and Sevens
Seat 5: Pippa83 (button) showed [Qd Jd] and won ($21.72) with two pair, Jacks and Nines
Seat 6: xxxZeka (small blind) folded before Flop



PokerStars Hand #254734714499:  Hold'em No Limit ($0.50/$1.00 USD) - 2025/02/06 16:01:19 WET [2025/02/06 11:01:19 ET]
Table 'Kochab II' 6-max Seat #6 is the button
Seat 1: Joe_Li7 ($119.07 in chips) 
Seat 2: Quahrino ($213.08 in chips) 
Seat 3: Artero10 ($132.54 in chips) 
Seat 4: socito ($112.76 in chips) 
Seat 5: Pippa83 ($112 in chips) 
Seat 6: xxxZeka ($100 in chips) 
Joe_Li7: posts small blind $0.50
Quahrino: posts big blind $1
*** HOLE CARDS ***
Artero10: folds 
socito: folds 
Pippa83: raises $1.50 to $2.50
xxxZeka: raises $5 to $7.50
Joe_Li7: folds 
Quahrino: folds 
Pippa83: calls $5
*** FLOP *** [9c 4d 9s]
Pippa83: checks 
xxxZeka: bets $7
Pippa83: folds 
Uncalled bet ($7) returned to xxxZeka
xxxZeka collected $15.68 from pot
xxxZeka: doesn't show hand 
*** SUMMARY ***
Total pot $16.50 | Rake $0.82 
Board [9c 4d 9s]
Seat 1: Joe_Li7 (small blind) folded before Flop
Seat 2: Quahrino (big blind) folded before Flop
Seat 3: Artero10 folded before Flop (didn't bet)
Seat 4: socito folded before Flop (didn't bet)
Seat 5: Pippa83 folded on the Flop
Seat 6: xxxZeka (button) collected ($15.68)



PokerStars Hand #254734723758:  Hold'em No Limit ($0.50/$1.00 USD) - 2025/02/06 16:02:04 WET [2025/02/06 11:02:04 ET]
Table 'Kochab II' 6-max Seat #1 is the button
Seat 1: Joe_Li7 ($118.57 in chips) 
Seat 2: Quahrino ($212.08 in chips) 
Seat 3: Artero10 ($132.54 in chips) 
Seat 4: socito ($112.76 in chips) 
Seat 5: Pippa83 ($104.50 in chips) 
Seat 6: xxxZeka ($108.18 in chips) 
Quahrino: posts small blind $0.50
Artero10: posts big blind $1
*** HOLE CARDS ***
socito: folds 
Pippa83: folds 
xxxZeka: folds 
Joe_Li7: folds 
Quahrino: raises $2 to $3
Artero10: calls $2
*** FLOP *** [4s 2d Jh]
Quahrino: bets $1.43
Artero10: folds 
Uncalled bet ($1.43) returned to Quahrino
Quahrino collected $5.70 from pot
Quahrino: doesn't show hand 
*** SUMMARY ***
Total pot $6 | Rake $0.30 
Board [4s 2d Jh]
Seat 1: Joe_Li7 (button) folded before Flop (didn't bet)
Seat 2: Quahrino (small blind) collected ($5.70)
Seat 3: Artero10 (big blind) folded on the Flop
Seat 4: socito folded before Flop (didn't bet)
Seat 5: Pippa83 folded before Flop (didn't bet)
Seat 6: xxxZeka folded before Flop (didn't bet)



PokerStars Hand #254734729798:  Hold'em No Limit ($0.50/$1.00 USD) - 2025/02/06 16:02:34 WET [2025/02/06 11:02:34 ET]
Table 'Kochab II' 6-max Seat #2 is the button
Seat 1: Joe_Li7 ($118.57 in chips) 
Seat 2: Quahrino ($214.78 in chips) 
Seat 3: Artero10 ($129.54 in chips) 
Seat 4: socito ($112.76 in chips) 
Seat 5: Pippa83 ($104.50 in chips) 
Seat 6: xxxZeka ($108.18 in chips) 
Artero10: posts small blind $0.50
socito: posts big blind $1
*** HOLE CARDS ***
Pippa83: folds 
xxxZeka: raises $1.50 to $2.50
Joe_Li7: folds 
Quahrino: folds 
Artero10: folds 
socito: folds 
Uncalled bet ($1.50) returned to xxxZeka
xxxZeka collected $2.50 from pot
xxxZeka: doesn't show hand 
*** SUMMARY ***
Total pot $2.50 | Rake $0 
Seat 1: Joe_Li7 folded before Flop (didn't bet)
Seat 2: Quahrino (button) folded before Flop (didn't bet)
Seat 3: Artero10 (small blind) folded before Flop
Seat 4: socito (big blind) folded before Flop
Seat 5: Pippa83 folded before Flop (didn't bet)
Seat 6: xxxZeka collected ($2.50)



PokerStars Hand #254734733654:  Hold'em No Limit ($0.50/$1.00 USD) - 2025/02/06 16:02:52 WET [2025/02/06 11:02:52 ET]
Table 'Kochab II' 6-max Seat #3 is the button
Seat 1: Joe_Li7 ($118.57 in chips) 
Seat 2: Quahrino ($214.78 in chips) 
Seat 3: Artero10 ($129.04 in chips) 
Seat 4: socito ($111.76 in chips) 
Seat 5: Pippa83 ($104.50 in chips) 
Seat 6: xxxZeka ($109.68 in chips) 
socito: posts small blind $0.50
Pippa83: posts big blind $1
*** HOLE CARDS ***
xxxZeka: folds 
Joe_Li7: folds 
Quahrino: folds 
Artero10: folds 
socito: raises $2 to $3
Pippa83: folds 
Uncalled bet ($2) returned to socito
socito collected $2 from pot
socito: doesn't show hand 
*** SUMMARY ***
Total pot $2 | Rake $0 
Seat 1: Joe_Li7 folded before Flop (didn't bet)
Seat 2: Quahrino folded before Flop (didn't bet)
Seat 3: Artero10 (button) folded before Flop (didn't bet)
Seat 4: socito (small blind) collected ($2)
Seat 5: Pippa83 (big blind) folded before Flop
Seat 6: xxxZeka folded before Flop (didn't bet)



PokerStars Hand #254734740400:  Hold'em No Limit ($0.50/$1.00 USD) - 2025/02/06 16:03:25 WET [2025/02/06 11:03:25 ET]
Table 'Kochab II' 6-max Seat #4 is the button
Seat 1: Joe_Li7 ($118.57 in chips) 
Seat 2: Quahrino ($214.78 in chips) 
Seat 3: Artero10 ($129.04 in chips) 
Seat 4: socito ($112.76 in chips) 
Seat 5: Pippa83 ($103.50 in chips) 
Seat 6: xxxZeka ($109.68 in chips) 
Pippa83: posts small blind $0.50
xxxZeka: posts big blind $1
*** HOLE CARDS ***
Joe_Li7: folds 
Quahrino: folds 
Artero10: folds 
socito: folds 
Pippa83: folds 
Uncalled bet ($0.50) returned to xxxZeka
xxxZeka collected $1 from pot
xxxZeka: doesn't show hand 
*** SUMMARY ***
Total pot $1 | Rake $0 
Seat 1: Joe_Li7 folded before Flop (didn't bet)
Seat 2: Quahrino folded before Flop (didn't bet)
Seat 3: Artero10 folded before Flop (didn't bet)
Seat 4: socito (button) folded before Flop (didn't bet)
Seat 5: Pippa83 (small blind) folded before Flop
Seat 6: xxxZeka (big blind) collected ($1)



PokerStars Hand #254734742517:  Hold'em No Limit ($0.50/$1.00 USD) - 2025/02/06 16:03:35 WET [2025/02/06 11:03:35 ET]
Table 'Kochab II' 6-max Seat #5 is the button
Seat 1: Joe_Li7 ($118.57 in chips) 
Seat 2: Quahrino ($214.78 in chips) 
Seat 3: Artero10 ($129.04 in chips) 
Seat 4: socito ($112.76 in chips) 
Seat 5: Pippa83 ($103 in chips) 
Seat 6: xxxZeka ($110.18 in chips) 
xxxZeka: posts small blind $0.50
Joe_Li7: posts big blind $1
*** HOLE CARDS ***
Quahrino: folds 
Artero10: folds 
socito: raises $1.50 to $2.50
Pippa83: folds 
xxxZeka: folds 
Joe_Li7: folds 
Uncalled bet ($1.50) returned to socito
socito collected $2.50 from pot
socito: doesn't show hand 
*** SUMMARY ***
Total pot $2.50 | Rake $0 
Seat 1: Joe_Li7 (big blind) folded before Flop
Seat 2: Quahrino folded before Flop (didn't bet)
Seat 3: Artero10 folded before Flop (didn't bet)
Seat 4: socito collected ($2.50)
Seat 5: Pippa83 (button) folded before Flop (didn't bet)
Seat 6: xxxZeka (small blind) folded before Flop



PokerStars Hand #254734745048:  Hold'em No Limit ($0.50/$1.00 USD) - 2025/02/06 16:03:47 WET [2025/02/06 11:03:47 ET]
Table 'Kochab II' 6-max Seat #6 is the button
Seat 1: Joe_Li7 ($117.57 in chips) 
Seat 2: Quahrino ($214.78 in chips) 
Seat 3: Artero10 ($129.04 in chips) 
Seat 4: socito ($114.26 in chips) 
Seat 5: Pippa83 ($103 in chips) 
Seat 6: xxxZeka ($109.68 in chips) 
Joe_Li7: posts small blind $0.50
Quahrino: posts big blind $1
*** HOLE CARDS ***
Artero10: folds 
socito: folds 
Pippa83: folds 
xxxZeka: raises $1.50 to $2.50
Joe_Li7: folds 
Quahrino: folds 
Uncalled bet ($1.50) returned to xxxZeka
xxxZeka collected $2.50 from pot
xxxZeka: doesn't show hand 
*** SUMMARY ***
Total pot $2.50 | Rake $0 
Seat 1: Joe_Li7 (small blind) folded before Flop
Seat 2: Quahrino (big blind) folded before Flop
Seat 3: Artero10 folded before Flop (didn't bet)
Seat 4: socito folded before Flop (didn't bet)
Seat 5: Pippa83 folded before Flop (didn't bet)
Seat 6: xxxZeka (button) collected ($2.50)



PokerStars Hand #254734748398:  Hold'em No Limit ($0.50/$1.00 USD) - 2025/02/06 16:04:03 WET [2025/02/06 11:04:03 ET]
Table 'Kochab II' 6-max Seat #1 is the button
Seat 1: Joe_Li7 ($117.07 in chips) 
Seat 2: Quahrino ($213.78 in chips) 
Seat 3: Artero10 ($129.04 in chips) 
Seat 4: socito ($114.26 in chips) 
Seat 5: Pippa83 ($103 in chips) 
Seat 6: xxxZeka ($111.18 in chips) 
Quahrino: posts small blind $0.50
Artero10: posts big blind $1
*** HOLE CARDS ***
socito: folds 
Pippa83: raises $1.20 to $2.20
xxxZeka: folds 
Joe_Li7: raises $4.80 to $7
Quahrino: folds 
Artero10: folds 
Pippa83: folds 
Uncalled bet ($4.80) returned to Joe_Li7
Joe_Li7 collected $5.90 from pot
*** SUMMARY ***
Total pot $5.90 | Rake $0 
Seat 1: Joe_Li7 (button) collected ($5.90)
Seat 2: Quahrino (small blind) folded before Flop
Seat 3: Artero10 (big blind) folded before Flop
Seat 4: socito folded before Flop (didn't bet)
Seat 5: Pippa83 folded before Flop
Seat 6: xxxZeka folded before Flop (didn't bet)



PokerStars Hand #254734754791:  Hold'em No Limit ($0.50/$1.00 USD) - 2025/02/06 16:04:34 WET [2025/02/06 11:04:34 ET]
Table 'Kochab II' 6-max Seat #2 is the button
Seat 1: Joe_Li7 ($120.77 in chips) 
Seat 2: Quahrino ($213.28 in chips) 
Seat 3: Artero10 ($128.04 in chips) 
Seat 4: socito ($114.26 in chips) 
Seat 5: Pippa83 ($100.80 in chips) 
Seat 6: xxxZeka ($111.18 in chips) 
Artero10: posts small blind $0.50
socito: posts big blind $1
*** HOLE CARDS ***
Pippa83: raises $1.20 to $2.20
xxxZeka: folds 
Joe_Li7: folds 
Quahrino: folds 
Artero10: folds 
socito: calls $1.20
*** FLOP *** [8c 6c 5d]
socito: checks 
Pippa83: checks 
*** TURN *** [8c 6c 5d] [4d]
socito: checks 
Pippa83: bets $3.50
socito: folds 
Uncalled bet ($3.50) returned to Pippa83
Pippa83 collected $4.66 from pot
Pippa83: doesn't show hand 
*** SUMMARY ***
Total pot $4.90 | Rake $0.24 
Board [8c 6c 5d 4d]
Seat 1: Joe_Li7 folded before Flop (didn't bet)
Seat 2: Quahrino (button) folded before Flop (didn't bet)
Seat 3: Artero10 (small blind) folded before Flop
Seat 4: socito (big blind) folded on the Turn
Seat 5: Pippa83 collected ($4.66)
Seat 6: xxxZeka folded before Flop (didn't bet)



PokerStars Hand #254734762096:  Hold'em No Limit ($0.50/$1.00 USD) - 2025/02/06 16:05:09 WET [2025/02/06 11:05:09 ET]
Table 'Kochab II' 6-max Seat #3 is the button
Seat 1: Joe_Li7 ($120.77 in chips) 
Seat 2: Quahrino ($213.28 in chips) 
Seat 3: Artero10 ($127.54 in chips) 
Seat 4: socito ($112.06 in chips) 
Seat 6: xxxZeka ($111.18 in chips) 
socito: posts small blind $0.50
xxxZeka: posts big blind $1
*** HOLE CARDS ***
Joe_Li7: raises $1.20 to $2.20
Quahrino: folds 
coeeeelho joins the table at seat #5 
Artero10: folds 
socito: folds 
xxxZeka: calls $1.20
*** FLOP *** [Kd 3c 4d]
xxxZeka: checks 
Joe_Li7: checks 
*** TURN *** [Kd 3c 4d] [7d]
xxxZeka: bets $3.08
Joe_Li7: folds 
Uncalled bet ($3.08) returned to xxxZeka
xxxZeka collected $4.66 from pot
xxxZeka: doesn't show hand 
*** SUMMARY ***
Total pot $4.90 | Rake $0.24 
Board [Kd 3c 4d 7d]
Seat 1: Joe_Li7 folded on the Turn
Seat 2: Quahrino folded before Flop (didn't bet)
Seat 3: Artero10 (button) folded before Flop (didn't bet)
Seat 4: socito (small blind) folded before Flop
Seat 6: xxxZeka (big blind) collected ($4.66)



PokerStars Hand #254734769788:  Hold'em No Limit ($0.50/$1.00 USD) - 2025/02/06 16:05:46 WET [2025/02/06 11:05:46 ET]
Table 'Kochab II' 6-max Seat #4 is the button
Seat 5: coeeeelho ($100 in chips) is sitting out
Seat 1: Joe_Li7 ($118.57 in chips) 
Seat 2: Quahrino ($213.28 in chips) 
Seat 3: Artero10 ($127.54 in chips) 
Seat 4: socito ($111.56 in chips) 
Seat 6: xxxZeka ($113.64 in chips) 
xxxZeka: posts small blind $0.50
Joe_Li7: posts big blind $1
*** HOLE CARDS ***
Quahrino: folds 
Artero10: raises $1.50 to $2.50
socito: folds 
xxxZeka: folds 
Joe_Li7: folds 
Uncalled bet ($1.50) returned to Artero10
Artero10 collected $2.50 from pot
*** SUMMARY ***
Total pot $2.50 | Rake $0 
Seat 5: coeeeelho
Seat 1: Joe_Li7 (big blind) folded before Flop
Seat 2: Quahrino folded before Flop (didn't bet)
Seat 3: Artero10 collected ($2.50)
Seat 4: socito (button) folded before Flop (didn't bet)
Seat 6: xxxZeka (small blind) folded before Flop



PokerStars Hand #254734774396:  Hold'em No Limit ($0.50/$1.00 USD) - 2025/02/06 16:06:08 WET [2025/02/06 11:06:08 ET]
Table 'Kochab II' 6-max Seat #6 is the button
Seat 5: coeeeelho ($100 in chips) is sitting out
Seat 1: Joe_Li7 ($117.57 in chips) 
Seat 2: Quahrino ($213.28 in chips) 
Seat 3: Artero10 ($129.04 in chips) 
Seat 4: socito ($111.56 in chips) 
Seat 6: xxxZeka ($113.14 in chips) 
Joe_Li7: posts small blind $0.50
Quahrino: posts big blind $1
coeeeelho: sits out 
*** HOLE CARDS ***
Artero10: folds 
socito: raises $1.50 to $2.50
xxxZeka: folds 
Joe_Li7: folds 
Quahrino: folds 
Uncalled bet ($1.50) returned to socito
socito collected $2.50 from pot
socito: doesn't show hand 
*** SUMMARY ***
Total pot $2.50 | Rake $0 
Seat 5: coeeeelho
Seat 1: Joe_Li7 (small blind) folded before Flop
Seat 2: Quahrino (big blind) folded before Flop
Seat 3: Artero10 folded before Flop (didn't bet)
Seat 4: socito collected ($2.50)
Seat 6: xxxZeka (button) folded before Flop (didn't bet)



PokerStars Hand #254734777482:  Hold'em No Limit ($0.50/$1.00 USD) - 2025/02/06 16:06:22 WET [2025/02/06 11:06:22 ET]
Table 'Kochab II' 6-max Seat #1 is the button
Seat 5: coeeeelho ($100 in chips) is sitting out
Seat 1: Joe_Li7 ($117.07 in chips) 
Seat 2: Quahrino ($212.28 in chips) 
Seat 3: Artero10 ($129.04 in chips) 
Seat 4: socito ($113.06 in chips) 
Seat 6: xxxZeka ($113.14 in chips) 
Quahrino: posts small blind $0.50
Artero10: posts big blind $1
coeeeelho: sits out 
*** HOLE CARDS ***
socito: folds 
xxxZeka: raises $1.50 to $2.50
Joe_Li7: folds 
Quahrino: folds 
Artero10: folds 
Uncalled bet ($1.50) returned to xxxZeka
xxxZeka collected $2.50 from pot
xxxZeka: doesn't show hand 
*** SUMMARY ***
Total pot $2.50 | Rake $0 
Seat 5: coeeeelho
Seat 1: Joe_Li7 (button) folded before Flop (didn't bet)
Seat 2: Quahrino (small blind) folded before Flop
Seat 3: Artero10 (big blind) folded before Flop
Seat 4: socito folded before Flop (didn't bet)
Seat 6: xxxZeka collected ($2.50)



PokerStars Hand #254734780989:  Hold'em No Limit ($0.50/$1.00 USD) - 2025/02/06 16:06:39 WET [2025/02/06 11:06:39 ET]
Table 'Kochab II' 6-max Seat #2 is the button
Seat 5: coeeeelho ($100 in chips) is sitting out
Seat 1: Joe_Li7 ($117.07 in chips) 
Seat 2: Quahrino ($211.78 in chips) 
Seat 3: Artero10 ($128.04 in chips) 
Seat 4: socito ($113.06 in chips) 
Seat 6: xxxZeka ($114.64 in chips) 
Artero10: posts small blind $0.50
socito: posts big blind $1
coeeeelho: sits out 
*** HOLE CARDS ***
xxxZeka: folds 
Joe_Li7: folds 
Quahrino: folds 
Artero10: raises $2 to $3
socito: folds 
Uncalled bet ($2) returned to Artero10
Artero10 collected $2 from pot
*** SUMMARY ***
Total pot $2 | Rake $0 
Seat 5: coeeeelho
Seat 1: Joe_Li7 folded before Flop (didn't bet)
Seat 2: Quahrino (button) folded before Flop (didn't bet)
Seat 3: Artero10 (small blind) collected ($2)
Seat 4: socito (big blind) folded before Flop
Seat 6: xxxZeka folded before Flop (didn't bet)



PokerStars Hand #254734784906:  Hold'em No Limit ($0.50/$1.00 USD) - 2025/02/06 16:06:58 WET [2025/02/06 11:06:58 ET]
Table 'Kochab II' 6-max Seat #3 is the button
Seat 1: Joe_Li7 ($117.07 in chips) 
Seat 2: Quahrino ($211.78 in chips) 
Seat 3: Artero10 ($129.04 in chips) 
Seat 4: socito ($112.06 in chips) 
Seat 5: coeeeelho ($100 in chips) 
Seat 6: xxxZeka ($114.64 in chips) 
socito: posts small blind $0.50
coeeeelho: posts big blind $1
*** HOLE CARDS ***
xxxZeka: folds 
Joe_Li7: folds 
Quahrino: folds 
Artero10: folds 
socito: folds 
Uncalled bet ($0.50) returned to coeeeelho
coeeeelho collected $1 from pot
*** SUMMARY ***
Total pot $1 | Rake $0 
Seat 1: Joe_Li7 folded before Flop (didn't bet)
Seat 2: Quahrino folded before Flop (didn't bet)
Seat 3: Artero10 (button) folded before Flop (didn't bet)
Seat 4: socito (small blind) folded before Flop
Seat 5: coeeeelho (big blind) collected ($1)
Seat 6: xxxZeka folded before Flop (didn't bet)



PokerStars Hand #254734787137:  Hold'em No Limit ($0.50/$1.00 USD) - 2025/02/06 16:07:09 WET [2025/02/06 11:07:09 ET]
Table 'Kochab II' 6-max Seat #4 is the button
Seat 1: Joe_Li7 ($117.07 in chips) 
Seat 2: Quahrino ($211.78 in chips) 
Seat 3: Artero10 ($129.04 in chips) 
Seat 4: socito ($111.56 in chips) 
Seat 5: coeeeelho ($100.50 in chips) 
Seat 6: xxxZeka ($114.64 in chips) 
coeeeelho: posts small blind $0.50
xxxZeka: posts big blind $1
*** HOLE CARDS ***
Joe_Li7: folds 
Quahrino: folds 
Artero10: raises $1.50 to $2.50
socito: folds 
coeeeelho: folds 
xxxZeka: raises $10 to $12.50
Artero10: folds 
Uncalled bet ($10) returned to xxxZeka
xxxZeka collected $5.50 from pot
xxxZeka: doesn't show hand 
*** SUMMARY ***
Total pot $5.50 | Rake $0 
Seat 1: Joe_Li7 folded before Flop (didn't bet)
Seat 2: Quahrino folded before Flop (didn't bet)
Seat 3: Artero10 folded before Flop
Seat 4: socito (button) folded before Flop (didn't bet)
Seat 5: coeeeelho (small blind) folded before Flop
Seat 6: xxxZeka (big blind) collected ($5.50)



PokerStars Hand #254734793557:  Hold'em No Limit ($0.50/$1.00 USD) - 2025/02/06 16:07:39 WET [2025/02/06 11:07:39 ET]
Table 'Kochab II' 6-max Seat #5 is the button
Seat 1: Joe_Li7 ($117.07 in chips) 
Seat 2: Quahrino ($211.78 in chips) 
Seat 3: Artero10 ($126.54 in chips) 
Seat 4: socito ($111.56 in chips) 
Seat 5: coeeeelho ($100 in chips) 
Seat 6: xxxZeka ($117.64 in chips) 
xxxZeka: posts small blind $0.50
Joe_Li7: posts big blind $1
*** HOLE CARDS ***
Quahrino: folds 
Artero10: folds 
socito: folds 
coeeeelho: folds 
xxxZeka: raises $2 to $3
Joe_Li7: folds 
Uncalled bet ($2) returned to xxxZeka
xxxZeka collected $2 from pot
xxxZeka: doesn't show hand 
*** SUMMARY ***
Total pot $2 | Rake $0 
Seat 1: Joe_Li7 (big blind) folded before Flop
Seat 2: Quahrino folded before Flop (didn't bet)
Seat 3: Artero10 folded before Flop (didn't bet)
Seat 4: socito folded before Flop (didn't bet)
Seat 5: coeeeelho (button) folded before Flop (didn't bet)
Seat 6: xxxZeka (small blind) collected ($2)



PokerStars Hand #254734798136:  Hold'em No Limit ($0.50/$1.00 USD) - 2025/02/06 16:08:01 WET [2025/02/06 11:08:01 ET]
Table 'Kochab II' 6-max Seat #6 is the button
Seat 1: Joe_Li7 ($116.07 in chips) 
Seat 2: Quahrino ($211.78 in chips) 
Seat 3: Artero10 ($126.54 in chips) 
Seat 4: socito ($111.56 in chips) 
Seat 5: coeeeelho ($100 in chips) 
Seat 6: xxxZeka ($118.64 in chips) 
Joe_Li7: posts small blind $0.50
Quahrino: posts big blind $1
*** HOLE CARDS ***
Artero10: folds 
socito: raises $1.50 to $2.50
coeeeelho: folds 
Artero10 leaves the table
xxxZeka: folds 
Joe_Li7: folds 
Quahrino: calls $1.50
*** FLOP *** [4d Td 6s]
Quahrino: checks 
socito: checks 
*** TURN *** [4d Td 6s] [6c]
Quahrino: checks 
socito: checks 
*** RIVER *** [4d Td 6s 6c] [3c]
Quahrino: bets $3.65
socito: calls $3.65
*** SHOW DOWN ***
Quahrino: shows [Ts Tc] (a full house, Tens full of Sixes)
socito: mucks hand 
Quahrino collected $12.16 from pot
*** SUMMARY ***
Total pot $12.80 | Rake $0.64 
Board [4d Td 6s 6c 3c]
Seat 1: Joe_Li7 (small blind) folded before Flop
Seat 2: Quahrino (big blind) showed [Ts Tc] and won ($12.16) with a full house, Tens full of Sixes
Seat 3: Artero10 folded before Flop (didn't bet)
Seat 4: socito mucked
Seat 5: coeeeelho folded before Flop (didn't bet)
Seat 6: xxxZeka (button) folded before Flop (didn't bet)



PokerStars Hand #254734809976:  Hold'em No Limit ($0.50/$1.00 USD) - 2025/02/06 16:08:58 WET [2025/02/06 11:08:58 ET]
Table 'Kochab II' 6-max Seat #1 is the button
Seat 1: Joe_Li7 ($115.57 in chips) 
Seat 2: Quahrino ($217.79 in chips) 
Seat 4: socito ($105.41 in chips) 
Seat 5: coeeeelho ($100 in chips) 
Seat 6: xxxZeka ($118.64 in chips) 
Quahrino: posts small blind $0.50
socito: posts big blind $1
*** HOLE CARDS ***
coeeeelho: folds 
xxxZeka: folds 
xxxZeka leaves the table
Joe_Li7: raises $1.50 to $2.50
Quahrino: folds 
socito: raises $9 to $11.50
Joe_Li7: folds 
Uncalled bet ($9) returned to socito
socito collected $5.50 from pot
socito: doesn't show hand 
*** SUMMARY ***
Total pot $5.50 | Rake $0 
Seat 1: Joe_Li7 (button) folded before Flop
Seat 2: Quahrino (small blind) folded before Flop
Seat 4: socito (big blind) collected ($5.50)
Seat 5: coeeeelho folded before Flop (didn't bet)
Seat 6: xxxZeka folded before Flop (didn't bet)



PokerStars Hand #254734820062:  Hold'em No Limit ($0.50/$1.00 USD) - 2025/02/06 16:09:46 WET [2025/02/06 11:09:46 ET]
Table 'Kochab II' 6-max Seat #2 is the button
Seat 1: Joe_Li7 ($113.07 in chips) 
Seat 2: Quahrino ($217.29 in chips) 
Seat 4: socito ($108.41 in chips) 
Seat 5: coeeeelho ($100 in chips) 
socito: posts small blind $0.50
coeeeelho: posts big blind $1
*** HOLE CARDS ***
Joe_Li7: folds 
Quahrino: raises $1.50 to $2.50
Joe_Li7 leaves the table
socito: folds 
coeeeelho: folds 
Uncalled bet ($1.50) returned to Quahrino
Quahrino collected $2.50 from pot
Quahrino: doesn't show hand 
*** SUMMARY ***
Total pot $2.50 | Rake $0 
Seat 1: Joe_Li7 folded before Flop (didn't bet)
Seat 2: Quahrino (button) collected ($2.50)
Seat 4: socito (small blind) folded before Flop
Seat 5: coeeeelho (big blind) folded before Flop



PokerStars Hand #254734822553:  Hold'em No Limit ($0.50/$1.00 USD) - 2025/02/06 16:09:57 WET [2025/02/06 11:09:57 ET]
Table 'Kochab II' 6-max Seat #4 is the button
Seat 2: Quahrino ($218.79 in chips) 
Seat 4: socito ($107.91 in chips) 
Seat 5: coeeeelho ($100 in chips) 
coeeeelho: posts small blind $0.50
Quahrino: posts big blind $1
*** HOLE CARDS ***
socito: raises $1.50 to $2.50
coeeeelho: folds 
Quahrino: calls $1.50
*** FLOP *** [Kc Tc 6c]
Quahrino: checks 
socito: checks 
*** TURN *** [Kc Tc 6c] [5c]
Quahrino: checks 
socito: bets $3.92
Quahrino: calls $3.92
*** RIVER *** [Kc Tc 6c 5c] [3s]
Quahrino: checks 
socito: bets $4.18
Quahrino: calls $4.18
*** SHOW DOWN ***
socito: shows [Jc Ac] (a flush, Ace high)
Quahrino: mucks hand 
socito collected $20.70 from pot
*** SUMMARY ***
Total pot $21.70 | Rake $1 
Board [Kc Tc 6c 5c 3s]
Seat 2: Quahrino (big blind) mucked
Seat 4: socito (button) showed [Jc Ac] and won ($20.70) with a flush, Ace high
Seat 5: coeeeelho (small blind) folded before Flop



PokerStars Hand #254734836157:  Hold'em No Limit ($0.50/$1.00 USD) - 2025/02/06 16:11:00 WET [2025/02/06 11:11:00 ET]
Table 'Kochab II' 6-max Seat #2 is the button
Seat 4: socito ($118.01 in chips) is sitting out
Seat 2: Quahrino ($208.19 in chips) 
Seat 5: coeeeelho ($100 in chips) 
Quahrino: posts small blind $0.50
socito: is sitting out 
coeeeelho: posts big blind $1
*** HOLE CARDS ***
Quahrino: raises $1.50 to $2.50
socito leaves the table
coeeeelho: raises $7.50 to $10
Quahrino: raises $14 to $24
coeeeelho: raises $76 to $100 and is all-in
Quahrino: calls $76
*** FLOP *** [4h Ks 2d]
*** TURN *** [4h Ks 2d] [Jh]
*** RIVER *** [4h Ks 2d Jh] [Ts]
*** SHOW DOWN ***
coeeeelho: shows [8c 8s] (a pair of Eights)
Quahrino: shows [Ad Qd] (a straight, Ten to Ace)
Quahrino collected $199 from pot
*** SUMMARY ***
Total pot $200 | Rake $1 
Board [4h Ks 2d Jh Ts]
Seat 4: socito
Seat 2: Quahrino (button) (small blind) showed [Ad Qd] and won ($199) with a straight, Ten to Ace
Seat 5: coeeeelho (big blind) showed [8c 8s] and lost with a pair of Eights



PokerStars Hand #254734843816:  Hold'em No Limit ($0.50/$1.00 USD) - 2025/02/06 16:11:36 WET [2025/02/06 11:11:36 ET]
Table 'Kochab II' 6-max Seat #5 is the button
Seat 2: Quahrino ($307.19 in chips) 
Seat 5: coeeeelho ($100 in chips) 
coeeeelho: posts small blind $0.50
Quahrino: posts big blind $1
*** HOLE CARDS ***
coeeeelho: folds 
Uncalled bet ($0.50) returned to Quahrino
Quahrino collected $1 from pot
Quahrino: doesn't show hand 
*** SUMMARY ***
Total pot $1 | Rake $0 
Seat 2: Quahrino (big blind) collected ($1)
Seat 5: coeeeelho (button) (small blind) folded before Flop



PokerStars Hand #254740776066:  Hold'em No Limit ($0.50/$1.00 USD) - 2025/02/06 22:18:11 WET [2025/02/06 17:18:11 ET]
Table 'Kochab II' 6-max Seat #3 is the button
Seat 1: nikalas22 ($100 in chips) 
Seat 2: An1an1 ($100 in chips) 
Seat 3: IREQO ($98 in chips) 
Seat 4: XneferX ($100 in chips) 
Seat 5: steepfell ($100 in chips) 
Seat 6: alesss77777 ($19.44 in chips) 
XneferX: posts small blind $0.50
steepfell: posts big blind $1
*** HOLE CARDS ***
alesss77777: calls $1
nikalas22: folds 
An1an1: folds 
IREQO: raises $4 to $5
XneferX: folds 
steepfell: folds 
alesss77777 is disconnected 
alesss77777 is connected 
alesss77777: folds 
Uncalled bet ($4) returned to IREQO
IREQO collected $3.50 from pot
IREQO: doesn't show hand 
*** SUMMARY ***
Total pot $3.50 | Rake $0 
Seat 1: nikalas22 folded before Flop (didn't bet)
Seat 2: An1an1 folded before Flop (didn't bet)
Seat 3: IREQO (button) collected ($3.50)
Seat 4: XneferX (small blind) folded before Flop
Seat 5: steepfell (big blind) folded before Flop
Seat 6: alesss77777 folded before Flop



PokerStars Hand #254740788261:  Hold'em No Limit ($0.50/$1.00 USD) - 2025/02/06 22:18:54 WET [2025/02/06 17:18:54 ET]
Table 'Kochab II' 6-max Seat #4 is the button
Seat 6: alesss77777 ($18.44 in chips) is sitting out
Seat 1: nikalas22 ($100 in chips) 
Seat 2: An1an1 ($100 in chips) 
Seat 3: IREQO ($100.50 in chips) 
Seat 4: XneferX ($100 in chips) 
Seat 5: steepfell ($100 in chips) 
steepfell: posts small blind $0.50
alesss77777 has timed out
alesss77777: is sitting out 
nikalas22: posts big blind $1
*** HOLE CARDS ***
An1an1: folds 
alesss77777 is disconnected 
IREQO: folds 
XneferX: folds 
steepfell: folds 
Uncalled bet ($0.50) returned to nikalas22
nikalas22 collected $1 from pot
nikalas22: doesn't show hand 
*** SUMMARY ***
Total pot $1 | Rake $0 
Seat 6: alesss77777
Seat 1: nikalas22 (big blind) collected ($1)
Seat 2: An1an1 folded before Flop (didn't bet)
Seat 3: IREQO folded before Flop (didn't bet)
Seat 4: XneferX (button) folded before Flop (didn't bet)
Seat 5: steepfell (small blind) folded before Flop



PokerStars Hand #254740794767:  Hold'em No Limit ($0.50/$1.00 USD) - 2025/02/06 22:19:17 WET [2025/02/06 17:19:17 ET]
Table 'Kochab II' 6-max Seat #5 is the button
Seat 6: alesss77777 ($18.44 in chips) is sitting out
Seat 1: nikalas22 ($100.50 in chips) 
Seat 2: An1an1 ($100 in chips) 
Seat 3: IREQO ($100.50 in chips) 
Seat 4: XneferX ($100 in chips) 
Seat 5: steepfell ($100 in chips) 
nikalas22: posts small blind $0.50
An1an1: posts big blind $1
*** HOLE CARDS ***
IREQO: folds 
XneferX: folds 
steepfell: raises $1.50 to $2.50
nikalas22: folds 
An1an1: folds 
Uncalled bet ($1.50) returned to steepfell
steepfell collected $2.50 from pot
steepfell: doesn't show hand 
*** SUMMARY ***
Total pot $2.50 | Rake $0 
Seat 6: alesss77777
Seat 1: nikalas22 (small blind) folded before Flop
Seat 2: An1an1 (big blind) folded before Flop
Seat 3: IREQO folded before Flop (didn't bet)
Seat 4: XneferX folded before Flop (didn't bet)
Seat 5: steepfell (button) collected ($2.50)



PokerStars Hand #254740798768:  Hold'em No Limit ($0.50/$1.00 USD) - 2025/02/06 22:19:31 WET [2025/02/06 17:19:31 ET]
Table 'Kochab II' 6-max Seat #1 is the button
Seat 1: nikalas22 ($100 in chips) 
Seat 2: An1an1 ($100 in chips) 
Seat 3: IREQO ($100.50 in chips) 
Seat 4: XneferX ($100 in chips) 
Seat 5: steepfell ($101.50 in chips) 
Seat 6: alesss77777 ($18.44 in chips) 
An1an1: posts small blind $0.50
IREQO: posts big blind $1
alesss77777 is disconnected 
alesss77777 is connected 
alesss77777: posts small & big blinds $1.50
*** HOLE CARDS ***
XneferX: folds 
steepfell: folds 
alesss77777: checks 
nikalas22: raises $3 to $4
An1an1: folds 
IREQO: folds 
alesss77777 is disconnected 
alesss77777 is disconnected 
alesss77777 is connected 
alesss77777: folds 
Uncalled bet ($3) returned to nikalas22
nikalas22 collected $4 from pot
nikalas22: doesn't show hand 
*** SUMMARY ***
Total pot $4 | Rake $0 
Seat 1: nikalas22 (button) collected ($4)
Seat 2: An1an1 (small blind) folded before Flop
Seat 3: IREQO (big blind) folded before Flop
Seat 4: XneferX folded before Flop (didn't bet)
Seat 5: steepfell folded before Flop (didn't bet)
Seat 6: alesss77777 folded before Flop (didn't bet)



PokerStars Hand #254740816894:  Hold'em No Limit ($0.50/$1.00 USD) - 2025/02/06 22:20:35 WET [2025/02/06 17:20:35 ET]
Table 'Kochab II' 6-max Seat #2 is the button
Seat 1: nikalas22 ($103 in chips) 
Seat 2: An1an1 ($100 in chips) 
Seat 3: IREQO ($99.50 in chips) 
Seat 4: XneferX ($100 in chips) 
Seat 5: steepfell ($101.50 in chips) 
Seat 6: alesss77777 ($16.94 in chips) 
IREQO: posts small blind $0.50
XneferX: posts big blind $1
*** HOLE CARDS ***
steepfell: folds 
alesss77777 is disconnected 
alesss77777 is connected 
alesss77777: folds 
nikalas22: raises $1.20 to $2.20
An1an1: raises $5.30 to $7.50
IREQO: folds 
XneferX: folds 
nikalas22: raises $13.50 to $21
alesss77777 is disconnected 
An1an1: calls $13.50
*** FLOP *** [2s Kd 3h]
nikalas22: bets $12.40
An1an1: raises $12.60 to $25
nikalas22: calls $12.60
*** TURN *** [2s Kd 3h] [Qc]
nikalas22: checks 
An1an1: checks 
*** RIVER *** [2s Kd 3h Qc] [9s]
nikalas22: bets $57 and is all-in
An1an1: folds 
Uncalled bet ($57) returned to nikalas22
nikalas22 collected $91 from pot
nikalas22: doesn't show hand 
*** SUMMARY ***
Total pot $93.50 | Rake $2.50 
Board [2s Kd 3h Qc 9s]
Seat 1: nikalas22 collected ($91)
Seat 2: An1an1 (button) folded on the River
Seat 3: IREQO (small blind) folded before Flop
Seat 4: XneferX (big blind) folded before Flop
Seat 5: steepfell folded before Flop (didn't bet)
Seat 6: alesss77777 folded before Flop (didn't bet)



PokerStars Hand #254740845274:  Hold'em No Limit ($0.50/$1.00 USD) - 2025/02/06 22:22:15 WET [2025/02/06 17:22:15 ET]
Table 'Kochab II' 6-max Seat #3 is the button
Seat 1: nikalas22 ($148 in chips) 
Seat 2: An1an1 ($100 in chips) 
Seat 3: IREQO ($99 in chips) 
Seat 4: XneferX ($100 in chips) 
Seat 5: steepfell ($101.50 in chips) 
Seat 6: alesss77777 ($16.94 in chips) 
XneferX: posts small blind $0.50
steepfell: posts big blind $1
*** HOLE CARDS ***
alesss77777 is disconnected 
alesss77777 is connected 
alesss77777: folds 
nikalas22: folds 
An1an1: raises $1 to $2
IREQO: folds 
XneferX: folds 
steepfell: folds 
Uncalled bet ($1) returned to An1an1
An1an1 collected $2.50 from pot
An1an1: doesn't show hand 
*** SUMMARY ***
Total pot $2.50 | Rake $0 
Seat 1: nikalas22 folded before Flop (didn't bet)
Seat 2: An1an1 collected ($2.50)
Seat 3: IREQO (button) folded before Flop (didn't bet)
Seat 4: XneferX (small blind) folded before Flop
Seat 5: steepfell (big blind) folded before Flop
Seat 6: alesss77777 folded before Flop (didn't bet)



PokerStars Hand #254740853779:  Hold'em No Limit ($0.50/$1.00 USD) - 2025/02/06 22:22:45 WET [2025/02/06 17:22:45 ET]
Table 'Kochab II' 6-max Seat #4 is the button
Seat 1: nikalas22 ($148 in chips) 
Seat 2: An1an1 ($101.50 in chips) 
Seat 3: IREQO ($99 in chips) 
Seat 4: XneferX ($100 in chips) 
Seat 5: steepfell ($100.50 in chips) 
Seat 6: alesss77777 ($16.94 in chips) 
steepfell: posts small blind $0.50
alesss77777 is disconnected 
alesss77777 is connected 
alesss77777: posts big blind $1
*** HOLE CARDS ***
nikalas22: raises $1.20 to $2.20
alesss77777 is disconnected 
An1an1: folds 
IREQO: folds 
XneferX: raises $4.80 to $7
steepfell: folds 
alesss77777 is disconnected 
alesss77777 is connected 
alesss77777 has timed out
alesss77777: folds 
nikalas22: folds 
Uncalled bet ($4.80) returned to XneferX
XneferX collected $5.90 from pot
XneferX: doesn't show hand 
*** SUMMARY ***
Total pot $5.90 | Rake $0 
Seat 1: nikalas22 folded before Flop
Seat 2: An1an1 folded before Flop (didn't bet)
Seat 3: IREQO folded before Flop (didn't bet)
Seat 4: XneferX (button) collected ($5.90)
Seat 5: steepfell (small blind) folded before Flop
Seat 6: alesss77777 (big blind) folded before Flop



PokerStars Hand #254740873927:  Hold'em No Limit ($0.50/$1.00 USD) - 2025/02/06 22:23:57 WET [2025/02/06 17:23:57 ET]
Table 'Kochab II' 6-max Seat #5 is the button
Seat 6: alesss77777 ($15.94 in chips) is sitting out
Seat 1: nikalas22 ($145.80 in chips) 
Seat 2: An1an1 ($101.50 in chips) 
Seat 3: IREQO ($99 in chips) 
Seat 4: XneferX ($103.70 in chips) 
Seat 5: steepfell ($100 in chips) 
alesss77777 has timed out
alesss77777: is sitting out 
nikalas22: posts small blind $0.50
An1an1: posts big blind $1
*** HOLE CARDS ***
alesss77777 is disconnected 
IREQO: folds 
XneferX: folds 
steepfell: raises $1.50 to $2.50
nikalas22: folds 
alesss77777 leaves the table
An1an1: calls $1.50
*** FLOP *** [6c 4h Ah]
An1an1: checks 
steepfell: bets $1.72
An1an1: calls $1.72
*** TURN *** [6c 4h Ah] [5d]
An1an1: checks 
steepfell: bets $12.74
XneferX leaves the table
An1an1: raises $12.74 to $25.48
steepfell: folds 
Uncalled bet ($12.74) returned to An1an1
An1an1 collected $32.70 from pot
An1an1: doesn't show hand 
*** SUMMARY ***
Total pot $34.42 | Rake $1.72 
Board [6c 4h Ah 5d]
Seat 6: alesss77777
Seat 1: nikalas22 (small blind) folded before Flop
Seat 2: An1an1 (big blind) collected ($32.70)
Seat 3: IREQO folded before Flop (didn't bet)
Seat 4: XneferX folded before Flop (didn't bet)
Seat 5: steepfell (button) folded on the Turn



PokerStars Hand #254740893853:  Hold'em No Limit ($0.50/$1.00 USD) - 2025/02/06 22:25:09 WET [2025/02/06 17:25:09 ET]
Table 'Kochab II' 6-max Seat #1 is the button
Seat 3: IREQO ($99 in chips) is sitting out
Seat 1: nikalas22 ($145.30 in chips) 
Seat 2: An1an1 ($117.24 in chips) 
Seat 5: steepfell ($100 in chips) 
An1an1: posts small blind $0.50
IREQO: is sitting out 
steepfell: posts big blind $1
*** HOLE CARDS ***
IREQO leaves the table
nikalas22: folds 
An1an1: raises $1.40 to $2.40
steepfell: raises $5.60 to $8
nikalas22 leaves the table
An1an1: folds 
Uncalled bet ($5.60) returned to steepfell
steepfell collected $4.80 from pot
steepfell: doesn't show hand 
An1an1 leaves the table
*** SUMMARY ***
Total pot $4.80 | Rake $0 
Seat 3: IREQO
Seat 1: nikalas22 (button) folded before Flop (didn't bet)
Seat 2: An1an1 (small blind) folded before Flop
Seat 5: steepfell (big blind) collected ($4.80)



