PokerStars Hand #254736568622:  Hold'em No Limit ($0.50/$1.00 USD) - 2025/02/06 18:13:36 WET [2025/02/06 13:13:36 ET]
Table 'Newtonia II' 6-max Seat #4 is the button
Seat 1: Cretzu.Ilies ($36 in chips) 
Seat 2: 3EPH ($103.12 in chips) 
Seat 3: Burlica2013 ($104 in chips) 
Seat 4: RAidakCo ($100 in chips) 
Seat 5: michasia ($100 in chips) 
Seat 6: DL1B ($150.41 in chips) 
michasia: posts small blind $0.50
DL1B: posts big blind $1
*** HOLE CARDS ***
Cretzu.Ilies: folds 
3EPH: folds 
Burlica2013: folds 
RAidakCo: raises $1.50 to $2.50
michasia: folds 
DL1B: folds 
Uncalled bet ($1.50) returned to RAidakCo
RAidakCo collected $2.50 from pot
RAidakCo: doesn't show hand 
*** SUMMARY ***
Total pot $2.50 | Rake $0 
Seat 1: Cretzu.Ilies folded before Flop (didn't bet)
Seat 2: 3EPH folded before Flop (didn't bet)
Seat 3: Burlica2013 folded before Flop (didn't bet)
Seat 4: RAidakCo (button) collected ($2.50)
Seat 5: michasia (small blind) folded before Flop
Seat 6: DL1B (big blind) folded before Flop



PokerStars Hand #254736573898:  Hold'em No Limit ($0.50/$1.00 USD) - 2025/02/06 18:13:56 WET [2025/02/06 13:13:56 ET]
Table 'Newtonia II' 6-max Seat #5 is the button
Seat 1: Cretzu.Ilies ($36 in chips) 
Seat 2: 3EPH ($103.12 in chips) 
Seat 3: Burlica2013 ($104 in chips) 
Seat 4: RAidakCo ($101.50 in chips) 
Seat 5: michasia ($100 in chips) 
Seat 6: DL1B ($149.41 in chips) 
DL1B: posts small blind $0.50
Cretzu.Ilies: posts big blind $1
*** HOLE CARDS ***
3EPH: folds 
Burlica2013: raises $1.20 to $2.20
RAidakCo: folds 
michasia: folds 
DL1B: folds 
Cretzu.Ilies: calls $1.20
*** FLOP *** [3s Qs Qd]
Cretzu.Ilies: bets $2.33
Burlica2013: calls $2.33
*** TURN *** [3s Qs Qd] [8c]
Cretzu.Ilies: checks 
Burlica2013: bets $4.54
Cretzu.Ilies: folds 
Uncalled bet ($4.54) returned to Burlica2013
Burlica2013 collected $9.08 from pot
Burlica2013: doesn't show hand 
*** SUMMARY ***
Total pot $9.56 | Rake $0.48 
Board [3s Qs Qd 8c]
Seat 1: Cretzu.Ilies (big blind) folded on the Turn
Seat 2: 3EPH folded before Flop (didn't bet)
Seat 3: Burlica2013 collected ($9.08)
Seat 4: RAidakCo folded before Flop (didn't bet)
Seat 5: michasia (button) folded before Flop (didn't bet)
Seat 6: DL1B (small blind) folded before Flop



PokerStars Hand #254736587975:  Hold'em No Limit ($0.50/$1.00 USD) - 2025/02/06 18:14:48 WET [2025/02/06 13:14:48 ET]
Table 'Newtonia II' 6-max Seat #6 is the button
Seat 1: Cretzu.Ilies ($31.47 in chips) 
Seat 2: 3EPH ($103.12 in chips) 
Seat 3: Burlica2013 ($108.55 in chips) 
Seat 4: RAidakCo ($101.50 in chips) 
Seat 5: michasia ($100 in chips) 
Seat 6: DL1B ($148.91 in chips) 
Cretzu.Ilies: posts small blind $0.50
3EPH: posts big blind $1
*** HOLE CARDS ***
Burlica2013: raises $1.20 to $2.20
RAidakCo: folds 
michasia: folds 
DL1B: folds 
Cretzu.Ilies: calls $1.70
3EPH: folds 
*** FLOP *** [Ac 8c 6h]
Cretzu.Ilies: checks 
Burlica2013: bets $1.69
Cretzu.Ilies: calls $1.69
*** TURN *** [Ac 8c 6h] [6d]
Cretzu.Ilies: checks 
Burlica2013: checks 
*** RIVER *** [Ac 8c 6h 6d] [4d]
Cretzu.Ilies: bets $8.34
Burlica2013: folds 
Uncalled bet ($8.34) returned to Cretzu.Ilies
Cretzu.Ilies collected $8.34 from pot
*** SUMMARY ***
Total pot $8.78 | Rake $0.44 
Board [Ac 8c 6h 6d 4d]
Seat 1: Cretzu.Ilies (small blind) collected ($8.34)
Seat 2: 3EPH (big blind) folded before Flop
Seat 3: Burlica2013 folded on the River
Seat 4: RAidakCo folded before Flop (didn't bet)
Seat 5: michasia folded before Flop (didn't bet)
Seat 6: DL1B (button) folded before Flop (didn't bet)



PokerStars Hand #254736600921:  Hold'em No Limit ($0.50/$1.00 USD) - 2025/02/06 18:15:36 WET [2025/02/06 13:15:36 ET]
Table 'Newtonia II' 6-max Seat #1 is the button
Seat 1: Cretzu.Ilies ($35.92 in chips) 
Seat 2: 3EPH ($102.12 in chips) 
Seat 3: Burlica2013 ($104.66 in chips) 
Seat 4: RAidakCo ($101.50 in chips) 
Seat 5: michasia ($100 in chips) 
Seat 6: DL1B ($148.91 in chips) 
3EPH: posts small blind $0.50
Burlica2013: posts big blind $1
*** HOLE CARDS ***
RAidakCo: folds 
michasia: folds 
DL1B: folds 
Cretzu.Ilies: calls $1
3EPH: raises $3 to $4
Burlica2013: calls $3
Cretzu.Ilies: folds 
*** FLOP *** [Qs 2d As]
3EPH: checks 
Burlica2013: checks 
*** TURN *** [Qs 2d As] [9d]
3EPH: bets $6.41
Burlica2013: calls $6.41
*** RIVER *** [Qs 2d As 9d] [Kh]
3EPH: checks 
Burlica2013: bets $15.55
3EPH: folds 
Uncalled bet ($15.55) returned to Burlica2013
Burlica2013 collected $20.73 from pot
Burlica2013: doesn't show hand 
*** SUMMARY ***
Total pot $21.82 | Rake $1.09 
Board [Qs 2d As 9d Kh]
Seat 1: Cretzu.Ilies (button) folded before Flop
Seat 2: 3EPH (small blind) folded on the River
Seat 3: Burlica2013 (big blind) collected ($20.73)
Seat 4: RAidakCo folded before Flop (didn't bet)
Seat 5: michasia folded before Flop (didn't bet)
Seat 6: DL1B folded before Flop (didn't bet)



PokerStars Hand #254736619672:  Hold'em No Limit ($0.50/$1.00 USD) - 2025/02/06 18:16:47 WET [2025/02/06 13:16:47 ET]
Table 'Newtonia II' 6-max Seat #2 is the button
Seat 1: Cretzu.Ilies ($34.92 in chips) 
Seat 2: 3EPH ($100 in chips) 
Seat 3: Burlica2013 ($114.98 in chips) 
Seat 4: RAidakCo ($101.50 in chips) 
Seat 5: michasia ($100 in chips) 
Seat 6: DL1B ($148.91 in chips) 
Burlica2013: posts small blind $0.50
RAidakCo: posts big blind $1
*** HOLE CARDS ***
Cretzu.Ilies is disconnected 
michasia: raises $1.60 to $2.60
DL1B: folds 
Cretzu.Ilies: calls $2.60
3EPH: folds 
Burlica2013: folds 
RAidakCo: calls $1.60
*** FLOP *** [Kc 8d Kd]
RAidakCo: checks 
michasia: checks 
Cretzu.Ilies: bets $2
RAidakCo: calls $2
michasia: folds 
*** TURN *** [Kc 8d Kd] [As]
RAidakCo: checks 
Cretzu.Ilies: checks 
*** RIVER *** [Kc 8d Kd As] [Kh]
RAidakCo: bets $8.76
Cretzu.Ilies: folds 
Uncalled bet ($8.76) returned to RAidakCo
RAidakCo collected $11.68 from pot
RAidakCo: doesn't show hand 
*** SUMMARY ***
Total pot $12.30 | Rake $0.62 
Board [Kc 8d Kd As Kh]
Seat 1: Cretzu.Ilies folded on the River
Seat 2: 3EPH (button) folded before Flop (didn't bet)
Seat 3: Burlica2013 (small blind) folded before Flop
Seat 4: RAidakCo (big blind) collected ($11.68)
Seat 5: michasia folded on the Flop
Seat 6: DL1B folded before Flop (didn't bet)



PokerStars Hand #254736638033:  Hold'em No Limit ($0.50/$1.00 USD) - 2025/02/06 18:17:55 WET [2025/02/06 13:17:55 ET]
Table 'Newtonia II' 6-max Seat #3 is the button
Seat 1: Cretzu.Ilies ($30.32 in chips) 
Seat 2: 3EPH ($100 in chips) 
Seat 3: Burlica2013 ($114.48 in chips) 
Seat 4: RAidakCo ($108.58 in chips) 
Seat 5: michasia ($100 in chips) 
Seat 6: DL1B ($148.91 in chips) 
RAidakCo: posts small blind $0.50
michasia: posts big blind $1
*** HOLE CARDS ***
DL1B: folds 
Cretzu.Ilies: folds 
3EPH: raises $1.50 to $2.50
Burlica2013: folds 
RAidakCo: folds 
michasia: folds 
Uncalled bet ($1.50) returned to 3EPH
3EPH collected $2.50 from pot
3EPH: doesn't show hand 
*** SUMMARY ***
Total pot $2.50 | Rake $0 
Seat 1: Cretzu.Ilies folded before Flop (didn't bet)
Seat 2: 3EPH collected ($2.50)
Seat 3: Burlica2013 (button) folded before Flop (didn't bet)
Seat 4: RAidakCo (small blind) folded before Flop
Seat 5: michasia (big blind) folded before Flop
Seat 6: DL1B folded before Flop (didn't bet)



PokerStars Hand #254736642847:  Hold'em No Limit ($0.50/$1.00 USD) - 2025/02/06 18:18:13 WET [2025/02/06 13:18:13 ET]
Table 'Newtonia II' 6-max Seat #4 is the button
Seat 1: Cretzu.Ilies ($30.32 in chips) 
Seat 2: 3EPH ($101.50 in chips) 
Seat 3: Burlica2013 ($114.48 in chips) 
Seat 4: RAidakCo ($108.08 in chips) 
Seat 5: michasia ($100 in chips) 
Seat 6: DL1B ($148.91 in chips) 
michasia: posts small blind $0.50
DL1B: posts big blind $1
*** HOLE CARDS ***
Cretzu.Ilies: folds 
3EPH: folds 
Burlica2013: folds 
RAidakCo: raises $1.50 to $2.50
michasia: raises $9.50 to $12
DL1B: folds 
RAidakCo: folds 
Uncalled bet ($9.50) returned to michasia
michasia collected $6 from pot
michasia: doesn't show hand 
*** SUMMARY ***
Total pot $6 | Rake $0 
Seat 1: Cretzu.Ilies folded before Flop (didn't bet)
Seat 2: 3EPH folded before Flop (didn't bet)
Seat 3: Burlica2013 folded before Flop (didn't bet)
Seat 4: RAidakCo (button) folded before Flop
Seat 5: michasia (small blind) collected ($6)
Seat 6: DL1B (big blind) folded before Flop



PokerStars Hand #254736650147:  Hold'em No Limit ($0.50/$1.00 USD) - 2025/02/06 18:18:40 WET [2025/02/06 13:18:40 ET]
Table 'Newtonia II' 6-max Seat #5 is the button
Seat 1: Cretzu.Ilies ($30.32 in chips) 
Seat 2: 3EPH ($101.50 in chips) 
Seat 3: Burlica2013 ($114.48 in chips) 
Seat 4: RAidakCo ($105.58 in chips) 
Seat 5: michasia ($103.50 in chips) 
Seat 6: DL1B ($147.91 in chips) 
DL1B: posts small blind $0.50
Cretzu.Ilies: posts big blind $1
*** HOLE CARDS ***
3EPH: raises $1.50 to $2.50
Burlica2013: folds 
RAidakCo: folds 
michasia: raises $5 to $7.50
DL1B: folds 
Cretzu.Ilies: folds 
3EPH: folds 
Uncalled bet ($5) returned to michasia
michasia collected $6.50 from pot
michasia: doesn't show hand 
*** SUMMARY ***
Total pot $6.50 | Rake $0 
Seat 1: Cretzu.Ilies (big blind) folded before Flop
Seat 2: 3EPH folded before Flop
Seat 3: Burlica2013 folded before Flop (didn't bet)
Seat 4: RAidakCo folded before Flop (didn't bet)
Seat 5: michasia (button) collected ($6.50)
Seat 6: DL1B (small blind) folded before Flop



PokerStars Hand #254736655287:  Hold'em No Limit ($0.50/$1.00 USD) - 2025/02/06 18:18:59 WET [2025/02/06 13:18:59 ET]
Table 'Newtonia II' 6-max Seat #6 is the button
Seat 1: Cretzu.Ilies ($29.32 in chips) 
Seat 2: 3EPH ($100 in chips) 
Seat 3: Burlica2013 ($114.48 in chips) 
Seat 4: RAidakCo ($105.58 in chips) 
Seat 5: michasia ($107.50 in chips) 
Seat 6: DL1B ($147.41 in chips) 
Cretzu.Ilies: posts small blind $0.50
3EPH: posts big blind $1
*** HOLE CARDS ***
Burlica2013: folds 
RAidakCo: raises $1.20 to $2.20
michasia: folds 
DL1B: folds 
Cretzu.Ilies: calls $1.70
3EPH: raises $10.80 to $13
RAidakCo: calls $10.80
Cretzu.Ilies: folds 
*** FLOP *** [6h 7d Qc]
3EPH: checks 
RAidakCo: bets $8.84
3EPH: calls $8.84
*** TURN *** [6h 7d Qc] [9d]
3EPH: checks 
RAidakCo: checks 
*** RIVER *** [6h 7d Qc 9d] [2c]
3EPH: checks 
RAidakCo: bets $14.38
3EPH: folds 
Uncalled bet ($14.38) returned to RAidakCo
RAidakCo collected $43.59 from pot
RAidakCo: doesn't show hand 
*** SUMMARY ***
Total pot $45.88 | Rake $2.29 
Board [6h 7d Qc 9d 2c]
Seat 1: Cretzu.Ilies (small blind) folded before Flop
Seat 2: 3EPH (big blind) folded on the River
Seat 3: Burlica2013 folded before Flop (didn't bet)
Seat 4: RAidakCo collected ($43.59)
Seat 5: michasia folded before Flop (didn't bet)
Seat 6: DL1B (button) folded before Flop (didn't bet)



PokerStars Hand #254736682963:  Hold'em No Limit ($0.50/$1.00 USD) - 2025/02/06 18:20:41 WET [2025/02/06 13:20:41 ET]
Table 'Newtonia II' 6-max Seat #1 is the button
Seat 1: Cretzu.Ilies ($27.12 in chips) 
Seat 2: 3EPH ($100 in chips) 
Seat 3: Burlica2013 ($114.48 in chips) 
Seat 4: RAidakCo ($127.33 in chips) 
Seat 5: michasia ($107.50 in chips) 
Seat 6: DL1B ($147.41 in chips) 
3EPH: posts small blind $0.50
Burlica2013: posts big blind $1
*** HOLE CARDS ***
RAidakCo: folds 
michasia: folds 
DL1B: folds 
Cretzu.Ilies: folds 
3EPH: folds 
Uncalled bet ($0.50) returned to Burlica2013
Burlica2013 collected $1 from pot
Burlica2013: doesn't show hand 
*** SUMMARY ***
Total pot $1 | Rake $0 
Seat 1: Cretzu.Ilies (button) folded before Flop (didn't bet)
Seat 2: 3EPH (small blind) folded before Flop
Seat 3: Burlica2013 (big blind) collected ($1)
Seat 4: RAidakCo folded before Flop (didn't bet)
Seat 5: michasia folded before Flop (didn't bet)
Seat 6: DL1B folded before Flop (didn't bet)



PokerStars Hand #254736685324:  Hold'em No Limit ($0.50/$1.00 USD) - 2025/02/06 18:20:49 WET [2025/02/06 13:20:49 ET]
Table 'Newtonia II' 6-max Seat #2 is the button
Seat 1: Cretzu.Ilies ($27.12 in chips) 
Seat 2: 3EPH ($100 in chips) 
Seat 3: Burlica2013 ($114.98 in chips) 
Seat 4: RAidakCo ($127.33 in chips) 
Seat 5: michasia ($107.50 in chips) 
Seat 6: DL1B ($147.41 in chips) 
Burlica2013: posts small blind $0.50
RAidakCo: posts big blind $1
*** HOLE CARDS ***
michasia: raises $1.60 to $2.60
DL1B: folds 
Cretzu.Ilies: folds 
3EPH: folds 
Burlica2013: folds 
RAidakCo: calls $1.60
*** FLOP *** [Tc 2c 5h]
RAidakCo: checks 
michasia: bets $1.79
RAidakCo: calls $1.79
*** TURN *** [Tc 2c 5h] [9c]
RAidakCo: checks 
michasia: bets $5.88
RAidakCo: calls $5.88
*** RIVER *** [Tc 2c 5h 9c] [5s]
RAidakCo: checks 
michasia: bets $24.99
RAidakCo: folds 
Uncalled bet ($24.99) returned to michasia
michasia collected $19.99 from pot
michasia: doesn't show hand 
*** SUMMARY ***
Total pot $21.04 | Rake $1.05 
Board [Tc 2c 5h 9c 5s]
Seat 1: Cretzu.Ilies folded before Flop (didn't bet)
Seat 2: 3EPH (button) folded before Flop (didn't bet)
Seat 3: Burlica2013 (small blind) folded before Flop
Seat 4: RAidakCo (big blind) folded on the River
Seat 5: michasia collected ($19.99)
Seat 6: DL1B folded before Flop (didn't bet)



PokerStars Hand #254736703569:  Hold'em No Limit ($0.50/$1.00 USD) - 2025/02/06 18:21:57 WET [2025/02/06 13:21:57 ET]
Table 'Newtonia II' 6-max Seat #3 is the button
Seat 1: Cretzu.Ilies ($27.12 in chips) 
Seat 2: 3EPH ($100 in chips) 
Seat 3: Burlica2013 ($114.48 in chips) 
Seat 4: RAidakCo ($117.06 in chips) 
Seat 5: michasia ($117.22 in chips) 
Seat 6: DL1B ($147.41 in chips) 
RAidakCo: posts small blind $0.50
michasia: posts big blind $1
*** HOLE CARDS ***
DL1B: folds 
Cretzu.Ilies: calls $1
3EPH: folds 
Burlica2013: folds 
RAidakCo: folds 
michasia: checks 
*** FLOP *** [Th 3h Tc]
michasia: checks 
Cretzu.Ilies: bets $1.19
michasia: folds 
Uncalled bet ($1.19) returned to Cretzu.Ilies
Cretzu.Ilies collected $2.38 from pot
*** SUMMARY ***
Total pot $2.50 | Rake $0.12 
Board [Th 3h Tc]
Seat 1: Cretzu.Ilies collected ($2.38)
Seat 2: 3EPH folded before Flop (didn't bet)
Seat 3: Burlica2013 (button) folded before Flop (didn't bet)
Seat 4: RAidakCo (small blind) folded before Flop
Seat 5: michasia (big blind) folded on the Flop
Seat 6: DL1B folded before Flop (didn't bet)



PokerStars Hand #254736709468:  Hold'em No Limit ($0.50/$1.00 USD) - 2025/02/06 18:22:18 WET [2025/02/06 13:22:18 ET]
Table 'Newtonia II' 6-max Seat #4 is the button
Seat 1: Cretzu.Ilies ($28.50 in chips) 
Seat 2: 3EPH ($100 in chips) 
Seat 3: Burlica2013 ($114.48 in chips) 
Seat 4: RAidakCo ($116.56 in chips) 
Seat 5: michasia ($116.22 in chips) 
Seat 6: DL1B ($147.41 in chips) 
michasia: posts small blind $0.50
DL1B: posts big blind $1
*** HOLE CARDS ***
Cretzu.Ilies: calls $1
3EPH: folds 
Burlica2013: folds 
RAidakCo: raises $3 to $4
michasia: folds 
DL1B: folds 
Cretzu.Ilies: calls $3
*** FLOP *** [Kh 2c 7d]
Cretzu.Ilies: checks 
RAidakCo: bets $2.98
Cretzu.Ilies: folds 
Uncalled bet ($2.98) returned to RAidakCo
RAidakCo collected $9.02 from pot
RAidakCo: doesn't show hand 
*** SUMMARY ***
Total pot $9.50 | Rake $0.48 
Board [Kh 2c 7d]
Seat 1: Cretzu.Ilies folded on the Flop
Seat 2: 3EPH folded before Flop (didn't bet)
Seat 3: Burlica2013 folded before Flop (didn't bet)
Seat 4: RAidakCo (button) collected ($9.02)
Seat 5: michasia (small blind) folded before Flop
Seat 6: DL1B (big blind) folded before Flop



PokerStars Hand #254736714916:  Hold'em No Limit ($0.50/$1.00 USD) - 2025/02/06 18:22:38 WET [2025/02/06 13:22:38 ET]
Table 'Newtonia II' 6-max Seat #5 is the button
Seat 1: Cretzu.Ilies ($24.50 in chips) 
Seat 2: 3EPH ($100 in chips) 
Seat 3: Burlica2013 ($114.48 in chips) 
Seat 4: RAidakCo ($121.58 in chips) 
Seat 5: michasia ($115.72 in chips) 
Seat 6: DL1B ($146.41 in chips) 
DL1B: posts small blind $0.50
Cretzu.Ilies: posts big blind $1
*** HOLE CARDS ***
3EPH: folds 
Burlica2013: raises $1.20 to $2.20
RAidakCo: folds 
michasia: folds 
DL1B: folds 
Cretzu.Ilies: raises $3.20 to $5.40
Burlica2013: calls $3.20
*** FLOP *** [9h Kh 2h]
Cretzu.Ilies: bets $19.10 and is all-in
Burlica2013: folds 
Uncalled bet ($19.10) returned to Cretzu.Ilies
Cretzu.Ilies collected $10.74 from pot
*** SUMMARY ***
Total pot $11.30 | Rake $0.56 
Board [9h Kh 2h]
Seat 1: Cretzu.Ilies (big blind) collected ($10.74)
Seat 2: 3EPH folded before Flop (didn't bet)
Seat 3: Burlica2013 folded on the Flop
Seat 4: RAidakCo folded before Flop (didn't bet)
Seat 5: michasia (button) folded before Flop (didn't bet)
Seat 6: DL1B (small blind) folded before Flop



PokerStars Hand #254736722341:  Hold'em No Limit ($0.50/$1.00 USD) - 2025/02/06 18:23:05 WET [2025/02/06 13:23:05 ET]
Table 'Newtonia II' 6-max Seat #6 is the button
Seat 1: Cretzu.Ilies ($29.84 in chips) 
Seat 2: 3EPH ($100 in chips) 
Seat 3: Burlica2013 ($109.08 in chips) 
Seat 4: RAidakCo ($121.58 in chips) 
Seat 5: michasia ($115.72 in chips) 
Seat 6: DL1B ($145.91 in chips) 
Cretzu.Ilies: posts small blind $0.50
3EPH: posts big blind $1
*** HOLE CARDS ***
Burlica2013: folds 
RAidakCo: folds 
michasia: raises $1.80 to $2.80
DL1B: folds 
Cretzu.Ilies: calls $2.30
3EPH: folds 
*** FLOP *** [Jd 4h 9c]
Cretzu.Ilies: checks 
michasia: bets $2.07
Cretzu.Ilies: folds 
Uncalled bet ($2.07) returned to michasia
michasia collected $6.27 from pot
michasia: doesn't show hand 
*** SUMMARY ***
Total pot $6.60 | Rake $0.33 
Board [Jd 4h 9c]
Seat 1: Cretzu.Ilies (small blind) folded on the Flop
Seat 2: 3EPH (big blind) folded before Flop
Seat 3: Burlica2013 folded before Flop (didn't bet)
Seat 4: RAidakCo folded before Flop (didn't bet)
Seat 5: michasia collected ($6.27)
Seat 6: DL1B (button) folded before Flop (didn't bet)



PokerStars Hand #254736728954:  Hold'em No Limit ($0.50/$1.00 USD) - 2025/02/06 18:23:29 WET [2025/02/06 13:23:29 ET]
Table 'Newtonia II' 6-max Seat #1 is the button
Seat 1: Cretzu.Ilies ($27.04 in chips) 
Seat 2: 3EPH ($100 in chips) 
Seat 3: Burlica2013 ($109.08 in chips) 
Seat 4: RAidakCo ($121.58 in chips) 
Seat 5: michasia ($119.19 in chips) 
Seat 6: DL1B ($145.91 in chips) 
3EPH: posts small blind $0.50
Burlica2013: posts big blind $1
*** HOLE CARDS ***
RAidakCo: raises $1 to $2
michasia: folds 
DL1B: folds 
Cretzu.Ilies: folds 
3EPH: folds 
Burlica2013: calls $1
*** FLOP *** [6d 8h 7c]
Burlica2013: bets $1.41
RAidakCo: raises $3.59 to $5
Burlica2013: calls $3.59
*** TURN *** [6d 8h 7c] [3h]
Burlica2013: checks 
RAidakCo: checks 
*** RIVER *** [6d 8h 7c 3h] [3c]
Burlica2013: bets $10.34
RAidakCo: folds 
Uncalled bet ($10.34) returned to Burlica2013
Burlica2013 collected $13.78 from pot
Burlica2013: doesn't show hand 
*** SUMMARY ***
Total pot $14.50 | Rake $0.72 
Board [6d 8h 7c 3h 3c]
Seat 1: Cretzu.Ilies (button) folded before Flop (didn't bet)
Seat 2: 3EPH (small blind) folded before Flop
Seat 3: Burlica2013 (big blind) collected ($13.78)
Seat 4: RAidakCo folded on the River
Seat 5: michasia folded before Flop (didn't bet)
Seat 6: DL1B folded before Flop (didn't bet)



PokerStars Hand #254736749629:  Hold'em No Limit ($0.50/$1.00 USD) - 2025/02/06 18:24:45 WET [2025/02/06 13:24:45 ET]
Table 'Newtonia II' 6-max Seat #2 is the button
Seat 1: Cretzu.Ilies ($27.04 in chips) 
Seat 2: 3EPH ($100 in chips) 
Seat 3: Burlica2013 ($115.86 in chips) 
Seat 4: RAidakCo ($114.58 in chips) 
Seat 5: michasia ($119.19 in chips) 
Seat 6: DL1B ($145.91 in chips) 
Burlica2013: posts small blind $0.50
RAidakCo: posts big blind $1
*** HOLE CARDS ***
michasia: folds 
DL1B: folds 
Cretzu.Ilies: calls $1
3EPH: folds 
Burlica2013: folds 
RAidakCo: checks 
*** FLOP *** [Jh 8d Jd]
RAidakCo: checks 
Cretzu.Ilies: checks 
*** TURN *** [Jh 8d Jd] [8c]
RAidakCo: checks 
Cretzu.Ilies: bets $1.19
RAidakCo: folds 
Uncalled bet ($1.19) returned to Cretzu.Ilies
Cretzu.Ilies collected $2.38 from pot
*** SUMMARY ***
Total pot $2.50 | Rake $0.12 
Board [Jh 8d Jd 8c]
Seat 1: Cretzu.Ilies collected ($2.38)
Seat 2: 3EPH (button) folded before Flop (didn't bet)
Seat 3: Burlica2013 (small blind) folded before Flop
Seat 4: RAidakCo (big blind) folded on the Turn
Seat 5: michasia folded before Flop (didn't bet)
Seat 6: DL1B folded before Flop (didn't bet)



PokerStars Hand #254736758519:  Hold'em No Limit ($0.50/$1.00 USD) - 2025/02/06 18:25:17 WET [2025/02/06 13:25:17 ET]
Table 'Newtonia II' 6-max Seat #3 is the button
Seat 1: Cretzu.Ilies ($28.42 in chips) 
Seat 2: 3EPH ($100 in chips) 
Seat 3: Burlica2013 ($115.36 in chips) 
Seat 4: RAidakCo ($113.58 in chips) 
Seat 5: michasia ($119.19 in chips) 
Seat 6: DL1B ($145.91 in chips) 
RAidakCo: posts small blind $0.50
michasia: posts big blind $1
*** HOLE CARDS ***
DL1B: folds 
Cretzu.Ilies: folds 
3EPH: folds 
Cretzu.Ilies leaves the table
Burlica2013: raises $1.45 to $2.45
xxxZeka joins the table at seat #1 
RAidakCo: folds 
michasia: folds 
Uncalled bet ($1.45) returned to Burlica2013
Burlica2013 collected $2.50 from pot
Burlica2013: doesn't show hand 
*** SUMMARY ***
Total pot $2.50 | Rake $0 
Seat 1: Cretzu.Ilies folded before Flop (didn't bet)
Seat 2: 3EPH folded before Flop (didn't bet)
Seat 3: Burlica2013 (button) collected ($2.50)
Seat 4: RAidakCo (small blind) folded before Flop
Seat 5: michasia (big blind) folded before Flop
Seat 6: DL1B folded before Flop (didn't bet)



PokerStars Hand #254736763157:  Hold'em No Limit ($0.50/$1.00 USD) - 2025/02/06 18:25:33 WET [2025/02/06 13:25:33 ET]
Table 'Newtonia II' 6-max Seat #4 is the button
Seat 1: xxxZeka ($100 in chips) is sitting out
Seat 2: 3EPH ($100 in chips) 
Seat 3: Burlica2013 ($116.86 in chips) 
Seat 4: RAidakCo ($113.08 in chips) 
Seat 5: michasia ($118.19 in chips) 
Seat 6: DL1B ($145.91 in chips) 
michasia: posts small blind $0.50
DL1B: posts big blind $1
*** HOLE CARDS ***
xxxZeka leaves the table
3EPH: folds 
Burlica2013: raises $1.25 to $2.25
RAidakCo: raises $4.75 to $7
michasia: raises $14 to $21
DL1B: folds 
Burlica2013: folds 
RAidakCo: calls $14
*** FLOP *** [6s Qd 3h]
ZinePablo joins the table at seat #1 
michasia: bets $10.75
RAidakCo: calls $10.75
*** TURN *** [6s Qd 3h] [8s]
michasia: bets $16.06
RAidakCo: folds 
Uncalled bet ($16.06) returned to michasia
michasia collected $64.25 from pot
michasia: doesn't show hand 
*** SUMMARY ***
Total pot $66.75 | Rake $2.50 
Board [6s Qd 3h 8s]
Seat 1: xxxZeka
Seat 2: 3EPH folded before Flop (didn't bet)
Seat 3: Burlica2013 folded before Flop
Seat 4: RAidakCo (button) folded on the Turn
Seat 5: michasia (small blind) collected ($64.25)
Seat 6: DL1B (big blind) folded before Flop



PokerStars Hand #254736776222:  Hold'em No Limit ($0.50/$1.00 USD) - 2025/02/06 18:26:21 WET [2025/02/06 13:26:21 ET]
Table 'Newtonia II' 6-max Seat #5 is the button
Seat 1: ZinePablo ($100 in chips) 
Seat 2: 3EPH ($100 in chips) 
Seat 3: Burlica2013 ($114.61 in chips) 
Seat 4: RAidakCo ($100 in chips) 
Seat 5: michasia ($150.69 in chips) 
Seat 6: DL1B ($144.91 in chips) 
DL1B: posts small blind $0.50
ZinePablo: posts big blind $1
*** HOLE CARDS ***
3EPH: folds 
Burlica2013: folds 
RAidakCo: raises $1.20 to $2.20
michasia: folds 
DL1B: folds 
ZinePablo: folds 
Uncalled bet ($1.20) returned to RAidakCo
RAidakCo collected $2.50 from pot
RAidakCo: doesn't show hand 
*** SUMMARY ***
Total pot $2.50 | Rake $0 
Seat 1: ZinePablo (big blind) folded before Flop
Seat 2: 3EPH folded before Flop (didn't bet)
Seat 3: Burlica2013 folded before Flop (didn't bet)
Seat 4: RAidakCo collected ($2.50)
Seat 5: michasia (button) folded before Flop (didn't bet)
Seat 6: DL1B (small blind) folded before Flop



PokerStars Hand #254736779483:  Hold'em No Limit ($0.50/$1.00 USD) - 2025/02/06 18:26:32 WET [2025/02/06 13:26:32 ET]
Table 'Newtonia II' 6-max Seat #6 is the button
Seat 2: 3EPH ($100 in chips) is sitting out
Seat 3: Burlica2013 ($114.61 in chips) is sitting out
Seat 1: ZinePablo ($100 in chips) 
Seat 4: RAidakCo ($101.50 in chips) 
Seat 5: michasia ($150.69 in chips) 
Seat 6: DL1B ($144.41 in chips) 
ZinePablo: posts small blind $0.50
3EPH: is sitting out 
Burlica2013: is sitting out 
RAidakCo: posts big blind $1
*** HOLE CARDS ***
3EPH leaves the table
michasia: folds 
DL1B: folds 
ZinePablo: folds 
Uncalled bet ($0.50) returned to RAidakCo
RAidakCo collected $1 from pot
RAidakCo: doesn't show hand 
*** SUMMARY ***
Total pot $1 | Rake $0 
Seat 2: 3EPH
Seat 3: Burlica2013
Seat 1: ZinePablo (small blind) folded before Flop
Seat 4: RAidakCo (big blind) collected ($1)
Seat 5: michasia folded before Flop (didn't bet)
Seat 6: DL1B (button) folded before Flop (didn't bet)



PokerStars Hand #254736782207:  Hold'em No Limit ($0.50/$1.00 USD) - 2025/02/06 18:26:42 WET [2025/02/06 13:26:42 ET]
Table 'Newtonia II' 6-max Seat #4 is the button
Seat 3: Burlica2013 ($114.61 in chips) is sitting out
Seat 5: michasia ($150.69 in chips) is sitting out
Seat 6: DL1B ($144.41 in chips) is sitting out
Seat 1: ZinePablo ($100 in chips) 
Seat 4: RAidakCo ($102 in chips) 
RAidakCo: posts small blind $0.50
michasia: is sitting out 
DL1B: is sitting out 
ZinePablo: posts big blind $1
*** HOLE CARDS ***
michasia leaves the table
RAidakCo: raises $1.50 to $2.50
DL1B leaves the table
Burlica2013 leaves the table
ZinePablo: calls $1.50
*** FLOP *** [3h As 7d]
ZinePablo: checks 
RAidakCo: bets $1.57
ZinePablo: calls $1.57
*** TURN *** [3h As 7d] [6c]
ZinePablo: checks 
RAidakCo: checks 
*** RIVER *** [3h As 7d 6c] [Kd]
ZinePablo: bets $5.80
RAidakCo: folds 
Uncalled bet ($5.80) returned to ZinePablo
ZinePablo collected $7.73 from pot
*** SUMMARY ***
Total pot $8.14 | Rake $0.41 
Board [3h As 7d 6c Kd]
Seat 3: Burlica2013
Seat 5: michasia
Seat 6: DL1B
Seat 1: ZinePablo (big blind) collected ($7.73)
Seat 4: RAidakCo (button) (small blind) folded on the River



PokerStars Hand #254736797678:  Hold'em No Limit ($0.50/$1.00 USD) - 2025/02/06 18:27:38 WET [2025/02/06 13:27:38 ET]
Table 'Newtonia II' 6-max Seat #1 is the button
Seat 1: ZinePablo ($103.66 in chips) 
Seat 4: RAidakCo ($100 in chips) 
ZinePablo: posts small blind $0.50
RAidakCo: posts big blind $1
*** HOLE CARDS ***
ZinePablo: folds 
Uncalled bet ($0.50) returned to RAidakCo
RAidakCo collected $1 from pot
RAidakCo: doesn't show hand 
ZinePablo leaves the table
*** SUMMARY ***
Total pot $1 | Rake $0 
Seat 1: ZinePablo (button) (small blind) folded before Flop
Seat 4: RAidakCo (big blind) collected ($1)



