PokerStars Hand #254734175806:  Hold'em No Limit ($0.50/$1.00 USD) - 2025/02/06 15:15:37 WET [2025/02/06 10:15:37 ET]
Table 'Bredichina II' 6-max Seat #2 is the button
Seat 1: Quahrino ($100 in chips) 
Seat 2: fugitive-Ty3 ($100 in chips) 
Seat 3: tintin641 ($100 in chips) 
Seat 5: treidei3 ($100 in chips) 
tintin641: posts small blind $0.50
treidei3: posts big blind $1
*** HOLE CARDS ***
Quahrino: raises $1.30 to $2.30
fugitive-Ty3: folds 
tintin641: raises $8.70 to $11
treidei3: folds 
Quahrino: folds 
Uncalled bet ($8.70) returned to tintin641
tintin641 collected $5.60 from pot
tintin641: doesn't show hand 
*** SUMMARY ***
Total pot $5.60 | Rake $0 
Seat 1: Quahrino folded before Flop
Seat 2: fugitive-Ty3 (button) folded before Flop (didn't bet)
Seat 3: tintin641 (small blind) collected ($5.60)
Seat 5: treidei3 (big blind) folded before Flop



PokerStars Hand #254734179807:  Hold'em No Limit ($0.50/$1.00 USD) - 2025/02/06 15:15:57 WET [2025/02/06 10:15:57 ET]
Table 'Bredichina II' 6-max Seat #3 is the button
Seat 1: Quahrino ($100 in chips) 
Seat 2: fugitive-Ty3 ($100 in chips) 
Seat 3: tintin641 ($103.30 in chips) 
Seat 5: treidei3 ($100 in chips) 
treidei3: posts small blind $0.50
Quahrino: posts big blind $1
*** HOLE CARDS ***
fugitive-Ty3: folds 
tintin641: folds 
treidei3: folds 
Uncalled bet ($0.50) returned to Quahrino
Quahrino collected $1 from pot
Quahrino: doesn't show hand 
*** SUMMARY ***
Total pot $1 | Rake $0 
Seat 1: Quahrino (big blind) collected ($1)
Seat 2: fugitive-Ty3 folded before Flop (didn't bet)
Seat 3: tintin641 (button) folded before Flop (didn't bet)
Seat 5: treidei3 (small blind) folded before Flop



PokerStars Hand #254734182045:  Hold'em No Limit ($0.50/$1.00 USD) - 2025/02/06 15:16:09 WET [2025/02/06 10:16:09 ET]
Table 'Bredichina II' 6-max Seat #5 is the button
Seat 1: Quahrino ($100.50 in chips) 
Seat 2: fugitive-Ty3 ($100 in chips) 
Seat 3: tintin641 ($103.30 in chips) 
Seat 5: treidei3 ($100 in chips) 
Quahrino: posts small blind $0.50
fugitive-Ty3: posts big blind $1
*** HOLE CARDS ***
tintin641: raises $1.50 to $2.50
treidei3: folds 
Quahrino: folds 
fugitive-Ty3: folds 
Uncalled bet ($1.50) returned to tintin641
tintin641 collected $2.50 from pot
tintin641: doesn't show hand 
*** SUMMARY ***
Total pot $2.50 | Rake $0 
Seat 1: Quahrino (small blind) folded before Flop
Seat 2: fugitive-Ty3 (big blind) folded before Flop
Seat 3: tintin641 collected ($2.50)
Seat 5: treidei3 (button) folded before Flop (didn't bet)



PokerStars Hand #254734184521:  Hold'em No Limit ($0.50/$1.00 USD) - 2025/02/06 15:16:22 WET [2025/02/06 10:16:22 ET]
Table 'Bredichina II' 6-max Seat #1 is the button
Seat 1: Quahrino ($100 in chips) 
Seat 2: fugitive-Ty3 ($100 in chips) 
Seat 3: tintin641 ($104.80 in chips) 
Seat 5: treidei3 ($100 in chips) 
ReVeu710 joins the table at seat #6 
fugitive-Ty3: posts small blind $0.50
tintin641: posts big blind $1
*** HOLE CARDS ***
Artero10 joins the table at seat #4 
treidei3: folds 
Quahrino: raises $1.50 to $2.50
fugitive-Ty3: folds 
tintin641: folds 
Uncalled bet ($1.50) returned to Quahrino
Quahrino collected $2.50 from pot
Quahrino: doesn't show hand 
*** SUMMARY ***
Total pot $2.50 | Rake $0 
Seat 1: Quahrino (button) collected ($2.50)
Seat 2: fugitive-Ty3 (small blind) folded before Flop
Seat 3: tintin641 (big blind) folded before Flop
Seat 5: treidei3 folded before Flop (didn't bet)



PokerStars Hand #254734186376:  Hold'em No Limit ($0.50/$1.00 USD) - 2025/02/06 15:16:31 WET [2025/02/06 10:16:31 ET]
Table 'Bredichina II' 6-max Seat #2 is the button
Seat 6: ReVeu710 ($100 in chips) is sitting out
Seat 1: Quahrino ($101.50 in chips) 
Seat 2: fugitive-Ty3 ($100 in chips) 
Seat 3: tintin641 ($103.80 in chips) 
Seat 4: Artero10 ($100 in chips) 
Seat 5: treidei3 ($100 in chips) 
tintin641: posts small blind $0.50
Artero10: posts big blind $1
ReVeu710: sits out 
*** HOLE CARDS ***
treidei3: folds 
Quahrino: raises $1.30 to $2.30
fugitive-Ty3: folds 
tintin641: folds 
Artero10: folds 
Uncalled bet ($1.30) returned to Quahrino
Quahrino collected $2.50 from pot
Quahrino: doesn't show hand 
*** SUMMARY ***
Total pot $2.50 | Rake $0 
Seat 6: ReVeu710
Seat 1: Quahrino collected ($2.50)
Seat 2: fugitive-Ty3 (button) folded before Flop (didn't bet)
Seat 3: tintin641 (small blind) folded before Flop
Seat 4: Artero10 (big blind) folded before Flop
Seat 5: treidei3 folded before Flop (didn't bet)



PokerStars Hand #254734191081:  Hold'em No Limit ($0.50/$1.00 USD) - 2025/02/06 15:16:55 WET [2025/02/06 10:16:55 ET]
Table 'Bredichina II' 6-max Seat #3 is the button
Seat 6: ReVeu710 ($100 in chips) is sitting out
Seat 1: Quahrino ($103 in chips) 
Seat 2: fugitive-Ty3 ($100 in chips) 
Seat 3: tintin641 ($103.30 in chips) 
Seat 4: Artero10 ($99 in chips) 
Seat 5: treidei3 ($100 in chips) 
Artero10: posts small blind $0.50
treidei3: posts big blind $1
ReVeu710: sits out 
*** HOLE CARDS ***
Quahrino: folds 
fugitive-Ty3: folds 
tintin641: raises $1.50 to $2.50
Artero10: folds 
treidei3: raises $6.50 to $9
tintin641: calls $6.50
*** FLOP *** [Js 5c Qd]
treidei3: bets $5.80
tintin641: folds 
Uncalled bet ($5.80) returned to treidei3
treidei3 collected $17.58 from pot
treidei3: doesn't show hand 
*** SUMMARY ***
Total pot $18.50 | Rake $0.92 
Board [Js 5c Qd]
Seat 6: ReVeu710
Seat 1: Quahrino folded before Flop (didn't bet)
Seat 2: fugitive-Ty3 folded before Flop (didn't bet)
Seat 3: tintin641 (button) folded on the Flop
Seat 4: Artero10 (small blind) folded before Flop
Seat 5: treidei3 (big blind) collected ($17.58)



PokerStars Hand #254734200152:  Hold'em No Limit ($0.50/$1.00 USD) - 2025/02/06 15:17:41 WET [2025/02/06 10:17:41 ET]
Table 'Bredichina II' 6-max Seat #4 is the button
Seat 1: Quahrino ($103 in chips) 
Seat 2: fugitive-Ty3 ($100 in chips) 
Seat 3: tintin641 ($100 in chips) 
Seat 4: Artero10 ($98.50 in chips) 
Seat 5: treidei3 ($108.58 in chips) 
Seat 6: ReVeu710 ($100 in chips) 
treidei3: posts small blind $0.50
ReVeu710: posts big blind $1
*** HOLE CARDS ***
Quahrino: folds 
fugitive-Ty3: folds 
tintin641: folds 
Artero10: raises $1.50 to $2.50
treidei3: folds 
ReVeu710: folds 
Uncalled bet ($1.50) returned to Artero10
Artero10 collected $2.50 from pot
*** SUMMARY ***
Total pot $2.50 | Rake $0 
Seat 1: Quahrino folded before Flop (didn't bet)
Seat 2: fugitive-Ty3 folded before Flop (didn't bet)
Seat 3: tintin641 folded before Flop (didn't bet)
Seat 4: Artero10 (button) collected ($2.50)
Seat 5: treidei3 (small blind) folded before Flop
Seat 6: ReVeu710 (big blind) folded before Flop



PokerStars Hand #254734202502:  Hold'em No Limit ($0.50/$1.00 USD) - 2025/02/06 15:17:54 WET [2025/02/06 10:17:54 ET]
Table 'Bredichina II' 6-max Seat #5 is the button
Seat 1: Quahrino ($103 in chips) 
Seat 2: fugitive-Ty3 ($100 in chips) 
Seat 3: tintin641 ($100 in chips) 
Seat 4: Artero10 ($100 in chips) 
Seat 5: treidei3 ($108.08 in chips) 
Seat 6: ReVeu710 ($100 in chips) 
ReVeu710: posts small blind $0.50
Quahrino: posts big blind $1
*** HOLE CARDS ***
fugitive-Ty3: folds 
tintin641: folds 
Artero10: folds 
treidei3: raises $1.20 to $2.20
ReVeu710: raises $9.80 to $12
Quahrino: folds 
treidei3: folds 
Uncalled bet ($9.80) returned to ReVeu710
ReVeu710 collected $5.40 from pot
ReVeu710: doesn't show hand 
*** SUMMARY ***
Total pot $5.40 | Rake $0 
Seat 1: Quahrino (big blind) folded before Flop
Seat 2: fugitive-Ty3 folded before Flop (didn't bet)
Seat 3: tintin641 folded before Flop (didn't bet)
Seat 4: Artero10 folded before Flop (didn't bet)
Seat 5: treidei3 (button) folded before Flop
Seat 6: ReVeu710 (small blind) collected ($5.40)



PokerStars Hand #254734207210:  Hold'em No Limit ($0.50/$1.00 USD) - 2025/02/06 15:18:17 WET [2025/02/06 10:18:17 ET]
Table 'Bredichina II' 6-max Seat #6 is the button
Seat 2: fugitive-Ty3 ($100 in chips) is sitting out
Seat 1: Quahrino ($102 in chips) 
Seat 3: tintin641 ($100 in chips) 
Seat 4: Artero10 ($100 in chips) 
Seat 5: treidei3 ($105.88 in chips) 
Seat 6: ReVeu710 ($103.20 in chips) 
Quahrino: posts small blind $0.50
fugitive-Ty3: is sitting out 
tintin641: posts big blind $1
*** HOLE CARDS ***
Artero10: folds 
treidei3: raises $1.20 to $2.20
fugitive-Ty3 leaves the table
ReVeu710: folds 
Quahrino: folds 
tintin641: folds 
Uncalled bet ($1.20) returned to treidei3
EBoshered joins the table at seat #2 
treidei3 collected $2.50 from pot
treidei3: doesn't show hand 
*** SUMMARY ***
Total pot $2.50 | Rake $0 
Seat 2: fugitive-Ty3
Seat 1: Quahrino (small blind) folded before Flop
Seat 3: tintin641 (big blind) folded before Flop
Seat 4: Artero10 folded before Flop (didn't bet)
Seat 5: treidei3 collected ($2.50)
Seat 6: ReVeu710 (button) folded before Flop (didn't bet)



PokerStars Hand #254734210584:  Hold'em No Limit ($0.50/$1.00 USD) - 2025/02/06 15:18:34 WET [2025/02/06 10:18:34 ET]
Table 'Bredichina II' 6-max Seat #1 is the button
Seat 2: EBoshered ($100 in chips) is sitting out
Seat 1: Quahrino ($101.50 in chips) 
Seat 3: tintin641 ($100 in chips) 
Seat 4: Artero10 ($100 in chips) 
Seat 5: treidei3 ($107.38 in chips) 
Seat 6: ReVeu710 ($103.20 in chips) 
tintin641: posts small blind $0.50
Artero10: posts big blind $1
*** HOLE CARDS ***
treidei3: folds 
ReVeu710: folds 
Quahrino: folds 
tintin641: folds 
Uncalled bet ($0.50) returned to Artero10
Artero10 collected $1 from pot
*** SUMMARY ***
Total pot $1 | Rake $0 
Seat 2: EBoshered
Seat 1: Quahrino (button) folded before Flop (didn't bet)
Seat 3: tintin641 (small blind) folded before Flop
Seat 4: Artero10 (big blind) collected ($1)
Seat 5: treidei3 folded before Flop (didn't bet)
Seat 6: ReVeu710 folded before Flop (didn't bet)



PokerStars Hand #254734213046:  Hold'em No Limit ($0.50/$1.00 USD) - 2025/02/06 15:18:47 WET [2025/02/06 10:18:47 ET]
Table 'Bredichina II' 6-max Seat #3 is the button
Seat 2: EBoshered ($100 in chips) is sitting out
Seat 1: Quahrino ($101.50 in chips) 
Seat 3: tintin641 ($100 in chips) 
Seat 4: Artero10 ($100.50 in chips) 
Seat 5: treidei3 ($107.38 in chips) 
Seat 6: ReVeu710 ($103.20 in chips) 
Artero10: posts small blind $0.50
treidei3: posts big blind $1
EBoshered: sits out 
*** HOLE CARDS ***
ReVeu710: folds 
Quahrino: folds 
tintin641: folds 
Artero10: raises $2 to $3
treidei3: raises $6 to $9
Artero10: folds 
Uncalled bet ($6) returned to treidei3
treidei3 collected $6 from pot
treidei3: doesn't show hand 
*** SUMMARY ***
Total pot $6 | Rake $0 
Seat 2: EBoshered
Seat 1: Quahrino folded before Flop (didn't bet)
Seat 3: tintin641 (button) folded before Flop (didn't bet)
Seat 4: Artero10 (small blind) folded before Flop
Seat 5: treidei3 (big blind) collected ($6)
Seat 6: ReVeu710 folded before Flop (didn't bet)



PokerStars Hand #254734218513:  Hold'em No Limit ($0.50/$1.00 USD) - 2025/02/06 15:19:15 WET [2025/02/06 10:19:15 ET]
Table 'Bredichina II' 6-max Seat #4 is the button
Seat 2: EBoshered ($100 in chips) is sitting out
Seat 6: ReVeu710 ($103.20 in chips) is sitting out
Seat 1: Quahrino ($101.50 in chips) 
Seat 3: tintin641 ($100 in chips) 
Seat 4: Artero10 ($97.50 in chips) 
Seat 5: treidei3 ($110.38 in chips) 
treidei3: posts small blind $0.50
ReVeu710: is sitting out 
Quahrino: posts big blind $1
EBoshered: sits out 
*** HOLE CARDS ***
tintin641: raises $1.50 to $2.50
ReVeu710 leaves the table
Artero10: folds 
treidei3: folds 
Quahrino: folds 
Uncalled bet ($1.50) returned to tintin641
tintin641 collected $2.50 from pot
tintin641: doesn't show hand 
*** SUMMARY ***
Total pot $2.50 | Rake $0 
Seat 2: EBoshered
Seat 6: ReVeu710
Seat 1: Quahrino (big blind) folded before Flop
Seat 3: tintin641 collected ($2.50)
Seat 4: Artero10 (button) folded before Flop (didn't bet)
Seat 5: treidei3 (small blind) folded before Flop



PokerStars Hand #254734223868:  Hold'em No Limit ($0.50/$1.00 USD) - 2025/02/06 15:19:42 WET [2025/02/06 10:19:42 ET]
Table 'Bredichina II' 6-max Seat #5 is the button
Seat 1: Quahrino ($100.50 in chips) 
Seat 2: EBoshered ($100 in chips) 
Seat 3: tintin641 ($101.50 in chips) 
Seat 4: Artero10 ($97.50 in chips) 
Seat 5: treidei3 ($109.88 in chips) 
Quahrino: posts small blind $0.50
EBoshered: posts big blind $1
*** HOLE CARDS ***
tintin641: folds 
Artero10: raises $1.50 to $2.50
treidei3: folds 
Quahrino: raises $7.50 to $10
EBoshered: folds 
Artero10: folds 
Uncalled bet ($7.50) returned to Quahrino
jayjay90 joins the table at seat #6 
Quahrino collected $6 from pot
Quahrino: doesn't show hand 
*** SUMMARY ***
Total pot $6 | Rake $0 
Seat 1: Quahrino (small blind) collected ($6)
Seat 2: EBoshered (big blind) folded before Flop
Seat 3: tintin641 folded before Flop (didn't bet)
Seat 4: Artero10 folded before Flop
Seat 5: treidei3 (button) folded before Flop (didn't bet)



PokerStars Hand #254734229490:  Hold'em No Limit ($0.50/$1.00 USD) - 2025/02/06 15:20:11 WET [2025/02/06 10:20:11 ET]
Table 'Bredichina II' 6-max Seat #1 is the button
Seat 6: jayjay90 ($100 in chips) is sitting out
Seat 1: Quahrino ($104 in chips) 
Seat 2: EBoshered ($100 in chips) 
Seat 3: tintin641 ($101.50 in chips) 
Seat 4: Artero10 ($95 in chips) 
Seat 5: treidei3 ($109.88 in chips) 
EBoshered: posts small blind $0.50
tintin641: posts big blind $1
jayjay90: sits out 
*** HOLE CARDS ***
Artero10: folds 
treidei3: folds 
Quahrino: folds 
EBoshered: folds 
Uncalled bet ($0.50) returned to tintin641
tintin641 collected $1 from pot
tintin641: doesn't show hand 
*** SUMMARY ***
Total pot $1 | Rake $0 
Seat 6: jayjay90
Seat 1: Quahrino (button) folded before Flop (didn't bet)
Seat 2: EBoshered (small blind) folded before Flop
Seat 3: tintin641 (big blind) collected ($1)
Seat 4: Artero10 folded before Flop (didn't bet)
Seat 5: treidei3 folded before Flop (didn't bet)



PokerStars Hand #254734234845:  Hold'em No Limit ($0.50/$1.00 USD) - 2025/02/06 15:20:37 WET [2025/02/06 10:20:37 ET]
Table 'Bredichina II' 6-max Seat #2 is the button
Seat 6: jayjay90 ($100 in chips) is sitting out
Seat 1: Quahrino ($104 in chips) 
Seat 2: EBoshered ($100 in chips) 
Seat 3: tintin641 ($102 in chips) 
Seat 4: Artero10 ($100 in chips) 
Seat 5: treidei3 ($109.88 in chips) 
tintin641: posts small blind $0.50
Artero10: posts big blind $1
jayjay90: sits out 
*** HOLE CARDS ***
treidei3: raises $1.20 to $2.20
Quahrino: folds 
EBoshered: folds 
tintin641: folds 
Artero10: calls $1.20
*** FLOP *** [Jd 2s 4s]
Artero10: checks 
treidei3: bets $3.50
Artero10: calls $3.50
*** TURN *** [Jd 2s 4s] [9s]
Artero10: checks 
treidei3: checks 
*** RIVER *** [Jd 2s 4s 9s] [5h]
Artero10: checks 
treidei3: checks 
*** SHOW DOWN ***
Artero10: shows [8h 8c] (a pair of Eights)
treidei3: shows [Jh Ks] (a pair of Jacks)
treidei3 collected $11.30 from pot
*** SUMMARY ***
Total pot $11.90 | Rake $0.60 
Board [Jd 2s 4s 9s 5h]
Seat 6: jayjay90
Seat 1: Quahrino folded before Flop (didn't bet)
Seat 2: EBoshered (button) folded before Flop (didn't bet)
Seat 3: tintin641 (small blind) folded before Flop
Seat 4: Artero10 (big blind) showed [8h 8c] and lost with a pair of Eights
Seat 5: treidei3 showed [Jh Ks] and won ($11.30) with a pair of Jacks



PokerStars Hand #254734243565:  Hold'em No Limit ($0.50/$1.00 USD) - 2025/02/06 15:21:22 WET [2025/02/06 10:21:22 ET]
Table 'Bredichina II' 6-max Seat #3 is the button
Seat 5: treidei3 ($115.48 in chips) is sitting out
Seat 1: Quahrino ($104 in chips) 
Seat 2: EBoshered ($100 in chips) 
Seat 3: tintin641 ($101.50 in chips) 
Seat 4: Artero10 ($94.30 in chips) 
Seat 6: jayjay90 ($100 in chips) 
Artero10: posts small blind $0.50
treidei3: is sitting out 
jayjay90: posts big blind $1
*** HOLE CARDS ***
Quahrino: folds 
EBoshered: raises $1.50 to $2.50
tintin641: calls $2.50
Artero10: folds 
jayjay90: folds 
*** FLOP *** [Kc Ac Ad]
EBoshered: bets $2.04
tintin641: calls $2.04
*** TURN *** [Kc Ac Ad] [Ks]
EBoshered: checks 
tintin641: checks 
*** RIVER *** [Kc Ac Ad Ks] [6h]
EBoshered: checks 
tintin641: checks 
*** SHOW DOWN ***
EBoshered: shows [Jd Td] (two pair, Aces and Kings)
tintin641: shows [Qh Jh] (two pair, Aces and Kings - Queen kicker)
tintin641 collected $10.05 from pot
*** SUMMARY ***
Total pot $10.58 | Rake $0.53 
Board [Kc Ac Ad Ks 6h]
Seat 5: treidei3
Seat 1: Quahrino folded before Flop (didn't bet)
Seat 2: EBoshered showed [Jd Td] and lost with two pair, Aces and Kings
Seat 3: tintin641 (button) showed [Qh Jh] and won ($10.05) with two pair, Aces and Kings
Seat 4: Artero10 (small blind) folded before Flop
Seat 6: jayjay90 (big blind) folded before Flop



PokerStars Hand #254734258417:  Hold'em No Limit ($0.50/$1.00 USD) - 2025/02/06 15:22:36 WET [2025/02/06 10:22:36 ET]
Table 'Bredichina II' 6-max Seat #4 is the button
Seat 5: treidei3 ($115.48 in chips) is sitting out
Seat 1: Quahrino ($104 in chips) 
Seat 2: EBoshered ($100 in chips) 
Seat 3: tintin641 ($107.01 in chips) 
Seat 4: Artero10 ($93.80 in chips) 
Seat 6: jayjay90 ($99 in chips) 
jayjay90: posts small blind $0.50
Quahrino: posts big blind $1
*** HOLE CARDS ***
EBoshered: folds 
tintin641: folds 
Artero10: raises $1.50 to $2.50
jayjay90: folds 
Quahrino: folds 
Uncalled bet ($1.50) returned to Artero10
Artero10 collected $2.50 from pot
*** SUMMARY ***
Total pot $2.50 | Rake $0 
Seat 5: treidei3
Seat 1: Quahrino (big blind) folded before Flop
Seat 2: EBoshered folded before Flop (didn't bet)
Seat 3: tintin641 folded before Flop (didn't bet)
Seat 4: Artero10 (button) collected ($2.50)
Seat 6: jayjay90 (small blind) folded before Flop



PokerStars Hand #254734261920:  Hold'em No Limit ($0.50/$1.00 USD) - 2025/02/06 15:22:54 WET [2025/02/06 10:22:54 ET]
Table 'Bredichina II' 6-max Seat #6 is the button
Seat 2: EBoshered ($100 in chips) is sitting out
Seat 5: treidei3 ($115.48 in chips) is sitting out
Seat 1: Quahrino ($103 in chips) 
Seat 3: tintin641 ($107.01 in chips) 
Seat 4: Artero10 ($95.30 in chips) 
Seat 6: jayjay90 ($100 in chips) 
Quahrino: posts small blind $0.50
EBoshered: is sitting out 
tintin641: posts big blind $1
*** HOLE CARDS ***
EBoshered leaves the table
Artero10: folds 
jayjay90: folds 
Quahrino: raises $2 to $3
tintin641: folds 
Uncalled bet ($2) returned to Quahrino
Quahrino collected $2 from pot
Quahrino: doesn't show hand 
*** SUMMARY ***
Total pot $2 | Rake $0 
Seat 2: EBoshered
Seat 5: treidei3
Seat 1: Quahrino (small blind) collected ($2)
Seat 3: tintin641 (big blind) folded before Flop
Seat 4: Artero10 folded before Flop (didn't bet)
Seat 6: jayjay90 (button) folded before Flop (didn't bet)



PokerStars Hand #254734265280:  Hold'em No Limit ($0.50/$1.00 USD) - 2025/02/06 15:23:10 WET [2025/02/06 10:23:10 ET]
Table 'Bredichina II' 6-max Seat #1 is the button
Seat 5: treidei3 ($115.48 in chips) is sitting out
Seat 1: Quahrino ($104 in chips) 
Seat 3: tintin641 ($106.01 in chips) 
Seat 4: Artero10 ($95.30 in chips) 
Seat 6: jayjay90 ($100 in chips) 
tintin641: posts small blind $0.50
Artero10: posts big blind $1
*** HOLE CARDS ***
jayjay90: folds 
Quahrino: raises $1.50 to $2.50
tintin641: folds 
Artero10: folds 
Uncalled bet ($1.50) returned to Quahrino
Quahrino collected $2.50 from pot
Quahrino: doesn't show hand 
*** SUMMARY ***
Total pot $2.50 | Rake $0 
Seat 5: treidei3
Seat 1: Quahrino (button) collected ($2.50)
Seat 3: tintin641 (small blind) folded before Flop
Seat 4: Artero10 (big blind) folded before Flop
Seat 6: jayjay90 folded before Flop (didn't bet)



PokerStars Hand #254734270311:  Hold'em No Limit ($0.50/$1.00 USD) - 2025/02/06 15:23:35 WET [2025/02/06 10:23:35 ET]
Table 'Bredichina II' 6-max Seat #3 is the button
Seat 1: Quahrino ($105.50 in chips) 
Seat 3: tintin641 ($105.51 in chips) 
Seat 4: Artero10 ($94.30 in chips) 
Seat 5: treidei3 ($115.48 in chips) 
Seat 6: jayjay90 ($100 in chips) 
Artero10: posts small blind $0.50
treidei3: posts big blind $1
*** HOLE CARDS ***
jayjay90: folds 
Quahrino: folds 
AlexEliseev7 joins the table at seat #2 
tintin641: folds 
Artero10: raises $2 to $3
treidei3: folds 
Uncalled bet ($2) returned to Artero10
jayjay90 leaves the table
Artero10 collected $2 from pot
*** SUMMARY ***
Total pot $2 | Rake $0 
Seat 1: Quahrino folded before Flop (didn't bet)
Seat 3: tintin641 (button) folded before Flop (didn't bet)
Seat 4: Artero10 (small blind) collected ($2)
Seat 5: treidei3 (big blind) folded before Flop
Seat 6: jayjay90 folded before Flop (didn't bet)



PokerStars Hand #254734274101:  Hold'em No Limit ($0.50/$1.00 USD) - 2025/02/06 15:23:54 WET [2025/02/06 10:23:54 ET]
Table 'Bredichina II' 6-max Seat #4 is the button
Seat 2: AlexEliseev7 ($100 in chips) is sitting out
Seat 1: Quahrino ($105.50 in chips) 
Seat 3: tintin641 ($105.51 in chips) 
Seat 4: Artero10 ($95.30 in chips) 
Seat 5: treidei3 ($114.48 in chips) 
treidei3: posts small blind $0.50
Quahrino: posts big blind $1
AlexEliseev7: sits out 
*** HOLE CARDS ***
tintin641: raises $1.50 to $2.50
xxxZeka joins the table at seat #6 
Artero10: folds 
treidei3: folds 
Quahrino: calls $1.50
*** FLOP *** [Qs 3h 5c]
Quahrino: checks 
tintin641: bets $1.72
Quahrino: folds 
Uncalled bet ($1.72) returned to tintin641
tintin641 collected $5.22 from pot
tintin641: doesn't show hand 
*** SUMMARY ***
Total pot $5.50 | Rake $0.28 
Board [Qs 3h 5c]
Seat 2: AlexEliseev7
Seat 1: Quahrino (big blind) folded on the Flop
Seat 3: tintin641 collected ($5.22)
Seat 4: Artero10 (button) folded before Flop (didn't bet)
Seat 5: treidei3 (small blind) folded before Flop



PokerStars Hand #254734281495:  Hold'em No Limit ($0.50/$1.00 USD) - 2025/02/06 15:24:31 WET [2025/02/06 10:24:31 ET]
Table 'Bredichina II' 6-max Seat #5 is the button
Seat 6: xxxZeka ($100 in chips) is sitting out
Seat 1: Quahrino ($103 in chips) 
Seat 2: AlexEliseev7 ($100 in chips) 
Seat 3: tintin641 ($108.23 in chips) 
Seat 4: Artero10 ($95.30 in chips) 
Seat 5: treidei3 ($113.98 in chips) 
Quahrino: posts small blind $0.50
AlexEliseev7: posts big blind $1
*** HOLE CARDS ***
tintin641: raises $1.50 to $2.50
Artero10: folds 
treidei3: folds 
Quahrino: folds 
AlexEliseev7: folds 
Uncalled bet ($1.50) returned to tintin641
tintin641 collected $2.50 from pot
tintin641: doesn't show hand 
*** SUMMARY ***
Total pot $2.50 | Rake $0 
Seat 6: xxxZeka
Seat 1: Quahrino (small blind) folded before Flop
Seat 2: AlexEliseev7 (big blind) folded before Flop
Seat 3: tintin641 collected ($2.50)
Seat 4: Artero10 folded before Flop (didn't bet)
Seat 5: treidei3 (button) folded before Flop (didn't bet)



PokerStars Hand #254734284197:  Hold'em No Limit ($0.50/$1.00 USD) - 2025/02/06 15:24:44 WET [2025/02/06 10:24:44 ET]
Table 'Bredichina II' 6-max Seat #1 is the button
Seat 6: xxxZeka ($100 in chips) is sitting out
Seat 1: Quahrino ($102.50 in chips) 
Seat 2: AlexEliseev7 ($100 in chips) 
Seat 3: tintin641 ($109.73 in chips) 
Seat 4: Artero10 ($95.30 in chips) 
Seat 5: treidei3 ($113.98 in chips) 
AlexEliseev7: posts small blind $0.50
tintin641: posts big blind $1
xxxZeka: sits out 
*** HOLE CARDS ***
Artero10: folds 
treidei3: folds 
Quahrino: raises $1.70 to $2.70
AlexEliseev7: raises $9.30 to $12
tintin641: folds 
Quahrino: folds 
Uncalled bet ($9.30) returned to AlexEliseev7
AlexEliseev7 collected $6.40 from pot
AlexEliseev7: doesn't show hand 
*** SUMMARY ***
Total pot $6.40 | Rake $0 
Seat 6: xxxZeka
Seat 1: Quahrino (button) folded before Flop
Seat 2: AlexEliseev7 (small blind) collected ($6.40)
Seat 3: tintin641 (big blind) folded before Flop
Seat 4: Artero10 folded before Flop (didn't bet)
Seat 5: treidei3 folded before Flop (didn't bet)



PokerStars Hand #254734288171:  Hold'em No Limit ($0.50/$1.00 USD) - 2025/02/06 15:25:03 WET [2025/02/06 10:25:03 ET]
Table 'Bredichina II' 6-max Seat #2 is the button
Seat 6: xxxZeka ($100 in chips) is sitting out
Seat 1: Quahrino ($100 in chips) 
Seat 2: AlexEliseev7 ($103.70 in chips) 
Seat 3: tintin641 ($108.73 in chips) 
Seat 4: Artero10 ($95.30 in chips) 
Seat 5: treidei3 ($113.98 in chips) 
tintin641: posts small blind $0.50
Artero10: posts big blind $1
xxxZeka: sits out 
*** HOLE CARDS ***
treidei3: folds 
Quahrino: folds 
AlexEliseev7: raises $1.50 to $2.50
tintin641: folds 
Artero10: folds 
Uncalled bet ($1.50) returned to AlexEliseev7
AlexEliseev7 collected $2.50 from pot
AlexEliseev7: doesn't show hand 
*** SUMMARY ***
Total pot $2.50 | Rake $0 
Seat 6: xxxZeka
Seat 1: Quahrino folded before Flop (didn't bet)
Seat 2: AlexEliseev7 (button) collected ($2.50)
Seat 3: tintin641 (small blind) folded before Flop
Seat 4: Artero10 (big blind) folded before Flop
Seat 5: treidei3 folded before Flop (didn't bet)



PokerStars Hand #254734291080:  Hold'em No Limit ($0.50/$1.00 USD) - 2025/02/06 15:25:18 WET [2025/02/06 10:25:18 ET]
Table 'Bredichina II' 6-max Seat #3 is the button
Seat 5: treidei3 ($113.98 in chips) is sitting out
Seat 1: Quahrino ($100 in chips) 
Seat 2: AlexEliseev7 ($105.20 in chips) 
Seat 3: tintin641 ($108.23 in chips) 
Seat 4: Artero10 ($94.30 in chips) 
Seat 6: xxxZeka ($100 in chips) 
Artero10: posts small blind $0.50
treidei3: is sitting out 
xxxZeka: posts big blind $1
*** HOLE CARDS ***
Quahrino: folds 
AlexEliseev7: folds 
tintin641: raises $1.50 to $2.50
Artero10: folds 
treidei3 leaves the table
xxxZeka: folds 
Uncalled bet ($1.50) returned to tintin641
tintin641 collected $2.50 from pot
tintin641: doesn't show hand 
*** SUMMARY ***
Total pot $2.50 | Rake $0 
Seat 5: treidei3
Seat 1: Quahrino folded before Flop (didn't bet)
Seat 2: AlexEliseev7 folded before Flop (didn't bet)
Seat 3: tintin641 (button) collected ($2.50)
Seat 4: Artero10 (small blind) folded before Flop
Seat 6: xxxZeka (big blind) folded before Flop



PokerStars Hand #254734296120:  Hold'em No Limit ($0.50/$1.00 USD) - 2025/02/06 15:25:43 WET [2025/02/06 10:25:43 ET]
Table 'Bredichina II' 6-max Seat #4 is the button
Seat 1: Quahrino ($100 in chips) 
Seat 2: AlexEliseev7 ($105.20 in chips) 
Seat 3: tintin641 ($109.73 in chips) 
Seat 4: Artero10 ($93.80 in chips) 
Seat 6: xxxZeka ($100 in chips) 
xxxZeka: posts small blind $0.50
Quahrino: posts big blind $1
*** HOLE CARDS ***
AlexEliseev7: raises $1.50 to $2.50
tintin641: folds 
Artero10: folds 
xxxZeka: folds 
Quahrino: folds 
Uncalled bet ($1.50) returned to AlexEliseev7
AlexEliseev7 collected $2.50 from pot
AlexEliseev7: doesn't show hand 
*** SUMMARY ***
Total pot $2.50 | Rake $0 
Seat 1: Quahrino (big blind) folded before Flop
Seat 2: AlexEliseev7 collected ($2.50)
Seat 3: tintin641 folded before Flop (didn't bet)
Seat 4: Artero10 (button) folded before Flop (didn't bet)
Seat 6: xxxZeka (small blind) folded before Flop



PokerStars Hand #254734302033:  Hold'em No Limit ($0.50/$1.00 USD) - 2025/02/06 15:26:13 WET [2025/02/06 10:26:13 ET]
Table 'Bredichina II' 6-max Seat #6 is the button
Seat 1: Quahrino ($100 in chips) 
Seat 2: AlexEliseev7 ($106.70 in chips) 
Seat 3: tintin641 ($109.73 in chips) 
Seat 4: Artero10 ($100 in chips) 
Seat 6: xxxZeka ($100 in chips) 
Quahrino: posts small blind $0.50
AlexEliseev7: posts big blind $1
*** HOLE CARDS ***
tintin641: folds 
Artero10: folds 
xxxZeka: folds 
Quahrino: folds 
Uncalled bet ($0.50) returned to AlexEliseev7
AlexEliseev7 collected $1 from pot
AlexEliseev7: doesn't show hand 
*** SUMMARY ***
Total pot $1 | Rake $0 
Seat 1: Quahrino (small blind) folded before Flop
Seat 2: AlexEliseev7 (big blind) collected ($1)
Seat 3: tintin641 folded before Flop (didn't bet)
Seat 4: Artero10 folded before Flop (didn't bet)
Seat 6: xxxZeka (button) folded before Flop (didn't bet)



PokerStars Hand #254734307792:  Hold'em No Limit ($0.50/$1.00 USD) - 2025/02/06 15:26:41 WET [2025/02/06 10:26:41 ET]
Table 'Bredichina II' 6-max Seat #1 is the button
Seat 1: Quahrino ($100 in chips) 
Seat 2: AlexEliseev7 ($107.20 in chips) 
Seat 3: tintin641 ($109.73 in chips) 
Seat 4: Artero10 ($100 in chips) 
Seat 6: xxxZeka ($100 in chips) 
AlexEliseev7: posts small blind $0.50
tintin641: posts big blind $1
*** HOLE CARDS ***
Artero10: folds 
xxxZeka: folds 
Quahrino: folds 
AlexEliseev7: folds 
Uncalled bet ($0.50) returned to tintin641
tintin641 collected $1 from pot
tintin641: doesn't show hand 
*** SUMMARY ***
Total pot $1 | Rake $0 
Seat 1: Quahrino (button) folded before Flop (didn't bet)
Seat 2: AlexEliseev7 (small blind) folded before Flop
Seat 3: tintin641 (big blind) collected ($1)
Seat 4: Artero10 folded before Flop (didn't bet)
Seat 6: xxxZeka folded before Flop (didn't bet)



PokerStars Hand #254734310904:  Hold'em No Limit ($0.50/$1.00 USD) - 2025/02/06 15:26:57 WET [2025/02/06 10:26:57 ET]
Table 'Bredichina II' 6-max Seat #2 is the button
Seat 1: Quahrino ($100 in chips) 
Seat 2: AlexEliseev7 ($106.70 in chips) 
Seat 3: tintin641 ($110.23 in chips) 
Seat 4: Artero10 ($100 in chips) 
Seat 6: xxxZeka ($100 in chips) 
tintin641: posts small blind $0.50
Artero10: posts big blind $1
*** HOLE CARDS ***
xxxZeka: folds 
Quahrino: folds 
AlexEliseev7: folds 
tintin641: raises $2 to $3
Artero10: calls $2
*** FLOP *** [Ah 8d 5h]
tintin641: bets $1.88
Artero10: calls $1.88
*** TURN *** [Ah 8d 5h] [6s]
tintin641: checks 
Artero10: checks 
*** RIVER *** [Ah 8d 5h 6s] [Qs]
tintin641: bets $6.95
Artero10: calls $6.95
*** SHOW DOWN ***
tintin641: shows [Js Ac] (a pair of Aces)
Artero10: mucks hand 
tintin641 collected $22.48 from pot
*** SUMMARY ***
Total pot $23.66 | Rake $1.18 
Board [Ah 8d 5h 6s Qs]
Seat 1: Quahrino folded before Flop (didn't bet)
Seat 2: AlexEliseev7 (button) folded before Flop (didn't bet)
Seat 3: tintin641 (small blind) showed [Js Ac] and won ($22.48) with a pair of Aces
Seat 4: Artero10 (big blind) mucked
Seat 6: xxxZeka folded before Flop (didn't bet)



PokerStars Hand #254734327708:  Hold'em No Limit ($0.50/$1.00 USD) - 2025/02/06 15:28:22 WET [2025/02/06 10:28:22 ET]
Table 'Bredichina II' 6-max Seat #3 is the button
Seat 1: Quahrino ($100 in chips) 
Seat 2: AlexEliseev7 ($106.70 in chips) 
Seat 3: tintin641 ($120.88 in chips) 
Seat 4: Artero10 ($100 in chips) 
Seat 6: xxxZeka ($100 in chips) 
Artero10: posts small blind $0.50
xxxZeka: posts big blind $1
*** HOLE CARDS ***
Pippa83 joins the table at seat #5 
Quahrino: folds 
AlexEliseev7: folds 
tintin641: raises $1.50 to $2.50
Artero10: folds 
xxxZeka: raises $9.80 to $12.30
tintin641: folds 
Uncalled bet ($9.80) returned to xxxZeka
xxxZeka collected $5.50 from pot
xxxZeka: doesn't show hand 
*** SUMMARY ***
Total pot $5.50 | Rake $0 
Seat 1: Quahrino folded before Flop (didn't bet)
Seat 2: AlexEliseev7 folded before Flop (didn't bet)
Seat 3: tintin641 (button) folded before Flop
Seat 4: Artero10 (small blind) folded before Flop
Seat 6: xxxZeka (big blind) collected ($5.50)



PokerStars Hand #254734334931:  Hold'em No Limit ($0.50/$1.00 USD) - 2025/02/06 15:28:58 WET [2025/02/06 10:28:58 ET]
Table 'Bredichina II' 6-max Seat #4 is the button
Seat 5: Pippa83 ($100 in chips) is sitting out
Seat 1: Quahrino ($100 in chips) 
Seat 2: AlexEliseev7 ($106.70 in chips) 
Seat 3: tintin641 ($118.38 in chips) 
Seat 4: Artero10 ($99.50 in chips) 
Seat 6: xxxZeka ($103 in chips) 
xxxZeka: posts small blind $0.50
Quahrino: posts big blind $1
*** HOLE CARDS ***
AlexEliseev7: folds 
tintin641: folds 
Artero10: raises $1.50 to $2.50
xxxZeka: folds 
Quahrino: folds 
Uncalled bet ($1.50) returned to Artero10
Artero10 collected $2.50 from pot
*** SUMMARY ***
Total pot $2.50 | Rake $0 
Seat 5: Pippa83
Seat 1: Quahrino (big blind) folded before Flop
Seat 2: AlexEliseev7 folded before Flop (didn't bet)
Seat 3: tintin641 folded before Flop (didn't bet)
Seat 4: Artero10 (button) collected ($2.50)
Seat 6: xxxZeka (small blind) folded before Flop



PokerStars Hand #254734338564:  Hold'em No Limit ($0.50/$1.00 USD) - 2025/02/06 15:29:16 WET [2025/02/06 10:29:16 ET]
Table 'Bredichina II' 6-max Seat #6 is the button
Seat 5: Pippa83 ($100 in chips) is sitting out
Seat 1: Quahrino ($100 in chips) 
Seat 2: AlexEliseev7 ($106.70 in chips) 
Seat 3: tintin641 ($118.38 in chips) 
Seat 4: Artero10 ($101 in chips) 
Seat 6: xxxZeka ($102.50 in chips) 
Quahrino: posts small blind $0.50
AlexEliseev7: posts big blind $1
Pippa83: sits out 
*** HOLE CARDS ***
tintin641: folds 
Artero10: folds 
xxxZeka: folds 
Quahrino: folds 
Uncalled bet ($0.50) returned to AlexEliseev7
AlexEliseev7 collected $1 from pot
AlexEliseev7: doesn't show hand 
*** SUMMARY ***
Total pot $1 | Rake $0 
Seat 5: Pippa83
Seat 1: Quahrino (small blind) folded before Flop
Seat 2: AlexEliseev7 (big blind) collected ($1)
Seat 3: tintin641 folded before Flop (didn't bet)
Seat 4: Artero10 folded before Flop (didn't bet)
Seat 6: xxxZeka (button) folded before Flop (didn't bet)



PokerStars Hand #254734340623:  Hold'em No Limit ($0.50/$1.00 USD) - 2025/02/06 15:29:27 WET [2025/02/06 10:29:27 ET]
Table 'Bredichina II' 6-max Seat #1 is the button
Seat 5: Pippa83 ($100 in chips) is sitting out
Seat 1: Quahrino ($100 in chips) 
Seat 2: AlexEliseev7 ($107.20 in chips) 
Seat 3: tintin641 ($118.38 in chips) 
Seat 4: Artero10 ($101 in chips) 
Seat 6: xxxZeka ($102.50 in chips) 
AlexEliseev7: posts small blind $0.50
tintin641: posts big blind $1
Pippa83: sits out 
*** HOLE CARDS ***
Artero10: folds 
xxxZeka: folds 
Quahrino: folds 
AlexEliseev7: folds 
Uncalled bet ($0.50) returned to tintin641
tintin641 collected $1 from pot
tintin641: doesn't show hand 
*** SUMMARY ***
Total pot $1 | Rake $0 
Seat 5: Pippa83
Seat 1: Quahrino (button) folded before Flop (didn't bet)
Seat 2: AlexEliseev7 (small blind) folded before Flop
Seat 3: tintin641 (big blind) collected ($1)
Seat 4: Artero10 folded before Flop (didn't bet)
Seat 6: xxxZeka folded before Flop (didn't bet)



PokerStars Hand #254734343114:  Hold'em No Limit ($0.50/$1.00 USD) - 2025/02/06 15:29:39 WET [2025/02/06 10:29:39 ET]
Table 'Bredichina II' 6-max Seat #2 is the button
Seat 5: Pippa83 ($100 in chips) is sitting out
Seat 1: Quahrino ($100 in chips) 
Seat 2: AlexEliseev7 ($106.70 in chips) 
Seat 3: tintin641 ($118.88 in chips) 
Seat 4: Artero10 ($101 in chips) 
Seat 6: xxxZeka ($102.50 in chips) 
tintin641: posts small blind $0.50
Artero10: posts big blind $1
Pippa83: sits out 
*** HOLE CARDS ***
xxxZeka: raises $1.50 to $2.50
Quahrino: folds 
AlexEliseev7: folds 
tintin641: folds 
Artero10: folds 
Uncalled bet ($1.50) returned to xxxZeka
xxxZeka collected $2.50 from pot
xxxZeka: doesn't show hand 
*** SUMMARY ***
Total pot $2.50 | Rake $0 
Seat 5: Pippa83
Seat 1: Quahrino folded before Flop (didn't bet)
Seat 2: AlexEliseev7 (button) folded before Flop (didn't bet)
Seat 3: tintin641 (small blind) folded before Flop
Seat 4: Artero10 (big blind) folded before Flop
Seat 6: xxxZeka collected ($2.50)



PokerStars Hand #254734348798:  Hold'em No Limit ($0.50/$1.00 USD) - 2025/02/06 15:30:07 WET [2025/02/06 10:30:07 ET]
Table 'Bredichina II' 6-max Seat #3 is the button
Seat 1: Quahrino ($100 in chips) 
Seat 2: AlexEliseev7 ($106.70 in chips) 
Seat 3: tintin641 ($118.38 in chips) 
Seat 4: Artero10 ($100 in chips) 
Seat 5: Pippa83 ($100 in chips) 
Seat 6: xxxZeka ($104 in chips) 
Artero10: posts small blind $0.50
Pippa83: posts big blind $1
*** HOLE CARDS ***
xxxZeka: folds 
Quahrino: folds 
AlexEliseev7: folds 
tintin641: raises $1.50 to $2.50
Artero10: folds 
Pippa83: calls $1.50
*** FLOP *** [3s 6c Kd]
Pippa83: checks 
tintin641: bets $1.72
Pippa83: folds 
Uncalled bet ($1.72) returned to tintin641
tintin641 collected $5.22 from pot
tintin641: doesn't show hand 
*** SUMMARY ***
Total pot $5.50 | Rake $0.28 
Board [3s 6c Kd]
Seat 1: Quahrino folded before Flop (didn't bet)
Seat 2: AlexEliseev7 folded before Flop (didn't bet)
Seat 3: tintin641 (button) collected ($5.22)
Seat 4: Artero10 (small blind) folded before Flop
Seat 5: Pippa83 (big blind) folded on the Flop
Seat 6: xxxZeka folded before Flop (didn't bet)



PokerStars Hand #254734356716:  Hold'em No Limit ($0.50/$1.00 USD) - 2025/02/06 15:30:47 WET [2025/02/06 10:30:47 ET]
Table 'Bredichina II' 6-max Seat #4 is the button
Seat 1: Quahrino ($100 in chips) 
Seat 2: AlexEliseev7 ($106.70 in chips) 
Seat 3: tintin641 ($121.10 in chips) 
Seat 4: Artero10 ($99.50 in chips) 
Seat 5: Pippa83 ($100 in chips) 
Seat 6: xxxZeka ($104 in chips) 
Pippa83: posts small blind $0.50
xxxZeka: posts big blind $1
*** HOLE CARDS ***
Quahrino: raises $1 to $2
AlexEliseev7: folds 
tintin641: raises $5 to $7
Artero10: folds 
Pippa83: folds 
xxxZeka: folds 
Quahrino: folds 
Uncalled bet ($5) returned to tintin641
tintin641 collected $5.50 from pot
tintin641: doesn't show hand 
*** SUMMARY ***
Total pot $5.50 | Rake $0 
Seat 1: Quahrino folded before Flop
Seat 2: AlexEliseev7 folded before Flop (didn't bet)
Seat 3: tintin641 collected ($5.50)
Seat 4: Artero10 (button) folded before Flop (didn't bet)
Seat 5: Pippa83 (small blind) folded before Flop
Seat 6: xxxZeka (big blind) folded before Flop



PokerStars Hand #254734364316:  Hold'em No Limit ($0.50/$1.00 USD) - 2025/02/06 15:31:25 WET [2025/02/06 10:31:25 ET]
Table 'Bredichina II' 6-max Seat #5 is the button
Seat 1: Quahrino ($100 in chips) 
Seat 2: AlexEliseev7 ($106.70 in chips) 
Seat 3: tintin641 ($124.60 in chips) 
Seat 4: Artero10 ($99.50 in chips) 
Seat 5: Pippa83 ($100 in chips) 
Seat 6: xxxZeka ($103 in chips) 
xxxZeka: posts small blind $0.50
Quahrino: posts big blind $1
*** HOLE CARDS ***
AlexEliseev7: folds 
tintin641: folds 
Artero10: folds 
Pippa83: folds 
xxxZeka: folds 
Uncalled bet ($0.50) returned to Quahrino
Quahrino collected $1 from pot
Quahrino: doesn't show hand 
*** SUMMARY ***
Total pot $1 | Rake $0 
Seat 1: Quahrino (big blind) collected ($1)
Seat 2: AlexEliseev7 folded before Flop (didn't bet)
Seat 3: tintin641 folded before Flop (didn't bet)
Seat 4: Artero10 folded before Flop (didn't bet)
Seat 5: Pippa83 (button) folded before Flop (didn't bet)
Seat 6: xxxZeka (small blind) folded before Flop



PokerStars Hand #254734366545:  Hold'em No Limit ($0.50/$1.00 USD) - 2025/02/06 15:31:36 WET [2025/02/06 10:31:36 ET]
Table 'Bredichina II' 6-max Seat #6 is the button
Seat 1: Quahrino ($100.50 in chips) 
Seat 2: AlexEliseev7 ($106.70 in chips) 
Seat 3: tintin641 ($124.60 in chips) 
Seat 4: Artero10 ($99.50 in chips) 
Seat 5: Pippa83 ($100 in chips) 
Seat 6: xxxZeka ($102.50 in chips) 
Quahrino: posts small blind $0.50
AlexEliseev7: posts big blind $1
*** HOLE CARDS ***
tintin641: folds 
Artero10: folds 
Pippa83: raises $1.50 to $2.50
xxxZeka: folds 
Quahrino: folds 
xxxZeka leaves the table
AlexEliseev7: folds 
Uncalled bet ($1.50) returned to Pippa83
Pippa83 collected $2.50 from pot
Pippa83: doesn't show hand 
*** SUMMARY ***
Total pot $2.50 | Rake $0 
Seat 1: Quahrino (small blind) folded before Flop
Seat 2: AlexEliseev7 (big blind) folded before Flop
Seat 3: tintin641 folded before Flop (didn't bet)
Seat 4: Artero10 folded before Flop (didn't bet)
Seat 5: Pippa83 collected ($2.50)
Seat 6: xxxZeka (button) folded before Flop (didn't bet)



PokerStars Hand #254734370505:  Hold'em No Limit ($0.50/$1.00 USD) - 2025/02/06 15:31:56 WET [2025/02/06 10:31:56 ET]
Table 'Bredichina II' 6-max Seat #1 is the button
Seat 1: Quahrino ($100 in chips) 
Seat 2: AlexEliseev7 ($105.70 in chips) 
Seat 3: tintin641 ($124.60 in chips) 
Seat 4: Artero10 ($99.50 in chips) 
Seat 5: Pippa83 ($101.50 in chips) 
AlexEliseev7: posts small blind $0.50
tintin641: posts big blind $1
*** HOLE CARDS ***
Joe_Li7 joins the table at seat #6 
Artero10: folds 
Pippa83: folds 
Quahrino: raises $1.70 to $2.70
AlexEliseev7: folds 
tintin641: folds 
Uncalled bet ($1.70) returned to Quahrino
Quahrino collected $2.50 from pot
Quahrino: doesn't show hand 
*** SUMMARY ***
Total pot $2.50 | Rake $0 
Seat 1: Quahrino (button) collected ($2.50)
Seat 2: AlexEliseev7 (small blind) folded before Flop
Seat 3: tintin641 (big blind) folded before Flop
Seat 4: Artero10 folded before Flop (didn't bet)
Seat 5: Pippa83 folded before Flop (didn't bet)



PokerStars Hand #254734374783:  Hold'em No Limit ($0.50/$1.00 USD) - 2025/02/06 15:32:17 WET [2025/02/06 10:32:17 ET]
Table 'Bredichina II' 6-max Seat #2 is the button
Seat 6: Joe_Li7 ($100 in chips) is sitting out
Seat 1: Quahrino ($101.50 in chips) 
Seat 2: AlexEliseev7 ($105.20 in chips) 
Seat 3: tintin641 ($123.60 in chips) 
Seat 4: Artero10 ($99.50 in chips) 
Seat 5: Pippa83 ($101.50 in chips) 
tintin641: posts small blind $0.50
Artero10: posts big blind $1
Joe_Li7: sits out 
*** HOLE CARDS ***
Pippa83: folds 
Quahrino: raises $1.30 to $2.30
AlexEliseev7: folds 
tintin641: folds 
Artero10: folds 
Uncalled bet ($1.30) returned to Quahrino
Quahrino collected $2.50 from pot
Quahrino: doesn't show hand 
*** SUMMARY ***
Total pot $2.50 | Rake $0 
Seat 6: Joe_Li7
Seat 1: Quahrino collected ($2.50)
Seat 2: AlexEliseev7 (button) folded before Flop (didn't bet)
Seat 3: tintin641 (small blind) folded before Flop
Seat 4: Artero10 (big blind) folded before Flop
Seat 5: Pippa83 folded before Flop (didn't bet)



PokerStars Hand #254734378596:  Hold'em No Limit ($0.50/$1.00 USD) - 2025/02/06 15:32:36 WET [2025/02/06 10:32:36 ET]
Table 'Bredichina II' 6-max Seat #3 is the button
Seat 6: Joe_Li7 ($100 in chips) is sitting out
Seat 1: Quahrino ($103 in chips) 
Seat 2: AlexEliseev7 ($105.20 in chips) 
Seat 3: tintin641 ($123.10 in chips) 
Seat 4: Artero10 ($98.50 in chips) 
Seat 5: Pippa83 ($101.50 in chips) 
Artero10: posts small blind $0.50
Pippa83: posts big blind $1
Joe_Li7: sits out 
*** HOLE CARDS ***
Quahrino: raises $1 to $2
AlexEliseev7: raises $5.50 to $7.50
tintin641: folds 
Artero10: folds 
Pippa83: folds 
Quahrino: folds 
Uncalled bet ($5.50) returned to AlexEliseev7
AlexEliseev7 collected $5.50 from pot
AlexEliseev7: doesn't show hand 
*** SUMMARY ***
Total pot $5.50 | Rake $0 
Seat 6: Joe_Li7
Seat 1: Quahrino folded before Flop
Seat 2: AlexEliseev7 collected ($5.50)
Seat 3: tintin641 (button) folded before Flop (didn't bet)
Seat 4: Artero10 (small blind) folded before Flop
Seat 5: Pippa83 (big blind) folded before Flop



PokerStars Hand #254734382579:  Hold'em No Limit ($0.50/$1.00 USD) - 2025/02/06 15:32:56 WET [2025/02/06 10:32:56 ET]
Table 'Bredichina II' 6-max Seat #4 is the button
Seat 1: Quahrino ($101 in chips) 
Seat 2: AlexEliseev7 ($108.70 in chips) 
Seat 3: tintin641 ($123.10 in chips) 
Seat 4: Artero10 ($98 in chips) 
Seat 5: Pippa83 ($100.50 in chips) 
Seat 6: Joe_Li7 ($100 in chips) 
Pippa83: posts small blind $0.50
Joe_Li7: posts big blind $1
*** HOLE CARDS ***
Quahrino: folds 
AlexEliseev7: folds 
tintin641: folds 
Artero10: raises $1.50 to $2.50
Pippa83: folds 
Joe_Li7: calls $1.50
*** FLOP *** [Qc 8s 9c]
Joe_Li7: checks 
Artero10: bets $2
Joe_Li7: calls $2
*** TURN *** [Qc 8s 9c] [3s]
Joe_Li7: checks 
Artero10: checks 
*** RIVER *** [Qc 8s 9c 3s] [Kh]
Joe_Li7: bets $7.67
Artero10: folds 
Uncalled bet ($7.67) returned to Joe_Li7
Joe_Li7 collected $9.02 from pot
*** SUMMARY ***
Total pot $9.50 | Rake $0.48 
Board [Qc 8s 9c 3s Kh]
Seat 1: Quahrino folded before Flop (didn't bet)
Seat 2: AlexEliseev7 folded before Flop (didn't bet)
Seat 3: tintin641 folded before Flop (didn't bet)
Seat 4: Artero10 (button) folded on the River
Seat 5: Pippa83 (small blind) folded before Flop
Seat 6: Joe_Li7 (big blind) collected ($9.02)



PokerStars Hand #254734398176:  Hold'em No Limit ($0.50/$1.00 USD) - 2025/02/06 15:34:14 WET [2025/02/06 10:34:14 ET]
Table 'Bredichina II' 6-max Seat #5 is the button
Seat 1: Quahrino ($101 in chips) 
Seat 2: AlexEliseev7 ($108.70 in chips) 
Seat 3: tintin641 ($123.10 in chips) 
Seat 4: Artero10 ($93.50 in chips) 
Seat 5: Pippa83 ($100 in chips) 
Seat 6: Joe_Li7 ($104.52 in chips) 
Joe_Li7: posts small blind $0.50
Quahrino: posts big blind $1
*** HOLE CARDS ***
AlexEliseev7: folds 
tintin641: folds 
Artero10: folds 
Pippa83: folds 
Joe_Li7: folds 
Uncalled bet ($0.50) returned to Quahrino
Quahrino collected $1 from pot
Quahrino: doesn't show hand 
*** SUMMARY ***
Total pot $1 | Rake $0 
Seat 1: Quahrino (big blind) collected ($1)
Seat 2: AlexEliseev7 folded before Flop (didn't bet)
Seat 3: tintin641 folded before Flop (didn't bet)
Seat 4: Artero10 folded before Flop (didn't bet)
Seat 5: Pippa83 (button) folded before Flop (didn't bet)
Seat 6: Joe_Li7 (small blind) folded before Flop



PokerStars Hand #254734401157:  Hold'em No Limit ($0.50/$1.00 USD) - 2025/02/06 15:34:29 WET [2025/02/06 10:34:29 ET]
Table 'Bredichina II' 6-max Seat #6 is the button
Seat 2: AlexEliseev7 ($108.70 in chips) is sitting out
Seat 3: tintin641 ($123.10 in chips) is sitting out
Seat 1: Quahrino ($101.50 in chips) 
Seat 4: Artero10 ($93.50 in chips) 
Seat 5: Pippa83 ($100 in chips) 
Seat 6: Joe_Li7 ($104.02 in chips) 
Quahrino: posts small blind $0.50
AlexEliseev7: is sitting out 
tintin641: is sitting out 
Artero10: posts big blind $1
*** HOLE CARDS ***
Pippa83: folds 
Joe_Li7: folds 
tintin641 leaves the table
Quahrino: folds 
Uncalled bet ($0.50) returned to Artero10
AlexEliseev7 leaves the table
Artero10 collected $1 from pot
*** SUMMARY ***
Total pot $1 | Rake $0 
Seat 2: AlexEliseev7
Seat 3: tintin641
Seat 1: Quahrino (small blind) folded before Flop
Seat 4: Artero10 (big blind) collected ($1)
Seat 5: Pippa83 folded before Flop (didn't bet)
Seat 6: Joe_Li7 (button) folded before Flop (didn't bet)



PokerStars Hand #254734402655:  Hold'em No Limit ($0.50/$1.00 USD) - 2025/02/06 15:34:36 WET [2025/02/06 10:34:36 ET]
Table 'Bredichina II' 6-max Seat #1 is the button
Seat 1: Quahrino ($101 in chips) 
Seat 4: Artero10 ($94 in chips) 
Seat 5: Pippa83 ($100 in chips) 
Seat 6: Joe_Li7 ($104.02 in chips) 
Artero10: posts small blind $0.50
Pippa83: posts big blind $1
*** HOLE CARDS ***
Joe_Li7: folds 
Quahrino: raises $1.70 to $2.70
Artero10: folds 
Pippa83: folds 
Uncalled bet ($1.70) returned to Quahrino
Quahrino collected $2.50 from pot
Quahrino: doesn't show hand 
*** SUMMARY ***
Total pot $2.50 | Rake $0 
Seat 1: Quahrino (button) collected ($2.50)
Seat 4: Artero10 (small blind) folded before Flop
Seat 5: Pippa83 (big blind) folded before Flop
Seat 6: Joe_Li7 folded before Flop (didn't bet)



PokerStars Hand #254734404875:  Hold'em No Limit ($0.50/$1.00 USD) - 2025/02/06 15:34:47 WET [2025/02/06 10:34:47 ET]
Table 'Bredichina II' 6-max Seat #4 is the button
Seat 1: Quahrino ($102.50 in chips) 
Seat 4: Artero10 ($93.50 in chips) 
Seat 5: Pippa83 ($100 in chips) 
Seat 6: Joe_Li7 ($104.02 in chips) 
Pippa83: posts small blind $0.50
Joe_Li7: posts big blind $1
*** HOLE CARDS ***
Quahrino: folds 
Artero10: raises $1.50 to $2.50
Pippa83: raises $8.50 to $11
Joe_Li7: folds 
Artero10: folds 
Uncalled bet ($8.50) returned to Pippa83
Pippa83 collected $6 from pot
Pippa83: doesn't show hand 
*** SUMMARY ***
Total pot $6 | Rake $0 
Seat 1: Quahrino folded before Flop (didn't bet)
Seat 4: Artero10 (button) folded before Flop
Seat 5: Pippa83 (small blind) collected ($6)
Seat 6: Joe_Li7 (big blind) folded before Flop



PokerStars Hand #254734410319:  Hold'em No Limit ($0.50/$1.00 USD) - 2025/02/06 15:35:14 WET [2025/02/06 10:35:14 ET]
Table 'Bredichina II' 6-max Seat #5 is the button
Seat 1: Quahrino ($102.50 in chips) 
Seat 4: Artero10 ($100 in chips) 
Seat 5: Pippa83 ($103.50 in chips) 
Seat 6: Joe_Li7 ($103.02 in chips) 
Joe_Li7: posts small blind $0.50
Quahrino: posts big blind $1
*** HOLE CARDS ***
Artero10: raises $1.50 to $2.50
Pippa83: raises $4.50 to $7
Joe_Li7: folds 
Quahrino: folds 
Artero10: folds 
Uncalled bet ($4.50) returned to Pippa83
Pippa83 collected $6.50 from pot
Pippa83: doesn't show hand 
*** SUMMARY ***
Total pot $6.50 | Rake $0 
Seat 1: Quahrino (big blind) folded before Flop
Seat 4: Artero10 folded before Flop
Seat 5: Pippa83 (button) collected ($6.50)
Seat 6: Joe_Li7 (small blind) folded before Flop



PokerStars Hand #254734413880:  Hold'em No Limit ($0.50/$1.00 USD) - 2025/02/06 15:35:32 WET [2025/02/06 10:35:32 ET]
Table 'Bredichina II' 6-max Seat #6 is the button
Seat 1: Quahrino ($101.50 in chips) 
Seat 4: Artero10 ($97.50 in chips) 
Seat 5: Pippa83 ($107.50 in chips) 
Seat 6: Joe_Li7 ($102.52 in chips) 
Quahrino: posts small blind $0.50
Artero10: posts big blind $1
*** HOLE CARDS ***
Pippa83: folds 
Joe_Li7: folds 
Quahrino: raises $2 to $3
Artero10: folds 
Uncalled bet ($2) returned to Quahrino
Quahrino collected $2 from pot
Quahrino: doesn't show hand 
Artero10 leaves the table
*** SUMMARY ***
Total pot $2 | Rake $0 
Seat 1: Quahrino (small blind) collected ($2)
Seat 4: Artero10 (big blind) folded before Flop
Seat 5: Pippa83 folded before Flop (didn't bet)
Seat 6: Joe_Li7 (button) folded before Flop (didn't bet)



PokerStars Hand #254734417888:  Hold'em No Limit ($0.50/$1.00 USD) - 2025/02/06 15:35:51 WET [2025/02/06 10:35:51 ET]
Table 'Bredichina II' 6-max Seat #1 is the button
Seat 1: Quahrino ($102.50 in chips) 
Seat 5: Pippa83 ($107.50 in chips) 
Seat 6: Joe_Li7 ($102.52 in chips) 
Pippa83: posts small blind $0.50
Joe_Li7: posts big blind $1
*** HOLE CARDS ***
Quahrino: folds 
Pippa83: folds 
Uncalled bet ($0.50) returned to Joe_Li7
Joe_Li7 collected $1 from pot
*** SUMMARY ***
Total pot $1 | Rake $0 
Seat 1: Quahrino (button) folded before Flop (didn't bet)
Seat 5: Pippa83 (small blind) folded before Flop
Seat 6: Joe_Li7 (big blind) collected ($1)



PokerStars Hand #254734418953:  Hold'em No Limit ($0.50/$1.00 USD) - 2025/02/06 15:35:57 WET [2025/02/06 10:35:57 ET]
Table 'Bredichina II' 6-max Seat #5 is the button
Seat 1: Quahrino ($102.50 in chips) 
Seat 5: Pippa83 ($107 in chips) 
Seat 6: Joe_Li7 ($103.02 in chips) 
Joe_Li7: posts small blind $0.50
Quahrino: posts big blind $1
*** HOLE CARDS ***
Pippa83: folds 
Joe_Li7: folds 
Uncalled bet ($0.50) returned to Quahrino
Quahrino collected $1 from pot
Quahrino: doesn't show hand 
Pippa83 leaves the table
*** SUMMARY ***
Total pot $1 | Rake $0 
Seat 1: Quahrino (big blind) collected ($1)
Seat 5: Pippa83 (button) folded before Flop (didn't bet)
Seat 6: Joe_Li7 (small blind) folded before Flop



