PokerStars Hand #254735892235:  Hold'em No Limit ($0.50/$1.00 USD) - 2025/02/06 17:28:40 WET [2025/02/06 12:28:40 ET]
Table 'Reticulum II' 6-max Seat #1 is the button
Seat 1: Oli3579 ($100 in chips) 
Seat 2: EBoshered ($103.72 in chips) 
Seat 4: reiyser ($100 in chips) 
EBoshered: posts small blind $0.50
reiyser: posts big blind $1
*** HOLE CARDS ***
Oli3579: raises $1.25 to $2.25
EBoshered: folds 
reiyser: calls $1.25
*** FLOP *** [As 8d 9d]
reiyser: checks 
Oli3579: checks 
*** TURN *** [As 8d 9d] [Kh]
reiyser: bets $6.27
Oli3579: folds 
Uncalled bet ($6.27) returned to reiyser
reiyser collected $4.75 from pot
reiyser: doesn't show hand 
*** SUMMARY ***
Total pot $5 | Rake $0.25 
Board [As 8d 9d Kh]
Seat 1: Oli3579 (button) folded on the Turn
Seat 2: EBoshered (small blind) folded before Flop
Seat 4: reiyser (big blind) collected ($4.75)



PokerStars Hand #254735901267:  Hold'em No Limit ($0.50/$1.00 USD) - 2025/02/06 17:29:16 WET [2025/02/06 12:29:16 ET]
Table 'Reticulum II' 6-max Seat #2 is the button
Seat 1: Oli3579 ($100 in chips) 
Seat 2: EBoshered ($103.22 in chips) 
Seat 4: reiyser ($102.50 in chips) 
reiyser: posts small blind $0.50
Oli3579: posts big blind $1
*** HOLE CARDS ***
EBoshered: folds 
reiyser: folds 
Uncalled bet ($0.50) returned to Oli3579
Oli3579 collected $1 from pot
Oli3579: doesn't show hand 
*** SUMMARY ***
Total pot $1 | Rake $0 
Seat 1: Oli3579 (big blind) collected ($1)
Seat 2: EBoshered (button) folded before Flop (didn't bet)
Seat 4: reiyser (small blind) folded before Flop



PokerStars Hand #254735904248:  Hold'em No Limit ($0.50/$1.00 USD) - 2025/02/06 17:29:28 WET [2025/02/06 12:29:28 ET]
Table 'Reticulum II' 6-max Seat #1 is the button
Seat 2: EBoshered ($103.22 in chips) is sitting out
Seat 1: Oli3579 ($100.50 in chips) 
Seat 4: reiyser ($102 in chips) 
Oli3579: posts small blind $0.50
EBoshered: is sitting out 
reiyser: posts big blind $1
*** HOLE CARDS ***
Oli3579: raises $1.50 to $2.50
reiyser: calls $1.50
*** FLOP *** [8s 2s Kc]
reiyser: checks 
EBoshered leaves the table
Oli3579: bets $1.57
reiyser: calls $1.57
*** TURN *** [8s 2s Kc] [Tc]
reiyser: checks 
Oli3579: checks 
*** RIVER *** [8s 2s Kc Tc] [6c]
reiyser: checks 
Oli3579: bets $5.10
reiyser: calls $5.10
*** SHOW DOWN ***
Oli3579: shows [5s 4h] (high card King)
reiyser: shows [As 8c] (a pair of Eights)
reiyser collected $17.42 from pot
*** SUMMARY ***
Total pot $18.34 | Rake $0.92 
Board [8s 2s Kc Tc 6c]
Seat 2: EBoshered
Seat 1: Oli3579 (button) (small blind) showed [5s 4h] and lost with high card King
Seat 4: reiyser (big blind) showed [As 8c] and won ($17.42) with a pair of Eights



PokerStars Hand #254736331134:  Hold'em No Limit ($0.50/$1.00 USD) - 2025/02/06 17:57:37 WET [2025/02/06 12:57:37 ET]
Table 'Reticulum II' 6-max Seat #3 is the button
Seat 1: Emilly695 ($0 in chips) is sitting out
Seat 2: z00mba ($100 in chips) 
Seat 3: AlexPinsk1 ($141.90 in chips) 
Seat 5: ImaPeppaPig ($108 in chips) 
Seat 6: ru_ruu_ru ($100 in chips) 
ImaPeppaPig: posts small blind $0.50
ru_ruu_ru: posts big blind $1
*** HOLE CARDS ***
z00mba: folds 
AlexPinsk1: raises $1.50 to $2.50
ImaPeppaPig: folds 
ru_ruu_ru: folds 
Uncalled bet ($1.50) returned to AlexPinsk1
AlexPinsk1 collected $2.50 from pot
AlexPinsk1: doesn't show hand 
*** SUMMARY ***
Total pot $2.50 | Rake $0 
Seat 1: Emilly695
Seat 2: z00mba folded before Flop (didn't bet)
Seat 3: AlexPinsk1 (button) collected ($2.50)
Seat 5: ImaPeppaPig (small blind) folded before Flop
Seat 6: ru_ruu_ru (big blind) folded before Flop



PokerStars Hand #254736334398:  Hold'em No Limit ($0.50/$1.00 USD) - 2025/02/06 17:57:54 WET [2025/02/06 12:57:54 ET]
Table 'Reticulum II' 6-max Seat #5 is the button
Seat 1: Emilly695 ($80 in chips) 
Seat 2: z00mba ($100 in chips) 
Seat 3: AlexPinsk1 ($143.40 in chips) 
Seat 5: ImaPeppaPig ($107.50 in chips) 
Seat 6: ru_ruu_ru ($100 in chips) 
ru_ruu_ru: posts small blind $0.50
Emilly695: posts big blind $1
*** HOLE CARDS ***
z00mba: raises $1.50 to $2.50
AlexPinsk1: folds 
IREQO joins the table at seat #4 
ImaPeppaPig: folds 
ru_ruu_ru: folds 
Emilly695: folds 
Uncalled bet ($1.50) returned to z00mba
z00mba collected $2.50 from pot
z00mba: doesn't show hand 
*** SUMMARY ***
Total pot $2.50 | Rake $0 
Seat 1: Emilly695 (big blind) folded before Flop
Seat 2: z00mba collected ($2.50)
Seat 3: AlexPinsk1 folded before Flop (didn't bet)
Seat 5: ImaPeppaPig (button) folded before Flop (didn't bet)
Seat 6: ru_ruu_ru (small blind) folded before Flop



PokerStars Hand #254736337239:  Hold'em No Limit ($0.50/$1.00 USD) - 2025/02/06 17:58:09 WET [2025/02/06 12:58:09 ET]
Table 'Reticulum II' 6-max Seat #6 is the button
Seat 4: IREQO ($100 in chips) is sitting out
Seat 1: Emilly695 ($79 in chips) 
Seat 2: z00mba ($101.50 in chips) 
Seat 3: AlexPinsk1 ($143.40 in chips) 
Seat 5: ImaPeppaPig ($107.50 in chips) 
Seat 6: ru_ruu_ru ($100 in chips) 
Emilly695: posts small blind $0.50
z00mba: posts big blind $1
IREQO: sits out 
*** HOLE CARDS ***
AlexPinsk1: folds 
ImaPeppaPig: folds 
ru_ruu_ru: raises $1.50 to $2.50
Emilly695: folds 
z00mba: folds 
Uncalled bet ($1.50) returned to ru_ruu_ru
ru_ruu_ru collected $2.50 from pot
*** SUMMARY ***
Total pot $2.50 | Rake $0 
Seat 4: IREQO
Seat 1: Emilly695 (small blind) folded before Flop
Seat 2: z00mba (big blind) folded before Flop
Seat 3: AlexPinsk1 folded before Flop (didn't bet)
Seat 5: ImaPeppaPig folded before Flop (didn't bet)
Seat 6: ru_ruu_ru (button) collected ($2.50)



PokerStars Hand #254736341734:  Hold'em No Limit ($0.50/$1.00 USD) - 2025/02/06 17:58:32 WET [2025/02/06 12:58:32 ET]
Table 'Reticulum II' 6-max Seat #1 is the button
Seat 4: IREQO ($100 in chips) is sitting out
Seat 1: Emilly695 ($78.50 in chips) 
Seat 2: z00mba ($100.50 in chips) 
Seat 3: AlexPinsk1 ($143.40 in chips) 
Seat 5: ImaPeppaPig ($107.50 in chips) 
Seat 6: ru_ruu_ru ($101.50 in chips) 
z00mba: posts small blind $0.50
AlexPinsk1: posts big blind $1
IREQO: sits out 
*** HOLE CARDS ***
ImaPeppaPig: raises $1.50 to $2.50
ru_ruu_ru: folds 
Emilly695: calls $2.50
z00mba: folds 
AlexPinsk1: folds 
*** FLOP *** [Kd Jc Tc]
ImaPeppaPig: checks 
Emilly695: checks 
*** TURN *** [Kd Jc Tc] [9h]
ImaPeppaPig: checks 
Emilly695: bets $3
ImaPeppaPig: folds 
Uncalled bet ($3) returned to Emilly695
Emilly695 collected $6.18 from pot
*** SUMMARY ***
Total pot $6.50 | Rake $0.32 
Board [Kd Jc Tc 9h]
Seat 4: IREQO
Seat 1: Emilly695 (button) collected ($6.18)
Seat 2: z00mba (small blind) folded before Flop
Seat 3: AlexPinsk1 (big blind) folded before Flop
Seat 5: ImaPeppaPig folded on the Turn
Seat 6: ru_ruu_ru folded before Flop (didn't bet)



PokerStars Hand #254736347372:  Hold'em No Limit ($0.50/$1.00 USD) - 2025/02/06 17:59:02 WET [2025/02/06 12:59:02 ET]
Table 'Reticulum II' 6-max Seat #2 is the button
Seat 1: Emilly695 ($82.18 in chips) 
Seat 2: z00mba ($100 in chips) 
Seat 3: AlexPinsk1 ($142.40 in chips) 
Seat 4: IREQO ($100 in chips) 
Seat 5: ImaPeppaPig ($105 in chips) 
Seat 6: ru_ruu_ru ($101.50 in chips) 
AlexPinsk1: posts small blind $0.50
IREQO: posts big blind $1
*** HOLE CARDS ***
ImaPeppaPig: folds 
ru_ruu_ru: folds 
Emilly695: calls $1
z00mba: folds 
AlexPinsk1: raises $2.50 to $3.50
IREQO: calls $2.50
Emilly695: calls $2.50
*** FLOP *** [5s 6d Kd]
AlexPinsk1: checks 
IREQO: checks 
Emilly695: bets $3
AlexPinsk1: folds 
IREQO: folds 
Uncalled bet ($3) returned to Emilly695
Emilly695 collected $9.98 from pot
*** SUMMARY ***
Total pot $10.50 | Rake $0.52 
Board [5s 6d Kd]
Seat 1: Emilly695 collected ($9.98)
Seat 2: z00mba (button) folded before Flop (didn't bet)
Seat 3: AlexPinsk1 (small blind) folded on the Flop
Seat 4: IREQO (big blind) folded on the Flop
Seat 5: ImaPeppaPig folded before Flop (didn't bet)
Seat 6: ru_ruu_ru folded before Flop (didn't bet)



PokerStars Hand #254736356093:  Hold'em No Limit ($0.50/$1.00 USD) - 2025/02/06 17:59:48 WET [2025/02/06 12:59:48 ET]
Table 'Reticulum II' 6-max Seat #3 is the button
Seat 1: Emilly695 ($88.66 in chips) 
Seat 2: z00mba ($100 in chips) 
Seat 3: AlexPinsk1 ($138.90 in chips) 
Seat 4: IREQO ($96.50 in chips) 
Seat 5: ImaPeppaPig ($105 in chips) 
Seat 6: ru_ruu_ru ($101.50 in chips) 
IREQO: posts small blind $0.50
ImaPeppaPig: posts big blind $1
*** HOLE CARDS ***
ru_ruu_ru: folds 
Emilly695: calls $1
z00mba: folds 
AlexPinsk1: folds 
IREQO: folds 
ImaPeppaPig: checks 
*** FLOP *** [Th Ks 7d]
ImaPeppaPig: checks 
Emilly695: checks 
*** TURN *** [Th Ks 7d] [Kd]
ImaPeppaPig: checks 
Emilly695: checks 
*** RIVER *** [Th Ks 7d Kd] [6h]
ImaPeppaPig: bets $1
Emilly695: calls $1
*** SHOW DOWN ***
ImaPeppaPig: shows [7c 5c] (two pair, Kings and Sevens)
Emilly695: mucks hand 
ImaPeppaPig collected $4.28 from pot
*** SUMMARY ***
Total pot $4.50 | Rake $0.22 
Board [Th Ks 7d Kd 6h]
Seat 1: Emilly695 mucked
Seat 2: z00mba folded before Flop (didn't bet)
Seat 3: AlexPinsk1 (button) folded before Flop (didn't bet)
Seat 4: IREQO (small blind) folded before Flop
Seat 5: ImaPeppaPig (big blind) showed [7c 5c] and won ($4.28) with two pair, Kings and Sevens
Seat 6: ru_ruu_ru folded before Flop (didn't bet)



PokerStars Hand #254736362542:  Hold'em No Limit ($0.50/$1.00 USD) - 2025/02/06 18:00:21 WET [2025/02/06 13:00:21 ET]
Table 'Reticulum II' 6-max Seat #4 is the button
Seat 1: Emilly695 ($86.66 in chips) 
Seat 2: z00mba ($100 in chips) 
Seat 3: AlexPinsk1 ($138.90 in chips) 
Seat 4: IREQO ($100 in chips) 
Seat 5: ImaPeppaPig ($107.28 in chips) 
Seat 6: ru_ruu_ru ($101.50 in chips) 
ImaPeppaPig: posts small blind $0.50
ru_ruu_ru: posts big blind $1
*** HOLE CARDS ***
Emilly695: calls $1
z00mba: folds 
AlexPinsk1: folds 
IREQO: raises $1.50 to $2.50
ImaPeppaPig: folds 
ru_ruu_ru: calls $1.50
Emilly695: calls $1.50
*** FLOP *** [4h 6s Th]
ru_ruu_ru: checks 
Emilly695: checks 
IREQO: checks 
*** TURN *** [4h 6s Th] [As]
ru_ruu_ru: checks 
Emilly695: checks 
IREQO: bets $4
ru_ruu_ru: calls $4
Emilly695: calls $4
*** RIVER *** [4h 6s Th As] [Qh]
ru_ruu_ru: checks 
Emilly695: checks 
IREQO: checks 
*** SHOW DOWN ***
ru_ruu_ru: shows [Ah Jd] (a pair of Aces)
Emilly695: mucks hand 
IREQO: mucks hand 
ru_ruu_ru collected $19 from pot
*** SUMMARY ***
Total pot $20 | Rake $1 
Board [4h 6s Th As Qh]
Seat 1: Emilly695 mucked
Seat 2: z00mba folded before Flop (didn't bet)
Seat 3: AlexPinsk1 folded before Flop (didn't bet)
Seat 4: IREQO (button) mucked
Seat 5: ImaPeppaPig (small blind) folded before Flop
Seat 6: ru_ruu_ru (big blind) showed [Ah Jd] and won ($19) with a pair of Aces



PokerStars Hand #254736378177:  Hold'em No Limit ($0.50/$1.00 USD) - 2025/02/06 18:01:32 WET [2025/02/06 13:01:32 ET]
Table 'Reticulum II' 6-max Seat #5 is the button
Seat 1: Emilly695 ($80.16 in chips) 
Seat 2: z00mba ($100 in chips) 
Seat 3: AlexPinsk1 ($138.90 in chips) 
Seat 4: IREQO ($100 in chips) 
Seat 5: ImaPeppaPig ($106.78 in chips) 
Seat 6: ru_ruu_ru ($114 in chips) 
ru_ruu_ru: posts small blind $0.50
Emilly695: posts big blind $1
*** HOLE CARDS ***
z00mba: folds 
AlexPinsk1: folds 
IREQO: folds 
ImaPeppaPig: raises $1 to $2
ru_ruu_ru: folds 
Emilly695: raises $2 to $4
ImaPeppaPig: calls $2
*** FLOP *** [9h Ad 4d]
Emilly695: bets $6
ImaPeppaPig: folds 
Uncalled bet ($6) returned to Emilly695
Emilly695 collected $8.08 from pot
*** SUMMARY ***
Total pot $8.50 | Rake $0.42 
Board [9h Ad 4d]
Seat 1: Emilly695 (big blind) collected ($8.08)
Seat 2: z00mba folded before Flop (didn't bet)
Seat 3: AlexPinsk1 folded before Flop (didn't bet)
Seat 4: IREQO folded before Flop (didn't bet)
Seat 5: ImaPeppaPig (button) folded on the Flop
Seat 6: ru_ruu_ru (small blind) folded before Flop



PokerStars Hand #254736386501:  Hold'em No Limit ($0.50/$1.00 USD) - 2025/02/06 18:02:07 WET [2025/02/06 13:02:07 ET]
Table 'Reticulum II' 6-max Seat #6 is the button
Seat 2: z00mba ($100 in chips) is sitting out
Seat 1: Emilly695 ($84.24 in chips) 
Seat 3: AlexPinsk1 ($138.90 in chips) 
Seat 4: IREQO ($100 in chips) 
Seat 5: ImaPeppaPig ($102.78 in chips) 
Seat 6: ru_ruu_ru ($113.50 in chips) 
Emilly695: posts small blind $0.50
z00mba: is sitting out 
AlexPinsk1: posts big blind $1
*** HOLE CARDS ***
IREQO: folds 
ImaPeppaPig: folds 
ru_ruu_ru: raises $1.50 to $2.50
Emilly695: folds 
AlexPinsk1: calls $1.50
*** FLOP *** [3c 6s 6h]
AlexPinsk1: checks 
ru_ruu_ru: bets $1.72
AlexPinsk1: folds 
Uncalled bet ($1.72) returned to ru_ruu_ru
ru_ruu_ru collected $5.22 from pot
ru_ruu_ru: doesn't show hand 
*** SUMMARY ***
Total pot $5.50 | Rake $0.28 
Board [3c 6s 6h]
Seat 2: z00mba
Seat 1: Emilly695 (small blind) folded before Flop
Seat 3: AlexPinsk1 (big blind) folded on the Flop
Seat 4: IREQO folded before Flop (didn't bet)
Seat 5: ImaPeppaPig folded before Flop (didn't bet)
Seat 6: ru_ruu_ru (button) collected ($5.22)



PokerStars Hand #254736396753:  Hold'em No Limit ($0.50/$1.00 USD) - 2025/02/06 18:02:48 WET [2025/02/06 13:02:48 ET]
Table 'Reticulum II' 6-max Seat #1 is the button
Seat 2: z00mba ($100 in chips) is sitting out
Seat 1: Emilly695 ($83.74 in chips) 
Seat 3: AlexPinsk1 ($136.40 in chips) 
Seat 4: IREQO ($100 in chips) 
Seat 5: ImaPeppaPig ($102.78 in chips) 
Seat 6: ru_ruu_ru ($116.22 in chips) 
AlexPinsk1: posts small blind $0.50
IREQO: posts big blind $1
*** HOLE CARDS ***
ImaPeppaPig: folds 
ru_ruu_ru: folds 
Emilly695: calls $1
AlexPinsk1: raises $3 to $4
IREQO: folds 
Emilly695: calls $3
*** FLOP *** [5d 6c 4c]
AlexPinsk1: checks 
Emilly695: checks 
*** TURN *** [5d 6c 4c] [Kc]
AlexPinsk1: checks 
Emilly695: checks 
*** RIVER *** [5d 6c 4c Kc] [Kd]
AlexPinsk1: checks 
Emilly695: bets $5
AlexPinsk1: calls $5
*** SHOW DOWN ***
Emilly695: shows [2h Kh] (three of a kind, Kings)
AlexPinsk1: mucks hand 
Emilly695 collected $18.05 from pot
*** SUMMARY ***
Total pot $19 | Rake $0.95 
Board [5d 6c 4c Kc Kd]
Seat 2: z00mba
Seat 1: Emilly695 (button) showed [2h Kh] and won ($18.05) with three of a kind, Kings
Seat 3: AlexPinsk1 (small blind) mucked
Seat 4: IREQO (big blind) folded before Flop
Seat 5: ImaPeppaPig folded before Flop (didn't bet)
Seat 6: ru_ruu_ru folded before Flop (didn't bet)



PokerStars Hand #254736414124:  Hold'em No Limit ($0.50/$1.00 USD) - 2025/02/06 18:03:54 WET [2025/02/06 13:03:54 ET]
Table 'Reticulum II' 6-max Seat #3 is the button
Seat 2: z00mba ($100 in chips) is sitting out
Seat 1: Emilly695 ($92.79 in chips) 
Seat 3: AlexPinsk1 ($127.40 in chips) 
Seat 4: IREQO ($100 in chips) 
Seat 5: ImaPeppaPig ($102.78 in chips) 
Seat 6: ru_ruu_ru ($116.22 in chips) 
IREQO: posts small blind $0.50
ImaPeppaPig: posts big blind $1
z00mba: sits out 
*** HOLE CARDS ***
ru_ruu_ru: raises $1.20 to $2.20
Emilly695: folds 
AlexPinsk1: folds 
IREQO: folds 
ImaPeppaPig: folds 
Uncalled bet ($1.20) returned to ru_ruu_ru
ru_ruu_ru collected $2.50 from pot
ru_ruu_ru: doesn't show hand 
*** SUMMARY ***
Total pot $2.50 | Rake $0 
Seat 2: z00mba
Seat 1: Emilly695 folded before Flop (didn't bet)
Seat 3: AlexPinsk1 (button) folded before Flop (didn't bet)
Seat 4: IREQO (small blind) folded before Flop
Seat 5: ImaPeppaPig (big blind) folded before Flop
Seat 6: ru_ruu_ru collected ($2.50)



PokerStars Hand #254736421257:  Hold'em No Limit ($0.50/$1.00 USD) - 2025/02/06 18:04:21 WET [2025/02/06 13:04:21 ET]
Table 'Reticulum II' 6-max Seat #4 is the button
Seat 2: z00mba ($100 in chips) is sitting out
Seat 1: Emilly695 ($92.79 in chips) 
Seat 3: AlexPinsk1 ($127.40 in chips) 
Seat 4: IREQO ($100 in chips) 
Seat 5: ImaPeppaPig ($101.78 in chips) 
Seat 6: ru_ruu_ru ($117.72 in chips) 
ImaPeppaPig: posts small blind $0.50
ru_ruu_ru: posts big blind $1
z00mba: sits out 
*** HOLE CARDS ***
Emilly695: folds 
AlexPinsk1: raises $1.50 to $2.50
IREQO: raises $4.87 to $7.37
ImaPeppaPig: folds 
ru_ruu_ru: folds 
AlexPinsk1: folds 
Uncalled bet ($4.87) returned to IREQO
IREQO collected $6.50 from pot
IREQO: doesn't show hand 
*** SUMMARY ***
Total pot $6.50 | Rake $0 
Seat 2: z00mba
Seat 1: Emilly695 folded before Flop (didn't bet)
Seat 3: AlexPinsk1 folded before Flop
Seat 4: IREQO (button) collected ($6.50)
Seat 5: ImaPeppaPig (small blind) folded before Flop
Seat 6: ru_ruu_ru (big blind) folded before Flop



PokerStars Hand #254736427889:  Hold'em No Limit ($0.50/$1.00 USD) - 2025/02/06 18:04:46 WET [2025/02/06 13:04:46 ET]
Table 'Reticulum II' 6-max Seat #5 is the button
Seat 2: z00mba ($100 in chips) is sitting out
Seat 1: Emilly695 ($92.79 in chips) 
Seat 3: AlexPinsk1 ($124.90 in chips) 
Seat 4: IREQO ($104 in chips) 
Seat 5: ImaPeppaPig ($101.28 in chips) 
Seat 6: ru_ruu_ru ($116.72 in chips) 
ru_ruu_ru: posts small blind $0.50
Emilly695: posts big blind $1
z00mba: sits out 
*** HOLE CARDS ***
AlexPinsk1: folds 
IREQO: folds 
ImaPeppaPig: folds 
ru_ruu_ru: folds 
Uncalled bet ($0.50) returned to Emilly695
Emilly695 collected $1 from pot
*** SUMMARY ***
Total pot $1 | Rake $0 
Seat 2: z00mba
Seat 1: Emilly695 (big blind) collected ($1)
Seat 3: AlexPinsk1 folded before Flop (didn't bet)
Seat 4: IREQO folded before Flop (didn't bet)
Seat 5: ImaPeppaPig (button) folded before Flop (didn't bet)
Seat 6: ru_ruu_ru (small blind) folded before Flop



PokerStars Hand #254736431559:  Hold'em No Limit ($0.50/$1.00 USD) - 2025/02/06 18:05:00 WET [2025/02/06 13:05:00 ET]
Table 'Reticulum II' 6-max Seat #6 is the button
Seat 1: Emilly695 ($93.29 in chips) 
Seat 2: z00mba ($100 in chips) 
Seat 3: AlexPinsk1 ($124.90 in chips) 
Seat 4: IREQO ($104 in chips) 
Seat 5: ImaPeppaPig ($101.28 in chips) 
Seat 6: ru_ruu_ru ($116.22 in chips) 
Emilly695: posts small blind $0.50
z00mba: posts big blind $1
*** HOLE CARDS ***
AlexPinsk1: folds 
IREQO: folds 
ImaPeppaPig: raises $1.50 to $2.50
ru_ruu_ru: folds 
Emilly695: calls $2
z00mba: raises $12.50 to $15
ImaPeppaPig: folds 
Emilly695: folds 
Uncalled bet ($12.50) returned to z00mba
z00mba collected $7.50 from pot
z00mba: doesn't show hand 
*** SUMMARY ***
Total pot $7.50 | Rake $0 
Seat 1: Emilly695 (small blind) folded before Flop
Seat 2: z00mba (big blind) collected ($7.50)
Seat 3: AlexPinsk1 folded before Flop (didn't bet)
Seat 4: IREQO folded before Flop (didn't bet)
Seat 5: ImaPeppaPig folded before Flop
Seat 6: ru_ruu_ru (button) folded before Flop (didn't bet)



PokerStars Hand #254736440578:  Hold'em No Limit ($0.50/$1.00 USD) - 2025/02/06 18:05:34 WET [2025/02/06 13:05:34 ET]
Table 'Reticulum II' 6-max Seat #2 is the button
Seat 1: Emilly695 ($90.79 in chips) is sitting out
Seat 2: z00mba ($105 in chips) 
Seat 3: AlexPinsk1 ($124.90 in chips) 
Seat 4: IREQO ($104 in chips) 
Seat 5: ImaPeppaPig ($100 in chips) 
Seat 6: ru_ruu_ru ($116.22 in chips) 
AlexPinsk1: posts small blind $0.50
IREQO: posts big blind $1
*** HOLE CARDS ***
ImaPeppaPig: folds 
ru_ruu_ru: raises $1.50 to $2.50
z00mba: folds 
AlexPinsk1: folds 
IREQO: folds 
Uncalled bet ($1.50) returned to ru_ruu_ru
ru_ruu_ru collected $2.50 from pot
ru_ruu_ru: doesn't show hand 
*** SUMMARY ***
Total pot $2.50 | Rake $0 
Seat 1: Emilly695
Seat 2: z00mba (button) folded before Flop (didn't bet)
Seat 3: AlexPinsk1 (small blind) folded before Flop
Seat 4: IREQO (big blind) folded before Flop
Seat 5: ImaPeppaPig folded before Flop (didn't bet)
Seat 6: ru_ruu_ru collected ($2.50)



PokerStars Hand #254736446156:  Hold'em No Limit ($0.50/$1.00 USD) - 2025/02/06 18:05:55 WET [2025/02/06 13:05:55 ET]
Table 'Reticulum II' 6-max Seat #3 is the button
Seat 1: Emilly695 ($90.79 in chips) is sitting out
Seat 2: z00mba ($105 in chips) 
Seat 3: AlexPinsk1 ($124.40 in chips) 
Seat 4: IREQO ($103 in chips) 
Seat 5: ImaPeppaPig ($100 in chips) 
Seat 6: ru_ruu_ru ($117.72 in chips) 
IREQO: posts small blind $0.50
ImaPeppaPig: posts big blind $1
*** HOLE CARDS ***
ru_ruu_ru: folds 
z00mba: folds 
AlexPinsk1: folds 
IREQO: raises $1.50 to $2.50
ImaPeppaPig: raises $5.50 to $8
IREQO: folds 
Uncalled bet ($5.50) returned to ImaPeppaPig
ImaPeppaPig collected $5 from pot
ImaPeppaPig: doesn't show hand 
*** SUMMARY ***
Total pot $5 | Rake $0 
Seat 1: Emilly695
Seat 2: z00mba folded before Flop (didn't bet)
Seat 3: AlexPinsk1 (button) folded before Flop (didn't bet)
Seat 4: IREQO (small blind) folded before Flop
Seat 5: ImaPeppaPig (big blind) collected ($5)
Seat 6: ru_ruu_ru folded before Flop (didn't bet)



PokerStars Hand #254736456657:  Hold'em No Limit ($0.50/$1.00 USD) - 2025/02/06 18:06:35 WET [2025/02/06 13:06:35 ET]
Table 'Reticulum II' 6-max Seat #4 is the button
Seat 1: Emilly695 ($90.79 in chips) 
Seat 2: z00mba ($105 in chips) 
Seat 3: AlexPinsk1 ($124.40 in chips) 
Seat 4: IREQO ($100.50 in chips) 
Seat 5: ImaPeppaPig ($102.50 in chips) 
Seat 6: ru_ruu_ru ($117.72 in chips) 
ImaPeppaPig: posts small blind $0.50
ru_ruu_ru: posts big blind $1
*** HOLE CARDS ***
Emilly695: folds 
z00mba: folds 
AlexPinsk1: folds 
IREQO: raises $1.50 to $2.50
ImaPeppaPig: folds 
ru_ruu_ru: folds 
Uncalled bet ($1.50) returned to IREQO
IREQO collected $2.50 from pot
IREQO: doesn't show hand 
*** SUMMARY ***
Total pot $2.50 | Rake $0 
Seat 1: Emilly695 folded before Flop (didn't bet)
Seat 2: z00mba folded before Flop (didn't bet)
Seat 3: AlexPinsk1 folded before Flop (didn't bet)
Seat 4: IREQO (button) collected ($2.50)
Seat 5: ImaPeppaPig (small blind) folded before Flop
Seat 6: ru_ruu_ru (big blind) folded before Flop



PokerStars Hand #254736688237:  Hold'em No Limit ($0.50/$1.00 USD) - 2025/02/06 18:21:00 WET [2025/02/06 13:21:00 ET]
Table 'Reticulum II' 6-max Seat #5 is the button
Seat 2: z00mba ($128.74 in chips) is sitting out
Seat 3: AlexPinsk1 ($121.17 in chips) is sitting out
Seat 1: ZinePablo ($100 in chips) 
Seat 4: ddyyjj ($101.50 in chips) 
Seat 5: ImaPeppaPig ($112.52 in chips) 
ZinePablo: posts small blind $0.50
z00mba: is sitting out 
ddyyjj: posts big blind $1
*** HOLE CARDS ***
ImaPeppaPig: folds 
ZinePablo: folds 
Uncalled bet ($0.50) returned to ddyyjj
ddyyjj collected $1 from pot
ddyyjj: doesn't show hand 
*** SUMMARY ***
Total pot $1 | Rake $0 
Seat 2: z00mba
Seat 3: AlexPinsk1
Seat 1: ZinePablo (small blind) folded before Flop
Seat 4: ddyyjj (big blind) collected ($1)
Seat 5: ImaPeppaPig (button) folded before Flop (didn't bet)



PokerStars Hand #254736692468:  Hold'em No Limit ($0.50/$1.00 USD) - 2025/02/06 18:21:16 WET [2025/02/06 13:21:16 ET]
Table 'Reticulum II' 6-max Seat #1 is the button
Seat 2: z00mba ($128.74 in chips) is sitting out
Seat 3: AlexPinsk1 ($121.17 in chips) is sitting out
Seat 1: ZinePablo ($100 in chips) 
Seat 4: ddyyjj ($102 in chips) 
Seat 5: ImaPeppaPig ($112.52 in chips) 
ddyyjj: posts small blind $0.50
ImaPeppaPig: posts big blind $1
*** HOLE CARDS ***
ZinePablo: raises $1.50 to $2.50
ddyyjj: raises $7.50 to $10
ImaPeppaPig: folds 
ZinePablo: folds 
Uncalled bet ($7.50) returned to ddyyjj
ddyyjj collected $6 from pot
ddyyjj: doesn't show hand 
*** SUMMARY ***
Total pot $6 | Rake $0 
Seat 2: z00mba
Seat 3: AlexPinsk1
Seat 1: ZinePablo (button) folded before Flop
Seat 4: ddyyjj (small blind) collected ($6)
Seat 5: ImaPeppaPig (big blind) folded before Flop



PokerStars Hand #254736698561:  Hold'em No Limit ($0.50/$1.00 USD) - 2025/02/06 18:21:38 WET [2025/02/06 13:21:38 ET]
Table 'Reticulum II' 6-max Seat #4 is the button
Seat 2: z00mba ($128.74 in chips) is sitting out
Seat 3: AlexPinsk1 ($121.17 in chips) is sitting out
Seat 1: ZinePablo ($100 in chips) 
Seat 4: ddyyjj ($105.50 in chips) 
Seat 5: ImaPeppaPig ($111.52 in chips) 
ImaPeppaPig: posts small blind $0.50
ZinePablo: posts big blind $1
*** HOLE CARDS ***
ddyyjj: raises $1.50 to $2.50
ImaPeppaPig: folds 
ZinePablo: folds 
Uncalled bet ($1.50) returned to ddyyjj
ddyyjj collected $2.50 from pot
ddyyjj: doesn't show hand 
*** SUMMARY ***
Total pot $2.50 | Rake $0 
Seat 2: z00mba
Seat 3: AlexPinsk1
Seat 1: ZinePablo (big blind) folded before Flop
Seat 4: ddyyjj (button) collected ($2.50)
Seat 5: ImaPeppaPig (small blind) folded before Flop



PokerStars Hand #254736704954:  Hold'em No Limit ($0.50/$1.00 USD) - 2025/02/06 18:22:02 WET [2025/02/06 13:22:02 ET]
Table 'Reticulum II' 6-max Seat #5 is the button
Seat 2: z00mba ($128.74 in chips) is sitting out
Seat 3: AlexPinsk1 ($121.17 in chips) is sitting out
Seat 1: ZinePablo ($100 in chips) 
Seat 4: ddyyjj ($107 in chips) 
Seat 5: ImaPeppaPig ($111.02 in chips) 
ZinePablo: posts small blind $0.50
ddyyjj: posts big blind $1
*** HOLE CARDS ***
ImaPeppaPig: folds 
ImaPeppaPig leaves the table
ZinePablo: raises $2 to $3
ddyyjj: folds 
Uncalled bet ($2) returned to ZinePablo
ZinePablo collected $2 from pot
*** SUMMARY ***
Total pot $2 | Rake $0 
Seat 2: z00mba
Seat 3: AlexPinsk1
Seat 1: ZinePablo (small blind) collected ($2)
Seat 4: ddyyjj (big blind) folded before Flop
Seat 5: ImaPeppaPig (button) folded before Flop (didn't bet)



PokerStars Hand #254736708864:  Hold'em No Limit ($0.50/$1.00 USD) - 2025/02/06 18:22:16 WET [2025/02/06 13:22:16 ET]
Table 'Reticulum II' 6-max Seat #4 is the button
Seat 2: z00mba ($128.74 in chips) is sitting out
Seat 3: AlexPinsk1 ($121.17 in chips) is sitting out
Seat 1: ZinePablo ($101 in chips) 
Seat 4: ddyyjj ($106 in chips) 
ddyyjj: posts small blind $0.50
ZinePablo: posts big blind $1
*** HOLE CARDS ***
ddyyjj: raises $2 to $3
ZinePablo: folds 
Uncalled bet ($2) returned to ddyyjj
ddyyjj collected $2 from pot
ddyyjj: doesn't show hand 
*** SUMMARY ***
Total pot $2 | Rake $0 
Seat 2: z00mba
Seat 3: AlexPinsk1
Seat 1: ZinePablo (big blind) folded before Flop
Seat 4: ddyyjj (button) (small blind) collected ($2)



PokerStars Hand #254736712419:  Hold'em No Limit ($0.50/$1.00 USD) - 2025/02/06 18:22:29 WET [2025/02/06 13:22:29 ET]
Table 'Reticulum II' 6-max Seat #1 is the button
Seat 2: z00mba ($128.74 in chips) is sitting out
Seat 3: AlexPinsk1 ($121.17 in chips) is sitting out
Seat 1: ZinePablo ($100 in chips) 
Seat 4: ddyyjj ($107 in chips) 
ZinePablo: posts small blind $0.50
ddyyjj: posts big blind $1
*** HOLE CARDS ***
AlexPinsk1 leaves the table
ZinePablo: raises $2 to $3
ddyyjj: folds 
Uncalled bet ($2) returned to ZinePablo
ZinePablo collected $2 from pot
*** SUMMARY ***
Total pot $2 | Rake $0 
Seat 2: z00mba
Seat 3: AlexPinsk1
Seat 1: ZinePablo (button) (small blind) collected ($2)
Seat 4: ddyyjj (big blind) folded before Flop



PokerStars Hand #254736462309:  Hold'em No Limit ($0.50/$1.00 USD) - 2025/02/06 18:06:56 WET [2025/02/06 13:06:56 ET]
Table 'Reticulum II' 6-max Seat #5 is the button
Seat 1: Emilly695 ($90.79 in chips) 
Seat 2: z00mba ($105 in chips) 
Seat 3: AlexPinsk1 ($124.40 in chips) 
Seat 4: IREQO ($102 in chips) 
Seat 5: ImaPeppaPig ($102 in chips) 
Seat 6: ru_ruu_ru ($116.72 in chips) 
ru_ruu_ru: posts small blind $0.50
Emilly695: posts big blind $1
*** HOLE CARDS ***
z00mba: folds 
AlexPinsk1: raises $1.50 to $2.50
IREQO: folds 
ImaPeppaPig: raises $5.50 to $8
ru_ruu_ru: folds 
Emilly695: calls $7
AlexPinsk1: raises $19.50 to $27.50
ImaPeppaPig: folds 
Emilly695: folds 
Uncalled bet ($19.50) returned to AlexPinsk1
AlexPinsk1 collected $24.50 from pot
AlexPinsk1: doesn't show hand 
*** SUMMARY ***
Total pot $24.50 | Rake $0 
Seat 1: Emilly695 (big blind) folded before Flop
Seat 2: z00mba folded before Flop (didn't bet)
Seat 3: AlexPinsk1 collected ($24.50)
Seat 4: IREQO folded before Flop (didn't bet)
Seat 5: ImaPeppaPig (button) folded before Flop
Seat 6: ru_ruu_ru (small blind) folded before Flop



PokerStars Hand #254736474773:  Hold'em No Limit ($0.50/$1.00 USD) - 2025/02/06 18:07:43 WET [2025/02/06 13:07:43 ET]
Table 'Reticulum II' 6-max Seat #6 is the button
Seat 1: Emilly695 ($82.79 in chips) 
Seat 2: z00mba ($105 in chips) 
Seat 3: AlexPinsk1 ($140.90 in chips) 
Seat 4: IREQO ($102 in chips) 
Seat 5: ImaPeppaPig ($100 in chips) 
Seat 6: ru_ruu_ru ($116.22 in chips) 
Emilly695: posts small blind $0.50
z00mba: posts big blind $1
*** HOLE CARDS ***
AlexPinsk1: folds 
IREQO: folds 
ImaPeppaPig: raises $1.50 to $2.50
ru_ruu_ru: folds 
Emilly695: raises $2.50 to $5
z00mba: folds 
ImaPeppaPig: calls $2.50
*** FLOP *** [Jh 6s 3h]
Emilly695: checks 
ImaPeppaPig: bets $5.43
Emilly695: calls $5.43
*** TURN *** [Jh 6s 3h] [Kc]
Emilly695: checks 
ImaPeppaPig: bets $6.44
Emilly695: raises $7.44 to $13.88
ImaPeppaPig: folds 
Uncalled bet ($7.44) returned to Emilly695
Emilly695 collected $33 from pot
*** SUMMARY ***
Total pot $34.74 | Rake $1.74 
Board [Jh 6s 3h Kc]
Seat 1: Emilly695 (small blind) collected ($33)
Seat 2: z00mba (big blind) folded before Flop
Seat 3: AlexPinsk1 folded before Flop (didn't bet)
Seat 4: IREQO folded before Flop (didn't bet)
Seat 5: ImaPeppaPig folded on the Turn
Seat 6: ru_ruu_ru (button) folded before Flop (didn't bet)



PokerStars Hand #254736560432:  Hold'em No Limit ($0.50/$1.00 USD) - 2025/02/06 18:13:06 WET [2025/02/06 13:13:06 ET]
Table 'Reticulum II' 6-max Seat #4 is the button
Seat 1: Emilly695 ($81.04 in chips) 
Seat 2: z00mba ($127.51 in chips) 
Seat 3: AlexPinsk1 ($132.90 in chips) 
Seat 4: IREQO ($104.50 in chips) 
Seat 5: ImaPeppaPig ($100.50 in chips) 
Seat 6: ru_ruu_ru ($112.22 in chips) 
ImaPeppaPig: posts small blind $0.50
ru_ruu_ru: posts big blind $1
*** HOLE CARDS ***
Emilly695: calls $1
z00mba: raises $2.50 to $3.50
AlexPinsk1: folds 
IREQO: folds 
ImaPeppaPig: folds 
ru_ruu_ru: folds 
Emilly695: calls $2.50
*** FLOP *** [Ts 2h 5s]
Emilly695: checks 
z00mba: checks 
*** TURN *** [Ts 2h 5s] [3h]
Emilly695: checks 
z00mba: checks 
*** RIVER *** [Ts 2h 5s 3h] [Ah]
Emilly695: bets $5
z00mba: folds 
Uncalled bet ($5) returned to Emilly695
Emilly695 collected $8.08 from pot
*** SUMMARY ***
Total pot $8.50 | Rake $0.42 
Board [Ts 2h 5s 3h Ah]
Seat 1: Emilly695 collected ($8.08)
Seat 2: z00mba folded on the River
Seat 3: AlexPinsk1 folded before Flop (didn't bet)
Seat 4: IREQO (button) folded before Flop (didn't bet)
Seat 5: ImaPeppaPig (small blind) folded before Flop
Seat 6: ru_ruu_ru (big blind) folded before Flop



PokerStars Hand #254736577823:  Hold'em No Limit ($0.50/$1.00 USD) - 2025/02/06 18:14:10 WET [2025/02/06 13:14:10 ET]
Table 'Reticulum II' 6-max Seat #5 is the button
Seat 1: Emilly695 ($85.62 in chips) 
Seat 2: z00mba ($124.01 in chips) 
Seat 3: AlexPinsk1 ($132.90 in chips) 
Seat 4: IREQO ($104.50 in chips) 
Seat 5: ImaPeppaPig ($100 in chips) 
Seat 6: ru_ruu_ru ($111.22 in chips) 
ru_ruu_ru: posts small blind $0.50
Emilly695: posts big blind $1
*** HOLE CARDS ***
z00mba: folds 
AlexPinsk1: folds 
IREQO: folds 
ImaPeppaPig: raises $1.50 to $2.50
ru_ruu_ru: folds 
Emilly695: folds 
Uncalled bet ($1.50) returned to ImaPeppaPig
ImaPeppaPig collected $2.50 from pot
ImaPeppaPig: doesn't show hand 
*** SUMMARY ***
Total pot $2.50 | Rake $0 
Seat 1: Emilly695 (big blind) folded before Flop
Seat 2: z00mba folded before Flop (didn't bet)
Seat 3: AlexPinsk1 folded before Flop (didn't bet)
Seat 4: IREQO folded before Flop (didn't bet)
Seat 5: ImaPeppaPig (button) collected ($2.50)
Seat 6: ru_ruu_ru (small blind) folded before Flop



PokerStars Hand #254736582940:  Hold'em No Limit ($0.50/$1.00 USD) - 2025/02/06 18:14:29 WET [2025/02/06 13:14:29 ET]
Table 'Reticulum II' 6-max Seat #6 is the button
Seat 1: Emilly695 ($84.62 in chips) 
Seat 2: z00mba ($124.01 in chips) 
Seat 3: AlexPinsk1 ($132.90 in chips) 
Seat 4: IREQO ($104.50 in chips) 
Seat 5: ImaPeppaPig ($101.50 in chips) 
Seat 6: ru_ruu_ru ($110.72 in chips) 
Emilly695: posts small blind $0.50
z00mba: posts big blind $1
*** HOLE CARDS ***
AlexPinsk1: folds 
IREQO: folds 
ImaPeppaPig: raises $1.50 to $2.50
ru_ruu_ru: raises $5 to $7.50
Emilly695: folds 
z00mba: folds 
ImaPeppaPig: folds 
Uncalled bet ($5) returned to ru_ruu_ru
ru_ruu_ru collected $6.50 from pot
ru_ruu_ru: doesn't show hand 
*** SUMMARY ***
Total pot $6.50 | Rake $0 
Seat 1: Emilly695 (small blind) folded before Flop
Seat 2: z00mba (big blind) folded before Flop
Seat 3: AlexPinsk1 folded before Flop (didn't bet)
Seat 4: IREQO folded before Flop (didn't bet)
Seat 5: ImaPeppaPig folded before Flop
Seat 6: ru_ruu_ru (button) collected ($6.50)



PokerStars Hand #254736588594:  Hold'em No Limit ($0.50/$1.00 USD) - 2025/02/06 18:14:50 WET [2025/02/06 13:14:50 ET]
Table 'Reticulum II' 6-max Seat #1 is the button
Seat 1: Emilly695 ($84.12 in chips) 
Seat 2: z00mba ($123.01 in chips) 
Seat 3: AlexPinsk1 ($132.90 in chips) 
Seat 4: IREQO ($104.50 in chips) 
Seat 5: ImaPeppaPig ($100 in chips) 
Seat 6: ru_ruu_ru ($114.72 in chips) 
z00mba: posts small blind $0.50
AlexPinsk1: posts big blind $1
*** HOLE CARDS ***
IREQO: folds 
ImaPeppaPig: raises $1.50 to $2.50
ru_ruu_ru: folds 
Emilly695: folds 
z00mba: folds 
AlexPinsk1: folds 
Uncalled bet ($1.50) returned to ImaPeppaPig
ImaPeppaPig collected $2.50 from pot
ImaPeppaPig: doesn't show hand 
*** SUMMARY ***
Total pot $2.50 | Rake $0 
Seat 1: Emilly695 (button) folded before Flop (didn't bet)
Seat 2: z00mba (small blind) folded before Flop
Seat 3: AlexPinsk1 (big blind) folded before Flop
Seat 4: IREQO folded before Flop (didn't bet)
Seat 5: ImaPeppaPig collected ($2.50)
Seat 6: ru_ruu_ru folded before Flop (didn't bet)



PokerStars Hand #254736592484:  Hold'em No Limit ($0.50/$1.00 USD) - 2025/02/06 18:15:05 WET [2025/02/06 13:15:05 ET]
Table 'Reticulum II' 6-max Seat #2 is the button
Seat 1: Emilly695 ($84.12 in chips) 
Seat 2: z00mba ($122.51 in chips) 
Seat 3: AlexPinsk1 ($131.90 in chips) 
Seat 4: IREQO ($104.50 in chips) 
Seat 5: ImaPeppaPig ($101.50 in chips) 
Seat 6: ru_ruu_ru ($114.72 in chips) 
AlexPinsk1: posts small blind $0.50
IREQO: posts big blind $1
*** HOLE CARDS ***
ImaPeppaPig: raises $1.50 to $2.50
ru_ruu_ru: folds 
Emilly695: raises $2.50 to $5
z00mba: folds 
AlexPinsk1: folds 
IREQO: folds 
ImaPeppaPig: calls $2.50
*** FLOP *** [8c 5c Ah]
ImaPeppaPig: checks 
Emilly695: checks 
*** TURN *** [8c 5c Ah] [8s]
ImaPeppaPig: checks 
Emilly695: bets $2
ImaPeppaPig: calls $2
*** RIVER *** [8c 5c Ah 8s] [7h]
ImaPeppaPig: checks 
Emilly695: bets $7
ImaPeppaPig: calls $7
*** SHOW DOWN ***
Emilly695: shows [Ad 7s] (two pair, Aces and Eights)
ImaPeppaPig: shows [Jd Ac] (two pair, Aces and Eights - Jack kicker)
ImaPeppaPig collected $28.02 from pot
*** SUMMARY ***
Total pot $29.50 | Rake $1.48 
Board [8c 5c Ah 8s 7h]
Seat 1: Emilly695 showed [Ad 7s] and lost with two pair, Aces and Eights
Seat 2: z00mba (button) folded before Flop (didn't bet)
Seat 3: AlexPinsk1 (small blind) folded before Flop
Seat 4: IREQO (big blind) folded before Flop
Seat 5: ImaPeppaPig showed [Jd Ac] and won ($28.02) with two pair, Aces and Eights
Seat 6: ru_ruu_ru folded before Flop (didn't bet)



PokerStars Hand #254736601571:  Hold'em No Limit ($0.50/$1.00 USD) - 2025/02/06 18:15:39 WET [2025/02/06 13:15:39 ET]
Table 'Reticulum II' 6-max Seat #3 is the button
Seat 1: Emilly695 ($70.12 in chips) 
Seat 2: z00mba ($122.51 in chips) 
Seat 3: AlexPinsk1 ($131.40 in chips) 
Seat 4: IREQO ($103.50 in chips) 
Seat 5: ImaPeppaPig ($115.52 in chips) 
Seat 6: ru_ruu_ru ($114.72 in chips) 
IREQO: posts small blind $0.50
ImaPeppaPig: posts big blind $1
*** HOLE CARDS ***
ru_ruu_ru has timed out
ru_ruu_ru: folds 
Emilly695: calls $1
z00mba: folds 
AlexPinsk1: folds 
IREQO: calls $0.50
ImaPeppaPig: checks 
*** FLOP *** [Jd 9h 2h]
IREQO: checks 
ImaPeppaPig: checks 
Emilly695: checks 
*** TURN *** [Jd 9h 2h] [9c]
IREQO: checks 
ImaPeppaPig: checks 
Emilly695: checks 
*** RIVER *** [Jd 9h 2h 9c] [8s]
IREQO: checks 
ImaPeppaPig: checks 
Emilly695: checks 
*** SHOW DOWN ***
IREQO: shows [Ad 7d] (a pair of Nines)
ImaPeppaPig: mucks hand 
Emilly695: shows [Td 2d] (two pair, Nines and Deuces)
Emilly695 collected $2.85 from pot
*** SUMMARY ***
Total pot $3 | Rake $0.15 
Board [Jd 9h 2h 9c 8s]
Seat 1: Emilly695 showed [Td 2d] and won ($2.85) with two pair, Nines and Deuces
Seat 2: z00mba folded before Flop (didn't bet)
Seat 3: AlexPinsk1 (button) folded before Flop (didn't bet)
Seat 4: IREQO (small blind) showed [Ad 7d] and lost with a pair of Nines
Seat 5: ImaPeppaPig (big blind) mucked
Seat 6: ru_ruu_ru folded before Flop (didn't bet)



PokerStars Hand #254736617678:  Hold'em No Limit ($0.50/$1.00 USD) - 2025/02/06 18:16:39 WET [2025/02/06 13:16:39 ET]
Table 'Reticulum II' 6-max Seat #4 is the button
Seat 1: Emilly695 ($71.97 in chips) 
Seat 2: z00mba ($122.51 in chips) 
Seat 3: AlexPinsk1 ($131.40 in chips) 
Seat 4: IREQO ($102.50 in chips) 
Seat 5: ImaPeppaPig ($114.52 in chips) 
Seat 6: ru_ruu_ru ($114.72 in chips) 
ImaPeppaPig: posts small blind $0.50
ru_ruu_ru: posts big blind $1
*** HOLE CARDS ***
Emilly695: folds 
z00mba: raises $1.50 to $2.50
AlexPinsk1: folds 
IREQO: raises $4.87 to $7.37
ImaPeppaPig: folds 
ru_ruu_ru: folds 
z00mba: folds 
Uncalled bet ($4.87) returned to IREQO
IREQO collected $6.50 from pot
IREQO: doesn't show hand 
*** SUMMARY ***
Total pot $6.50 | Rake $0 
Seat 1: Emilly695 folded before Flop (didn't bet)
Seat 2: z00mba folded before Flop
Seat 3: AlexPinsk1 folded before Flop (didn't bet)
Seat 4: IREQO (button) collected ($6.50)
Seat 5: ImaPeppaPig (small blind) folded before Flop
Seat 6: ru_ruu_ru (big blind) folded before Flop



PokerStars Hand #254736628609:  Hold'em No Limit ($0.50/$1.00 USD) - 2025/02/06 18:17:20 WET [2025/02/06 13:17:20 ET]
Table 'Reticulum II' 6-max Seat #5 is the button
Seat 1: Emilly695 ($71.97 in chips) 
Seat 2: z00mba ($120.01 in chips) 
Seat 3: AlexPinsk1 ($131.40 in chips) 
Seat 4: IREQO ($106.50 in chips) 
Seat 5: ImaPeppaPig ($114.02 in chips) 
Seat 6: ru_ruu_ru ($113.72 in chips) 
ru_ruu_ru: posts small blind $0.50
Emilly695: posts big blind $1
*** HOLE CARDS ***
z00mba: folds 
AlexPinsk1: folds 
IREQO: folds 
ImaPeppaPig: raises $1.50 to $2.50
ru_ruu_ru: calls $2
Emilly695: calls $1.50
*** FLOP *** [6d 9h Kh]
ru_ruu_ru: checks 
Emilly695: bets $3
ImaPeppaPig: folds 
ru_ruu_ru: raises $12 to $15
Emilly695: calls $12
*** TURN *** [6d 9h Kh] [2d]
ru_ruu_ru: bets $96.22 and is all-in
Emilly695: calls $54.47 and is all-in
Uncalled bet ($41.75) returned to ru_ruu_ru
*** RIVER *** [6d 9h Kh 2d] [5c]
*** SHOW DOWN ***
ru_ruu_ru: shows [7h 8h] (a straight, Five to Nine)
Emilly695: shows [Ks 4s] (a pair of Kings)
ru_ruu_ru collected $143.94 from pot
*** SUMMARY ***
Total pot $146.44 | Rake $2.50 
Board [6d 9h Kh 2d 5c]
Seat 1: Emilly695 (big blind) showed [Ks 4s] and lost with a pair of Kings
Seat 2: z00mba folded before Flop (didn't bet)
Seat 3: AlexPinsk1 folded before Flop (didn't bet)
Seat 4: IREQO folded before Flop (didn't bet)
Seat 5: ImaPeppaPig (button) folded on the Flop
Seat 6: ru_ruu_ru (small blind) showed [7h 8h] and won ($143.94) with a straight, Five to Nine



PokerStars Hand #254736645352:  Hold'em No Limit ($0.50/$1.00 USD) - 2025/02/06 18:18:22 WET [2025/02/06 13:18:22 ET]
Table 'Reticulum II' 6-max Seat #6 is the button
Seat 1: Emilly695 ($0 in chips) is sitting out
Seat 2: z00mba ($120.01 in chips) 
Seat 3: AlexPinsk1 ($131.40 in chips) 
Seat 4: IREQO ($106.50 in chips) 
Seat 5: ImaPeppaPig ($111.52 in chips) 
Seat 6: ru_ruu_ru ($185.69 in chips) 
z00mba: posts small blind $0.50
AlexPinsk1: posts big blind $1
*** HOLE CARDS ***
IREQO: folds 
ImaPeppaPig: folds 
Emilly695 leaves the table
ru_ruu_ru: raises $1.50 to $2.50
z00mba: folds 
AlexPinsk1: raises $9.50 to $12
ru_ruu_ru: folds 
Uncalled bet ($9.50) returned to AlexPinsk1
AlexPinsk1 collected $5.50 from pot
AlexPinsk1: doesn't show hand 
*** SUMMARY ***
Total pot $5.50 | Rake $0 
Seat 1: Emilly695
Seat 2: z00mba (small blind) folded before Flop
Seat 3: AlexPinsk1 (big blind) collected ($5.50)
Seat 4: IREQO folded before Flop (didn't bet)
Seat 5: ImaPeppaPig folded before Flop (didn't bet)
Seat 6: ru_ruu_ru (button) folded before Flop



PokerStars Hand #254736656155:  Hold'em No Limit ($0.50/$1.00 USD) - 2025/02/06 18:19:02 WET [2025/02/06 13:19:02 ET]
Table 'Reticulum II' 6-max Seat #2 is the button
Seat 4: IREQO ($106.50 in chips) is sitting out
Seat 2: z00mba ($119.51 in chips) 
Seat 3: AlexPinsk1 ($134.40 in chips) 
Seat 5: ImaPeppaPig ($111.52 in chips) 
Seat 6: ru_ruu_ru ($183.19 in chips) 
AlexPinsk1: posts small blind $0.50
IREQO: is sitting out 
ImaPeppaPig: posts big blind $1
*** HOLE CARDS ***
ru_ruu_ru: raises $1.50 to $2.50
z00mba: folds 
AlexPinsk1: folds 
IREQO leaves the table
ImaPeppaPig: folds 
Uncalled bet ($1.50) returned to ru_ruu_ru
ru_ruu_ru collected $2.50 from pot
ru_ruu_ru: doesn't show hand 
*** SUMMARY ***
Total pot $2.50 | Rake $0 
Seat 4: IREQO
Seat 2: z00mba (button) folded before Flop (didn't bet)
Seat 3: AlexPinsk1 (small blind) folded before Flop
Seat 5: ImaPeppaPig (big blind) folded before Flop
Seat 6: ru_ruu_ru collected ($2.50)



PokerStars Hand #254736659524:  Hold'em No Limit ($0.50/$1.00 USD) - 2025/02/06 18:19:15 WET [2025/02/06 13:19:15 ET]
Table 'Reticulum II' 6-max Seat #3 is the button
Seat 6: ru_ruu_ru ($184.69 in chips) is sitting out
Seat 2: z00mba ($119.51 in chips) 
Seat 3: AlexPinsk1 ($133.90 in chips) 
Seat 5: ImaPeppaPig ($110.52 in chips) 
ImaPeppaPig: posts small blind $0.50
ru_ruu_ru: is sitting out 
z00mba: posts big blind $1
*** HOLE CARDS ***
AlexPinsk1: raises $1.50 to $2.50
ImaPeppaPig: folds 
ddyyjj joins the table at seat #4 
z00mba: calls $1.50
*** FLOP *** [9s Ks 7h]
z00mba: checks 
ZinePablo joins the table at seat #1 
ru_ruu_ru leaves the table
AlexPinsk1: checks 
*** TURN *** [9s Ks 7h] [Th]
z00mba: bets $2.56
AlexPinsk1: calls $2.56
*** RIVER *** [9s Ks 7h Th] [4d]
z00mba: bets $7.67
AlexPinsk1: calls $7.67
*** SHOW DOWN ***
z00mba: shows [Kh 9h] (two pair, Kings and Nines)
AlexPinsk1: mucks hand 
z00mba collected $24.96 from pot
*** SUMMARY ***
Total pot $25.96 | Rake $1 
Board [9s Ks 7h Th 4d]
Seat 6: ru_ruu_ru
Seat 2: z00mba (big blind) showed [Kh 9h] and won ($24.96) with two pair, Kings and Nines
Seat 3: AlexPinsk1 (button) mucked
Seat 5: ImaPeppaPig (small blind) folded before Flop



PokerStars Hand #254736676071:  Hold'em No Limit ($0.50/$1.00 USD) - 2025/02/06 18:20:16 WET [2025/02/06 13:20:16 ET]
Table 'Reticulum II' 6-max Seat #5 is the button
Seat 1: ZinePablo ($100 in chips) is sitting out
Seat 3: AlexPinsk1 ($121.17 in chips) is sitting out
Seat 2: z00mba ($131.74 in chips) 
Seat 4: ddyyjj ($100 in chips) 
Seat 5: ImaPeppaPig ($110.02 in chips) 
z00mba: posts small blind $0.50
AlexPinsk1: is sitting out 
ddyyjj: posts big blind $1
*** HOLE CARDS ***
ImaPeppaPig: folds 
z00mba: folds 
Uncalled bet ($0.50) returned to ddyyjj
ddyyjj collected $1 from pot
ddyyjj: doesn't show hand 
*** SUMMARY ***
Total pot $1 | Rake $0 
Seat 1: ZinePablo
Seat 3: AlexPinsk1
Seat 2: z00mba (small blind) folded before Flop
Seat 4: ddyyjj (big blind) collected ($1)
Seat 5: ImaPeppaPig (button) folded before Flop (didn't bet)



PokerStars Hand #254736678016:  Hold'em No Limit ($0.50/$1.00 USD) - 2025/02/06 18:20:23 WET [2025/02/06 13:20:23 ET]
Table 'Reticulum II' 6-max Seat #2 is the button
Seat 1: ZinePablo ($100 in chips) is sitting out
Seat 3: AlexPinsk1 ($121.17 in chips) is sitting out
Seat 2: z00mba ($131.24 in chips) 
Seat 4: ddyyjj ($100.50 in chips) 
Seat 5: ImaPeppaPig ($110.02 in chips) 
ddyyjj: posts small blind $0.50
ImaPeppaPig: posts big blind $1
ZinePablo: sits out 
*** HOLE CARDS ***
z00mba: raises $1.50 to $2.50
ddyyjj: folds 
ImaPeppaPig: raises $10.50 to $13
z00mba: folds 
Uncalled bet ($10.50) returned to ImaPeppaPig
ImaPeppaPig collected $5.50 from pot
ImaPeppaPig: doesn't show hand 
*** SUMMARY ***
Total pot $5.50 | Rake $0 
Seat 1: ZinePablo
Seat 3: AlexPinsk1
Seat 2: z00mba (button) folded before Flop
Seat 4: ddyyjj (small blind) folded before Flop
Seat 5: ImaPeppaPig (big blind) collected ($5.50)



PokerStars Hand #254736683739:  Hold'em No Limit ($0.50/$1.00 USD) - 2025/02/06 18:20:44 WET [2025/02/06 13:20:44 ET]
Table 'Reticulum II' 6-max Seat #4 is the button
Seat 3: AlexPinsk1 ($121.17 in chips) is sitting out
Seat 1: ZinePablo ($100 in chips) 
Seat 2: z00mba ($128.74 in chips) 
Seat 4: ddyyjj ($100 in chips) 
Seat 5: ImaPeppaPig ($113.02 in chips) 
ImaPeppaPig: posts small blind $0.50
ZinePablo: posts big blind $1
*** HOLE CARDS ***
z00mba: folds 
ddyyjj: raises $1.50 to $2.50
ImaPeppaPig: folds 
ZinePablo: folds 
Uncalled bet ($1.50) returned to ddyyjj
ddyyjj collected $2.50 from pot
ddyyjj: doesn't show hand 
*** SUMMARY ***
Total pot $2.50 | Rake $0 
Seat 3: AlexPinsk1
Seat 1: ZinePablo (big blind) folded before Flop
Seat 2: z00mba folded before Flop (didn't bet)
Seat 4: ddyyjj (button) collected ($2.50)
Seat 5: ImaPeppaPig (small blind) folded before Flop



