PokerStars Hand #254741729959:  Hold'em No Limit ($0.50/$1.00 USD) - 2025/02/06 23:18:59 WET [2025/02/06 18:18:59 ET]
Table 'Andromeda II' 6-max Seat #1 is the button
Seat 3: easy_sarcasm ($100 in chips) is sitting out
Seat 1: laloo246 ($119.72 in chips) 
Seat 2: Xenicide ($105.10 in chips) 
Seat 4: BGS013 ($100 in chips) 
Seat 5: Allingo 10.78 ($22.49 in chips) 
Seat 6: z00mba ($145.69 in chips) 
Xenicide: posts small blind $0.50
easy_sarcasm: is sitting out 
BGS013: posts big blind $1
*** HOLE CARDS ***
Allingo 10.78: raises $21.49 to $22.49 and is all-in
easy_sarcasm leaves the table
z00mba: calls $22.49
laloo246: folds 
Xenicide: folds 
tintin641 joins the table at seat #3 
BGS013: folds 
*** FLOP *** [4s 2h Qd]
*** TURN *** [4s 2h Qd] [5d]
*** RIVER *** [4s 2h Qd 5d] [Ts]
*** SHOW DOWN ***
Allingo 10.78: shows [4d 4h] (three of a kind, Fours)
z00mba: shows [Ah As] (a pair of Aces)
Allingo 10.78 cashed out the hand for $8.09 | Cash Out Fee $0.16
*** SUMMARY ***
Total pot $46.48 | Rake $2.32 
Board [4s 2h Qd 5d Ts]
Seat 3: easy_sarcasm
Seat 1: laloo246 (button) folded before Flop (didn't bet)
Seat 2: Xenicide (small blind) folded before Flop
Seat 4: BGS013 (big blind) folded before Flop
Seat 5: Allingo 10.78 showed [4d 4h] and won ($44.16) with three of a kind, Fours (pot not awarded as player cashed out)
Seat 6: z00mba showed [Ah As] and lost with a pair of Aces



PokerStars Hand #254741737663:  Hold'em No Limit ($0.50/$1.00 USD) - 2025/02/06 23:19:30 WET [2025/02/06 18:19:30 ET]
Table 'Andromeda II' 6-max Seat #2 is the button
Seat 3: tintin641 ($100 in chips) is sitting out
Seat 1: laloo246 ($119.72 in chips) 
Seat 2: Xenicide ($104.60 in chips) 
Seat 4: BGS013 ($100 in chips) 
Seat 5: Allingo 10.78 ($8.09 in chips) 
Seat 6: z00mba ($123.20 in chips) 
BGS013: posts small blind $0.50
Allingo 10.78: posts big blind $1
*** HOLE CARDS ***
z00mba: raises $1.50 to $2.50
laloo246: folds 
Xenicide: folds 
BGS013: folds 
Allingo 10.78: folds 
Uncalled bet ($1.50) returned to z00mba
z00mba collected $2.50 from pot
z00mba: doesn't show hand 
*** SUMMARY ***
Total pot $2.50 | Rake $0 
Seat 3: tintin641
Seat 1: laloo246 folded before Flop (didn't bet)
Seat 2: Xenicide (button) folded before Flop (didn't bet)
Seat 4: BGS013 (small blind) folded before Flop
Seat 5: Allingo 10.78 (big blind) folded before Flop
Seat 6: z00mba collected ($2.50)



PokerStars Hand #254741740245:  Hold'em No Limit ($0.50/$1.00 USD) - 2025/02/06 23:19:40 WET [2025/02/06 18:19:40 ET]
Table 'Andromeda II' 6-max Seat #4 is the button
Seat 3: tintin641 ($100 in chips) is sitting out
Seat 1: laloo246 ($119.72 in chips) 
Seat 2: Xenicide ($104.60 in chips) 
Seat 4: BGS013 ($100 in chips) 
Seat 5: Allingo 10.78 ($7.09 in chips) 
Seat 6: z00mba ($124.70 in chips) 
Allingo 10.78: posts small blind $0.50
z00mba: posts big blind $1
tintin641: sits out 
*** HOLE CARDS ***
laloo246: raises $1.20 to $2.20
Xenicide: folds 
BGS013: raises $5.80 to $8
Allingo 10.78: calls $6.59 and is all-in
z00mba: folds 
laloo246: raises $16 to $24
BGS013: folds 
Uncalled bet ($16) returned to laloo246
*** FLOP *** [Ks 2c 5c]
*** TURN *** [Ks 2c 5c] [2s]
*** RIVER *** [Ks 2c 5c 2s] [5s]
*** SHOW DOWN ***
laloo246: shows [Td Kd] (two pair, Kings and Fives)
laloo246 collected $1.73 from side pot
Allingo 10.78: shows [9h 8h] (two pair, Fives and Deuces)
laloo246 collected $21.16 from main pot
*** SUMMARY ***
Total pot $24.09 Main pot $21.16. Side pot $1.73. | Rake $1.20 
Board [Ks 2c 5c 2s 5s]
Seat 3: tintin641
Seat 1: laloo246 showed [Td Kd] and won ($22.89) with two pair, Kings and Fives
Seat 2: Xenicide folded before Flop (didn't bet)
Seat 4: BGS013 (button) folded before Flop
Seat 5: Allingo 10.78 (small blind) showed [9h 8h] and lost with two pair, Fives and Deuces
Seat 6: z00mba (big blind) folded before Flop



PokerStars Hand #254741754742:  Hold'em No Limit ($0.50/$1.00 USD) - 2025/02/06 23:20:37 WET [2025/02/06 18:20:37 ET]
Table 'Andromeda II' 6-max Seat #6 is the button
Seat 3: tintin641 ($100 in chips) is sitting out
Seat 5: Allingo 10.78 ($0 in chips) is sitting out
Seat 1: laloo246 ($134.61 in chips) 
Seat 2: Xenicide ($104.60 in chips) 
Seat 4: BGS013 ($100 in chips) 
Seat 6: z00mba ($123.70 in chips) 
laloo246: posts small blind $0.50
Xenicide: posts big blind $1
tintin641: sits out 
*** HOLE CARDS ***
BGS013: folds 
z00mba: folds 
laloo246: folds 
Uncalled bet ($0.50) returned to Xenicide
Xenicide collected $1 from pot
*** SUMMARY ***
Total pot $1 | Rake $0 
Seat 3: tintin641
Seat 5: Allingo 10.78
Seat 1: laloo246 (small blind) folded before Flop
Seat 2: Xenicide (big blind) collected ($1)
Seat 4: BGS013 folded before Flop (didn't bet)
Seat 6: z00mba (button) folded before Flop (didn't bet)



PokerStars Hand #254741758218:  Hold'em No Limit ($0.50/$1.00 USD) - 2025/02/06 23:20:51 WET [2025/02/06 18:20:51 ET]
Table 'Andromeda II' 6-max Seat #1 is the button
Seat 5: Allingo 10.78 ($0 in chips) is sitting out
Seat 1: laloo246 ($134.11 in chips) 
Seat 2: Xenicide ($105.10 in chips) 
Seat 3: tintin641 ($100 in chips) 
Seat 4: BGS013 ($100 in chips) 
Seat 6: z00mba ($123.70 in chips) 
Xenicide: posts small blind $0.50
tintin641: posts big blind $1
*** HOLE CARDS ***
BGS013: folds 
z00mba: folds 
laloo246: folds 
Xenicide: folds 
Uncalled bet ($0.50) returned to tintin641
Allingo 10.78 leaves the table
tintin641 collected $1 from pot
tintin641: doesn't show hand 
*** SUMMARY ***
Total pot $1 | Rake $0 
Seat 5: Allingo 10.78
Seat 1: laloo246 (button) folded before Flop (didn't bet)
Seat 2: Xenicide (small blind) folded before Flop
Seat 3: tintin641 (big blind) collected ($1)
Seat 4: BGS013 folded before Flop (didn't bet)
Seat 6: z00mba folded before Flop (didn't bet)



PokerStars Hand #254741760695:  Hold'em No Limit ($0.50/$1.00 USD) - 2025/02/06 23:21:00 WET [2025/02/06 18:21:00 ET]
Table 'Andromeda II' 6-max Seat #2 is the button
Seat 1: laloo246 ($134.11 in chips) 
Seat 2: Xenicide ($104.60 in chips) 
Seat 3: tintin641 ($100.50 in chips) 
Seat 4: BGS013 ($100 in chips) 
Seat 6: z00mba ($123.70 in chips) 
tintin641: posts small blind $0.50
BGS013: posts big blind $1
*** HOLE CARDS ***
z00mba: folds 
laloo246: folds 
Xenicide: raises $1.25 to $2.25
tintin641: folds 
BGS013: calls $1.25
*** FLOP *** [6d 4c 2h]
BGS013: checks 
Xenicide: checks 
*** TURN *** [6d 4c 2h] [7d]
BGS013: bets $1.24
Xenicide: calls $1.24
*** RIVER *** [6d 4c 2h 7d] [8s]
BGS013: checks 
Xenicide: checks 
*** SHOW DOWN ***
BGS013: shows [3h 3c] (a pair of Threes)
Xenicide: mucks hand 
BGS013 collected $7.11 from pot
*** SUMMARY ***
Total pot $7.48 | Rake $0.37 
Board [6d 4c 2h 7d 8s]
Seat 1: laloo246 folded before Flop (didn't bet)
Seat 2: Xenicide (button) mucked
Seat 3: tintin641 (small blind) folded before Flop
Seat 4: BGS013 (big blind) showed [3h 3c] and won ($7.11) with a pair of Threes
Seat 6: z00mba folded before Flop (didn't bet)



PokerStars Hand #254741782016:  Hold'em No Limit ($0.50/$1.00 USD) - 2025/02/06 23:22:23 WET [2025/02/06 18:22:23 ET]
Table 'Andromeda II' 6-max Seat #3 is the button
Seat 1: laloo246 ($134.11 in chips) is sitting out
Seat 6: z00mba ($123.70 in chips) is sitting out
Seat 2: Xenicide ($101.11 in chips) 
Seat 3: tintin641 ($100 in chips) 
Seat 4: BGS013 ($103.62 in chips) 
BGS013: posts small blind $0.50
z00mba: is sitting out 
laloo246: is sitting out 
Xenicide: posts big blind $1
*** HOLE CARDS ***
tintin641: folds 
BGS013: raises $2 to $3
Xenicide: folds 
Uncalled bet ($2) returned to BGS013
laloo246 leaves the table
BGS013 collected $2 from pot
BGS013: doesn't show hand 
*** SUMMARY ***
Total pot $2 | Rake $0 
Seat 1: laloo246
Seat 6: z00mba
Seat 2: Xenicide (big blind) folded before Flop
Seat 3: tintin641 (button) folded before Flop (didn't bet)
Seat 4: BGS013 (small blind) collected ($2)



PokerStars Hand #254741784890:  Hold'em No Limit ($0.50/$1.00 USD) - 2025/02/06 23:22:35 WET [2025/02/06 18:22:35 ET]
Table 'Andromeda II' 6-max Seat #4 is the button
Seat 6: z00mba ($123.70 in chips) is sitting out
Seat 2: Xenicide ($100.11 in chips) 
Seat 3: tintin641 ($100 in chips) 
Seat 4: BGS013 ($104.62 in chips) 
Xenicide: posts small blind $0.50
tintin641: posts big blind $1
*** HOLE CARDS ***
BGS013: folds 
Xenicide: folds 
Uncalled bet ($0.50) returned to tintin641
tintin641 collected $1 from pot
tintin641: doesn't show hand 
nastja336 joins the table at seat #5 
ShedneckRean joins the table at seat #1 
*** SUMMARY ***
Total pot $1 | Rake $0 
Seat 6: z00mba
Seat 2: Xenicide (small blind) folded before Flop
Seat 3: tintin641 (big blind) collected ($1)
Seat 4: BGS013 (button) folded before Flop (didn't bet)



PokerStars Hand #254741788668:  Hold'em No Limit ($0.50/$1.00 USD) - 2025/02/06 23:22:49 WET [2025/02/06 18:22:49 ET]
Table 'Andromeda II' 6-max Seat #2 is the button
Seat 1: ShedneckRean ($100 in chips) is sitting out
Seat 5: nastja336 ($100 in chips) is sitting out
Seat 6: z00mba ($123.70 in chips) is sitting out
Seat 2: Xenicide ($100 in chips) 
Seat 3: tintin641 ($100.50 in chips) 
Seat 4: BGS013 ($104.62 in chips) 
tintin641: posts small blind $0.50
BGS013: posts big blind $1
nastja336: sits out 
ShedneckRean: sits out 
*** HOLE CARDS ***
Xenicide: folds 
tintin641: folds 
Uncalled bet ($0.50) returned to BGS013
BGS013 collected $1 from pot
BGS013: doesn't show hand 
*** SUMMARY ***
Total pot $1 | Rake $0 
Seat 1: ShedneckRean
Seat 5: nastja336
Seat 6: z00mba
Seat 2: Xenicide (button) folded before Flop (didn't bet)
Seat 3: tintin641 (small blind) folded before Flop
Seat 4: BGS013 (big blind) collected ($1)



PokerStars Hand #254741792962:  Hold'em No Limit ($0.50/$1.00 USD) - 2025/02/06 23:23:07 WET [2025/02/06 18:23:07 ET]
Table 'Andromeda II' 6-max Seat #3 is the button
Seat 6: z00mba ($123.70 in chips) is sitting out
Seat 1: ShedneckRean ($100 in chips) 
Seat 2: Xenicide ($100 in chips) 
Seat 3: tintin641 ($100 in chips) 
Seat 4: BGS013 ($105.12 in chips) 
Seat 5: nastja336 ($100 in chips) 
BGS013: posts small blind $0.50
nastja336: posts big blind $1
ShedneckRean: posts big blind $1
*** HOLE CARDS ***
ShedneckRean: checks 
Xenicide: folds 
tintin641: raises $3 to $4
BGS013: folds 
z00mba leaves the table
nastja336: folds 
ShedneckRean: calls $3
*** FLOP *** [Kd 4s 7s]
YeeesMan joins the table at seat #6 
ShedneckRean: checks 
tintin641: bets $2.98
ShedneckRean: folds 
Uncalled bet ($2.98) returned to tintin641
tintin641 collected $9.02 from pot
tintin641: doesn't show hand 
*** SUMMARY ***
Total pot $9.50 | Rake $0.48 
Board [Kd 4s 7s]
Seat 6: z00mba
Seat 1: ShedneckRean folded on the Flop
Seat 2: Xenicide folded before Flop (didn't bet)
Seat 3: tintin641 (button) collected ($9.02)
Seat 4: BGS013 (small blind) folded before Flop
Seat 5: nastja336 (big blind) folded before Flop



PokerStars Hand #254741804284:  Hold'em No Limit ($0.50/$1.00 USD) - 2025/02/06 23:23:51 WET [2025/02/06 18:23:51 ET]
Table 'Andromeda II' 6-max Seat #4 is the button
Seat 1: ShedneckRean ($96 in chips) 
Seat 2: Xenicide ($100 in chips) 
Seat 3: tintin641 ($105.02 in chips) 
Seat 4: BGS013 ($104.62 in chips) 
Seat 5: nastja336 ($100 in chips) 
Seat 6: YeeesMan ($100 in chips) 
nastja336: posts small blind $0.50
YeeesMan: posts big blind $1
*** HOLE CARDS ***
ShedneckRean: raises $3 to $4
Xenicide: folds 
tintin641: folds 
BGS013: folds 
nastja336: folds 
YeeesMan: folds 
Uncalled bet ($3) returned to ShedneckRean
ShedneckRean collected $2.50 from pot
ShedneckRean: doesn't show hand 
*** SUMMARY ***
Total pot $2.50 | Rake $0 
Seat 1: ShedneckRean collected ($2.50)
Seat 2: Xenicide folded before Flop (didn't bet)
Seat 3: tintin641 folded before Flop (didn't bet)
Seat 4: BGS013 (button) folded before Flop (didn't bet)
Seat 5: nastja336 (small blind) folded before Flop
Seat 6: YeeesMan (big blind) folded before Flop



PokerStars Hand #254741809998:  Hold'em No Limit ($0.50/$1.00 USD) - 2025/02/06 23:24:13 WET [2025/02/06 18:24:13 ET]
Table 'Andromeda II' 6-max Seat #5 is the button
Seat 1: ShedneckRean ($97.50 in chips) 
Seat 2: Xenicide ($100 in chips) 
Seat 3: tintin641 ($105.02 in chips) 
Seat 4: BGS013 ($104.62 in chips) 
Seat 5: nastja336 ($100 in chips) 
Seat 6: YeeesMan ($100 in chips) 
YeeesMan: posts small blind $0.50
ShedneckRean: posts big blind $1
*** HOLE CARDS ***
Xenicide: raises $1 to $2
tintin641: folds 
BGS013: raises $5 to $7
nastja336: folds 
YeeesMan: folds 
ShedneckRean: calls $6
Xenicide: calls $5
*** FLOP *** [3s 6d 5d]
ShedneckRean: bets $10
Xenicide: calls $10
BGS013: folds 
*** TURN *** [3s 6d 5d] [5c]
ShedneckRean: checks 
Xenicide: bets $9.86
ShedneckRean: calls $9.86
*** RIVER *** [3s 6d 5d 5c] [Th]
ShedneckRean: checks 
Xenicide: bets $69.90
ShedneckRean: folds 
Uncalled bet ($69.90) returned to Xenicide
Xenicide collected $58.72 from pot
*** SUMMARY ***
Total pot $61.22 | Rake $2.50 
Board [3s 6d 5d 5c Th]
Seat 1: ShedneckRean (big blind) folded on the River
Seat 2: Xenicide collected ($58.72)
Seat 3: tintin641 folded before Flop (didn't bet)
Seat 4: BGS013 folded on the Flop
Seat 5: nastja336 (button) folded before Flop (didn't bet)
Seat 6: YeeesMan (small blind) folded before Flop



PokerStars Hand #254741832347:  Hold'em No Limit ($0.50/$1.00 USD) - 2025/02/06 23:25:41 WET [2025/02/06 18:25:41 ET]
Table 'Andromeda II' 6-max Seat #6 is the button
Seat 1: ShedneckRean ($70.64 in chips) 
Seat 2: Xenicide ($131.86 in chips) 
Seat 3: tintin641 ($105.02 in chips) 
Seat 4: BGS013 ($100 in chips) 
Seat 5: nastja336 ($100 in chips) 
Seat 6: YeeesMan ($100 in chips) 
ShedneckRean: posts small blind $0.50
Xenicide: posts big blind $1
*** HOLE CARDS ***
tintin641: folds 
BGS013: raises $1 to $2
nastja336: folds 
YeeesMan: folds 
ShedneckRean: calls $1.50
Xenicide: raises $11 to $13
BGS013: calls $11
ShedneckRean: calls $11
*** FLOP *** [5h 2s 6d]
ShedneckRean: bets $18.53
Xenicide: folds 
BGS013: raises $68.47 to $87 and is all-in
ShedneckRean: calls $39.11 and is all-in
Uncalled bet ($29.36) returned to BGS013
*** TURN *** [5h 2s 6d] [8c]
*** RIVER *** [5h 2s 6d 8c] [Jh]
*** SHOW DOWN ***
ShedneckRean: shows [9h 7h] (a straight, Five to Nine)
BGS013: shows [As 4s] (high card Ace)
ShedneckRean collected $151.78 from pot
*** SUMMARY ***
Total pot $154.28 | Rake $2.50 
Board [5h 2s 6d 8c Jh]
Seat 1: ShedneckRean (small blind) showed [9h 7h] and won ($151.78) with a straight, Five to Nine
Seat 2: Xenicide (big blind) folded on the Flop
Seat 3: tintin641 folded before Flop (didn't bet)
Seat 4: BGS013 showed [As 4s] and lost with high card Ace
Seat 5: nastja336 folded before Flop (didn't bet)
Seat 6: YeeesMan (button) folded before Flop (didn't bet)



PokerStars Hand #254741854955:  Hold'em No Limit ($0.50/$1.00 USD) - 2025/02/06 23:27:10 WET [2025/02/06 18:27:10 ET]
Table 'Andromeda II' 6-max Seat #1 is the button
Seat 1: ShedneckRean ($151.78 in chips) 
Seat 2: Xenicide ($118.86 in chips) 
Seat 3: tintin641 ($105.02 in chips) 
Seat 4: BGS013 ($100 in chips) 
Seat 5: nastja336 ($100 in chips) 
Seat 6: YeeesMan ($100 in chips) 
Xenicide: posts small blind $0.50
tintin641: posts big blind $1
*** HOLE CARDS ***
BGS013: folds 
nastja336: raises $1.50 to $2.50
YeeesMan: folds 
ShedneckRean: folds 
Xenicide: folds 
tintin641: calls $1.50
*** FLOP *** [Jh 5d Jc]
tintin641: checks 
nastja336: bets $1.72
tintin641: folds 
Uncalled bet ($1.72) returned to nastja336
nastja336 collected $5.22 from pot
nastja336: doesn't show hand 
*** SUMMARY ***
Total pot $5.50 | Rake $0.28 
Board [Jh 5d Jc]
Seat 1: ShedneckRean (button) folded before Flop (didn't bet)
Seat 2: Xenicide (small blind) folded before Flop
Seat 3: tintin641 (big blind) folded on the Flop
Seat 4: BGS013 folded before Flop (didn't bet)
Seat 5: nastja336 collected ($5.22)
Seat 6: YeeesMan folded before Flop (didn't bet)



PokerStars Hand #254741865775:  Hold'em No Limit ($0.50/$1.00 USD) - 2025/02/06 23:27:52 WET [2025/02/06 18:27:52 ET]
Table 'Andromeda II' 6-max Seat #2 is the button
Seat 1: ShedneckRean ($151.78 in chips) 
Seat 2: Xenicide ($118.36 in chips) 
Seat 3: tintin641 ($102.52 in chips) 
Seat 4: BGS013 ($100 in chips) 
Seat 5: nastja336 ($102.72 in chips) 
Seat 6: YeeesMan ($100 in chips) 
tintin641: posts small blind $0.50
BGS013: posts big blind $1
*** HOLE CARDS ***
nastja336: folds 
YeeesMan: folds 
ShedneckRean: raises $3 to $4
Xenicide: folds 
tintin641: folds 
BGS013: folds 
Uncalled bet ($3) returned to ShedneckRean
ShedneckRean collected $2.50 from pot
ShedneckRean: doesn't show hand 
*** SUMMARY ***
Total pot $2.50 | Rake $0 
Seat 1: ShedneckRean collected ($2.50)
Seat 2: Xenicide (button) folded before Flop (didn't bet)
Seat 3: tintin641 (small blind) folded before Flop
Seat 4: BGS013 (big blind) folded before Flop
Seat 5: nastja336 folded before Flop (didn't bet)
Seat 6: YeeesMan folded before Flop (didn't bet)



PokerStars Hand #254741870702:  Hold'em No Limit ($0.50/$1.00 USD) - 2025/02/06 23:28:11 WET [2025/02/06 18:28:11 ET]
Table 'Andromeda II' 6-max Seat #3 is the button
Seat 1: ShedneckRean ($153.28 in chips) 
Seat 2: Xenicide ($118.36 in chips) 
Seat 3: tintin641 ($102.02 in chips) 
Seat 4: BGS013 ($100 in chips) 
Seat 5: nastja336 ($102.72 in chips) 
Seat 6: YeeesMan ($100 in chips) 
BGS013: posts small blind $0.50
nastja336: posts big blind $1
*** HOLE CARDS ***
YeeesMan: folds 
ShedneckRean: folds 
Xenicide: raises $1 to $2
tintin641: folds 
BGS013: folds 
nastja336: folds 
Uncalled bet ($1) returned to Xenicide
Xenicide collected $2.50 from pot
*** SUMMARY ***
Total pot $2.50 | Rake $0 
Seat 1: ShedneckRean folded before Flop (didn't bet)
Seat 2: Xenicide collected ($2.50)
Seat 3: tintin641 (button) folded before Flop (didn't bet)
Seat 4: BGS013 (small blind) folded before Flop
Seat 5: nastja336 (big blind) folded before Flop
Seat 6: YeeesMan folded before Flop (didn't bet)



PokerStars Hand #254741876417:  Hold'em No Limit ($0.50/$1.00 USD) - 2025/02/06 23:28:34 WET [2025/02/06 18:28:34 ET]
Table 'Andromeda II' 6-max Seat #4 is the button
Seat 1: ShedneckRean ($153.28 in chips) 
Seat 2: Xenicide ($119.86 in chips) 
Seat 3: tintin641 ($102.02 in chips) 
Seat 4: BGS013 ($100 in chips) 
Seat 5: nastja336 ($101.72 in chips) 
Seat 6: YeeesMan ($100 in chips) 
nastja336: posts small blind $0.50
YeeesMan: posts big blind $1
*** HOLE CARDS ***
ShedneckRean: calls $1
Xenicide: folds 
tintin641: folds 
BGS013: folds 
nastja336: folds 
YeeesMan: raises $4 to $5
ShedneckRean: calls $4
*** FLOP *** [Qs 5c Ks]
YeeesMan: bets $3.29
ShedneckRean: calls $3.29
*** TURN *** [Qs 5c Ks] [Qh]
YeeesMan: bets $8.12
ShedneckRean: calls $8.12
*** RIVER *** [Qs 5c Ks Qh] [4d]
YeeesMan: bets $15.83
ShedneckRean: folds 
Uncalled bet ($15.83) returned to YeeesMan
YeeesMan collected $31.65 from pot
YeeesMan: doesn't show hand 
*** SUMMARY ***
Total pot $33.32 | Rake $1.67 
Board [Qs 5c Ks Qh 4d]
Seat 1: ShedneckRean folded on the River
Seat 2: Xenicide folded before Flop (didn't bet)
Seat 3: tintin641 folded before Flop (didn't bet)
Seat 4: BGS013 (button) folded before Flop (didn't bet)
Seat 5: nastja336 (small blind) folded before Flop
Seat 6: YeeesMan (big blind) collected ($31.65)



PokerStars Hand #254741888037:  Hold'em No Limit ($0.50/$1.00 USD) - 2025/02/06 23:29:20 WET [2025/02/06 18:29:20 ET]
Table 'Andromeda II' 6-max Seat #5 is the button
Seat 1: ShedneckRean ($136.87 in chips) 
Seat 2: Xenicide ($119.86 in chips) 
Seat 3: tintin641 ($102.02 in chips) 
Seat 4: BGS013 ($100 in chips) 
Seat 5: nastja336 ($101.22 in chips) 
Seat 6: YeeesMan ($115.24 in chips) 
YeeesMan: posts small blind $0.50
ShedneckRean: posts big blind $1
*** HOLE CARDS ***
Xenicide: folds 
tintin641: folds 
BGS013: folds 
nastja336: folds 
YeeesMan: raises $2 to $3
ShedneckRean: calls $2
*** FLOP *** [7h 4d 4c]
YeeesMan: bets $4.28
ShedneckRean: raises $4.28 to $8.56
YeeesMan: calls $4.28
*** TURN *** [7h 4d 4c] [9d]
YeeesMan: checks 
ShedneckRean: bets $10.98
YeeesMan: calls $10.98
*** RIVER *** [7h 4d 4c 9d] [7s]
YeeesMan: checks 
ShedneckRean: checks 
*** SHOW DOWN ***
YeeesMan: shows [7c Ah] (a full house, Sevens full of Fours)
ShedneckRean: mucks hand 
YeeesMan collected $42.83 from pot
*** SUMMARY ***
Total pot $45.08 | Rake $2.25 
Board [7h 4d 4c 9d 7s]
Seat 1: ShedneckRean (big blind) mucked
Seat 2: Xenicide folded before Flop (didn't bet)
Seat 3: tintin641 folded before Flop (didn't bet)
Seat 4: BGS013 folded before Flop (didn't bet)
Seat 5: nastja336 (button) folded before Flop (didn't bet)
Seat 6: YeeesMan (small blind) showed [7c Ah] and won ($42.83) with a full house, Sevens full of Fours



PokerStars Hand #254741900818:  Hold'em No Limit ($0.50/$1.00 USD) - 2025/02/06 23:30:10 WET [2025/02/06 18:30:10 ET]
Table 'Andromeda II' 6-max Seat #6 is the button
Seat 1: ShedneckRean ($114.33 in chips) 
Seat 2: Xenicide ($119.86 in chips) 
Seat 3: tintin641 ($102.02 in chips) 
Seat 4: BGS013 ($100 in chips) 
Seat 5: nastja336 ($101.22 in chips) 
Seat 6: YeeesMan ($135.53 in chips) 
ShedneckRean: posts small blind $0.50
Xenicide: posts big blind $1
*** HOLE CARDS ***
tintin641: folds 
BGS013: folds 
nastja336: raises $1.50 to $2.50
YeeesMan: folds 
ShedneckRean: calls $2
Xenicide: folds 
*** FLOP *** [4d 6s 9c]
ShedneckRean: bets $3
nastja336: raises $9 to $12
ShedneckRean: calls $9
*** TURN *** [4d 6s 9c] [Tc]
ShedneckRean: checks 
nastja336: bets $21.60
ShedneckRean: folds 
Uncalled bet ($21.60) returned to nastja336
nastja336 collected $28.50 from pot
nastja336: doesn't show hand 
*** SUMMARY ***
Total pot $30 | Rake $1.50 
Board [4d 6s 9c Tc]
Seat 1: ShedneckRean (small blind) folded on the Turn
Seat 2: Xenicide (big blind) folded before Flop
Seat 3: tintin641 folded before Flop (didn't bet)
Seat 4: BGS013 folded before Flop (didn't bet)
Seat 5: nastja336 collected ($28.50)
Seat 6: YeeesMan (button) folded before Flop (didn't bet)



PokerStars Hand #254741913786:  Hold'em No Limit ($0.50/$1.00 USD) - 2025/02/06 23:31:02 WET [2025/02/06 18:31:02 ET]
Table 'Andromeda II' 6-max Seat #1 is the button
Seat 1: ShedneckRean ($99.83 in chips) 
Seat 2: Xenicide ($118.86 in chips) 
Seat 3: tintin641 ($102.02 in chips) 
Seat 4: BGS013 ($100 in chips) 
Seat 5: nastja336 ($115.22 in chips) 
Seat 6: YeeesMan ($135.53 in chips) 
Xenicide: posts small blind $0.50
tintin641: posts big blind $1
*** HOLE CARDS ***
BGS013: folds 
nastja336: folds 
YeeesMan: raises $1.50 to $2.50
ShedneckRean: folds 
Xenicide: folds 
tintin641: calls $1.50
*** FLOP *** [8c 7s 6s]
tintin641: checks 
YeeesMan: checks 
*** TURN *** [8c 7s 6s] [4c]
tintin641: bets $1.72
YeeesMan: folds 
Uncalled bet ($1.72) returned to tintin641
tintin641 collected $5.22 from pot
tintin641: doesn't show hand 
*** SUMMARY ***
Total pot $5.50 | Rake $0.28 
Board [8c 7s 6s 4c]
Seat 1: ShedneckRean (button) folded before Flop (didn't bet)
Seat 2: Xenicide (small blind) folded before Flop
Seat 3: tintin641 (big blind) collected ($5.22)
Seat 4: BGS013 folded before Flop (didn't bet)
Seat 5: nastja336 folded before Flop (didn't bet)
Seat 6: YeeesMan folded on the Turn



PokerStars Hand #254741933184:  Hold'em No Limit ($0.50/$1.00 USD) - 2025/02/06 23:32:20 WET [2025/02/06 18:32:20 ET]
Table 'Andromeda II' 6-max Seat #2 is the button
Seat 1: ShedneckRean ($99.83 in chips) 
Seat 2: Xenicide ($118.36 in chips) 
Seat 3: tintin641 ($104.74 in chips) 
Seat 4: BGS013 ($100 in chips) 
Seat 5: nastja336 ($115.22 in chips) 
Seat 6: YeeesMan ($133.03 in chips) 
tintin641: posts small blind $0.50
BGS013: posts big blind $1
*** HOLE CARDS ***
nastja336: folds 
YeeesMan: folds 
ShedneckRean: folds 
Xenicide: folds 
tintin641: raises $2 to $3
BGS013: calls $2
*** FLOP *** [5d Jc 2c]
tintin641: bets $1.88
BGS013: calls $1.88
*** TURN *** [5d Jc 2c] [8s]
tintin641: checks 
BGS013: bets $11.77
tintin641: folds 
Uncalled bet ($11.77) returned to BGS013
BGS013 collected $9.27 from pot
BGS013: doesn't show hand 
*** SUMMARY ***
Total pot $9.76 | Rake $0.49 
Board [5d Jc 2c 8s]
Seat 1: ShedneckRean folded before Flop (didn't bet)
Seat 2: Xenicide (button) folded before Flop (didn't bet)
Seat 3: tintin641 (small blind) folded on the Turn
Seat 4: BGS013 (big blind) collected ($9.27)
Seat 5: nastja336 folded before Flop (didn't bet)
Seat 6: YeeesMan folded before Flop (didn't bet)



PokerStars Hand #254741949933:  Hold'em No Limit ($0.50/$1.00 USD) - 2025/02/06 23:33:27 WET [2025/02/06 18:33:27 ET]
Table 'Andromeda II' 6-max Seat #3 is the button
Seat 1: ShedneckRean ($99.83 in chips) 
Seat 2: Xenicide ($118.36 in chips) 
Seat 3: tintin641 ($100 in chips) 
Seat 4: BGS013 ($104.39 in chips) 
Seat 5: nastja336 ($115.22 in chips) 
Seat 6: YeeesMan ($133.03 in chips) 
BGS013: posts small blind $0.50
nastja336: posts big blind $1
*** HOLE CARDS ***
YeeesMan: folds 
ShedneckRean: calls $1
Xenicide: raises $3 to $4
tintin641: folds 
BGS013: folds 
nastja336: folds 
ShedneckRean: calls $3
*** FLOP *** [4c 3h 8h]
ShedneckRean: checks 
Xenicide: bets $2.25
ShedneckRean: folds 
Uncalled bet ($2.25) returned to Xenicide
Xenicide collected $9.02 from pot
*** SUMMARY ***
Total pot $9.50 | Rake $0.48 
Board [4c 3h 8h]
Seat 1: ShedneckRean folded on the Flop
Seat 2: Xenicide collected ($9.02)
Seat 3: tintin641 (button) folded before Flop (didn't bet)
Seat 4: BGS013 (small blind) folded before Flop
Seat 5: nastja336 (big blind) folded before Flop
Seat 6: YeeesMan folded before Flop (didn't bet)



PokerStars Hand #254741961717:  Hold'em No Limit ($0.50/$1.00 USD) - 2025/02/06 23:34:15 WET [2025/02/06 18:34:15 ET]
Table 'Andromeda II' 6-max Seat #4 is the button
Seat 1: ShedneckRean ($95.83 in chips) 
Seat 2: Xenicide ($123.38 in chips) 
Seat 3: tintin641 ($100 in chips) 
Seat 4: BGS013 ($103.89 in chips) 
Seat 5: nastja336 ($114.22 in chips) 
Seat 6: YeeesMan ($133.03 in chips) 
nastja336: posts small blind $0.50
YeeesMan: posts big blind $1
*** HOLE CARDS ***
ShedneckRean: folds 
Xenicide: folds 
tintin641: raises $1.50 to $2.50
BGS013: folds 
nastja336: raises $9.50 to $12
YeeesMan: folds 
tintin641: raises $14 to $26
nastja336: folds 
Uncalled bet ($14) returned to tintin641
tintin641 collected $25 from pot
tintin641: doesn't show hand 
*** SUMMARY ***
Total pot $25 | Rake $0 
Seat 1: ShedneckRean folded before Flop (didn't bet)
Seat 2: Xenicide folded before Flop (didn't bet)
Seat 3: tintin641 collected ($25)
Seat 4: BGS013 (button) folded before Flop (didn't bet)
Seat 5: nastja336 (small blind) folded before Flop
Seat 6: YeeesMan (big blind) folded before Flop



PokerStars Hand #254741975008:  Hold'em No Limit ($0.50/$1.00 USD) - 2025/02/06 23:35:09 WET [2025/02/06 18:35:09 ET]
Table 'Andromeda II' 6-max Seat #5 is the button
Seat 1: ShedneckRean ($95.83 in chips) 
Seat 2: Xenicide ($123.38 in chips) 
Seat 3: tintin641 ($113 in chips) 
Seat 4: BGS013 ($103.89 in chips) 
Seat 5: nastja336 ($102.22 in chips) 
Seat 6: YeeesMan ($132.03 in chips) 
YeeesMan: posts small blind $0.50
ShedneckRean: posts big blind $1
*** HOLE CARDS ***
Xenicide: folds 
tintin641: folds 
BGS013: raises $1.50 to $2.50
nastja336: raises $5 to $7.50
YeeesMan: folds 
ShedneckRean: calls $6.50
BGS013: folds 
*** FLOP *** [4d 2c Kh]
ShedneckRean: bets $17.10
nastja336: folds 
Uncalled bet ($17.10) returned to ShedneckRean
ShedneckRean collected $17.10 from pot
ShedneckRean: doesn't show hand 
*** SUMMARY ***
Total pot $18 | Rake $0.90 
Board [4d 2c Kh]
Seat 1: ShedneckRean (big blind) collected ($17.10)
Seat 2: Xenicide folded before Flop (didn't bet)
Seat 3: tintin641 folded before Flop (didn't bet)
Seat 4: BGS013 folded before Flop
Seat 5: nastja336 (button) folded on the Flop
Seat 6: YeeesMan (small blind) folded before Flop



PokerStars Hand #254741983345:  Hold'em No Limit ($0.50/$1.00 USD) - 2025/02/06 23:35:43 WET [2025/02/06 18:35:43 ET]
Table 'Andromeda II' 6-max Seat #6 is the button
Seat 1: ShedneckRean ($105.43 in chips) 
Seat 2: Xenicide ($123.38 in chips) 
Seat 3: tintin641 ($113 in chips) 
Seat 4: BGS013 ($101.39 in chips) 
Seat 5: nastja336 ($100 in chips) 
Seat 6: YeeesMan ($131.53 in chips) 
ShedneckRean: posts small blind $0.50
Xenicide: posts big blind $1
*** HOLE CARDS ***
tintin641: raises $1.50 to $2.50
BGS013: folds 
nastja336: folds 
YeeesMan: folds 
ShedneckRean: folds 
Xenicide: calls $1.50
*** FLOP *** [3d Jh As]
ShedneckRean leaves the table
Xenicide: checks 
coeeeelho joins the table at seat #1 
tintin641: bets $1.72
nastja336 leaves the table
coeeeelho leaves the table
Xenicide: folds 
Uncalled bet ($1.72) returned to tintin641
tintin641 collected $5.22 from pot
tintin641: doesn't show hand 
*** SUMMARY ***
Total pot $5.50 | Rake $0.28 
Board [3d Jh As]
Seat 1: ShedneckRean (small blind) folded before Flop
Seat 2: Xenicide (big blind) folded on the Flop
Seat 3: tintin641 collected ($5.22)
Seat 4: BGS013 folded before Flop (didn't bet)
Seat 5: nastja336 folded before Flop (didn't bet)
Seat 6: YeeesMan (button) folded before Flop (didn't bet)



PokerStars Hand #254741994767:  Hold'em No Limit ($0.50/$1.00 USD) - 2025/02/06 23:36:30 WET [2025/02/06 18:36:30 ET]
Table 'Andromeda II' 6-max Seat #2 is the button
Seat 2: Xenicide ($120.88 in chips) 
Seat 3: tintin641 ($115.72 in chips) 
Seat 4: BGS013 ($101.39 in chips) 
Seat 6: YeeesMan ($131.53 in chips) 
tintin641: posts small blind $0.50
BGS013: posts big blind $1
*** HOLE CARDS ***
YeeesMan: folds 
Xenicide: folds 
tintin641: folds 
Uncalled bet ($0.50) returned to BGS013
BGS013 collected $1 from pot
BGS013: doesn't show hand 
*** SUMMARY ***
Total pot $1 | Rake $0 
Seat 2: Xenicide (button) folded before Flop (didn't bet)
Seat 3: tintin641 (small blind) folded before Flop
Seat 4: BGS013 (big blind) collected ($1)
Seat 6: YeeesMan folded before Flop (didn't bet)



PokerStars Hand #254741999890:  Hold'em No Limit ($0.50/$1.00 USD) - 2025/02/06 23:36:51 WET [2025/02/06 18:36:51 ET]
Table 'Andromeda II' 6-max Seat #3 is the button
Seat 6: YeeesMan ($131.53 in chips) is sitting out
Seat 2: Xenicide ($120.88 in chips) 
Seat 3: tintin641 ($115.22 in chips) 
Seat 4: BGS013 ($101.89 in chips) 
BGS013: posts small blind $0.50
YeeesMan: is sitting out 
Xenicide: posts big blind $1
*** HOLE CARDS ***
nastja336 joins the table at seat #5 
tintin641: folds 
BGS013: folds 
Uncalled bet ($0.50) returned to Xenicide
Xenicide collected $1 from pot
*** SUMMARY ***
Total pot $1 | Rake $0 
Seat 6: YeeesMan
Seat 2: Xenicide (big blind) collected ($1)
Seat 3: tintin641 (button) folded before Flop (didn't bet)
Seat 4: BGS013 (small blind) folded before Flop



PokerStars Hand #254742002316:  Hold'em No Limit ($0.50/$1.00 USD) - 2025/02/06 23:37:01 WET [2025/02/06 18:37:01 ET]
Table 'Andromeda II' 6-max Seat #4 is the button
Seat 5: nastja336 ($100 in chips) is sitting out
Seat 6: YeeesMan ($131.53 in chips) is sitting out
Seat 2: Xenicide ($121.38 in chips) 
Seat 3: tintin641 ($115.22 in chips) 
Seat 4: BGS013 ($101.39 in chips) 
Xenicide: posts small blind $0.50
tintin641: posts big blind $1
*** HOLE CARDS ***
BGS013: folds 
nastja336 leaves the table
YeeesMan leaves the table
Xenicide: raises $2.50 to $3.50
HerbsStars joins the table at seat #1 
nastja336 joins the table at seat #5 
CichiChanMarian joins the table at seat #6 
tintin641: folds 
Uncalled bet ($2.50) returned to Xenicide
Xenicide collected $2 from pot
*** SUMMARY ***
Total pot $2 | Rake $0 
Seat 5: nastja336
Seat 6: YeeesMan
Seat 2: Xenicide (small blind) collected ($2)
Seat 3: tintin641 (big blind) folded before Flop
Seat 4: BGS013 (button) folded before Flop (didn't bet)



PokerStars Hand #254742008068:  Hold'em No Limit ($0.50/$1.00 USD) - 2025/02/06 23:37:24 WET [2025/02/06 18:37:24 ET]
Table 'Andromeda II' 6-max Seat #2 is the button
Seat 5: nastja336 ($100 in chips) is sitting out
Seat 6: CichiChanMarian ($100 in chips) is sitting out
Seat 1: HerbsStars ($100 in chips) 
Seat 2: Xenicide ($122.38 in chips) 
Seat 3: tintin641 ($114.22 in chips) 
Seat 4: BGS013 ($101.39 in chips) 
tintin641: posts small blind $0.50
BGS013: posts big blind $1
nastja336: sits out 
CichiChanMarian: sits out 
HerbsStars: posts big blind $1
*** HOLE CARDS ***
HerbsStars: raises $1 to $2
Xenicide: folds 
tintin641: folds 
BGS013: raises $8 to $10
HerbsStars: calls $8
*** FLOP *** [6h 4d 3d]
BGS013: checks 
HerbsStars: checks 
*** TURN *** [6h 4d 3d] [Kc]
BGS013: bets $15.21
HerbsStars: folds 
Uncalled bet ($15.21) returned to BGS013
BGS013 collected $19.50 from pot
BGS013: doesn't show hand 
*** SUMMARY ***
Total pot $20.50 | Rake $1 
Board [6h 4d 3d Kc]
Seat 5: nastja336
Seat 6: CichiChanMarian
Seat 1: HerbsStars folded on the Turn
Seat 2: Xenicide (button) folded before Flop (didn't bet)
Seat 3: tintin641 (small blind) folded before Flop
Seat 4: BGS013 (big blind) collected ($19.50)



PokerStars Hand #254742089302:  Hold'em No Limit ($0.50/$1.00 USD) - 2025/02/06 23:43:05 WET [2025/02/06 18:43:05 ET]
Table 'Andromeda II' 6-max Seat #3 is the button
Seat 1: HerbsStars ($38.26 in chips) 
Seat 2: Xenicide ($129.32 in chips) 
Seat 3: tintin641 ($112.22 in chips) 
Seat 4: BGS013 ($102.17 in chips) 
Seat 5: nastja336 ($106.88 in chips) 
Seat 6: CichiChanMarian ($147.34 in chips) 
BGS013: posts small blind $0.50
nastja336: posts big blind $1
*** HOLE CARDS ***
CichiChanMarian: folds 
HerbsStars: folds 
Xenicide: folds 
tintin641: raises $1.50 to $2.50
BGS013: folds 
nastja336: calls $1.50
*** FLOP *** [2c 2d 5h]
nastja336: checks 
tintin641: bets $1.72
nastja336: folds 
Uncalled bet ($1.72) returned to tintin641
tintin641 collected $5.22 from pot
tintin641: doesn't show hand 
*** SUMMARY ***
Total pot $5.50 | Rake $0.28 
Board [2c 2d 5h]
Seat 1: HerbsStars folded before Flop (didn't bet)
Seat 2: Xenicide folded before Flop (didn't bet)
Seat 3: tintin641 (button) collected ($5.22)
Seat 4: BGS013 (small blind) folded before Flop
Seat 5: nastja336 (big blind) folded on the Flop
Seat 6: CichiChanMarian folded before Flop (didn't bet)



PokerStars Hand #254742102276:  Hold'em No Limit ($0.50/$1.00 USD) - 2025/02/06 23:44:00 WET [2025/02/06 18:44:00 ET]
Table 'Andromeda II' 6-max Seat #4 is the button
Seat 1: HerbsStars ($38.26 in chips) 
Seat 2: Xenicide ($129.32 in chips) 
Seat 3: tintin641 ($114.94 in chips) 
Seat 4: BGS013 ($101.67 in chips) 
Seat 5: nastja336 ($104.38 in chips) 
Seat 6: CichiChanMarian ($147.34 in chips) 
nastja336: posts small blind $0.50
CichiChanMarian: posts big blind $1
*** HOLE CARDS ***
HerbsStars: calls $1
Xenicide: folds 
tintin641: folds 
BGS013: folds 
nastja336: raises $4 to $5
CichiChanMarian: folds 
HerbsStars: calls $4
*** FLOP *** [9d 7c 5s]
nastja336: checks 
HerbsStars: checks 
*** TURN *** [9d 7c 5s] [4h]
nastja336: checks 
HerbsStars: checks 
*** RIVER *** [9d 7c 5s 4h] [Qh]
nastja336: checks 
HerbsStars: bets $5.23
nastja336: folds 
Uncalled bet ($5.23) returned to HerbsStars
HerbsStars collected $10.45 from pot
HerbsStars: doesn't show hand 
*** SUMMARY ***
Total pot $11 | Rake $0.55 
Board [9d 7c 5s 4h Qh]
Seat 1: HerbsStars collected ($10.45)
Seat 2: Xenicide folded before Flop (didn't bet)
Seat 3: tintin641 folded before Flop (didn't bet)
Seat 4: BGS013 (button) folded before Flop (didn't bet)
Seat 5: nastja336 (small blind) folded on the River
Seat 6: CichiChanMarian (big blind) folded before Flop



PokerStars Hand #254742112707:  Hold'em No Limit ($0.50/$1.00 USD) - 2025/02/06 23:44:44 WET [2025/02/06 18:44:44 ET]
Table 'Andromeda II' 6-max Seat #5 is the button
Seat 1: HerbsStars ($43.71 in chips) 
Seat 2: Xenicide ($129.32 in chips) 
Seat 3: tintin641 ($114.94 in chips) 
Seat 4: BGS013 ($101.67 in chips) 
Seat 5: nastja336 ($100 in chips) 
Seat 6: CichiChanMarian ($146.34 in chips) 
CichiChanMarian: posts small blind $0.50
HerbsStars: posts big blind $1
*** HOLE CARDS ***
Xenicide: raises $1 to $2
tintin641: folds 
BGS013: folds 
nastja336: folds 
CichiChanMarian: folds 
HerbsStars: calls $1
*** FLOP *** [Kd 8c 2d]
HerbsStars: checks 
Xenicide: bets $1.07
HerbsStars: calls $1.07
*** TURN *** [Kd 8c 2d] [7d]
HerbsStars: checks 
Xenicide: bets $1.58
HerbsStars: raises $1.58 to $3.16
Xenicide: calls $1.58
*** RIVER *** [Kd 8c 2d 7d] [Qh]
HerbsStars: bets $12.31
Xenicide: folds 
Uncalled bet ($12.31) returned to HerbsStars
HerbsStars collected $12.31 from pot
HerbsStars: doesn't show hand 
*** SUMMARY ***
Total pot $12.96 | Rake $0.65 
Board [Kd 8c 2d 7d Qh]
Seat 1: HerbsStars (big blind) collected ($12.31)
Seat 2: Xenicide folded on the River
Seat 3: tintin641 folded before Flop (didn't bet)
Seat 4: BGS013 folded before Flop (didn't bet)
Seat 5: nastja336 (button) folded before Flop (didn't bet)
Seat 6: CichiChanMarian (small blind) folded before Flop



PokerStars Hand #254742136288:  Hold'em No Limit ($0.50/$1.00 USD) - 2025/02/06 23:46:26 WET [2025/02/06 18:46:26 ET]
Table 'Andromeda II' 6-max Seat #6 is the button
Seat 1: HerbsStars ($49.79 in chips) 
Seat 2: Xenicide ($123.09 in chips) 
Seat 3: tintin641 ($114.94 in chips) 
Seat 4: BGS013 ($101.67 in chips) 
Seat 5: nastja336 ($100 in chips) 
Seat 6: CichiChanMarian ($145.84 in chips) 
HerbsStars: posts small blind $0.50
Xenicide: posts big blind $1
*** HOLE CARDS ***
tintin641: raises $1.50 to $2.50
BGS013: folds 
nastja336: folds 
CichiChanMarian: folds 
HerbsStars: calls $2
Xenicide: raises $10 to $12.50
tintin641: raises $14.50 to $27
HerbsStars: folds 
Xenicide: calls $14.50
*** FLOP *** [6h 8s Qd]
Xenicide: checks 
tintin641: bets $13.50
Xenicide: calls $13.50
*** TURN *** [6h 8s Qd] [5s]
Xenicide: checks 
tintin641: bets $26.73
Xenicide: raises $55.86 to $82.59 and is all-in
tintin641: calls $47.71 and is all-in
Uncalled bet ($8.15) returned to Xenicide
*** FIRST RIVER *** [6h 8s Qd 5s] [9c]
*** SECOND RIVER *** [6h 8s Qd 5s] [2s]
*** FIRST SHOW DOWN ***
Xenicide: shows [Qs As] (a pair of Queens)
tintin641: shows [Kc Kd] (a pair of Kings)
tintin641 collected $114.94 from pot
*** SECOND SHOW DOWN ***
Xenicide: shows [Qs As] (a flush, Ace high)
tintin641: shows [Kc Kd] (a pair of Kings)
Xenicide collected $114.94 from pot
*** SUMMARY ***
Total pot $232.38 | Rake $2.50 
Hand was run twice
FIRST Board [6h 8s Qd 5s 9c]
SECOND Board [6h 8s Qd 5s 2s]
Seat 1: HerbsStars (small blind) folded before Flop
Seat 2: Xenicide (big blind) showed [Qs As] and lost with a pair of Queens, and won ($114.94) with a flush, Ace high
Seat 3: tintin641 showed [Kc Kd] and won ($114.94) with a pair of Kings, and lost with a pair of Kings
Seat 4: BGS013 folded before Flop (didn't bet)
Seat 5: nastja336 folded before Flop (didn't bet)
Seat 6: CichiChanMarian (button) folded before Flop (didn't bet)



PokerStars Hand #254742169468:  Hold'em No Limit ($0.50/$1.00 USD) - 2025/02/06 23:48:47 WET [2025/02/06 18:48:47 ET]
Table 'Andromeda II' 6-max Seat #1 is the button
Seat 1: HerbsStars ($47.29 in chips) 
Seat 2: Xenicide ($123.09 in chips) 
Seat 3: tintin641 ($114.94 in chips) 
Seat 4: BGS013 ($101.67 in chips) 
Seat 5: nastja336 ($100 in chips) 
Seat 6: CichiChanMarian ($145.84 in chips) 
Xenicide: posts small blind $0.50
tintin641: posts big blind $1
*** HOLE CARDS ***
BGS013: folds 
BGS013 leaves the table
nastja336: folds 
CichiChanMarian: folds 
HerbsStars: raises $2 to $3
Xenicide: folds 
tintin641: folds 
Uncalled bet ($2) returned to HerbsStars
HerbsStars collected $2.50 from pot
HerbsStars: doesn't show hand 
*** SUMMARY ***
Total pot $2.50 | Rake $0 
Seat 1: HerbsStars (button) collected ($2.50)
Seat 2: Xenicide (small blind) folded before Flop
Seat 3: tintin641 (big blind) folded before Flop
Seat 4: BGS013 folded before Flop (didn't bet)
Seat 5: nastja336 folded before Flop (didn't bet)
Seat 6: CichiChanMarian folded before Flop (didn't bet)



PokerStars Hand #254742175233:  Hold'em No Limit ($0.50/$1.00 USD) - 2025/02/06 23:49:12 WET [2025/02/06 18:49:12 ET]
Table 'Andromeda II' 6-max Seat #2 is the button
Seat 1: HerbsStars ($48.79 in chips) 
Seat 2: Xenicide ($122.59 in chips) 
Seat 3: tintin641 ($113.94 in chips) 
Seat 5: nastja336 ($100 in chips) 
Seat 6: CichiChanMarian ($145.84 in chips) 
tintin641: posts small blind $0.50
nastja336: posts big blind $1
*** HOLE CARDS ***
Seavus10 joins the table at seat #4 
CichiChanMarian: folds 
HerbsStars: raises $2 to $3
Xenicide: folds 
tintin641: folds 
nastja336: folds 
Uncalled bet ($2) returned to HerbsStars
HerbsStars collected $2.50 from pot
HerbsStars: doesn't show hand 
*** SUMMARY ***
Total pot $2.50 | Rake $0 
Seat 1: HerbsStars collected ($2.50)
Seat 2: Xenicide (button) folded before Flop (didn't bet)
Seat 3: tintin641 (small blind) folded before Flop
Seat 5: nastja336 (big blind) folded before Flop
Seat 6: CichiChanMarian folded before Flop (didn't bet)



PokerStars Hand #254742182155:  Hold'em No Limit ($0.50/$1.00 USD) - 2025/02/06 23:49:43 WET [2025/02/06 18:49:43 ET]
Table 'Andromeda II' 6-max Seat #3 is the button
Seat 4: Seavus10 ($100 in chips) is sitting out
Seat 1: HerbsStars ($50.29 in chips) 
Seat 2: Xenicide ($122.59 in chips) 
Seat 3: tintin641 ($113.44 in chips) 
Seat 5: nastja336 ($100 in chips) 
Seat 6: CichiChanMarian ($145.84 in chips) 
nastja336: posts small blind $0.50
CichiChanMarian: posts big blind $1
*** HOLE CARDS ***
HerbsStars: calls $1
Xenicide: raises $3 to $4
tintin641: folds 
nastja336: folds 
CichiChanMarian: folds 
HerbsStars: calls $3
*** FLOP *** [Ah Qh 5s]
HerbsStars: checks 
Xenicide: bets $4.51
HerbsStars: calls $4.51
*** TURN *** [Ah Qh 5s] [Td]
HerbsStars: checks 
Xenicide: checks 
*** RIVER *** [Ah Qh 5s Td] [5h]
HerbsStars: bets $17.59
Xenicide: raises $96.49 to $114.08 and is all-in
HerbsStars: folds 
Uncalled bet ($96.49) returned to Xenicide
Xenicide collected $51.20 from pot
*** SUMMARY ***
Total pot $53.70 | Rake $2.50 
Board [Ah Qh 5s Td 5h]
Seat 4: Seavus10
Seat 1: HerbsStars folded on the River
Seat 2: Xenicide collected ($51.20)
Seat 3: tintin641 (button) folded before Flop (didn't bet)
Seat 5: nastja336 (small blind) folded before Flop
Seat 6: CichiChanMarian (big blind) folded before Flop



PokerStars Hand #254742204589:  Hold'em No Limit ($0.50/$1.00 USD) - 2025/02/06 23:51:22 WET [2025/02/06 18:51:22 ET]
Table 'Andromeda II' 6-max Seat #5 is the button
Seat 4: Seavus10 ($100 in chips) is sitting out
Seat 1: HerbsStars ($24.19 in chips) 
Seat 2: Xenicide ($147.69 in chips) 
Seat 3: tintin641 ($113.44 in chips) 
Seat 5: nastja336 ($100 in chips) 
Seat 6: CichiChanMarian ($144.84 in chips) 
CichiChanMarian: posts small blind $0.50
HerbsStars: posts big blind $1
Seavus10: sits out 
*** HOLE CARDS ***
Xenicide: folds 
tintin641: folds 
nastja336: folds 
CichiChanMarian: raises $2 to $3
HerbsStars: calls $2
*** FLOP *** [Tc 9c Qs]
CichiChanMarian: checks 
HerbsStars: checks 
*** TURN *** [Tc 9c Qs] [Qd]
CichiChanMarian: checks 
HerbsStars: checks 
*** RIVER *** [Tc 9c Qs Qd] [5c]
CichiChanMarian: checks 
HerbsStars: checks 
*** SHOW DOWN ***
CichiChanMarian: shows [6s 6c] (two pair, Queens and Sixes)
HerbsStars: mucks hand 
CichiChanMarian collected $5.70 from pot
*** SUMMARY ***
Total pot $6 | Rake $0.30 
Board [Tc 9c Qs Qd 5c]
Seat 4: Seavus10
Seat 1: HerbsStars (big blind) mucked
Seat 2: Xenicide folded before Flop (didn't bet)
Seat 3: tintin641 folded before Flop (didn't bet)
Seat 5: nastja336 (button) folded before Flop (didn't bet)
Seat 6: CichiChanMarian (small blind) showed [6s 6c] and won ($5.70) with two pair, Queens and Sixes



PokerStars Hand #254742210419:  Hold'em No Limit ($0.50/$1.00 USD) - 2025/02/06 23:51:49 WET [2025/02/06 18:51:49 ET]
Table 'Andromeda II' 6-max Seat #6 is the button
Seat 4: Seavus10 ($100 in chips) is sitting out
Seat 1: HerbsStars ($97 in chips) 
Seat 2: Xenicide ($147.69 in chips) 
Seat 3: tintin641 ($113.44 in chips) 
Seat 5: nastja336 ($100 in chips) 
Seat 6: CichiChanMarian ($147.54 in chips) 
HerbsStars: posts small blind $0.50
Xenicide: posts big blind $1
Seavus10: sits out 
*** HOLE CARDS ***
tintin641: folds 
nastja336: folds 
CichiChanMarian: folds 
HerbsStars: calls $0.50
Xenicide: raises $1 to $2
HerbsStars: calls $1
*** FLOP *** [Qh Ad 3c]
HerbsStars: checks 
Xenicide: bets $1.18
HerbsStars: calls $1.18
*** TURN *** [Qh Ad 3c] [6d]
HerbsStars: checks 
Xenicide: checks 
*** RIVER *** [Qh Ad 3c 6d] [As]
HerbsStars: bets $3.02
Xenicide: calls $3.02
*** SHOW DOWN ***
HerbsStars: shows [Qd Th] (two pair, Aces and Queens)
Xenicide: mucks hand 
HerbsStars collected $11.78 from pot
*** SUMMARY ***
Total pot $12.40 | Rake $0.62 
Board [Qh Ad 3c 6d As]
Seat 4: Seavus10
Seat 1: HerbsStars (small blind) showed [Qd Th] and won ($11.78) with two pair, Aces and Queens
Seat 2: Xenicide (big blind) mucked
Seat 3: tintin641 folded before Flop (didn't bet)
Seat 5: nastja336 folded before Flop (didn't bet)
Seat 6: CichiChanMarian (button) folded before Flop (didn't bet)



PokerStars Hand #254742218767:  Hold'em No Limit ($0.50/$1.00 USD) - 2025/02/06 23:52:26 WET [2025/02/06 18:52:26 ET]
Table 'Andromeda II' 6-max Seat #1 is the button
Seat 4: Seavus10 ($100 in chips) is sitting out
Seat 1: HerbsStars ($102.58 in chips) 
Seat 2: Xenicide ($141.49 in chips) 
Seat 3: tintin641 ($113.44 in chips) 
Seat 5: nastja336 ($100 in chips) 
Seat 6: CichiChanMarian ($147.54 in chips) 
Xenicide: posts small blind $0.50
tintin641: posts big blind $1
Seavus10: sits out 
*** HOLE CARDS ***
nastja336: raises $1.50 to $2.50
CichiChanMarian: folds 
HerbsStars: raises $1.50 to $4
Xenicide: folds 
tintin641: folds 
nastja336: calls $1.50
*** FLOP *** [Ks 7d 9h]
nastja336: checks 
HerbsStars: checks 
*** TURN *** [Ks 7d 9h] [8d]
nastja336: checks 
HerbsStars: bets $4.51
nastja336: folds 
Uncalled bet ($4.51) returned to HerbsStars
HerbsStars collected $9.02 from pot
HerbsStars: doesn't show hand 
*** SUMMARY ***
Total pot $9.50 | Rake $0.48 
Board [Ks 7d 9h 8d]
Seat 4: Seavus10
Seat 1: HerbsStars (button) collected ($9.02)
Seat 2: Xenicide (small blind) folded before Flop
Seat 3: tintin641 (big blind) folded before Flop
Seat 5: nastja336 folded on the Turn
Seat 6: CichiChanMarian folded before Flop (didn't bet)



PokerStars Hand #254742224939:  Hold'em No Limit ($0.50/$1.00 USD) - 2025/02/06 23:52:54 WET [2025/02/06 18:52:54 ET]
Table 'Andromeda II' 6-max Seat #2 is the button
Seat 1: HerbsStars ($107.60 in chips) 
Seat 2: Xenicide ($140.99 in chips) 
Seat 3: tintin641 ($112.44 in chips) 
Seat 4: Seavus10 ($100 in chips) 
Seat 5: nastja336 ($100 in chips) 
Seat 6: CichiChanMarian ($147.54 in chips) 
tintin641: posts small blind $0.50
Seavus10: posts big blind $1
*** HOLE CARDS ***
nastja336: folds 
CichiChanMarian: folds 
HerbsStars: folds 
Xenicide: folds 
tintin641: folds 
Uncalled bet ($0.50) returned to Seavus10
Seavus10 collected $1 from pot
Seavus10: doesn't show hand 
*** SUMMARY ***
Total pot $1 | Rake $0 
Seat 1: HerbsStars folded before Flop (didn't bet)
Seat 2: Xenicide (button) folded before Flop (didn't bet)
Seat 3: tintin641 (small blind) folded before Flop
Seat 4: Seavus10 (big blind) collected ($1)
Seat 5: nastja336 folded before Flop (didn't bet)
Seat 6: CichiChanMarian folded before Flop (didn't bet)



PokerStars Hand #254742230569:  Hold'em No Limit ($0.50/$1.00 USD) - 2025/02/06 23:53:19 WET [2025/02/06 18:53:19 ET]
Table 'Andromeda II' 6-max Seat #3 is the button
Seat 1: HerbsStars ($107.60 in chips) 
Seat 2: Xenicide ($140.99 in chips) 
Seat 3: tintin641 ($111.94 in chips) 
Seat 4: Seavus10 ($100.50 in chips) 
Seat 5: nastja336 ($100 in chips) 
Seat 6: CichiChanMarian ($147.54 in chips) 
Seavus10: posts small blind $0.50
nastja336: posts big blind $1
*** HOLE CARDS ***
CichiChanMarian: folds 
HerbsStars: folds 
Xenicide: folds 
tintin641: folds 
Seavus10: raises $2 to $3
nastja336: folds 
Uncalled bet ($2) returned to Seavus10
Seavus10 collected $2 from pot
Seavus10: doesn't show hand 
*** SUMMARY ***
Total pot $2 | Rake $0 
Seat 1: HerbsStars folded before Flop (didn't bet)
Seat 2: Xenicide folded before Flop (didn't bet)
Seat 3: tintin641 (button) folded before Flop (didn't bet)
Seat 4: Seavus10 (small blind) collected ($2)
Seat 5: nastja336 (big blind) folded before Flop
Seat 6: CichiChanMarian folded before Flop (didn't bet)



PokerStars Hand #254742235598:  Hold'em No Limit ($0.50/$1.00 USD) - 2025/02/06 23:53:42 WET [2025/02/06 18:53:42 ET]
Table 'Andromeda II' 6-max Seat #4 is the button
Seat 1: HerbsStars ($107.60 in chips) 
Seat 2: Xenicide ($140.99 in chips) 
Seat 3: tintin641 ($111.94 in chips) 
Seat 4: Seavus10 ($101.50 in chips) 
Seat 5: nastja336 ($100 in chips) 
Seat 6: CichiChanMarian ($147.54 in chips) 
nastja336: posts small blind $0.50
CichiChanMarian: posts big blind $1
*** HOLE CARDS ***
HerbsStars: calls $1
Xenicide: folds 
tintin641: folds 
Seavus10: folds 
nastja336: folds 
CichiChanMarian: checks 
*** FLOP *** [Qc 5s 8c]
CichiChanMarian: checks 
HerbsStars: checks 
*** TURN *** [Qc 5s 8c] [3c]
CichiChanMarian: checks 
HerbsStars: checks 
*** RIVER *** [Qc 5s 8c 3c] [Ah]
CichiChanMarian: checks 
HerbsStars: bets $1.19
CichiChanMarian: calls $1.19
*** SHOW DOWN ***
HerbsStars: shows [9d Kd] (high card Ace)
CichiChanMarian: shows [2s Ad] (a pair of Aces)
CichiChanMarian collected $4.64 from pot
*** SUMMARY ***
Total pot $4.88 | Rake $0.24 
Board [Qc 5s 8c 3c Ah]
Seat 1: HerbsStars showed [9d Kd] and lost with high card Ace
Seat 2: Xenicide folded before Flop (didn't bet)
Seat 3: tintin641 folded before Flop (didn't bet)
Seat 4: Seavus10 (button) folded before Flop (didn't bet)
Seat 5: nastja336 (small blind) folded before Flop
Seat 6: CichiChanMarian (big blind) showed [2s Ad] and won ($4.64) with a pair of Aces



PokerStars Hand #254742247604:  Hold'em No Limit ($0.50/$1.00 USD) - 2025/02/06 23:54:36 WET [2025/02/06 18:54:36 ET]
Table 'Andromeda II' 6-max Seat #5 is the button
Seat 1: HerbsStars ($105.41 in chips) 
Seat 2: Xenicide ($140.99 in chips) 
Seat 3: tintin641 ($111.94 in chips) 
Seat 4: Seavus10 ($101.50 in chips) 
Seat 5: nastja336 ($100 in chips) 
Seat 6: CichiChanMarian ($149.99 in chips) 
CichiChanMarian: posts small blind $0.50
HerbsStars: posts big blind $1
*** HOLE CARDS ***
Xenicide: folds 
tintin641: folds 
Seavus10: folds 
nastja336: raises $1.50 to $2.50
CichiChanMarian: raises $10 to $12.50
HerbsStars: folds 
nastja336: folds 
Uncalled bet ($10) returned to CichiChanMarian
CichiChanMarian collected $6 from pot
CichiChanMarian: doesn't show hand 
*** SUMMARY ***
Total pot $6 | Rake $0 
Seat 1: HerbsStars (big blind) folded before Flop
Seat 2: Xenicide folded before Flop (didn't bet)
Seat 3: tintin641 folded before Flop (didn't bet)
Seat 4: Seavus10 folded before Flop (didn't bet)
Seat 5: nastja336 (button) folded before Flop
Seat 6: CichiChanMarian (small blind) collected ($6)



PokerStars Hand #254742252082:  Hold'em No Limit ($0.50/$1.00 USD) - 2025/02/06 23:54:56 WET [2025/02/06 18:54:56 ET]
Table 'Andromeda II' 6-max Seat #6 is the button
Seat 1: HerbsStars ($104.41 in chips) 
Seat 2: Xenicide ($140.99 in chips) 
Seat 3: tintin641 ($111.94 in chips) 
Seat 4: Seavus10 ($101.50 in chips) 
Seat 5: nastja336 ($100 in chips) 
Seat 6: CichiChanMarian ($153.49 in chips) 
HerbsStars: posts small blind $0.50
Xenicide: posts big blind $1
*** HOLE CARDS ***
tintin641: folds 
Seavus10: raises $1.20 to $2.20
nastja336: folds 
CichiChanMarian: folds 
HerbsStars: calls $1.70
Xenicide: raises $10.80 to $13
Seavus10: folds 
HerbsStars: folds 
Uncalled bet ($10.80) returned to Xenicide
Xenicide collected $6.60 from pot
*** SUMMARY ***
Total pot $6.60 | Rake $0 
Seat 1: HerbsStars (small blind) folded before Flop
Seat 2: Xenicide (big blind) collected ($6.60)
Seat 3: tintin641 folded before Flop (didn't bet)
Seat 4: Seavus10 folded before Flop
Seat 5: nastja336 folded before Flop (didn't bet)
Seat 6: CichiChanMarian (button) folded before Flop (didn't bet)



PokerStars Hand #254742257976:  Hold'em No Limit ($0.50/$1.00 USD) - 2025/02/06 23:55:28 WET [2025/02/06 18:55:28 ET]
Table 'Andromeda II' 6-max Seat #1 is the button
Seat 1: HerbsStars ($102.21 in chips) 
Seat 2: Xenicide ($145.39 in chips) 
Seat 3: tintin641 ($111.94 in chips) 
Seat 4: Seavus10 ($100 in chips) 
Seat 5: nastja336 ($100 in chips) 
Seat 6: CichiChanMarian ($153.49 in chips) 
Xenicide: posts small blind $0.50
tintin641: posts big blind $1
*** HOLE CARDS ***
Seavus10: folds 
nastja336: folds 
CichiChanMarian: folds 
HerbsStars: folds 
Xenicide: folds 
Uncalled bet ($0.50) returned to tintin641
tintin641 collected $1 from pot
tintin641: doesn't show hand 
*** SUMMARY ***
Total pot $1 | Rake $0 
Seat 1: HerbsStars (button) folded before Flop (didn't bet)
Seat 2: Xenicide (small blind) folded before Flop
Seat 3: tintin641 (big blind) collected ($1)
Seat 4: Seavus10 folded before Flop (didn't bet)
Seat 5: nastja336 folded before Flop (didn't bet)
Seat 6: CichiChanMarian folded before Flop (didn't bet)



PokerStars Hand #254742262068:  Hold'em No Limit ($0.50/$1.00 USD) - 2025/02/06 23:55:52 WET [2025/02/06 18:55:52 ET]
Table 'Andromeda II' 6-max Seat #2 is the button
Seat 1: HerbsStars ($102.21 in chips) 
Seat 2: Xenicide ($144.89 in chips) 
Seat 3: tintin641 ($112.44 in chips) 
Seat 4: Seavus10 ($100 in chips) 
Seat 5: nastja336 ($100 in chips) 
Seat 6: CichiChanMarian ($153.49 in chips) 
tintin641: posts small blind $0.50
Seavus10: posts big blind $1
*** HOLE CARDS ***
nastja336: folds 
CichiChanMarian: raises $1.50 to $2.50
HerbsStars: calls $2.50
Xenicide: folds 
tintin641: folds 
Seavus10: folds 
*** FLOP *** [6h Kc 6c]
CichiChanMarian: checks 
HerbsStars: checks 
*** TURN *** [6h Kc 6c] [2c]
CichiChanMarian: bets $3.09
HerbsStars: calls $3.09
*** RIVER *** [6h Kc 6c 2c] [7h]
CichiChanMarian: bets $12.05
HerbsStars: folds 
Uncalled bet ($12.05) returned to CichiChanMarian
CichiChanMarian collected $12.05 from pot
CichiChanMarian: doesn't show hand 
*** SUMMARY ***
Total pot $12.68 | Rake $0.63 
Board [6h Kc 6c 2c 7h]
Seat 1: HerbsStars folded on the River
Seat 2: Xenicide (button) folded before Flop (didn't bet)
Seat 3: tintin641 (small blind) folded before Flop
Seat 4: Seavus10 (big blind) folded before Flop
Seat 5: nastja336 folded before Flop (didn't bet)
Seat 6: CichiChanMarian collected ($12.05)



PokerStars Hand #254742278671:  Hold'em No Limit ($0.50/$1.00 USD) - 2025/02/06 23:57:25 WET [2025/02/06 18:57:25 ET]
Table 'Andromeda II' 6-max Seat #3 is the button
Seat 1: HerbsStars ($96.62 in chips) 
Seat 2: Xenicide ($144.89 in chips) 
Seat 3: tintin641 ($111.94 in chips) 
Seat 4: Seavus10 ($100 in chips) 
Seat 5: nastja336 ($100 in chips) 
Seat 6: CichiChanMarian ($159.95 in chips) 
Seavus10: posts small blind $0.50
nastja336: posts big blind $1
*** HOLE CARDS ***
CichiChanMarian: folds 
HerbsStars: calls $1
Xenicide: folds 
tintin641: folds 
Seavus10: folds 
nastja336: raises $4 to $5
HerbsStars: calls $4
*** FLOP *** [Qh 2c 7s]
nastja336: checks 
HerbsStars: checks 
*** TURN *** [Qh 2c 7s] [Jd]
nastja336: bets $7.20
HerbsStars: folds 
Uncalled bet ($7.20) returned to nastja336
nastja336 collected $9.98 from pot
nastja336: doesn't show hand 
*** SUMMARY ***
Total pot $10.50 | Rake $0.52 
Board [Qh 2c 7s Jd]
Seat 1: HerbsStars folded on the Turn
Seat 2: Xenicide folded before Flop (didn't bet)
Seat 3: tintin641 (button) folded before Flop (didn't bet)
Seat 4: Seavus10 (small blind) folded before Flop
Seat 5: nastja336 (big blind) collected ($9.98)
Seat 6: CichiChanMarian folded before Flop (didn't bet)



PokerStars Hand #254742286016:  Hold'em No Limit ($0.50/$1.00 USD) - 2025/02/06 23:58:07 WET [2025/02/06 18:58:07 ET]
Table 'Andromeda II' 6-max Seat #4 is the button
Seat 1: HerbsStars ($91.62 in chips) 
Seat 2: Xenicide ($144.89 in chips) 
Seat 3: tintin641 ($111.94 in chips) 
Seat 4: Seavus10 ($100 in chips) 
Seat 5: nastja336 ($104.98 in chips) 
Seat 6: CichiChanMarian ($159.95 in chips) 
nastja336: posts small blind $0.50
CichiChanMarian: posts big blind $1
*** HOLE CARDS ***
HerbsStars: folds 
Xenicide: raises $1 to $2
tintin641: folds 
Seavus10: folds 
nastja336: folds 
CichiChanMarian: calls $1
*** FLOP *** [Td Kh Ad]
CichiChanMarian: checks 
Xenicide: bets $1.07
CichiChanMarian: calls $1.07
*** TURN *** [Td Kh Ad] [9h]
CichiChanMarian: checks 
Xenicide: checks 
*** RIVER *** [Td Kh Ad 9h] [8h]
CichiChanMarian: bets $6
Xenicide: folds 
Uncalled bet ($6) returned to CichiChanMarian
CichiChanMarian collected $6.31 from pot
CichiChanMarian: doesn't show hand 
*** SUMMARY ***
Total pot $6.64 | Rake $0.33 
Board [Td Kh Ad 9h 8h]
Seat 1: HerbsStars folded before Flop (didn't bet)
Seat 2: Xenicide folded on the River
Seat 3: tintin641 folded before Flop (didn't bet)
Seat 4: Seavus10 (button) folded before Flop (didn't bet)
Seat 5: nastja336 (small blind) folded before Flop
Seat 6: CichiChanMarian (big blind) collected ($6.31)



PokerStars Hand #254742301314:  Hold'em No Limit ($0.50/$1.00 USD) - 2025/02/06 23:59:36 WET [2025/02/06 18:59:36 ET]
Table 'Andromeda II' 6-max Seat #5 is the button
Seat 1: HerbsStars ($91.62 in chips) 
Seat 2: Xenicide ($141.82 in chips) 
Seat 3: tintin641 ($111.94 in chips) 
Seat 4: Seavus10 ($100 in chips) 
Seat 5: nastja336 ($104.48 in chips) 
Seat 6: CichiChanMarian ($163.19 in chips) 
CichiChanMarian: posts small blind $0.50
HerbsStars: posts big blind $1
*** HOLE CARDS ***
Xenicide: raises $1 to $2
tintin641: folds 
Seavus10: folds 
nastja336: folds 
CichiChanMarian: folds 
HerbsStars: calls $1
*** FLOP *** [3d 9d 4s]
HerbsStars: checks 
Xenicide: bets $1.33
HerbsStars: calls $1.33
*** TURN *** [3d 9d 4s] [8d]
HerbsStars: checks 
Xenicide: bets $2.11
HerbsStars: calls $2.11
*** RIVER *** [3d 9d 4s 8d] [As]
HerbsStars: checks 
Xenicide: bets $5.95
HerbsStars: folds 
Uncalled bet ($5.95) returned to Xenicide
Xenicide collected $10.81 from pot
*** SUMMARY ***
Total pot $11.38 | Rake $0.57 
Board [3d 9d 4s 8d As]
Seat 1: HerbsStars (big blind) folded on the River
Seat 2: Xenicide collected ($10.81)
Seat 3: tintin641 folded before Flop (didn't bet)
Seat 4: Seavus10 folded before Flop (didn't bet)
Seat 5: nastja336 (button) folded before Flop (didn't bet)
Seat 6: CichiChanMarian (small blind) folded before Flop



PokerStars Hand #254742312747:  Hold'em No Limit ($0.50/$1.00 USD) - 2025/02/06 0:00:41 WET [2025/02/06 19:00:41 ET]
Table 'Andromeda II' 6-max Seat #6 is the button
Seat 1: HerbsStars ($86.18 in chips) 
Seat 2: Xenicide ($147.19 in chips) 
Seat 3: tintin641 ($111.94 in chips) 
Seat 4: Seavus10 ($100 in chips) 
Seat 5: nastja336 ($104.48 in chips) 
Seat 6: CichiChanMarian ($162.69 in chips) 
HerbsStars: posts small blind $0.50
Xenicide: posts big blind $1
*** HOLE CARDS ***
tintin641: folds 
Seavus10: folds 
nastja336: raises $1.50 to $2.50
CichiChanMarian: raises $5.50 to $8
HerbsStars: folds 
Xenicide: folds 
nastja336: folds 
Uncalled bet ($5.50) returned to CichiChanMarian
CichiChanMarian collected $6.50 from pot
CichiChanMarian: doesn't show hand 
*** SUMMARY ***
Total pot $6.50 | Rake $0 
Seat 1: HerbsStars (small blind) folded before Flop
Seat 2: Xenicide (big blind) folded before Flop
Seat 3: tintin641 folded before Flop (didn't bet)
Seat 4: Seavus10 folded before Flop (didn't bet)
Seat 5: nastja336 folded before Flop
Seat 6: CichiChanMarian (button) collected ($6.50)



PokerStars Hand #254742317766:  Hold'em No Limit ($0.50/$1.00 USD) - 2025/02/06 0:01:06 WET [2025/02/06 19:01:06 ET]
Table 'Andromeda II' 6-max Seat #1 is the button
Seat 1: HerbsStars ($85.68 in chips) 
Seat 2: Xenicide ($146.19 in chips) 
Seat 3: tintin641 ($111.94 in chips) 
Seat 4: Seavus10 ($100 in chips) 
Seat 5: nastja336 ($101.98 in chips) 
Seat 6: CichiChanMarian ($166.69 in chips) 
Xenicide: posts small blind $0.50
tintin641: posts big blind $1
*** HOLE CARDS ***
Seavus10: folds 
nastja336: folds 
CichiChanMarian: folds 
HerbsStars: calls $1
Xenicide: raises $4.50 to $5.50
tintin641: folds 
HerbsStars: folds 
Uncalled bet ($4.50) returned to Xenicide
Xenicide collected $3 from pot
*** SUMMARY ***
Total pot $3 | Rake $0 
Seat 1: HerbsStars (button) folded before Flop
Seat 2: Xenicide (small blind) collected ($3)
Seat 3: tintin641 (big blind) folded before Flop
Seat 4: Seavus10 folded before Flop (didn't bet)
Seat 5: nastja336 folded before Flop (didn't bet)
Seat 6: CichiChanMarian folded before Flop (didn't bet)



PokerStars Hand #254742324257:  Hold'em No Limit ($0.50/$1.00 USD) - 2025/02/06 0:01:37 WET [2025/02/06 19:01:37 ET]
Table 'Andromeda II' 6-max Seat #2 is the button
Seat 1: HerbsStars ($84.68 in chips) 
Seat 2: Xenicide ($148.19 in chips) 
Seat 3: tintin641 ($110.94 in chips) 
Seat 4: Seavus10 ($100 in chips) 
Seat 5: nastja336 ($101.98 in chips) 
Seat 6: CichiChanMarian ($166.69 in chips) 
tintin641: posts small blind $0.50
Seavus10: posts big blind $1
*** HOLE CARDS ***
nastja336: folds 
CichiChanMarian: raises $1.50 to $2.50
HerbsStars: folds 
Xenicide: folds 
tintin641: folds 
Seavus10: calls $1.50
*** FLOP *** [Ad Ac 8h]
Seavus10: checks 
CichiChanMarian: bets $1.30
Seavus10: raises $3.60 to $4.90
CichiChanMarian: folds 
Uncalled bet ($3.60) returned to Seavus10
Seavus10 collected $7.70 from pot
Seavus10: doesn't show hand 
*** SUMMARY ***
Total pot $8.10 | Rake $0.40 
Board [Ad Ac 8h]
Seat 1: HerbsStars folded before Flop (didn't bet)
Seat 2: Xenicide (button) folded before Flop (didn't bet)
Seat 3: tintin641 (small blind) folded before Flop
Seat 4: Seavus10 (big blind) collected ($7.70)
Seat 5: nastja336 folded before Flop (didn't bet)
Seat 6: CichiChanMarian folded on the Flop



PokerStars Hand #254742333921:  Hold'em No Limit ($0.50/$1.00 USD) - 2025/02/06 0:02:22 WET [2025/02/06 19:02:22 ET]
Table 'Andromeda II' 6-max Seat #3 is the button
Seat 1: HerbsStars ($84.68 in chips) 
Seat 2: Xenicide ($148.19 in chips) 
Seat 3: tintin641 ($110.44 in chips) 
Seat 4: Seavus10 ($103.90 in chips) 
Seat 5: nastja336 ($101.98 in chips) 
Seat 6: CichiChanMarian ($162.89 in chips) 
Seavus10: posts small blind $0.50
nastja336: posts big blind $1
*** HOLE CARDS ***
CichiChanMarian: folds 
HerbsStars: folds 
Xenicide: raises $1 to $2
tintin641: folds 
Seavus10: folds 
nastja336: folds 
Uncalled bet ($1) returned to Xenicide
Xenicide collected $2.50 from pot
*** SUMMARY ***
Total pot $2.50 | Rake $0 
Seat 1: HerbsStars folded before Flop (didn't bet)
Seat 2: Xenicide collected ($2.50)
Seat 3: tintin641 (button) folded before Flop (didn't bet)
Seat 4: Seavus10 (small blind) folded before Flop
Seat 5: nastja336 (big blind) folded before Flop
Seat 6: CichiChanMarian folded before Flop (didn't bet)



PokerStars Hand #254742339236:  Hold'em No Limit ($0.50/$1.00 USD) - 2025/02/06 0:02:47 WET [2025/02/06 19:02:47 ET]
Table 'Andromeda II' 6-max Seat #4 is the button
Seat 1: HerbsStars ($84.68 in chips) 
Seat 2: Xenicide ($149.69 in chips) 
Seat 3: tintin641 ($110.44 in chips) 
Seat 4: Seavus10 ($103.40 in chips) 
Seat 5: nastja336 ($100.98 in chips) 
Seat 6: CichiChanMarian ($162.89 in chips) 
nastja336: posts small blind $0.50
CichiChanMarian: posts big blind $1
*** HOLE CARDS ***
HerbsStars: folds 
Xenicide: folds 
tintin641: raises $1.50 to $2.50
Seavus10: folds 
nastja336: raises $9.50 to $12
CichiChanMarian: folds 
tintin641: folds 
Uncalled bet ($9.50) returned to nastja336
nastja336 collected $6 from pot
nastja336: doesn't show hand 
*** SUMMARY ***
Total pot $6 | Rake $0 
Seat 1: HerbsStars folded before Flop (didn't bet)
Seat 2: Xenicide folded before Flop (didn't bet)
Seat 3: tintin641 folded before Flop
Seat 4: Seavus10 (button) folded before Flop (didn't bet)
Seat 5: nastja336 (small blind) collected ($6)
Seat 6: CichiChanMarian (big blind) folded before Flop



PokerStars Hand #254742346487:  Hold'em No Limit ($0.50/$1.00 USD) - 2025/02/06 0:03:20 WET [2025/02/06 19:03:20 ET]
Table 'Andromeda II' 6-max Seat #5 is the button
Seat 1: HerbsStars ($84.68 in chips) 
Seat 2: Xenicide ($149.69 in chips) 
Seat 3: tintin641 ($107.94 in chips) 
Seat 4: Seavus10 ($103.40 in chips) 
Seat 5: nastja336 ($104.48 in chips) 
Seat 6: CichiChanMarian ($161.89 in chips) 
CichiChanMarian: posts small blind $0.50
HerbsStars: posts big blind $1
*** HOLE CARDS ***
Xenicide: raises $1 to $2
tintin641: folds 
Seavus10: folds 
nastja336: folds 
CichiChanMarian: folds 
HerbsStars: calls $1
*** FLOP *** [3h Ac 4s]
HerbsStars: checks 
Xenicide: bets $1.07
HerbsStars: calls $1.07
*** TURN *** [3h Ac 4s] [Qs]
HerbsStars: checks 
Xenicide: checks 
*** RIVER *** [3h Ac 4s Qs] [4c]
HerbsStars: bets $3.16
Xenicide: calls $3.16
*** SHOW DOWN ***
HerbsStars: shows [5d 4d] (three of a kind, Fours)
Xenicide: mucks hand 
HerbsStars collected $12.31 from pot
*** SUMMARY ***
Total pot $12.96 | Rake $0.65 
Board [3h Ac 4s Qs 4c]
Seat 1: HerbsStars (big blind) showed [5d 4d] and won ($12.31) with three of a kind, Fours
Seat 2: Xenicide mucked
Seat 3: tintin641 folded before Flop (didn't bet)
Seat 4: Seavus10 folded before Flop (didn't bet)
Seat 5: nastja336 (button) folded before Flop (didn't bet)
Seat 6: CichiChanMarian (small blind) folded before Flop



PokerStars Hand #254742359703:  Hold'em No Limit ($0.50/$1.00 USD) - 2025/02/06 0:04:22 WET [2025/02/06 19:04:22 ET]
Table 'Andromeda II' 6-max Seat #6 is the button
Seat 1: HerbsStars ($90.76 in chips) 
Seat 2: Xenicide ($143.46 in chips) 
Seat 3: tintin641 ($107.94 in chips) 
Seat 4: Seavus10 ($103.40 in chips) 
Seat 5: nastja336 ($104.48 in chips) 
Seat 6: CichiChanMarian ($161.39 in chips) 
HerbsStars: posts small blind $0.50
Xenicide: posts big blind $1
*** HOLE CARDS ***
tintin641: folds 
Seavus10: folds 
nastja336: folds 
CichiChanMarian: raises $1.50 to $2.50
HerbsStars: folds 
Xenicide: calls $1.50
*** FLOP *** [Jd 8c Ts]
Xenicide: checks 
CichiChanMarian: bets $1.72
Xenicide: folds 
Uncalled bet ($1.72) returned to CichiChanMarian
CichiChanMarian collected $5.22 from pot
CichiChanMarian: doesn't show hand 
*** SUMMARY ***
Total pot $5.50 | Rake $0.28 
Board [Jd 8c Ts]
Seat 1: HerbsStars (small blind) folded before Flop
Seat 2: Xenicide (big blind) folded on the Flop
Seat 3: tintin641 folded before Flop (didn't bet)
Seat 4: Seavus10 folded before Flop (didn't bet)
Seat 5: nastja336 folded before Flop (didn't bet)
Seat 6: CichiChanMarian (button) collected ($5.22)



PokerStars Hand #254742368714:  Hold'em No Limit ($0.50/$1.00 USD) - 2025/02/06 0:05:04 WET [2025/02/06 19:05:04 ET]
Table 'Andromeda II' 6-max Seat #1 is the button
Seat 1: HerbsStars ($90.26 in chips) 
Seat 2: Xenicide ($140.96 in chips) 
Seat 3: tintin641 ($107.94 in chips) 
Seat 4: Seavus10 ($103.40 in chips) 
Seat 5: nastja336 ($104.48 in chips) 
Seat 6: CichiChanMarian ($164.11 in chips) 
Xenicide: posts small blind $0.50
tintin641: posts big blind $1
*** HOLE CARDS ***
Seavus10: folds 
nastja336: raises $1.50 to $2.50
CichiChanMarian: folds 
HerbsStars: folds 
Xenicide: folds 
tintin641: folds 
Uncalled bet ($1.50) returned to nastja336
nastja336 collected $2.50 from pot
nastja336: doesn't show hand 
*** SUMMARY ***
Total pot $2.50 | Rake $0 
Seat 1: HerbsStars (button) folded before Flop (didn't bet)
Seat 2: Xenicide (small blind) folded before Flop
Seat 3: tintin641 (big blind) folded before Flop
Seat 4: Seavus10 folded before Flop (didn't bet)
Seat 5: nastja336 collected ($2.50)
Seat 6: CichiChanMarian folded before Flop (didn't bet)



PokerStars Hand #254742372822:  Hold'em No Limit ($0.50/$1.00 USD) - 2025/02/06 0:05:23 WET [2025/02/06 19:05:23 ET]
Table 'Andromeda II' 6-max Seat #2 is the button
Seat 1: HerbsStars ($90.26 in chips) 
Seat 2: Xenicide ($140.46 in chips) 
Seat 3: tintin641 ($106.94 in chips) 
Seat 4: Seavus10 ($103.40 in chips) 
Seat 5: nastja336 ($105.98 in chips) 
Seat 6: CichiChanMarian ($164.11 in chips) 
tintin641: posts small blind $0.50
Seavus10: posts big blind $1
*** HOLE CARDS ***
nastja336: raises $1.50 to $2.50
CichiChanMarian: folds 
HerbsStars: calls $2.50
Xenicide: folds 
tintin641: folds 
Seavus10: folds 
*** FLOP *** [Kh Ad 3c]
nastja336: checks 
HerbsStars: checks 
*** TURN *** [Kh Ad 3c] [8d]
nastja336: checks 
HerbsStars: checks 
*** RIVER *** [Kh Ad 3c 8d] [5c]
nastja336: checks 
HerbsStars: bets $3.09
nastja336: folds 
Uncalled bet ($3.09) returned to HerbsStars
HerbsStars collected $6.18 from pot
HerbsStars: doesn't show hand 
*** SUMMARY ***
Total pot $6.50 | Rake $0.32 
Board [Kh Ad 3c 8d 5c]
Seat 1: HerbsStars collected ($6.18)
Seat 2: Xenicide (button) folded before Flop (didn't bet)
Seat 3: tintin641 (small blind) folded before Flop
Seat 4: Seavus10 (big blind) folded before Flop
Seat 5: nastja336 folded on the River
Seat 6: CichiChanMarian folded before Flop (didn't bet)



PokerStars Hand #254742381931:  Hold'em No Limit ($0.50/$1.00 USD) - 2025/02/06 0:06:06 WET [2025/02/06 19:06:06 ET]
Table 'Andromeda II' 6-max Seat #3 is the button
Seat 1: HerbsStars ($93.94 in chips) 
Seat 2: Xenicide ($140.46 in chips) 
Seat 3: tintin641 ($106.44 in chips) 
Seat 4: Seavus10 ($102.40 in chips) 
Seat 5: nastja336 ($103.48 in chips) 
Seat 6: CichiChanMarian ($164.11 in chips) 
Seavus10: posts small blind $0.50
nastja336: posts big blind $1
*** HOLE CARDS ***
CichiChanMarian: folds 
HerbsStars: folds 
Xenicide: folds 
tintin641: folds 
Seavus10: folds 
Uncalled bet ($0.50) returned to nastja336
nastja336 collected $1 from pot
nastja336: doesn't show hand 
*** SUMMARY ***
Total pot $1 | Rake $0 
Seat 1: HerbsStars folded before Flop (didn't bet)
Seat 2: Xenicide folded before Flop (didn't bet)
Seat 3: tintin641 (button) folded before Flop (didn't bet)
Seat 4: Seavus10 (small blind) folded before Flop
Seat 5: nastja336 (big blind) collected ($1)
Seat 6: CichiChanMarian folded before Flop (didn't bet)



PokerStars Hand #254742385949:  Hold'em No Limit ($0.50/$1.00 USD) - 2025/02/06 0:06:25 WET [2025/02/06 19:06:25 ET]
Table 'Andromeda II' 6-max Seat #4 is the button
Seat 1: HerbsStars ($93.94 in chips) 
Seat 2: Xenicide ($140.46 in chips) 
Seat 3: tintin641 ($106.44 in chips) 
Seat 4: Seavus10 ($101.90 in chips) 
Seat 5: nastja336 ($103.98 in chips) 
Seat 6: CichiChanMarian ($164.11 in chips) 
nastja336: posts small blind $0.50
CichiChanMarian: posts big blind $1
*** HOLE CARDS ***
HerbsStars: folds 
Xenicide: folds 
tintin641: folds 
Seavus10: folds 
nastja336: raises $2 to $3
CichiChanMarian: folds 
Uncalled bet ($2) returned to nastja336
nastja336 collected $2 from pot
nastja336: doesn't show hand 
*** SUMMARY ***
Total pot $2 | Rake $0 
Seat 1: HerbsStars folded before Flop (didn't bet)
Seat 2: Xenicide folded before Flop (didn't bet)
Seat 3: tintin641 folded before Flop (didn't bet)
Seat 4: Seavus10 (button) folded before Flop (didn't bet)
Seat 5: nastja336 (small blind) collected ($2)
Seat 6: CichiChanMarian (big blind) folded before Flop



PokerStars Hand #254742393519:  Hold'em No Limit ($0.50/$1.00 USD) - 2025/02/06 0:07:00 WET [2025/02/06 19:07:00 ET]
Table 'Andromeda II' 6-max Seat #5 is the button
Seat 1: HerbsStars ($93.94 in chips) 
Seat 2: Xenicide ($140.46 in chips) 
Seat 3: tintin641 ($106.44 in chips) 
Seat 4: Seavus10 ($101.90 in chips) 
Seat 5: nastja336 ($104.98 in chips) 
Seat 6: CichiChanMarian ($163.11 in chips) 
CichiChanMarian: posts small blind $0.50
HerbsStars: posts big blind $1
*** HOLE CARDS ***
Xenicide: folds 
tintin641: folds 
Seavus10: folds 
nastja336: folds 
CichiChanMarian: raises $2 to $3
HerbsStars: folds 
Uncalled bet ($2) returned to CichiChanMarian
CichiChanMarian collected $2 from pot
CichiChanMarian: doesn't show hand 
*** SUMMARY ***
Total pot $2 | Rake $0 
Seat 1: HerbsStars (big blind) folded before Flop
Seat 2: Xenicide folded before Flop (didn't bet)
Seat 3: tintin641 folded before Flop (didn't bet)
Seat 4: Seavus10 folded before Flop (didn't bet)
Seat 5: nastja336 (button) folded before Flop (didn't bet)
Seat 6: CichiChanMarian (small blind) collected ($2)



PokerStars Hand #254742399037:  Hold'em No Limit ($0.50/$1.00 USD) - 2025/02/06 0:07:27 WET [2025/02/06 19:07:27 ET]
Table 'Andromeda II' 6-max Seat #6 is the button
Seat 1: HerbsStars ($92.94 in chips) 
Seat 2: Xenicide ($140.46 in chips) 
Seat 3: tintin641 ($106.44 in chips) 
Seat 4: Seavus10 ($101.90 in chips) 
Seat 5: nastja336 ($104.98 in chips) 
Seat 6: CichiChanMarian ($164.11 in chips) 
HerbsStars: posts small blind $0.50
Xenicide: posts big blind $1
*** HOLE CARDS ***
tintin641: folds 
Seavus10: folds 
nastja336: folds 
CichiChanMarian: raises $1.50 to $2.50
HerbsStars: folds 
Xenicide: raises $7.50 to $10
CichiChanMarian: folds 
Uncalled bet ($7.50) returned to Xenicide
Xenicide collected $5.50 from pot
Xenicide: doesn't show hand 
*** SUMMARY ***
Total pot $5.50 | Rake $0 
Seat 1: HerbsStars (small blind) folded before Flop
Seat 2: Xenicide (big blind) collected ($5.50)
Seat 3: tintin641 folded before Flop (didn't bet)
Seat 4: Seavus10 folded before Flop (didn't bet)
Seat 5: nastja336 folded before Flop (didn't bet)
Seat 6: CichiChanMarian (button) folded before Flop



PokerStars Hand #254742406580:  Hold'em No Limit ($0.50/$1.00 USD) - 2025/02/06 0:08:03 WET [2025/02/06 19:08:03 ET]
Table 'Andromeda II' 6-max Seat #1 is the button
Seat 1: HerbsStars ($92.44 in chips) 
Seat 2: Xenicide ($143.46 in chips) 
Seat 3: tintin641 ($106.44 in chips) 
Seat 4: Seavus10 ($101.90 in chips) 
Seat 5: nastja336 ($104.98 in chips) 
Seat 6: CichiChanMarian ($161.61 in chips) 
Xenicide: posts small blind $0.50
tintin641: posts big blind $1
*** HOLE CARDS ***
Seavus10: folds 
nastja336: folds 
CichiChanMarian: raises $1.50 to $2.50
HerbsStars: calls $2.50
Xenicide: folds 
tintin641: folds 
*** FLOP *** [2d As Kd]
CichiChanMarian: checks 
HerbsStars: checks 
*** TURN *** [2d As Kd] [Td]
CichiChanMarian: bets $3.09
HerbsStars: folds 
Uncalled bet ($3.09) returned to CichiChanMarian
CichiChanMarian collected $6.18 from pot
CichiChanMarian: doesn't show hand 
*** SUMMARY ***
Total pot $6.50 | Rake $0.32 
Board [2d As Kd Td]
Seat 1: HerbsStars (button) folded on the Turn
Seat 2: Xenicide (small blind) folded before Flop
Seat 3: tintin641 (big blind) folded before Flop
Seat 4: Seavus10 folded before Flop (didn't bet)
Seat 5: nastja336 folded before Flop (didn't bet)
Seat 6: CichiChanMarian collected ($6.18)



PokerStars Hand #254742413846:  Hold'em No Limit ($0.50/$1.00 USD) - 2025/02/06 0:08:37 WET [2025/02/06 19:08:37 ET]
Table 'Andromeda II' 6-max Seat #2 is the button
Seat 1: HerbsStars ($89.94 in chips) 
Seat 2: Xenicide ($142.96 in chips) 
Seat 3: tintin641 ($105.44 in chips) 
Seat 4: Seavus10 ($101.90 in chips) 
Seat 5: nastja336 ($104.98 in chips) 
Seat 6: CichiChanMarian ($165.29 in chips) 
tintin641: posts small blind $0.50
Seavus10: posts big blind $1
*** HOLE CARDS ***
nastja336: folds 
CichiChanMarian: raises $1.50 to $2.50
HerbsStars: calls $2.50
Xenicide: folds 
tintin641: folds 
Seavus10: calls $1.50
*** FLOP *** [2h 8d 7s]
Seavus10: checks 
CichiChanMarian: checks 
HerbsStars: checks 
*** TURN *** [2h 8d 7s] [Ac]
Seavus10: checks 
CichiChanMarian: bets $5.02
HerbsStars: calls $5.02
Seavus10: folds 
*** RIVER *** [2h 8d 7s Ac] [4d]
CichiChanMarian: checks 
HerbsStars: bets $8.57
CichiChanMarian: folds 
Uncalled bet ($8.57) returned to HerbsStars
HerbsStars collected $17.14 from pot
HerbsStars: doesn't show hand 
*** SUMMARY ***
Total pot $18.04 | Rake $0.90 
Board [2h 8d 7s Ac 4d]
Seat 1: HerbsStars collected ($17.14)
Seat 2: Xenicide (button) folded before Flop (didn't bet)
Seat 3: tintin641 (small blind) folded before Flop
Seat 4: Seavus10 (big blind) folded on the Turn
Seat 5: nastja336 folded before Flop (didn't bet)
Seat 6: CichiChanMarian folded on the River



PokerStars Hand #254742431593:  Hold'em No Limit ($0.50/$1.00 USD) - 2025/02/06 0:10:02 WET [2025/02/06 19:10:02 ET]
Table 'Andromeda II' 6-max Seat #3 is the button
Seat 1: HerbsStars ($99.56 in chips) 
Seat 2: Xenicide ($142.96 in chips) 
Seat 3: tintin641 ($104.94 in chips) 
Seat 4: Seavus10 ($100 in chips) 
Seat 5: nastja336 ($104.98 in chips) 
Seat 6: CichiChanMarian ($157.77 in chips) 
Seavus10: posts small blind $0.50
nastja336: posts big blind $1
*** HOLE CARDS ***
CichiChanMarian: folds 
HerbsStars: folds 
Xenicide: folds 
tintin641: raises $1.50 to $2.50
Seavus10: folds 
nastja336: folds 
Uncalled bet ($1.50) returned to tintin641
tintin641 collected $2.50 from pot
tintin641: doesn't show hand 
*** SUMMARY ***
Total pot $2.50 | Rake $0 
Seat 1: HerbsStars folded before Flop (didn't bet)
Seat 2: Xenicide folded before Flop (didn't bet)
Seat 3: tintin641 (button) collected ($2.50)
Seat 4: Seavus10 (small blind) folded before Flop
Seat 5: nastja336 (big blind) folded before Flop
Seat 6: CichiChanMarian folded before Flop (didn't bet)



PokerStars Hand #254742437712:  Hold'em No Limit ($0.50/$1.00 USD) - 2025/02/06 0:10:32 WET [2025/02/06 19:10:32 ET]
Table 'Andromeda II' 6-max Seat #4 is the button
Seat 1: HerbsStars ($99.56 in chips) 
Seat 2: Xenicide ($142.96 in chips) 
Seat 3: tintin641 ($106.44 in chips) 
Seat 4: Seavus10 ($100 in chips) 
Seat 5: nastja336 ($103.98 in chips) 
Seat 6: CichiChanMarian ($157.77 in chips) 
nastja336: posts small blind $0.50
CichiChanMarian: posts big blind $1
*** HOLE CARDS ***
HerbsStars: calls $1
Xenicide: raises $3 to $4
tintin641: folds 
Seavus10: folds 
nastja336: folds 
CichiChanMarian: folds 
HerbsStars: calls $3
*** FLOP *** [7s Qh 8h]
HerbsStars: checks 
Xenicide: checks 
*** TURN *** [7s Qh 8h] [Ts]
HerbsStars: checks 
Xenicide: checks 
*** RIVER *** [7s Qh 8h Ts] [2s]
HerbsStars: bets $9.02
Xenicide: calls $9.02
*** SHOW DOWN ***
HerbsStars: shows [Jh 4h] (high card Queen)
Xenicide: shows [Td Js] (a pair of Tens)
Xenicide collected $26.16 from pot
*** SUMMARY ***
Total pot $27.54 | Rake $1.38 
Board [7s Qh 8h Ts 2s]
Seat 1: HerbsStars showed [Jh 4h] and lost with high card Queen
Seat 2: Xenicide showed [Td Js] and won ($26.16) with a pair of Tens
Seat 3: tintin641 folded before Flop (didn't bet)
Seat 4: Seavus10 (button) folded before Flop (didn't bet)
Seat 5: nastja336 (small blind) folded before Flop
Seat 6: CichiChanMarian (big blind) folded before Flop



PokerStars Hand #254742450084:  Hold'em No Limit ($0.50/$1.00 USD) - 2025/02/06 0:11:31 WET [2025/02/06 19:11:31 ET]
Table 'Andromeda II' 6-max Seat #5 is the button
Seat 1: HerbsStars ($86.54 in chips) 
Seat 2: Xenicide ($156.10 in chips) 
Seat 3: tintin641 ($106.44 in chips) 
Seat 4: Seavus10 ($100 in chips) 
Seat 5: nastja336 ($103.48 in chips) 
Seat 6: CichiChanMarian ($156.77 in chips) 
CichiChanMarian: posts small blind $0.50
HerbsStars: posts big blind $1
*** HOLE CARDS ***
Xenicide: folds 
tintin641: raises $1.50 to $2.50
Seavus10: raises $5 to $7.50
nastja336: folds 
CichiChanMarian: folds 
HerbsStars: calls $6.50
tintin641: folds 
*** FLOP *** [2s 6d 8c]
HerbsStars: bets $6
Seavus10: folds 
Uncalled bet ($6) returned to HerbsStars
HerbsStars collected $17.10 from pot
HerbsStars: doesn't show hand 
*** SUMMARY ***
Total pot $18 | Rake $0.90 
Board [2s 6d 8c]
Seat 1: HerbsStars (big blind) collected ($17.10)
Seat 2: Xenicide folded before Flop (didn't bet)
Seat 3: tintin641 folded before Flop
Seat 4: Seavus10 folded on the Flop
Seat 5: nastja336 (button) folded before Flop (didn't bet)
Seat 6: CichiChanMarian (small blind) folded before Flop



PokerStars Hand #254742458625:  Hold'em No Limit ($0.50/$1.00 USD) - 2025/02/06 0:12:12 WET [2025/02/06 19:12:12 ET]
Table 'Andromeda II' 6-max Seat #6 is the button
Seat 1: HerbsStars ($96.14 in chips) 
Seat 2: Xenicide ($156.10 in chips) 
Seat 3: tintin641 ($103.94 in chips) 
Seat 4: Seavus10 ($100 in chips) 
Seat 5: nastja336 ($103.48 in chips) 
Seat 6: CichiChanMarian ($156.27 in chips) 
HerbsStars: posts small blind $0.50
Xenicide: posts big blind $1
*** HOLE CARDS ***
tintin641: folds 
Seavus10: raises $1.20 to $2.20
nastja336: folds 
CichiChanMarian: folds 
HerbsStars: folds 
Xenicide: folds 
Uncalled bet ($1.20) returned to Seavus10
Seavus10 collected $2.50 from pot
Seavus10: doesn't show hand 
*** SUMMARY ***
Total pot $2.50 | Rake $0 
Seat 1: HerbsStars (small blind) folded before Flop
Seat 2: Xenicide (big blind) folded before Flop
Seat 3: tintin641 folded before Flop (didn't bet)
Seat 4: Seavus10 collected ($2.50)
Seat 5: nastja336 folded before Flop (didn't bet)
Seat 6: CichiChanMarian (button) folded before Flop (didn't bet)



PokerStars Hand #254742462265:  Hold'em No Limit ($0.50/$1.00 USD) - 2025/02/06 0:12:30 WET [2025/02/06 19:12:30 ET]
Table 'Andromeda II' 6-max Seat #1 is the button
Seat 1: HerbsStars ($95.64 in chips) 
Seat 2: Xenicide ($155.10 in chips) 
Seat 3: tintin641 ($103.94 in chips) 
Seat 4: Seavus10 ($101.50 in chips) 
Seat 5: nastja336 ($103.48 in chips) 
Seat 6: CichiChanMarian ($156.27 in chips) 
Xenicide: posts small blind $0.50
tintin641: posts big blind $1
*** HOLE CARDS ***
Seavus10: folds 
nastja336: folds 
CichiChanMarian: folds 
HerbsStars: raises $2 to $3
Xenicide: folds 
tintin641: folds 
Uncalled bet ($2) returned to HerbsStars
HerbsStars collected $2.50 from pot
HerbsStars: doesn't show hand 
*** SUMMARY ***
Total pot $2.50 | Rake $0 
Seat 1: HerbsStars (button) collected ($2.50)
Seat 2: Xenicide (small blind) folded before Flop
Seat 3: tintin641 (big blind) folded before Flop
Seat 4: Seavus10 folded before Flop (didn't bet)
Seat 5: nastja336 folded before Flop (didn't bet)
Seat 6: CichiChanMarian folded before Flop (didn't bet)



PokerStars Hand #254742468451:  Hold'em No Limit ($0.50/$1.00 USD) - 2025/02/06 0:13:00 WET [2025/02/06 19:13:00 ET]
Table 'Andromeda II' 6-max Seat #2 is the button
Seat 1: HerbsStars ($97.14 in chips) 
Seat 2: Xenicide ($154.60 in chips) 
Seat 3: tintin641 ($102.94 in chips) 
Seat 4: Seavus10 ($101.50 in chips) 
Seat 5: nastja336 ($103.48 in chips) 
Seat 6: CichiChanMarian ($156.27 in chips) 
tintin641: posts small blind $0.50
Seavus10: posts big blind $1
*** HOLE CARDS ***
nastja336: folds 
CichiChanMarian: raises $1.50 to $2.50
HerbsStars: calls $2.50
Xenicide: folds 
tintin641: folds 
Seavus10: folds 
*** FLOP *** [3h Td 5d]
CichiChanMarian: checks 
HerbsStars: checks 
*** TURN *** [3h Td 5d] [6c]
CichiChanMarian: checks 
HerbsStars: checks 
*** RIVER *** [3h Td 5d 6c] [Ts]
CichiChanMarian: checks 
HerbsStars: bets $3.09
CichiChanMarian: calls $3.09
*** SHOW DOWN ***
HerbsStars: shows [Ks Js] (a pair of Tens)
CichiChanMarian: shows [Kh 5h] (two pair, Tens and Fives)
CichiChanMarian collected $12.05 from pot
*** SUMMARY ***
Total pot $12.68 | Rake $0.63 
Board [3h Td 5d 6c Ts]
Seat 1: HerbsStars showed [Ks Js] and lost with a pair of Tens
Seat 2: Xenicide (button) folded before Flop (didn't bet)
Seat 3: tintin641 (small blind) folded before Flop
Seat 4: Seavus10 (big blind) folded before Flop
Seat 5: nastja336 folded before Flop (didn't bet)
Seat 6: CichiChanMarian showed [Kh 5h] and won ($12.05) with two pair, Tens and Fives



PokerStars Hand #254742481067:  Hold'em No Limit ($0.50/$1.00 USD) - 2025/02/06 0:14:01 WET [2025/02/06 19:14:01 ET]
Table 'Andromeda II' 6-max Seat #3 is the button
Seat 1: HerbsStars ($91.55 in chips) 
Seat 2: Xenicide ($154.60 in chips) 
Seat 3: tintin641 ($102.44 in chips) 
Seat 4: Seavus10 ($100.50 in chips) 
Seat 5: nastja336 ($103.48 in chips) 
Seat 6: CichiChanMarian ($162.73 in chips) 
Seavus10: posts small blind $0.50
nastja336: posts big blind $1
*** HOLE CARDS ***
CichiChanMarian: folds 
HerbsStars: raises $1 to $2
Xenicide: folds 
tintin641: folds 
Seavus10: folds 
nastja336: calls $1
*** FLOP *** [7d Kd Ad]
nastja336: checks 
HerbsStars: checks 
*** TURN *** [7d Kd Ad] [Jd]
nastja336: checks 
HerbsStars: checks 
*** RIVER *** [7d Kd Ad Jd] [2d]
nastja336: bets $5.69
HerbsStars: folds 
Uncalled bet ($5.69) returned to nastja336
nastja336 collected $4.28 from pot
nastja336: doesn't show hand 
*** SUMMARY ***
Total pot $4.50 | Rake $0.22 
Board [7d Kd Ad Jd 2d]
Seat 1: HerbsStars folded on the River
Seat 2: Xenicide folded before Flop (didn't bet)
Seat 3: tintin641 (button) folded before Flop (didn't bet)
Seat 4: Seavus10 (small blind) folded before Flop
Seat 5: nastja336 (big blind) collected ($4.28)
Seat 6: CichiChanMarian folded before Flop (didn't bet)



PokerStars Hand #254742493376:  Hold'em No Limit ($0.50/$1.00 USD) - 2025/02/06 0:15:00 WET [2025/02/06 19:15:00 ET]
Table 'Andromeda II' 6-max Seat #4 is the button
Seat 1: HerbsStars ($89.55 in chips) 
Seat 2: Xenicide ($154.60 in chips) 
Seat 3: tintin641 ($102.44 in chips) 
Seat 4: Seavus10 ($100 in chips) 
Seat 5: nastja336 ($105.76 in chips) 
Seat 6: CichiChanMarian ($162.73 in chips) 
nastja336: posts small blind $0.50
CichiChanMarian: posts big blind $1
*** HOLE CARDS ***
HerbsStars: raises $2.50 to $3.50
Xenicide: folds 
tintin641: folds 
Seavus10: folds 
nastja336: folds 
CichiChanMarian: calls $2.50
*** FLOP *** [Qs 7h Qc]
CichiChanMarian: checks 
HerbsStars: bets $7.12
CichiChanMarian: folds 
Uncalled bet ($7.12) returned to HerbsStars
HerbsStars collected $7.12 from pot
HerbsStars: doesn't show hand 
*** SUMMARY ***
Total pot $7.50 | Rake $0.38 
Board [Qs 7h Qc]
Seat 1: HerbsStars collected ($7.12)
Seat 2: Xenicide folded before Flop (didn't bet)
Seat 3: tintin641 folded before Flop (didn't bet)
Seat 4: Seavus10 (button) folded before Flop (didn't bet)
Seat 5: nastja336 (small blind) folded before Flop
Seat 6: CichiChanMarian (big blind) folded on the Flop



PokerStars Hand #254742507929:  Hold'em No Limit ($0.50/$1.00 USD) - 2025/02/06 0:16:11 WET [2025/02/06 19:16:11 ET]
Table 'Andromeda II' 6-max Seat #5 is the button
Seat 1: HerbsStars ($93.17 in chips) 
Seat 2: Xenicide ($154.60 in chips) 
Seat 3: tintin641 ($102.44 in chips) 
Seat 4: Seavus10 ($100 in chips) 
Seat 5: nastja336 ($105.26 in chips) 
Seat 6: CichiChanMarian ($159.23 in chips) 
CichiChanMarian: posts small blind $0.50
HerbsStars: posts big blind $1
*** HOLE CARDS ***
Xenicide: folds 
tintin641: folds 
Seavus10: folds 
nastja336: folds 
CichiChanMarian: raises $2 to $3
HerbsStars: calls $2
*** FLOP *** [Qc Jd 3c]
CichiChanMarian: checks 
HerbsStars: checks 
*** TURN *** [Qc Jd 3c] [5h]
CichiChanMarian: bets $3.76
HerbsStars: folds 
Uncalled bet ($3.76) returned to CichiChanMarian
CichiChanMarian collected $5.70 from pot
CichiChanMarian: doesn't show hand 
*** SUMMARY ***
Total pot $6 | Rake $0.30 
Board [Qc Jd 3c 5h]
Seat 1: HerbsStars (big blind) folded on the Turn
Seat 2: Xenicide folded before Flop (didn't bet)
Seat 3: tintin641 folded before Flop (didn't bet)
Seat 4: Seavus10 folded before Flop (didn't bet)
Seat 5: nastja336 (button) folded before Flop (didn't bet)
Seat 6: CichiChanMarian (small blind) collected ($5.70)



PokerStars Hand #254742514829:  Hold'em No Limit ($0.50/$1.00 USD) - 2025/02/06 0:16:45 WET [2025/02/06 19:16:45 ET]
Table 'Andromeda II' 6-max Seat #6 is the button
Seat 1: HerbsStars ($90.17 in chips) 
Seat 2: Xenicide ($154.60 in chips) 
Seat 3: tintin641 ($102.44 in chips) 
Seat 4: Seavus10 ($100 in chips) 
Seat 5: nastja336 ($105.26 in chips) 
Seat 6: CichiChanMarian ($161.93 in chips) 
HerbsStars: posts small blind $0.50
Xenicide: posts big blind $1
*** HOLE CARDS ***
tintin641: folds 
Seavus10: folds 
nastja336: folds 
CichiChanMarian: folds 
HerbsStars: calls $0.50
Xenicide: raises $3.50 to $4.50
HerbsStars: calls $3.50
*** FLOP *** [7c 5h Qs]
HerbsStars: checks 
Xenicide: bets $2.14
HerbsStars: raises $4.86 to $7
Xenicide: calls $4.86
*** TURN *** [7c 5h Qs] [Ac]
HerbsStars: bets $10.93
Xenicide: calls $10.93
*** RIVER *** [7c 5h Qs Ac] [9c]
HerbsStars: bets $21.31
Xenicide: raises $110.86 to $132.17 and is all-in
HerbsStars: folds 
Uncalled bet ($110.86) returned to Xenicide
Xenicide collected $84.98 from pot
Xenicide: doesn't show hand 
*** SUMMARY ***
Total pot $87.48 | Rake $2.50 
Board [7c 5h Qs Ac 9c]
Seat 1: HerbsStars (small blind) folded on the River
Seat 2: Xenicide (big blind) collected ($84.98)
Seat 3: tintin641 folded before Flop (didn't bet)
Seat 4: Seavus10 folded before Flop (didn't bet)
Seat 5: nastja336 folded before Flop (didn't bet)
Seat 6: CichiChanMarian (button) folded before Flop (didn't bet)



PokerStars Hand #254742540268:  Hold'em No Limit ($0.50/$1.00 USD) - 2025/02/06 0:18:52 WET [2025/02/06 19:18:52 ET]
Table 'Andromeda II' 6-max Seat #1 is the button
Seat 3: tintin641 ($102.44 in chips) is sitting out
Seat 1: HerbsStars ($46.43 in chips) 
Seat 2: Xenicide ($195.84 in chips) 
Seat 4: Seavus10 ($100 in chips) 
Seat 5: nastja336 ($105.26 in chips) 
Seat 6: CichiChanMarian ($161.93 in chips) 
Xenicide: posts small blind $0.50
tintin641: is sitting out 
Seavus10: posts big blind $1
*** HOLE CARDS ***
tintin641 leaves the table
nastja336: folds 
CichiChanMarian: folds 
HerbsStars: raises $2.50 to $3.50
Xenicide: raises $12 to $15.50
S0NeT joins the table at seat #3 
Seavus10: folds 
HerbsStars: raises $30.93 to $46.43 and is all-in
Xenicide: calls $30.93
*** FLOP *** [8s 2c 7s]
*** TURN *** [8s 2c 7s] [7h]
*** RIVER *** [8s 2c 7s 7h] [Js]
*** SHOW DOWN ***
Xenicide: shows [9d 9h] (two pair, Nines and Sevens)
HerbsStars: shows [Jc Qh] (two pair, Jacks and Sevens)
HerbsStars collected $91.36 from pot
*** SUMMARY ***
Total pot $93.86 | Rake $2.50 
Board [8s 2c 7s 7h Js]
Seat 3: tintin641
Seat 1: HerbsStars (button) showed [Jc Qh] and won ($91.36) with two pair, Jacks and Sevens
Seat 2: Xenicide (small blind) showed [9d 9h] and lost with two pair, Nines and Sevens
Seat 4: Seavus10 (big blind) folded before Flop
Seat 5: nastja336 folded before Flop (didn't bet)
Seat 6: CichiChanMarian folded before Flop (didn't bet)



PokerStars Hand #254742546480:  Hold'em No Limit ($0.50/$1.00 USD) - 2025/02/06 0:19:23 WET [2025/02/06 19:19:23 ET]
Table 'Andromeda II' 6-max Seat #2 is the button
Seat 3: S0NeT ($100 in chips) is sitting out
Seat 4: Seavus10 ($100 in chips) is sitting out
Seat 1: HerbsStars ($100 in chips) 
Seat 2: Xenicide ($149.41 in chips) 
Seat 5: nastja336 ($105.26 in chips) 
Seat 6: CichiChanMarian ($161.93 in chips) 
nastja336: posts small blind $0.50
CichiChanMarian: posts big blind $1
*** HOLE CARDS ***
HerbsStars: calls $1
Xenicide: raises $8 to $9
nastja336: folds 
CichiChanMarian: folds 
HerbsStars: calls $8
*** FLOP *** [Qd Ac 5s]
HerbsStars: checks 
Xenicide: bets $4.63
HerbsStars: folds 
Uncalled bet ($4.63) returned to Xenicide
Xenicide collected $18.52 from pot
*** SUMMARY ***
Total pot $19.50 | Rake $0.98 
Board [Qd Ac 5s]
Seat 3: S0NeT
Seat 4: Seavus10
Seat 1: HerbsStars folded on the Flop
Seat 2: Xenicide (button) collected ($18.52)
Seat 5: nastja336 (small blind) folded before Flop
Seat 6: CichiChanMarian (big blind) folded before Flop



PokerStars Hand #254742552104:  Hold'em No Limit ($0.50/$1.00 USD) - 2025/02/06 0:19:50 WET [2025/02/06 19:19:50 ET]
Table 'Andromeda II' 6-max Seat #5 is the button
Seat 3: S0NeT ($100 in chips) is sitting out
Seat 4: Seavus10 ($100 in chips) is sitting out
Seat 1: HerbsStars ($91 in chips) 
Seat 2: Xenicide ($158.93 in chips) 
Seat 5: nastja336 ($104.76 in chips) 
Seat 6: CichiChanMarian ($160.93 in chips) 
CichiChanMarian: posts small blind $0.50
HerbsStars: posts big blind $1
S0NeT: sits out 
*** HOLE CARDS ***
Xenicide: folds 
nastja336: raises $1.50 to $2.50
CichiChanMarian: folds 
HerbsStars: calls $1.50
*** FLOP *** [9s 7s Qs]
HerbsStars: checks 
nastja336: bets $4.20
HerbsStars: calls $4.20
*** TURN *** [9s 7s Qs] [Kc]
HerbsStars: checks 
nastja336: bets $10.20
HerbsStars: folds 
Uncalled bet ($10.20) returned to nastja336
nastja336 collected $13.20 from pot
nastja336: doesn't show hand 
*** SUMMARY ***
Total pot $13.90 | Rake $0.70 
Board [9s 7s Qs Kc]
Seat 3: S0NeT
Seat 4: Seavus10
Seat 1: HerbsStars (big blind) folded on the Turn
Seat 2: Xenicide folded before Flop (didn't bet)
Seat 5: nastja336 (button) collected ($13.20)
Seat 6: CichiChanMarian (small blind) folded before Flop



PokerStars Hand #254742561270:  Hold'em No Limit ($0.50/$1.00 USD) - 2025/02/06 0:20:36 WET [2025/02/06 19:20:36 ET]
Table 'Andromeda II' 6-max Seat #6 is the button
Seat 3: S0NeT ($100 in chips) is sitting out
Seat 4: Seavus10 ($100 in chips) is sitting out
Seat 1: HerbsStars ($84.30 in chips) 
Seat 2: Xenicide ($158.93 in chips) 
Seat 5: nastja336 ($111.26 in chips) 
Seat 6: CichiChanMarian ($160.43 in chips) 
HerbsStars: posts small blind $0.50
Xenicide: posts big blind $1
S0NeT: sits out 
*** HOLE CARDS ***
nastja336: raises $1.50 to $2.50
CichiChanMarian: folds 
HerbsStars: folds 
Xenicide: calls $1.50
*** FLOP *** [8c Ks Th]
Xenicide: checks 
nastja336: bets $1.72
Xenicide: calls $1.72
*** TURN *** [8c Ks Th] [4s]
Xenicide: checks 
nastja336: checks 
*** RIVER *** [8c Ks Th 4s] [7d]
Xenicide: bets $2.63
nastja336: calls $2.63
*** SHOW DOWN ***
Xenicide: shows [Qh Tc] (a pair of Tens)
nastja336: shows [Qc Td] (a pair of Tens)
Xenicide collected $6.75 from pot
nastja336 collected $6.74 from pot
*** SUMMARY ***
Total pot $14.20 | Rake $0.71 
Board [8c Ks Th 4s 7d]
Seat 3: S0NeT
Seat 4: Seavus10
Seat 1: HerbsStars (small blind) folded before Flop
Seat 2: Xenicide (big blind) showed [Qh Tc] and won ($6.75) with a pair of Tens
Seat 5: nastja336 showed [Qc Td] and won ($6.74) with a pair of Tens
Seat 6: CichiChanMarian (button) folded before Flop (didn't bet)



PokerStars Hand #254742576103:  Hold'em No Limit ($0.50/$1.00 USD) - 2025/02/06 0:21:49 WET [2025/02/06 19:21:49 ET]
Table 'Andromeda II' 6-max Seat #2 is the button
Seat 1: HerbsStars ($83.80 in chips) is sitting out
Seat 3: S0NeT ($100 in chips) is sitting out
Seat 4: Seavus10 ($100 in chips) is sitting out
Seat 2: Xenicide ($158.83 in chips) 
Seat 5: nastja336 ($111.15 in chips) 
Seat 6: CichiChanMarian ($160.43 in chips) 
nastja336: posts small blind $0.50
CichiChanMarian: posts big blind $1
*** HOLE CARDS ***
Xenicide: folds 
nastja336: folds 
Uncalled bet ($0.50) returned to CichiChanMarian
CichiChanMarian collected $1 from pot
CichiChanMarian: doesn't show hand 
*** SUMMARY ***
Total pot $1 | Rake $0 
Seat 1: HerbsStars
Seat 3: S0NeT
Seat 4: Seavus10
Seat 2: Xenicide (button) folded before Flop (didn't bet)
Seat 5: nastja336 (small blind) folded before Flop
Seat 6: CichiChanMarian (big blind) collected ($1)



PokerStars Hand #254742579545:  Hold'em No Limit ($0.50/$1.00 USD) - 2025/02/06 0:22:07 WET [2025/02/06 19:22:07 ET]
Table 'Andromeda II' 6-max Seat #5 is the button
Seat 1: HerbsStars ($83.80 in chips) is sitting out
Seat 3: S0NeT ($100 in chips) is sitting out
Seat 4: Seavus10 ($100 in chips) is sitting out
Seat 2: Xenicide ($158.83 in chips) 
Seat 5: nastja336 ($110.65 in chips) 
Seat 6: CichiChanMarian ($160.93 in chips) 
CichiChanMarian: posts small blind $0.50
Xenicide: posts big blind $1
S0NeT: sits out 
*** HOLE CARDS ***
nastja336: folds 
CichiChanMarian: raises $2 to $3
Xenicide: folds 
Uncalled bet ($2) returned to CichiChanMarian
CichiChanMarian collected $2 from pot
CichiChanMarian: doesn't show hand 
*** SUMMARY ***
Total pot $2 | Rake $0 
Seat 1: HerbsStars
Seat 3: S0NeT
Seat 4: Seavus10
Seat 2: Xenicide (big blind) folded before Flop
Seat 5: nastja336 (button) folded before Flop (didn't bet)
Seat 6: CichiChanMarian (small blind) collected ($2)



PokerStars Hand #254742584924:  Hold'em No Limit ($0.50/$1.00 USD) - 2025/02/06 0:22:33 WET [2025/02/06 19:22:33 ET]
Table 'Andromeda II' 6-max Seat #6 is the button
Seat 1: HerbsStars ($83.80 in chips) is sitting out
Seat 4: Seavus10 ($100 in chips) is sitting out
Seat 2: Xenicide ($157.83 in chips) 
Seat 3: S0NeT ($100 in chips) 
Seat 5: nastja336 ($110.65 in chips) 
Seat 6: CichiChanMarian ($161.93 in chips) 
Xenicide: posts small blind $0.50
S0NeT: posts big blind $1
*** HOLE CARDS ***
nastja336: folds 
CichiChanMarian: raises $1.50 to $2.50
Xenicide: folds 
S0NeT: folds 
Uncalled bet ($1.50) returned to CichiChanMarian
CichiChanMarian collected $2.50 from pot
CichiChanMarian: doesn't show hand 
*** SUMMARY ***
Total pot $2.50 | Rake $0 
Seat 1: HerbsStars
Seat 4: Seavus10
Seat 2: Xenicide (small blind) folded before Flop
Seat 3: S0NeT (big blind) folded before Flop
Seat 5: nastja336 folded before Flop (didn't bet)
Seat 6: CichiChanMarian (button) collected ($2.50)



PokerStars Hand #254742589550:  Hold'em No Limit ($0.50/$1.00 USD) - 2025/02/06 0:22:57 WET [2025/02/06 19:22:57 ET]
Table 'Andromeda II' 6-max Seat #2 is the button
Seat 1: HerbsStars ($83.80 in chips) is sitting out
Seat 4: Seavus10 ($100 in chips) is sitting out
Seat 2: Xenicide ($157.33 in chips) 
Seat 3: S0NeT ($100 in chips) 
Seat 5: nastja336 ($110.65 in chips) 
Seat 6: CichiChanMarian ($163.43 in chips) 
S0NeT: posts small blind $0.50
nastja336: posts big blind $1
HerbsStars: sits out 
*** HOLE CARDS ***
CichiChanMarian: raises $1.50 to $2.50
Xenicide: folds 
S0NeT: folds 
nastja336: folds 
Uncalled bet ($1.50) returned to CichiChanMarian
CichiChanMarian collected $2.50 from pot
CichiChanMarian: doesn't show hand 
*** SUMMARY ***
Total pot $2.50 | Rake $0 
Seat 1: HerbsStars
Seat 4: Seavus10
Seat 2: Xenicide (button) folded before Flop (didn't bet)
Seat 3: S0NeT (small blind) folded before Flop
Seat 5: nastja336 (big blind) folded before Flop
Seat 6: CichiChanMarian collected ($2.50)



PokerStars Hand #254742593187:  Hold'em No Limit ($0.50/$1.00 USD) - 2025/02/06 0:23:15 WET [2025/02/06 19:23:15 ET]
Table 'Andromeda II' 6-max Seat #3 is the button
Seat 4: Seavus10 ($100 in chips) is sitting out
Seat 1: HerbsStars ($83.80 in chips) 
Seat 2: Xenicide ($157.33 in chips) 
Seat 3: S0NeT ($100 in chips) 
Seat 5: nastja336 ($109.65 in chips) 
Seat 6: CichiChanMarian ($164.93 in chips) 
nastja336: posts small blind $0.50
CichiChanMarian: posts big blind $1
HerbsStars: posts small & big blinds $1.50
*** HOLE CARDS ***
HerbsStars: checks 
Xenicide: folds 
S0NeT: raises $5 to $6
nastja336: folds 
CichiChanMarian: folds 
HerbsStars: calls $5
*** FLOP *** [Kd 4s 7h]
HerbsStars: checks 
S0NeT: bets $5
HerbsStars: calls $5
*** TURN *** [Kd 4s 7h] [7c]
HerbsStars: checks 
S0NeT: checks 
*** RIVER *** [Kd 4s 7h 7c] [5c]
HerbsStars: bets $11.40
S0NeT: folds 
Uncalled bet ($11.40) returned to HerbsStars
HerbsStars collected $22.80 from pot
HerbsStars: doesn't show hand 
*** SUMMARY ***
Total pot $24 | Rake $1.20 
Board [Kd 4s 7h 7c 5c]
Seat 4: Seavus10
Seat 1: HerbsStars collected ($22.80)
Seat 2: Xenicide folded before Flop (didn't bet)
Seat 3: S0NeT (button) folded on the River
Seat 5: nastja336 (small blind) folded before Flop
Seat 6: CichiChanMarian (big blind) folded before Flop



PokerStars Hand #254742609792:  Hold'em No Limit ($0.50/$1.00 USD) - 2025/02/06 0:24:38 WET [2025/02/06 19:24:38 ET]
Table 'Andromeda II' 6-max Seat #5 is the button
Seat 4: Seavus10 ($100 in chips) is sitting out
Seat 1: HerbsStars ($95.10 in chips) 
Seat 2: Xenicide ($157.33 in chips) 
Seat 3: S0NeT ($100 in chips) 
Seat 5: nastja336 ($109.15 in chips) 
Seat 6: CichiChanMarian ($163.93 in chips) 
CichiChanMarian: posts small blind $0.50
HerbsStars: posts big blind $1
Seavus10: sits out 
*** HOLE CARDS ***
Xenicide: folds 
S0NeT: folds 
nastja336: raises $1.50 to $2.50
CichiChanMarian: folds 
HerbsStars: folds 
Uncalled bet ($1.50) returned to nastja336
nastja336 collected $2.50 from pot
nastja336: doesn't show hand 
*** SUMMARY ***
Total pot $2.50 | Rake $0 
Seat 4: Seavus10
Seat 1: HerbsStars (big blind) folded before Flop
Seat 2: Xenicide folded before Flop (didn't bet)
Seat 3: S0NeT folded before Flop (didn't bet)
Seat 5: nastja336 (button) collected ($2.50)
Seat 6: CichiChanMarian (small blind) folded before Flop



PokerStars Hand #254742612227:  Hold'em No Limit ($0.50/$1.00 USD) - 2025/02/06 0:24:51 WET [2025/02/06 19:24:51 ET]
Table 'Andromeda II' 6-max Seat #6 is the button
Seat 4: Seavus10 ($100 in chips) is sitting out
Seat 1: HerbsStars ($94.10 in chips) 
Seat 2: Xenicide ($157.33 in chips) 
Seat 3: S0NeT ($100 in chips) 
Seat 5: nastja336 ($110.65 in chips) 
Seat 6: CichiChanMarian ($163.43 in chips) 
HerbsStars: posts small blind $0.50
Xenicide: posts big blind $1
Seavus10: sits out 
*** HOLE CARDS ***
S0NeT: folds 
nastja336: folds 
CichiChanMarian: folds 
HerbsStars: calls $0.50
Xenicide: raises $3.50 to $4.50
HerbsStars: calls $3.50
*** FLOP *** [As Qh 8h]
HerbsStars: checks 
Xenicide: bets $2.65
HerbsStars: folds 
Uncalled bet ($2.65) returned to Xenicide
Xenicide collected $8.55 from pot
Xenicide: doesn't show hand 
*** SUMMARY ***
Total pot $9 | Rake $0.45 
Board [As Qh 8h]
Seat 4: Seavus10
Seat 1: HerbsStars (small blind) folded on the Flop
Seat 2: Xenicide (big blind) collected ($8.55)
Seat 3: S0NeT folded before Flop (didn't bet)
Seat 5: nastja336 folded before Flop (didn't bet)
Seat 6: CichiChanMarian (button) folded before Flop (didn't bet)



PokerStars Hand #254742617134:  Hold'em No Limit ($0.50/$1.00 USD) - 2025/02/06 0:25:16 WET [2025/02/06 19:25:16 ET]
Table 'Andromeda II' 6-max Seat #1 is the button
Seat 4: Seavus10 ($100 in chips) is sitting out
Seat 1: HerbsStars ($89.60 in chips) 
Seat 2: Xenicide ($161.38 in chips) 
Seat 3: S0NeT ($100 in chips) 
Seat 5: nastja336 ($110.65 in chips) 
Seat 6: CichiChanMarian ($163.43 in chips) 
Xenicide: posts small blind $0.50
S0NeT: posts big blind $1
Seavus10: sits out 
*** HOLE CARDS ***
nastja336: folds 
CichiChanMarian: folds 
HerbsStars: calls $1
Xenicide: folds 
S0NeT: raises $5 to $6
HerbsStars: folds 
Uncalled bet ($5) returned to S0NeT
S0NeT collected $2.50 from pot
S0NeT: doesn't show hand 
*** SUMMARY ***
Total pot $2.50 | Rake $0 
Seat 4: Seavus10
Seat 1: HerbsStars (button) folded before Flop
Seat 2: Xenicide (small blind) folded before Flop
Seat 3: S0NeT (big blind) collected ($2.50)
Seat 5: nastja336 folded before Flop (didn't bet)
Seat 6: CichiChanMarian folded before Flop (didn't bet)



PokerStars Hand #254742623135:  Hold'em No Limit ($0.50/$1.00 USD) - 2025/02/06 0:25:46 WET [2025/02/06 19:25:46 ET]
Table 'Andromeda II' 6-max Seat #2 is the button
Seat 1: HerbsStars ($88.60 in chips) 
Seat 2: Xenicide ($160.88 in chips) 
Seat 3: S0NeT ($101.50 in chips) 
Seat 4: Seavus10 ($100 in chips) 
Seat 5: nastja336 ($110.65 in chips) 
Seat 6: CichiChanMarian ($163.43 in chips) 
S0NeT: posts small blind $0.50
Seavus10: posts big blind $1
*** HOLE CARDS ***
nastja336: folds 
CichiChanMarian: folds 
HerbsStars: folds 
Xenicide: folds 
S0NeT: folds 
Uncalled bet ($0.50) returned to Seavus10
Seavus10 collected $1 from pot
Seavus10: doesn't show hand 
*** SUMMARY ***
Total pot $1 | Rake $0 
Seat 1: HerbsStars folded before Flop (didn't bet)
Seat 2: Xenicide (button) folded before Flop (didn't bet)
Seat 3: S0NeT (small blind) folded before Flop
Seat 4: Seavus10 (big blind) collected ($1)
Seat 5: nastja336 folded before Flop (didn't bet)
Seat 6: CichiChanMarian folded before Flop (didn't bet)



PokerStars Hand #254742629216:  Hold'em No Limit ($0.50/$1.00 USD) - 2025/02/06 0:26:17 WET [2025/02/06 19:26:17 ET]
Table 'Andromeda II' 6-max Seat #3 is the button
Seat 1: HerbsStars ($88.60 in chips) 
Seat 2: Xenicide ($160.88 in chips) 
Seat 3: S0NeT ($101 in chips) 
Seat 4: Seavus10 ($100.50 in chips) 
Seat 5: nastja336 ($110.65 in chips) 
Seat 6: CichiChanMarian ($163.43 in chips) 
Seavus10: posts small blind $0.50
nastja336: posts big blind $1
*** HOLE CARDS ***
CichiChanMarian: folds 
HerbsStars: folds 
Xenicide: folds 
S0NeT: folds 
Seavus10: folds 
Uncalled bet ($0.50) returned to nastja336
nastja336 collected $1 from pot
nastja336: doesn't show hand 
*** SUMMARY ***
Total pot $1 | Rake $0 
Seat 1: HerbsStars folded before Flop (didn't bet)
Seat 2: Xenicide folded before Flop (didn't bet)
Seat 3: S0NeT (button) folded before Flop (didn't bet)
Seat 4: Seavus10 (small blind) folded before Flop
Seat 5: nastja336 (big blind) collected ($1)
Seat 6: CichiChanMarian folded before Flop (didn't bet)



PokerStars Hand #254742631514:  Hold'em No Limit ($0.50/$1.00 USD) - 2025/02/06 0:26:28 WET [2025/02/06 19:26:28 ET]
Table 'Andromeda II' 6-max Seat #4 is the button
Seat 1: HerbsStars ($88.60 in chips) 
Seat 2: Xenicide ($160.88 in chips) 
Seat 3: S0NeT ($101 in chips) 
Seat 4: Seavus10 ($100 in chips) 
Seat 5: nastja336 ($111.15 in chips) 
Seat 6: CichiChanMarian ($163.43 in chips) 
nastja336: posts small blind $0.50
CichiChanMarian: posts big blind $1
*** HOLE CARDS ***
HerbsStars: folds 
Xenicide: raises $1 to $2
S0NeT: folds 
Seavus10: folds 
nastja336: folds 
CichiChanMarian: folds 
Uncalled bet ($1) returned to Xenicide
Xenicide collected $2.50 from pot
*** SUMMARY ***
Total pot $2.50 | Rake $0 
Seat 1: HerbsStars folded before Flop (didn't bet)
Seat 2: Xenicide collected ($2.50)
Seat 3: S0NeT folded before Flop (didn't bet)
Seat 4: Seavus10 (button) folded before Flop (didn't bet)
Seat 5: nastja336 (small blind) folded before Flop
Seat 6: CichiChanMarian (big blind) folded before Flop



PokerStars Hand #254742636357:  Hold'em No Limit ($0.50/$1.00 USD) - 2025/02/06 0:26:53 WET [2025/02/06 19:26:53 ET]
Table 'Andromeda II' 6-max Seat #5 is the button
Seat 1: HerbsStars ($88.60 in chips) 
Seat 2: Xenicide ($162.38 in chips) 
Seat 3: S0NeT ($101 in chips) 
Seat 4: Seavus10 ($100 in chips) 
Seat 5: nastja336 ($110.65 in chips) 
Seat 6: CichiChanMarian ($162.43 in chips) 
CichiChanMarian: posts small blind $0.50
HerbsStars: posts big blind $1
*** HOLE CARDS ***
Xenicide: folds 
S0NeT: folds 
Seavus10: folds 
nastja336: folds 
CichiChanMarian: folds 
Uncalled bet ($0.50) returned to HerbsStars
HerbsStars collected $1 from pot
HerbsStars: doesn't show hand 
*** SUMMARY ***
Total pot $1 | Rake $0 
Seat 1: HerbsStars (big blind) collected ($1)
Seat 2: Xenicide folded before Flop (didn't bet)
Seat 3: S0NeT folded before Flop (didn't bet)
Seat 4: Seavus10 folded before Flop (didn't bet)
Seat 5: nastja336 (button) folded before Flop (didn't bet)
Seat 6: CichiChanMarian (small blind) folded before Flop



PokerStars Hand #254742641133:  Hold'em No Limit ($0.50/$1.00 USD) - 2025/02/06 0:27:18 WET [2025/02/06 19:27:18 ET]
Table 'Andromeda II' 6-max Seat #6 is the button
Seat 1: HerbsStars ($89.10 in chips) 
Seat 2: Xenicide ($162.38 in chips) 
Seat 3: S0NeT ($101 in chips) 
Seat 4: Seavus10 ($100 in chips) 
Seat 5: nastja336 ($110.65 in chips) 
Seat 6: CichiChanMarian ($161.93 in chips) 
HerbsStars: posts small blind $0.50
Xenicide: posts big blind $1
*** HOLE CARDS ***
S0NeT: folds 
Seavus10: folds 
nastja336: folds 
CichiChanMarian: folds 
HerbsStars: calls $0.50
Xenicide: raises $3.50 to $4.50
HerbsStars: calls $3.50
*** FLOP *** [Qs 4h 5c]
HerbsStars: checks 
Xenicide: bets $2.65
HerbsStars: raises $2.65 to $5.30
Xenicide: calls $2.65
*** TURN *** [Qs 4h 5c] [Ac]
HerbsStars: bets $11
Xenicide: calls $11
*** RIVER *** [Qs 4h 5c Ac] [2s]
HerbsStars: checks 
Xenicide: bets $68
HerbsStars: folds 
Uncalled bet ($68) returned to Xenicide
Xenicide collected $39.52 from pot
*** SUMMARY ***
Total pot $41.60 | Rake $2.08 
Board [Qs 4h 5c Ac 2s]
Seat 1: HerbsStars (small blind) folded on the River
Seat 2: Xenicide (big blind) collected ($39.52)
Seat 3: S0NeT folded before Flop (didn't bet)
Seat 4: Seavus10 folded before Flop (didn't bet)
Seat 5: nastja336 folded before Flop (didn't bet)
Seat 6: CichiChanMarian (button) folded before Flop (didn't bet)



PokerStars Hand #254742665775:  Hold'em No Limit ($0.50/$1.00 USD) - 2025/02/06 0:29:25 WET [2025/02/06 19:29:25 ET]
Table 'Andromeda II' 6-max Seat #1 is the button
Seat 1: HerbsStars ($68.30 in chips) 
Seat 2: Xenicide ($181.10 in chips) 
Seat 3: S0NeT ($101 in chips) 
Seat 4: Seavus10 ($100 in chips) 
Seat 5: nastja336 ($110.65 in chips) 
Seat 6: CichiChanMarian ($161.93 in chips) 
Xenicide: posts small blind $0.50
S0NeT: posts big blind $1
*** HOLE CARDS ***
Seavus10: folds 
nastja336: folds 
CichiChanMarian: folds 
HerbsStars: folds 
Xenicide: folds 
Uncalled bet ($0.50) returned to S0NeT
S0NeT collected $1 from pot
S0NeT: doesn't show hand 
*** SUMMARY ***
Total pot $1 | Rake $0 
Seat 1: HerbsStars (button) folded before Flop (didn't bet)
Seat 2: Xenicide (small blind) folded before Flop
Seat 3: S0NeT (big blind) collected ($1)
Seat 4: Seavus10 folded before Flop (didn't bet)
Seat 5: nastja336 folded before Flop (didn't bet)
Seat 6: CichiChanMarian folded before Flop (didn't bet)



PokerStars Hand #254742668932:  Hold'em No Limit ($0.50/$1.00 USD) - 2025/02/06 0:29:41 WET [2025/02/06 19:29:41 ET]
Table 'Andromeda II' 6-max Seat #2 is the button
Seat 1: HerbsStars ($68.30 in chips) 
Seat 2: Xenicide ($180.60 in chips) 
Seat 3: S0NeT ($101.50 in chips) 
Seat 4: Seavus10 ($100 in chips) 
Seat 5: nastja336 ($110.65 in chips) 
Seat 6: CichiChanMarian ($161.93 in chips) 
S0NeT: posts small blind $0.50
Seavus10: posts big blind $1
*** HOLE CARDS ***
nastja336: folds 
CichiChanMarian: folds 
HerbsStars: folds 
Xenicide: folds 
S0NeT: folds 
Uncalled bet ($0.50) returned to Seavus10
HerbsStars leaves the table
Seavus10 collected $1 from pot
Seavus10: doesn't show hand 
*** SUMMARY ***
Total pot $1 | Rake $0 
Seat 1: HerbsStars folded before Flop (didn't bet)
Seat 2: Xenicide (button) folded before Flop (didn't bet)
Seat 3: S0NeT (small blind) folded before Flop
Seat 4: Seavus10 (big blind) collected ($1)
Seat 5: nastja336 folded before Flop (didn't bet)
Seat 6: CichiChanMarian folded before Flop (didn't bet)



PokerStars Hand #254742671426:  Hold'em No Limit ($0.50/$1.00 USD) - 2025/02/06 0:29:54 WET [2025/02/06 19:29:54 ET]
Table 'Andromeda II' 6-max Seat #3 is the button
Seat 2: Xenicide ($180.60 in chips) 
Seat 3: S0NeT ($101 in chips) 
Seat 4: Seavus10 ($100.50 in chips) 
Seat 5: nastja336 ($110.65 in chips) 
Seat 6: CichiChanMarian ($161.93 in chips) 
Seavus10: posts small blind $0.50
nastja336: posts big blind $1
*** HOLE CARDS ***
CichiChanMarian: folds 
Xenicide: raises $1 to $2
S0NeT: folds 
Seavus10: folds 
nastja336: folds 
Uncalled bet ($1) returned to Xenicide
Xenicide collected $2.50 from pot
*** SUMMARY ***
Total pot $2.50 | Rake $0 
Seat 2: Xenicide collected ($2.50)
Seat 3: S0NeT (button) folded before Flop (didn't bet)
Seat 4: Seavus10 (small blind) folded before Flop
Seat 5: nastja336 (big blind) folded before Flop
Seat 6: CichiChanMarian folded before Flop (didn't bet)



PokerStars Hand #254742676427:  Hold'em No Limit ($0.50/$1.00 USD) - 2025/02/06 0:30:19 WET [2025/02/06 19:30:19 ET]
Table 'Andromeda II' 6-max Seat #6 is the button
Seat 2: Xenicide ($182.10 in chips) is sitting out
Seat 3: S0NeT ($101 in chips) is sitting out
Seat 5: nastja336 ($109.65 in chips) is sitting out
Seat 4: Seavus10 ($100 in chips) 
Seat 6: CichiChanMarian ($161.93 in chips) 
CichiChanMarian: posts small blind $0.50
Xenicide: is sitting out 
S0NeT: is sitting out 
Seavus10: posts big blind $1
*** HOLE CARDS ***
nastja336 leaves the table
Xenicide leaves the table
S0NeT leaves the table
CichiChanMarian: raises $2 to $3
Seavus10: folds 
Uncalled bet ($2) returned to CichiChanMarian
CichiChanMarian collected $2 from pot
CichiChanMarian: doesn't show hand 
*** SUMMARY ***
Total pot $2 | Rake $0 
Seat 2: Xenicide
Seat 3: S0NeT
Seat 5: nastja336
Seat 4: Seavus10 (big blind) folded before Flop
Seat 6: CichiChanMarian (button) (small blind) collected ($2)



