PokerStars Hand #254735206605:  Hold'em No Limit ($0.50/$1.00 USD) - 2025/02/06 16:38:58 WET [2025/02/06 11:38:58 ET]
Table 'Pia II' 6-max Seat #5 is the button
Seat 2: PayTaxOrDie ($100 in chips) 
Seat 5: ZinePablo ($100 in chips) 
ZinePablo: posts small blind $0.50
PayTaxOrDie: posts big blind $1
*** HOLE CARDS ***
ZinePablo: folds 
Uncalled bet ($0.50) returned to PayTaxOrDie
PayTaxOrDie collected $1 from pot
PayTaxOrDie: doesn't show hand 
*** SUMMARY ***
Total pot $1 | Rake $0 
Seat 2: PayTaxOrDie (big blind) collected ($1)
Seat 5: ZinePablo (button) (small blind) folded before Flop



PokerStars Hand #254735208255:  Hold'em No Limit ($0.50/$1.00 USD) - 2025/02/06 16:39:06 WET [2025/02/06 11:39:06 ET]
Table 'Pia II' 6-max Seat #2 is the button
Seat 2: PayTaxOrDie ($100.50 in chips) 
Seat 5: ZinePablo ($100 in chips) 
PayTaxOrDie: posts small blind $0.50
ZinePablo: posts big blind $1
*** HOLE CARDS ***
PayTaxOrDie: raises $1.50 to $2.50
ZinePablo: folds 
Uncalled bet ($1.50) returned to PayTaxOrDie
PayTaxOrDie collected $2 from pot
PayTaxOrDie: doesn't show hand 
*** SUMMARY ***
Total pot $2 | Rake $0 
Seat 2: PayTaxOrDie (button) (small blind) collected ($2)
Seat 5: ZinePablo (big blind) folded before Flop



PokerStars Hand #254735248622:  Hold'em No Limit ($0.50/$1.00 USD) - 2025/02/06 16:42:05 WET [2025/02/06 11:42:05 ET]
Table 'Pia II' 6-max Seat #3 is the button
Seat 1: Nice S.P. ($100 in chips) 
Seat 3: gudrozd ($100 in chips) 
Seat 5: ZinePablo ($100 in chips) 
Seat 6: binner7733 ($42.67 in chips) 
ZinePablo: posts small blind $0.50
binner7733: posts big blind $1
*** HOLE CARDS ***
Nice S.P.: folds 
gudrozd: raises $1.50 to $2.50
ZinePablo: raises $9.50 to $12
binner7733: folds 
gudrozd: folds 
Uncalled bet ($9.50) returned to ZinePablo
ZinePablo collected $6 from pot
Pon4uk.ua joins the table at seat #2 
*** SUMMARY ***
Total pot $6 | Rake $0 
Seat 1: Nice S.P. folded before Flop (didn't bet)
Seat 3: gudrozd (button) folded before Flop
Seat 5: ZinePablo (small blind) collected ($6)
Seat 6: binner7733 (big blind) folded before Flop



PokerStars Hand #254735254371:  Hold'em No Limit ($0.50/$1.00 USD) - 2025/02/06 16:42:31 WET [2025/02/06 11:42:31 ET]
Table 'Pia II' 6-max Seat #5 is the button
Seat 1: Nice S.P. ($100 in chips) 
Seat 2: Pon4uk.ua ($100 in chips) 
Seat 3: gudrozd ($100 in chips) 
Seat 5: ZinePablo ($103.50 in chips) 
Seat 6: binner7733 ($41.67 in chips) 
binner7733: posts small blind $0.50
Nice S.P.: posts big blind $1
Pon4uk.ua is connected 
Pon4uk.ua: posts big blind $1
*** HOLE CARDS ***
Pon4uk.ua: checks 
gudrozd: folds 
ZinePablo: folds 
ReVeu710 joins the table at seat #4 
binner7733: calls $0.50
Nice S.P.: checks 
*** FLOP *** [8c 2h 6s]
binner7733: bets $3
Nice S.P.: folds 
Pon4uk.ua: calls $3
*** TURN *** [8c 2h 6s] [7h]
binner7733: bets $8.55
Pon4uk.ua: folds 
Uncalled bet ($8.55) returned to binner7733
binner7733 collected $8.55 from pot
*** SUMMARY ***
Total pot $9 | Rake $0.45 
Board [8c 2h 6s 7h]
Seat 1: Nice S.P. (big blind) folded on the Flop
Seat 2: Pon4uk.ua folded on the Turn
Seat 3: gudrozd folded before Flop (didn't bet)
Seat 5: ZinePablo (button) folded before Flop (didn't bet)
Seat 6: binner7733 (small blind) collected ($8.55)



PokerStars Hand #254735262118:  Hold'em No Limit ($0.50/$1.00 USD) - 2025/02/06 16:43:05 WET [2025/02/06 11:43:05 ET]
Table 'Pia II' 6-max Seat #6 is the button
Seat 4: ReVeu710 ($100 in chips) is sitting out
Seat 1: Nice S.P. ($100 in chips) 
Seat 2: Pon4uk.ua ($100 in chips) 
Seat 3: gudrozd ($100 in chips) 
Seat 5: ZinePablo ($103.50 in chips) 
Seat 6: binner7733 ($46.22 in chips) 
Nice S.P.: posts small blind $0.50
Pon4uk.ua: posts big blind $1
ReVeu710: sits out 
*** HOLE CARDS ***
gudrozd: raises $1.50 to $2.50
ZinePablo: folds 
binner7733: raises $3.50 to $6
Nice S.P.: folds 
Pon4uk.ua: folds 
gudrozd: calls $3.50
*** FLOP *** [4c 4s 6h]
gudrozd: checks 
binner7733: bets $12.82
gudrozd: folds 
Uncalled bet ($12.82) returned to binner7733
binner7733 collected $12.82 from pot
*** SUMMARY ***
Total pot $13.50 | Rake $0.68 
Board [4c 4s 6h]
Seat 4: ReVeu710
Seat 1: Nice S.P. (small blind) folded before Flop
Seat 2: Pon4uk.ua (big blind) folded before Flop
Seat 3: gudrozd folded on the Flop
Seat 5: ZinePablo folded before Flop (didn't bet)
Seat 6: binner7733 (button) collected ($12.82)



PokerStars Hand #254735272385:  Hold'em No Limit ($0.50/$1.00 USD) - 2025/02/06 16:43:51 WET [2025/02/06 11:43:51 ET]
Table 'Pia II' 6-max Seat #1 is the button
Seat 4: ReVeu710 ($100 in chips) is sitting out
Seat 1: Nice S.P. ($100 in chips) 
Seat 2: Pon4uk.ua ($100 in chips) 
Seat 3: gudrozd ($100 in chips) 
Seat 5: ZinePablo ($103.50 in chips) 
Seat 6: binner7733 ($53.04 in chips) 
Pon4uk.ua: posts small blind $0.50
gudrozd: posts big blind $1
ReVeu710: sits out 
*** HOLE CARDS ***
ZinePablo: folds 
binner7733: folds 
Nice S.P.: raises $1 to $2
Pon4uk.ua: folds 
binner7733 leaves the table
gudrozd: calls $1
*** FLOP *** [2d 3s Jd]
gudrozd: checks 
Nice S.P.: checks 
*** TURN *** [2d 3s Jd] [2s]
gudrozd: bets $3.21
Nice S.P.: calls $3.21
*** RIVER *** [2d 3s Jd 2s] [7d]
gudrozd: bets $7.78
Nice S.P.: folds 
Uncalled bet ($7.78) returned to gudrozd
gudrozd collected $10.37 from pot
gudrozd: doesn't show hand 
*** SUMMARY ***
Total pot $10.92 | Rake $0.55 
Board [2d 3s Jd 2s 7d]
Seat 4: ReVeu710
Seat 1: Nice S.P. (button) folded on the River
Seat 2: Pon4uk.ua (small blind) folded before Flop
Seat 3: gudrozd (big blind) collected ($10.37)
Seat 5: ZinePablo folded before Flop (didn't bet)
Seat 6: binner7733 folded before Flop (didn't bet)



PokerStars Hand #254735284365:  Hold'em No Limit ($0.50/$1.00 USD) - 2025/02/06 16:44:45 WET [2025/02/06 11:44:45 ET]
Table 'Pia II' 6-max Seat #2 is the button
Seat 1: Nice S.P. ($100 in chips) 
Seat 2: Pon4uk.ua ($100 in chips) 
Seat 3: gudrozd ($105.16 in chips) 
Seat 4: ReVeu710 ($100 in chips) 
Seat 5: ZinePablo ($103.50 in chips) 
gudrozd: posts small blind $0.50
ReVeu710: posts big blind $1
*** HOLE CARDS ***
ZinePablo: raises $1.50 to $2.50
Nice S.P.: folds 
Pon4uk.ua: folds 
gudrozd: folds 
ReVeu710: folds 
Uncalled bet ($1.50) returned to ZinePablo
gudrozd leaves the table
ZinePablo collected $2.50 from pot
*** SUMMARY ***
Total pot $2.50 | Rake $0 
Seat 1: Nice S.P. folded before Flop (didn't bet)
Seat 2: Pon4uk.ua (button) folded before Flop (didn't bet)
Seat 3: gudrozd (small blind) folded before Flop
Seat 4: ReVeu710 (big blind) folded before Flop
Seat 5: ZinePablo collected ($2.50)



PokerStars Hand #254735288046:  Hold'em No Limit ($0.50/$1.00 USD) - 2025/02/06 16:45:01 WET [2025/02/06 11:45:01 ET]
Table 'Pia II' 6-max Seat #4 is the button
Seat 1: Nice S.P. ($100 in chips) 
Seat 2: Pon4uk.ua ($100 in chips) 
Seat 4: ReVeu710 ($100 in chips) 
Seat 5: ZinePablo ($105 in chips) 
ZinePablo: posts small blind $0.50
Nice S.P.: posts big blind $1
*** HOLE CARDS ***
Pon4uk.ua: raises $1.50 to $2.50
ReVeu710: folds 
ZinePablo: folds 
Nice S.P.: folds 
Uncalled bet ($1.50) returned to Pon4uk.ua
Pon4uk.ua collected $2.50 from pot
Pon4uk.ua: doesn't show hand 
*** SUMMARY ***
Total pot $2.50 | Rake $0 
Seat 1: Nice S.P. (big blind) folded before Flop
Seat 2: Pon4uk.ua collected ($2.50)
Seat 4: ReVeu710 (button) folded before Flop (didn't bet)
Seat 5: ZinePablo (small blind) folded before Flop



PokerStars Hand #254735291783:  Hold'em No Limit ($0.50/$1.00 USD) - 2025/02/06 16:45:17 WET [2025/02/06 11:45:17 ET]
Table 'Pia II' 6-max Seat #5 is the button
Seat 1: Nice S.P. ($100 in chips) 
Seat 2: Pon4uk.ua ($101.50 in chips) 
Seat 4: ReVeu710 ($100 in chips) 
Seat 5: ZinePablo ($104.50 in chips) 
Nice S.P.: posts small blind $0.50
Pon4uk.ua: posts big blind $1
*** HOLE CARDS ***
ReVeu710: folds 
ZinePablo: raises $1.50 to $2.50
Nice S.P.: folds 
Pon4uk.ua: raises $9 to $11.50
ZinePablo: calls $9
*** FLOP *** [Ad 3h 7d]
Pon4uk.ua: bets $7.43
ZinePablo: folds 
Uncalled bet ($7.43) returned to Pon4uk.ua
Pon4uk.ua collected $22.50 from pot
Pon4uk.ua: doesn't show hand 
*** SUMMARY ***
Total pot $23.50 | Rake $1 
Board [Ad 3h 7d]
Seat 1: Nice S.P. (small blind) folded before Flop
Seat 2: Pon4uk.ua (big blind) collected ($22.50)
Seat 4: ReVeu710 folded before Flop (didn't bet)
Seat 5: ZinePablo (button) folded on the Flop



