PokerStars Hand #254739894733:  Hold'em No Limit ($0.50/$1.00 USD) - 2025/02/06 21:27:03 WET [2025/02/06 16:27:03 ET]
Table 'Ndola II' 6-max Seat #1 is the button
Seat 5: Iseedora ($100 in chips) is sitting out
Seat 1: nikalas22 ($100 in chips) 
Seat 4: LuckyShikari ($80 in chips) 
nikalas22: posts small blind $0.50
LuckyShikari: posts big blind $1
*** HOLE CARDS ***
nikalas22: folds 
Uncalled bet ($0.50) returned to LuckyShikari
LuckyShikari collected $1 from pot
LuckyShikari: doesn't show hand 
*** SUMMARY ***
Total pot $1 | Rake $0 
Seat 5: Iseedora
Seat 1: nikalas22 (button) (small blind) folded before Flop
Seat 4: LuckyShikari (big blind) collected ($1)



PokerStars Hand #254739896718:  Hold'em No Limit ($0.50/$1.00 USD) - 2025/02/06 21:27:09 WET [2025/02/06 16:27:09 ET]
Table 'Ndola II' 6-max Seat #4 is the button
Seat 5: Iseedora ($100 in chips) is sitting out
Seat 1: nikalas22 ($100 in chips) 
Seat 4: LuckyShikari ($100 in chips) 
LuckyShikari: posts small blind $0.50
nikalas22: posts big blind $1
*** HOLE CARDS ***
XneferX joins the table at seat #2 
LuckyShikari: folds 
Uncalled bet ($0.50) returned to nikalas22
blackclan7 joins the table at seat #3 
nikalas22 collected $1 from pot
nikalas22: doesn't show hand 
SorinS28 joins the table at seat #6 
*** SUMMARY ***
Total pot $1 | Rake $0 
Seat 5: Iseedora
Seat 1: nikalas22 (big blind) collected ($1)
Seat 4: LuckyShikari (button) (small blind) folded before Flop



PokerStars Hand #254739899559:  Hold'em No Limit ($0.50/$1.00 USD) - 2025/02/06 21:27:18 WET [2025/02/06 16:27:18 ET]
Table 'Ndola II' 6-max Seat #1 is the button
Seat 2: XneferX ($100 in chips) is sitting out
Seat 3: blackclan7 ($100 in chips) is sitting out
Seat 5: Iseedora ($100 in chips) is sitting out
Seat 1: nikalas22 ($100.50 in chips) 
Seat 4: LuckyShikari ($100 in chips) 
Seat 6: SorinS28 ($100 in chips) 
LuckyShikari: posts small blind $0.50
SorinS28: posts big blind $1
*** HOLE CARDS ***
nikalas22: folds 
LuckyShikari: folds 
Uncalled bet ($0.50) returned to SorinS28
SorinS28 collected $1 from pot
SorinS28: doesn't show hand 
*** SUMMARY ***
Total pot $1 | Rake $0 
Seat 2: XneferX
Seat 3: blackclan7
Seat 5: Iseedora
Seat 1: nikalas22 (button) folded before Flop (didn't bet)
Seat 4: LuckyShikari (small blind) folded before Flop
Seat 6: SorinS28 (big blind) collected ($1)



PokerStars Hand #254739903069:  Hold'em No Limit ($0.50/$1.00 USD) - 2025/02/06 21:27:30 WET [2025/02/06 16:27:30 ET]
Table 'Ndola II' 6-max Seat #4 is the button
Seat 2: XneferX ($100 in chips) is sitting out
Seat 3: blackclan7 ($100 in chips) is sitting out
Seat 5: Iseedora ($100 in chips) is sitting out
Seat 1: nikalas22 ($100.50 in chips) 
Seat 4: LuckyShikari ($100 in chips) 
Seat 6: SorinS28 ($100.50 in chips) 
SorinS28: posts small blind $0.50
nikalas22: posts big blind $1
XneferX: sits out 
blackclan7: sits out 
*** HOLE CARDS ***
LuckyShikari: folds 
SorinS28: folds 
Uncalled bet ($0.50) returned to nikalas22
nikalas22 collected $1 from pot
nikalas22: doesn't show hand 
*** SUMMARY ***
Total pot $1 | Rake $0 
Seat 2: XneferX
Seat 3: blackclan7
Seat 5: Iseedora
Seat 1: nikalas22 (big blind) collected ($1)
Seat 4: LuckyShikari (button) folded before Flop (didn't bet)
Seat 6: SorinS28 (small blind) folded before Flop



PokerStars Hand #254739906765:  Hold'em No Limit ($0.50/$1.00 USD) - 2025/02/06 21:27:42 WET [2025/02/06 16:27:42 ET]
Table 'Ndola II' 6-max Seat #6 is the button
Seat 3: blackclan7 ($100 in chips) is sitting out
Seat 5: Iseedora ($100 in chips) is sitting out
Seat 1: nikalas22 ($101 in chips) 
Seat 2: XneferX ($100 in chips) 
Seat 4: LuckyShikari ($100 in chips) 
Seat 6: SorinS28 ($100 in chips) 
nikalas22: posts small blind $0.50
XneferX: posts big blind $1
blackclan7: sits out 
*** HOLE CARDS ***
LuckyShikari: raises $1.50 to $2.50
SorinS28: folds 
nikalas22: folds 
XneferX: calls $1.50
*** FLOP *** [2h Ks Th]
XneferX: checks 
LuckyShikari: bets $1.70
XneferX: calls $1.70
*** TURN *** [2h Ks Th] [Kh]
XneferX: checks 
LuckyShikari: checks 
*** RIVER *** [2h Ks Th Kh] [4s]
XneferX: checks 
LuckyShikari: bets $5
XneferX: calls $5
*** SHOW DOWN ***
LuckyShikari: shows [Qc Qd] (two pair, Kings and Queens)
XneferX: mucks hand 
LuckyShikari collected $17.96 from pot
*** SUMMARY ***
Total pot $18.90 | Rake $0.94 
Board [2h Ks Th Kh 4s]
Seat 3: blackclan7
Seat 5: Iseedora
Seat 1: nikalas22 (small blind) folded before Flop
Seat 2: XneferX (big blind) mucked
Seat 4: LuckyShikari showed [Qc Qd] and won ($17.96) with two pair, Kings and Queens
Seat 6: SorinS28 (button) folded before Flop (didn't bet)



PokerStars Hand #254739933149:  Hold'em No Limit ($0.50/$1.00 USD) - 2025/02/06 21:29:08 WET [2025/02/06 16:29:08 ET]
Table 'Ndola II' 6-max Seat #1 is the button
Seat 5: Iseedora ($100 in chips) is sitting out
Seat 1: nikalas22 ($100.50 in chips) 
Seat 2: XneferX ($100 in chips) 
Seat 3: blackclan7 ($100 in chips) 
Seat 4: LuckyShikari ($108.76 in chips) 
Seat 6: SorinS28 ($100 in chips) 
XneferX: posts small blind $0.50
blackclan7: posts big blind $1
*** HOLE CARDS ***
LuckyShikari: folds 
SorinS28: raises $1.30 to $2.30
nikalas22: raises $5.70 to $8
XneferX: folds 
blackclan7: folds 
SorinS28: raises $13.60 to $21.60
nikalas22: folds 
Uncalled bet ($13.60) returned to SorinS28
SorinS28 collected $17.50 from pot
SorinS28: doesn't show hand 
*** SUMMARY ***
Total pot $17.50 | Rake $0 
Seat 5: Iseedora
Seat 1: nikalas22 (button) folded before Flop
Seat 2: XneferX (small blind) folded before Flop
Seat 3: blackclan7 (big blind) folded before Flop
Seat 4: LuckyShikari folded before Flop (didn't bet)
Seat 6: SorinS28 collected ($17.50)



PokerStars Hand #254739949041:  Hold'em No Limit ($0.50/$1.00 USD) - 2025/02/06 21:30:00 WET [2025/02/06 16:30:00 ET]
Table 'Ndola II' 6-max Seat #2 is the button
Seat 4: LuckyShikari ($108.76 in chips) is sitting out
Seat 1: nikalas22 ($100 in chips) 
Seat 2: XneferX ($100 in chips) 
Seat 3: blackclan7 ($100 in chips) 
Seat 5: Iseedora ($100 in chips) 
Seat 6: SorinS28 ($109.50 in chips) 
blackclan7: posts small blind $0.50
LuckyShikari: is sitting out 
Iseedora: posts big blind $1
*** HOLE CARDS ***
SorinS28: raises $1.02 to $2.02
nikalas22: folds 
XneferX: folds 
LuckyShikari leaves the table
blackclan7: folds 
Iseedora: folds 
Uncalled bet ($1.02) returned to SorinS28
SorinS28 collected $2.50 from pot
SorinS28: doesn't show hand 
*** SUMMARY ***
Total pot $2.50 | Rake $0 
Seat 4: LuckyShikari
Seat 1: nikalas22 folded before Flop (didn't bet)
Seat 2: XneferX (button) folded before Flop (didn't bet)
Seat 3: blackclan7 (small blind) folded before Flop
Seat 5: Iseedora (big blind) folded before Flop
Seat 6: SorinS28 collected ($2.50)



PokerStars Hand #254739956415:  Hold'em No Limit ($0.50/$1.00 USD) - 2025/02/06 21:30:24 WET [2025/02/06 16:30:24 ET]
Table 'Ndola II' 6-max Seat #3 is the button
Seat 1: nikalas22 ($100 in chips) 
Seat 2: XneferX ($100 in chips) 
Seat 3: blackclan7 ($100 in chips) 
Seat 5: Iseedora ($100 in chips) 
Seat 6: SorinS28 ($111 in chips) 
Iseedora: posts small blind $0.50
SorinS28: posts big blind $1
*** HOLE CARDS ***
nikalas22: folds 
nikalas22 leaves the table
XneferX: raises $1.30 to $2.30
blackclan7: folds 
Iseedora: folds 
SorinS28: folds 
Uncalled bet ($1.30) returned to XneferX
XneferX collected $2.50 from pot
XneferX: doesn't show hand 
*** SUMMARY ***
Total pot $2.50 | Rake $0 
Seat 1: nikalas22 folded before Flop (didn't bet)
Seat 2: XneferX collected ($2.50)
Seat 3: blackclan7 (button) folded before Flop (didn't bet)
Seat 5: Iseedora (small blind) folded before Flop
Seat 6: SorinS28 (big blind) folded before Flop



PokerStars Hand #254739961815:  Hold'em No Limit ($0.50/$1.00 USD) - 2025/02/06 21:30:41 WET [2025/02/06 16:30:41 ET]
Table 'Ndola II' 6-max Seat #6 is the button
Seat 2: XneferX ($101.50 in chips) is sitting out
Seat 3: blackclan7 ($100 in chips) is sitting out
Seat 5: Iseedora ($100 in chips) 
Seat 6: SorinS28 ($110 in chips) 
SorinS28: posts small blind $0.50
XneferX: is sitting out 
blackclan7: is sitting out 
Iseedora: posts big blind $1
*** HOLE CARDS ***
blackclan7 leaves the table
SorinS28: folds 
Uncalled bet ($0.50) returned to Iseedora
Iseedora collected $1 from pot
Iseedora: doesn't show hand 
*** SUMMARY ***
Total pot $1 | Rake $0 
Seat 2: XneferX
Seat 3: blackclan7
Seat 5: Iseedora (big blind) collected ($1)
Seat 6: SorinS28 (button) (small blind) folded before Flop



PokerStars Hand #254739965152:  Hold'em No Limit ($0.50/$1.00 USD) - 2025/02/06 21:30:51 WET [2025/02/06 16:30:51 ET]
Table 'Ndola II' 6-max Seat #5 is the button
Seat 2: XneferX ($101.50 in chips) is sitting out
Seat 5: Iseedora ($100.50 in chips) 
Seat 6: SorinS28 ($109.50 in chips) 
Iseedora: posts small blind $0.50
SorinS28: posts big blind $1
*** HOLE CARDS ***
Iseedora: raises $1.50 to $2.50
SorinS28: folds 
Uncalled bet ($1.50) returned to Iseedora
Iseedora collected $2 from pot
Iseedora: doesn't show hand 
*** SUMMARY ***
Total pot $2 | Rake $0 
Seat 2: XneferX
Seat 5: Iseedora (button) (small blind) collected ($2)
Seat 6: SorinS28 (big blind) folded before Flop



