PokerStars Hand #254736467164:  Hold'em No Limit ($0.50/$1.00 USD) - 2025/02/06 18:07:14 WET [2025/02/06 13:07:14 ET]
Table 'Osiris II' 6-max Seat #3 is the button
Seat 6: SorinS28 ($100 in chips) is sitting out
Seat 1: michasia ($100 in chips) 
Seat 2: AlexPinsk1 ($100 in chips) 
Seat 3: cacan89 ($78.50 in chips) 
Seat 4: Rezzonner ($100.50 in chips) 
Seat 5: BoyLoc0 ($104.70 in chips) 
Rezzonner: posts small blind $0.50
BoyLoc0: posts big blind $1
SorinS28: sits out 
*** HOLE CARDS ***
michasia: folds 
AlexPinsk1: folds 
cacan89: raises $1 to $2
Rezzonner: folds 
BoyLoc0: calls $1
*** FLOP *** [7h 8c 5s]
BoyLoc0: checks 
cacan89: checks 
*** TURN *** [7h 8c 5s] [4c]
BoyLoc0: bets $3.21
cacan89: calls $3.21
*** RIVER *** [7h 8c 5s 4c] [6d]
BoyLoc0: bets $15.56
cacan89: calls $15.56
*** SHOW DOWN ***
BoyLoc0: shows [9s 2s] (a straight, Five to Nine)
cacan89: mucks hand 
BoyLoc0 collected $39.94 from pot
*** SUMMARY ***
Total pot $42.04 | Rake $2.10 
Board [7h 8c 5s 4c 6d]
Seat 6: SorinS28
Seat 1: michasia folded before Flop (didn't bet)
Seat 2: AlexPinsk1 folded before Flop (didn't bet)
Seat 3: cacan89 (button) mucked
Seat 4: Rezzonner (small blind) folded before Flop
Seat 5: BoyLoc0 (big blind) showed [9s 2s] and won ($39.94) with a straight, Five to Nine



PokerStars Hand #254736476511:  Hold'em No Limit ($0.50/$1.00 USD) - 2025/02/06 18:07:50 WET [2025/02/06 13:07:50 ET]
Table 'Osiris II' 6-max Seat #4 is the button
Seat 1: michasia ($100 in chips) 
Seat 2: AlexPinsk1 ($100 in chips) 
Seat 3: cacan89 ($57.73 in chips) 
Seat 4: Rezzonner ($100 in chips) 
Seat 5: BoyLoc0 ($123.87 in chips) 
Seat 6: SorinS28 ($100 in chips) 
BoyLoc0: posts small blind $0.50
SorinS28: posts big blind $1
*** HOLE CARDS ***
michasia: folds 
AlexPinsk1: folds 
cacan89: folds 
Rezzonner: raises $1.50 to $2.50
BoyLoc0: folds 
SorinS28: folds 
Uncalled bet ($1.50) returned to Rezzonner
Rezzonner collected $2.50 from pot
Rezzonner: doesn't show hand 
*** SUMMARY ***
Total pot $2.50 | Rake $0 
Seat 1: michasia folded before Flop (didn't bet)
Seat 2: AlexPinsk1 folded before Flop (didn't bet)
Seat 3: cacan89 folded before Flop (didn't bet)
Seat 4: Rezzonner (button) collected ($2.50)
Seat 5: BoyLoc0 (small blind) folded before Flop
Seat 6: SorinS28 (big blind) folded before Flop



PokerStars Hand #254736480114:  Hold'em No Limit ($0.50/$1.00 USD) - 2025/02/06 18:08:04 WET [2025/02/06 13:08:04 ET]
Table 'Osiris II' 6-max Seat #5 is the button
Seat 1: michasia ($100 in chips) 
Seat 2: AlexPinsk1 ($100 in chips) 
Seat 3: cacan89 ($57.73 in chips) 
Seat 4: Rezzonner ($101.50 in chips) 
Seat 5: BoyLoc0 ($123.37 in chips) 
Seat 6: SorinS28 ($100 in chips) 
SorinS28: posts small blind $0.50
michasia: posts big blind $1
*** HOLE CARDS ***
AlexPinsk1: folds 
cacan89: raises $2 to $3
Rezzonner: folds 
BoyLoc0: folds 
SorinS28: folds 
michasia: folds 
Uncalled bet ($2) returned to cacan89
cacan89 collected $2.50 from pot
cacan89: doesn't show hand 
*** SUMMARY ***
Total pot $2.50 | Rake $0 
Seat 1: michasia (big blind) folded before Flop
Seat 2: AlexPinsk1 folded before Flop (didn't bet)
Seat 3: cacan89 collected ($2.50)
Seat 4: Rezzonner folded before Flop (didn't bet)
Seat 5: BoyLoc0 (button) folded before Flop (didn't bet)
Seat 6: SorinS28 (small blind) folded before Flop



PokerStars Hand #254736562485:  Hold'em No Limit ($0.50/$1.00 USD) - 2025/02/06 18:13:13 WET [2025/02/06 13:13:13 ET]
Table 'Osiris II' 6-max Seat #2 is the button
Seat 1: michasia ($100 in chips) 
Seat 2: AlexPinsk1 ($100 in chips) 
Seat 3: cacan89 ($54.09 in chips) 
Seat 4: Rezzonner ($108.02 in chips) 
Seat 5: BoyLoc0 ($107.81 in chips) 
Seat 6: SorinS28 ($124.98 in chips) 
cacan89: posts small blind $0.50
Rezzonner: posts big blind $1
*** HOLE CARDS ***
BoyLoc0: folds 
SorinS28: folds 
michasia: raises $1.80 to $2.80
AlexPinsk1: folds 
cacan89: folds 
Rezzonner: calls $1.80
*** FLOP *** [Ks Kh Jd]
Rezzonner: checks 
michasia: bets $3.87
Rezzonner: raises $4.63 to $8.50
michasia: calls $4.63
*** TURN *** [Ks Kh Jd] [Qd]
Rezzonner: checks 
michasia: checks 
*** RIVER *** [Ks Kh Jd Qd] [Qh]
Rezzonner: checks 
michasia: bets $7.24
Rezzonner: calls $7.24
*** SHOW DOWN ***
michasia: shows [Kc Tc] (a full house, Kings full of Queens)
Rezzonner: mucks hand 
michasia collected $35.70 from pot
*** SUMMARY ***
Total pot $37.58 | Rake $1.88 
Board [Ks Kh Jd Qd Qh]
Seat 1: michasia showed [Kc Tc] and won ($35.70) with a full house, Kings full of Queens
Seat 2: AlexPinsk1 (button) folded before Flop (didn't bet)
Seat 3: cacan89 (small blind) folded before Flop
Seat 4: Rezzonner (big blind) mucked
Seat 5: BoyLoc0 folded before Flop (didn't bet)
Seat 6: SorinS28 folded before Flop (didn't bet)



PokerStars Hand #254736580501:  Hold'em No Limit ($0.50/$1.00 USD) - 2025/02/06 18:14:20 WET [2025/02/06 13:14:20 ET]
Table 'Osiris II' 6-max Seat #3 is the button
Seat 1: michasia ($117.16 in chips) 
Seat 2: AlexPinsk1 ($100 in chips) 
Seat 3: cacan89 ($53.59 in chips) 
Seat 4: Rezzonner ($100 in chips) 
Seat 5: BoyLoc0 ($107.81 in chips) 
Seat 6: SorinS28 ($124.98 in chips) 
Rezzonner: posts small blind $0.50
BoyLoc0: posts big blind $1
*** HOLE CARDS ***
SorinS28: folds 
michasia: folds 
AlexPinsk1: folds 
cacan89: raises $1 to $2
Rezzonner: folds 
BoyLoc0: folds 
Uncalled bet ($1) returned to cacan89
cacan89 collected $2.50 from pot
cacan89: doesn't show hand 
*** SUMMARY ***
Total pot $2.50 | Rake $0 
Seat 1: michasia folded before Flop (didn't bet)
Seat 2: AlexPinsk1 folded before Flop (didn't bet)
Seat 3: cacan89 (button) collected ($2.50)
Seat 4: Rezzonner (small blind) folded before Flop
Seat 5: BoyLoc0 (big blind) folded before Flop
Seat 6: SorinS28 folded before Flop (didn't bet)



PokerStars Hand #254736588791:  Hold'em No Limit ($0.50/$1.00 USD) - 2025/02/06 18:14:51 WET [2025/02/06 13:14:51 ET]
Table 'Osiris II' 6-max Seat #4 is the button
Seat 1: michasia ($117.16 in chips) 
Seat 2: AlexPinsk1 ($100 in chips) 
Seat 3: cacan89 ($55.09 in chips) 
Seat 4: Rezzonner ($100 in chips) 
Seat 5: BoyLoc0 ($106.81 in chips) 
Seat 6: SorinS28 ($124.98 in chips) 
BoyLoc0: posts small blind $0.50
SorinS28: posts big blind $1
*** HOLE CARDS ***
michasia: folds 
AlexPinsk1: folds 
cacan89: calls $1
Rezzonner: raises $3 to $4
BoyLoc0: folds 
SorinS28: folds 
cacan89: calls $3
*** FLOP *** [2h 3s Kh]
cacan89: checks 
Rezzonner: bets $2.98
cacan89: calls $2.98
*** TURN *** [2h 3s Kh] [2d]
cacan89: checks 
Rezzonner: checks 
*** RIVER *** [2h 3s Kh 2d] [Kd]
cacan89: checks 
Rezzonner: checks 
*** SHOW DOWN ***
cacan89: shows [5h 6h] (two pair, Kings and Deuces)
Rezzonner: shows [Th Jc] (two pair, Kings and Deuces - Jack kicker)
Rezzonner collected $14.69 from pot
*** SUMMARY ***
Total pot $15.46 | Rake $0.77 
Board [2h 3s Kh 2d Kd]
Seat 1: michasia folded before Flop (didn't bet)
Seat 2: AlexPinsk1 folded before Flop (didn't bet)
Seat 3: cacan89 showed [5h 6h] and lost with two pair, Kings and Deuces
Seat 4: Rezzonner (button) showed [Th Jc] and won ($14.69) with two pair, Kings and Deuces
Seat 5: BoyLoc0 (small blind) folded before Flop
Seat 6: SorinS28 (big blind) folded before Flop



PokerStars Hand #254736608502:  Hold'em No Limit ($0.50/$1.00 USD) - 2025/02/06 18:16:05 WET [2025/02/06 13:16:05 ET]
Table 'Osiris II' 6-max Seat #5 is the button
Seat 1: michasia ($117.16 in chips) 
Seat 2: AlexPinsk1 ($100 in chips) 
Seat 3: cacan89 ($48.11 in chips) 
Seat 4: Rezzonner ($107.71 in chips) 
Seat 5: BoyLoc0 ($106.31 in chips) 
Seat 6: SorinS28 ($123.98 in chips) 
SorinS28: posts small blind $0.50
michasia: posts big blind $1
*** HOLE CARDS ***
AlexPinsk1: raises $1.50 to $2.50
cacan89: calls $2.50
Rezzonner: raises $7.50 to $10
BoyLoc0: folds 
SorinS28: folds 
michasia: folds 
AlexPinsk1: folds 
cacan89: folds 
Uncalled bet ($7.50) returned to Rezzonner
Rezzonner collected $9 from pot
Rezzonner: doesn't show hand 
*** SUMMARY ***
Total pot $9 | Rake $0 
Seat 1: michasia (big blind) folded before Flop
Seat 2: AlexPinsk1 folded before Flop
Seat 3: cacan89 folded before Flop
Seat 4: Rezzonner collected ($9)
Seat 5: BoyLoc0 (button) folded before Flop (didn't bet)
Seat 6: SorinS28 (small blind) folded before Flop



PokerStars Hand #254736615946:  Hold'em No Limit ($0.50/$1.00 USD) - 2025/02/06 18:16:33 WET [2025/02/06 13:16:33 ET]
Table 'Osiris II' 6-max Seat #1 is the button
Seat 6: SorinS28 ($123.48 in chips) is sitting out
Seat 1: michasia ($116.16 in chips) 
Seat 2: AlexPinsk1 ($100 in chips) 
Seat 3: cacan89 ($45.61 in chips) 
Seat 4: Rezzonner ($114.21 in chips) 
Seat 5: BoyLoc0 ($106.31 in chips) 
AlexPinsk1: posts small blind $0.50
cacan89: posts big blind $1
*** HOLE CARDS ***
SorinS28 leaves the table
Rezzonner: folds 
BoyLoc0: folds 
michasia: folds 
AlexPinsk1: raises $2 to $3
cacan89: calls $2
*** FLOP *** [7s 5s 2s]
AlexPinsk1: checks 
cacan89: checks 
*** TURN *** [7s 5s 2s] [4h]
AlexPinsk1: bets $1.88
cacan89: raises $1.88 to $3.76
AlexPinsk1: calls $1.88
*** RIVER *** [7s 5s 2s 4h] [9s]
xxxZeka joins the table at seat #6 
AlexPinsk1: checks 
cacan89: checks 
*** SHOW DOWN ***
AlexPinsk1: shows [5h As] (a flush, Ace high)
cacan89: mucks hand 
AlexPinsk1 collected $12.84 from pot
*** SUMMARY ***
Total pot $13.52 | Rake $0.68 
Board [7s 5s 2s 4h 9s]
Seat 6: SorinS28
Seat 1: michasia (button) folded before Flop (didn't bet)
Seat 2: AlexPinsk1 (small blind) showed [5h As] and won ($12.84) with a flush, Ace high
Seat 3: cacan89 (big blind) mucked
Seat 4: Rezzonner folded before Flop (didn't bet)
Seat 5: BoyLoc0 folded before Flop (didn't bet)



PokerStars Hand #254736631675:  Hold'em No Limit ($0.50/$1.00 USD) - 2025/02/06 18:17:31 WET [2025/02/06 13:17:31 ET]
Table 'Osiris II' 6-max Seat #2 is the button
Seat 6: xxxZeka ($100 in chips) is sitting out
Seat 1: michasia ($116.16 in chips) 
Seat 2: AlexPinsk1 ($106.08 in chips) 
Seat 3: cacan89 ($38.85 in chips) 
Seat 4: Rezzonner ($114.21 in chips) 
Seat 5: BoyLoc0 ($106.31 in chips) 
cacan89: posts small blind $0.50
Rezzonner: posts big blind $1
xxxZeka: sits out 
*** HOLE CARDS ***
BoyLoc0: folds 
michasia: raises $1.80 to $2.80
AlexPinsk1: folds 
cacan89: raises $3.80 to $6.60
Rezzonner: folds 
michasia: calls $3.80
*** FLOP *** [9h 3h 2d]
cacan89: bets $6.75
michasia: calls $6.75
*** TURN *** [9h 3h 2d] [Qd]
cacan89: bets $13.16
michasia: folds 
Uncalled bet ($13.16) returned to cacan89
cacan89 collected $26.32 from pot
cacan89: doesn't show hand 
*** SUMMARY ***
Total pot $27.70 | Rake $1.38 
Board [9h 3h 2d Qd]
Seat 6: xxxZeka
Seat 1: michasia folded on the Turn
Seat 2: AlexPinsk1 (button) folded before Flop (didn't bet)
Seat 3: cacan89 (small blind) collected ($26.32)
Seat 4: Rezzonner (big blind) folded before Flop
Seat 5: BoyLoc0 folded before Flop (didn't bet)



PokerStars Hand #254736640699:  Hold'em No Limit ($0.50/$1.00 USD) - 2025/02/06 18:18:05 WET [2025/02/06 13:18:05 ET]
Table 'Osiris II' 6-max Seat #3 is the button
Seat 6: xxxZeka ($100 in chips) is sitting out
Seat 1: michasia ($102.81 in chips) 
Seat 2: AlexPinsk1 ($106.08 in chips) 
Seat 3: cacan89 ($51.82 in chips) 
Seat 4: Rezzonner ($113.21 in chips) 
Seat 5: BoyLoc0 ($106.31 in chips) 
Rezzonner: posts small blind $0.50
BoyLoc0: posts big blind $1
xxxZeka: sits out 
*** HOLE CARDS ***
michasia: folds 
AlexPinsk1: folds 
cacan89: folds 
Rezzonner: folds 
Uncalled bet ($0.50) returned to BoyLoc0
BoyLoc0 collected $1 from pot
BoyLoc0: doesn't show hand 
*** SUMMARY ***
Total pot $1 | Rake $0 
Seat 6: xxxZeka
Seat 1: michasia folded before Flop (didn't bet)
Seat 2: AlexPinsk1 folded before Flop (didn't bet)
Seat 3: cacan89 (button) folded before Flop (didn't bet)
Seat 4: Rezzonner (small blind) folded before Flop
Seat 5: BoyLoc0 (big blind) collected ($1)



PokerStars Hand #254736643274:  Hold'em No Limit ($0.50/$1.00 USD) - 2025/02/06 18:18:15 WET [2025/02/06 13:18:15 ET]
Table 'Osiris II' 6-max Seat #4 is the button
Seat 1: michasia ($102.81 in chips) 
Seat 2: AlexPinsk1 ($106.08 in chips) 
Seat 3: cacan89 ($51.82 in chips) 
Seat 4: Rezzonner ($112.71 in chips) 
Seat 5: BoyLoc0 ($106.81 in chips) 
Seat 6: xxxZeka ($100 in chips) 
BoyLoc0: posts small blind $0.50
xxxZeka: posts big blind $1
*** HOLE CARDS ***
michasia: raises $1.60 to $2.60
AlexPinsk1: folds 
cacan89: folds 
Rezzonner: folds 
BoyLoc0: folds 
xxxZeka: folds 
Uncalled bet ($1.60) returned to michasia
michasia collected $2.50 from pot
michasia: doesn't show hand 
*** SUMMARY ***
Total pot $2.50 | Rake $0 
Seat 1: michasia collected ($2.50)
Seat 2: AlexPinsk1 folded before Flop (didn't bet)
Seat 3: cacan89 folded before Flop (didn't bet)
Seat 4: Rezzonner (button) folded before Flop (didn't bet)
Seat 5: BoyLoc0 (small blind) folded before Flop
Seat 6: xxxZeka (big blind) folded before Flop



PokerStars Hand #254736650656:  Hold'em No Limit ($0.50/$1.00 USD) - 2025/02/06 18:18:42 WET [2025/02/06 13:18:42 ET]
Table 'Osiris II' 6-max Seat #5 is the button
Seat 1: michasia ($104.31 in chips) 
Seat 2: AlexPinsk1 ($106.08 in chips) 
Seat 3: cacan89 ($51.82 in chips) 
Seat 4: Rezzonner ($112.71 in chips) 
Seat 5: BoyLoc0 ($106.31 in chips) 
Seat 6: xxxZeka ($100 in chips) 
xxxZeka: posts small blind $0.50
michasia: posts big blind $1
*** HOLE CARDS ***
AlexPinsk1: folds 
cacan89: folds 
Rezzonner: folds 
BoyLoc0: raises $1.50 to $2.50
xxxZeka: folds 
michasia: folds 
Uncalled bet ($1.50) returned to BoyLoc0
BoyLoc0 collected $2.50 from pot
BoyLoc0: doesn't show hand 
*** SUMMARY ***
Total pot $2.50 | Rake $0 
Seat 1: michasia (big blind) folded before Flop
Seat 2: AlexPinsk1 folded before Flop (didn't bet)
Seat 3: cacan89 folded before Flop (didn't bet)
Seat 4: Rezzonner folded before Flop (didn't bet)
Seat 5: BoyLoc0 (button) collected ($2.50)
Seat 6: xxxZeka (small blind) folded before Flop



PokerStars Hand #254736656279:  Hold'em No Limit ($0.50/$1.00 USD) - 2025/02/06 18:19:03 WET [2025/02/06 13:19:03 ET]
Table 'Osiris II' 6-max Seat #6 is the button
Seat 1: michasia ($103.31 in chips) 
Seat 2: AlexPinsk1 ($106.08 in chips) 
Seat 3: cacan89 ($51.82 in chips) 
Seat 4: Rezzonner ($112.71 in chips) 
Seat 5: BoyLoc0 ($107.81 in chips) 
Seat 6: xxxZeka ($100 in chips) 
michasia: posts small blind $0.50
AlexPinsk1: posts big blind $1
*** HOLE CARDS ***
cacan89: folds 
Rezzonner: folds 
BoyLoc0: folds 
xxxZeka: folds 
michasia: folds 
Uncalled bet ($0.50) returned to AlexPinsk1
AlexPinsk1 collected $1 from pot
AlexPinsk1: doesn't show hand 
*** SUMMARY ***
Total pot $1 | Rake $0 
Seat 1: michasia (small blind) folded before Flop
Seat 2: AlexPinsk1 (big blind) collected ($1)
Seat 3: cacan89 folded before Flop (didn't bet)
Seat 4: Rezzonner folded before Flop (didn't bet)
Seat 5: BoyLoc0 folded before Flop (didn't bet)
Seat 6: xxxZeka (button) folded before Flop (didn't bet)



PokerStars Hand #254736660153:  Hold'em No Limit ($0.50/$1.00 USD) - 2025/02/06 18:19:17 WET [2025/02/06 13:19:17 ET]
Table 'Osiris II' 6-max Seat #1 is the button
Seat 1: michasia ($102.81 in chips) 
Seat 2: AlexPinsk1 ($106.58 in chips) 
Seat 3: cacan89 ($51.82 in chips) 
Seat 4: Rezzonner ($112.71 in chips) 
Seat 5: BoyLoc0 ($107.81 in chips) 
Seat 6: xxxZeka ($100 in chips) 
AlexPinsk1: posts small blind $0.50
cacan89: posts big blind $1
*** HOLE CARDS ***
Rezzonner: folds 
BoyLoc0: folds 
xxxZeka: raises $1.50 to $2.50
michasia: folds 
AlexPinsk1: folds 
cacan89: calls $1.50
*** FLOP *** [Qd Ts 7h]
cacan89: checks 
xxxZeka: checks 
*** TURN *** [Qd Ts 7h] [8h]
cacan89: bets $3.61
xxxZeka: raises $12.44 to $16.05
cacan89: folds 
Uncalled bet ($12.44) returned to xxxZeka
xxxZeka collected $12.08 from pot
xxxZeka: doesn't show hand 
*** SUMMARY ***
Total pot $12.72 | Rake $0.64 
Board [Qd Ts 7h 8h]
Seat 1: michasia (button) folded before Flop (didn't bet)
Seat 2: AlexPinsk1 (small blind) folded before Flop
Seat 3: cacan89 (big blind) folded on the Turn
Seat 4: Rezzonner folded before Flop (didn't bet)
Seat 5: BoyLoc0 folded before Flop (didn't bet)
Seat 6: xxxZeka collected ($12.08)



PokerStars Hand #254736675099:  Hold'em No Limit ($0.50/$1.00 USD) - 2025/02/06 18:20:12 WET [2025/02/06 13:20:12 ET]
Table 'Osiris II' 6-max Seat #2 is the button
Seat 1: michasia ($102.81 in chips) 
Seat 2: AlexPinsk1 ($106.08 in chips) 
Seat 3: cacan89 ($45.71 in chips) 
Seat 4: Rezzonner ($112.71 in chips) 
Seat 5: BoyLoc0 ($107.81 in chips) 
Seat 6: xxxZeka ($105.97 in chips) 
cacan89: posts small blind $0.50
Rezzonner: posts big blind $1
*** HOLE CARDS ***
BoyLoc0: folds 
xxxZeka: folds 
michasia: raises $1.80 to $2.80
AlexPinsk1: folds 
cacan89: calls $2.30
Rezzonner: folds 
*** FLOP *** [Jc Qh 4d]
cacan89: checks 
michasia: bets $4.18
cacan89: calls $4.18
*** TURN *** [Jc Qh 4d] [5h]
cacan89: checks 
michasia: bets $17.76
cacan89: calls $17.76
*** RIVER *** [Jc Qh 4d 5h] [Tc]
cacan89: bets $20.97 and is all-in
michasia: folds 
Uncalled bet ($20.97) returned to cacan89
cacan89 collected $47.98 from pot
cacan89: doesn't show hand 
*** SUMMARY ***
Total pot $50.48 | Rake $2.50 
Board [Jc Qh 4d 5h Tc]
Seat 1: michasia folded on the River
Seat 2: AlexPinsk1 (button) folded before Flop (didn't bet)
Seat 3: cacan89 (small blind) collected ($47.98)
Seat 4: Rezzonner (big blind) folded before Flop
Seat 5: BoyLoc0 folded before Flop (didn't bet)
Seat 6: xxxZeka folded before Flop (didn't bet)



PokerStars Hand #254736695957:  Hold'em No Limit ($0.50/$1.00 USD) - 2025/02/06 18:21:29 WET [2025/02/06 13:21:29 ET]
Table 'Osiris II' 6-max Seat #3 is the button
Seat 1: michasia ($100 in chips) 
Seat 2: AlexPinsk1 ($106.08 in chips) 
Seat 3: cacan89 ($68.95 in chips) 
Seat 4: Rezzonner ($111.71 in chips) 
Seat 5: BoyLoc0 ($107.81 in chips) 
Seat 6: xxxZeka ($105.97 in chips) 
Rezzonner: posts small blind $0.50
BoyLoc0: posts big blind $1
*** HOLE CARDS ***
xxxZeka: folds 
michasia: raises $1.60 to $2.60
AlexPinsk1: raises $4.90 to $7.50
cacan89: calls $7.50
Rezzonner: folds 
BoyLoc0: folds 
michasia: calls $4.90
*** FLOP *** [2c Jc 7h]
michasia: checks 
AlexPinsk1: checks 
cacan89: checks 
*** TURN *** [2c Jc 7h] [2d]
michasia: bets $15.20
AlexPinsk1: folds 
cacan89: calls $15.20
*** RIVER *** [2c Jc 7h 2d] [9h]
michasia: checks 
cacan89: bets $25.95
michasia: calls $25.95
*** SHOW DOWN ***
cacan89: shows [Kc Qc] (a pair of Deuces)
michasia: shows [Td Ts] (two pair, Tens and Deuces)
michasia collected $103.80 from pot
*** SUMMARY ***
Total pot $106.30 | Rake $2.50 
Board [2c Jc 7h 2d 9h]
Seat 1: michasia showed [Td Ts] and won ($103.80) with two pair, Tens and Deuces
Seat 2: AlexPinsk1 folded on the Turn
Seat 3: cacan89 (button) showed [Kc Qc] and lost with a pair of Deuces
Seat 4: Rezzonner (small blind) folded before Flop
Seat 5: BoyLoc0 (big blind) folded before Flop
Seat 6: xxxZeka folded before Flop (didn't bet)



PokerStars Hand #254736713299:  Hold'em No Limit ($0.50/$1.00 USD) - 2025/02/06 18:22:32 WET [2025/02/06 13:22:32 ET]
Table 'Osiris II' 6-max Seat #4 is the button
Seat 1: michasia ($155.15 in chips) 
Seat 2: AlexPinsk1 ($100 in chips) 
Seat 3: cacan89 ($20.30 in chips) 
Seat 4: Rezzonner ($111.21 in chips) 
Seat 5: BoyLoc0 ($106.81 in chips) 
Seat 6: xxxZeka ($105.97 in chips) 
BoyLoc0: posts small blind $0.50
xxxZeka: posts big blind $1
*** HOLE CARDS ***
michasia: raises $1.60 to $2.60
AlexPinsk1: folds 
cacan89: calls $2.60
Rezzonner: folds 
BoyLoc0: folds 
xxxZeka: folds 
*** FLOP *** [Tc Js 9d]
michasia: bets $4.24
cacan89: calls $4.24
*** TURN *** [Tc Js 9d] [Th]
michasia: bets $14.42
cacan89: calls $13.46 and is all-in
Uncalled bet ($0.96) returned to michasia
*** RIVER *** [Tc Js 9d Th] [9h]
*** SHOW DOWN ***
michasia: shows [Kh Ks] (two pair, Kings and Tens)
cacan89: shows [Ad Jh] (two pair, Jacks and Tens)
michasia collected $40 from pot
*** SUMMARY ***
Total pot $42.10 | Rake $2.10 
Board [Tc Js 9d Th 9h]
Seat 1: michasia showed [Kh Ks] and won ($40) with two pair, Kings and Tens
Seat 2: AlexPinsk1 folded before Flop (didn't bet)
Seat 3: cacan89 showed [Ad Jh] and lost with two pair, Jacks and Tens
Seat 4: Rezzonner (button) folded before Flop (didn't bet)
Seat 5: BoyLoc0 (small blind) folded before Flop
Seat 6: xxxZeka (big blind) folded before Flop



PokerStars Hand #254736732343:  Hold'em No Limit ($0.50/$1.00 USD) - 2025/02/06 18:23:42 WET [2025/02/06 13:23:42 ET]
Table 'Osiris II' 6-max Seat #6 is the button
Seat 1: michasia ($173.85 in chips) 
Seat 2: AlexPinsk1 ($101.50 in chips) 
Seat 4: Rezzonner ($111.21 in chips) 
Seat 5: BoyLoc0 ($106.31 in chips) 
Seat 6: xxxZeka ($104.47 in chips) 
michasia: posts small blind $0.50
AlexPinsk1: posts big blind $1
*** HOLE CARDS ***
Rezzonner: folds 
BoyLoc0: folds 
xxxZeka: folds 
michasia: folds 
Uncalled bet ($0.50) returned to AlexPinsk1
AlexPinsk1 collected $1 from pot
AlexPinsk1: doesn't show hand 
*** SUMMARY ***
Total pot $1 | Rake $0 
Seat 1: michasia (small blind) folded before Flop
Seat 2: AlexPinsk1 (big blind) collected ($1)
Seat 4: Rezzonner folded before Flop (didn't bet)
Seat 5: BoyLoc0 folded before Flop (didn't bet)
Seat 6: xxxZeka (button) folded before Flop (didn't bet)



PokerStars Hand #254736735747:  Hold'em No Limit ($0.50/$1.00 USD) - 2025/02/06 18:23:54 WET [2025/02/06 13:23:54 ET]
Table 'Osiris II' 6-max Seat #1 is the button
Seat 4: Rezzonner ($111.21 in chips) is sitting out
Seat 1: michasia ($173.35 in chips) 
Seat 2: AlexPinsk1 ($102 in chips) 
Seat 5: BoyLoc0 ($106.31 in chips) 
Seat 6: xxxZeka ($104.47 in chips) 
AlexPinsk1: posts small blind $0.50
Rezzonner: is sitting out 
BoyLoc0: posts big blind $1
*** HOLE CARDS ***
xxxZeka: raises $1.50 to $2.50
michasia: folds 
AlexPinsk1: folds 
Rezzonner leaves the table
BoyLoc0: calls $1.50
*** FLOP *** [5d 3h Qh]
ZinePablo joins the table at seat #3 
BoyLoc0: checks 
xxxZeka: bets $1.60
BoyLoc0: calls $1.60
*** TURN *** [5d 3h Qh] [Ah]
BoyLoc0: checks 
xxxZeka: checks 
*** RIVER *** [5d 3h Qh Ah] [Jc]
BoyLoc0: bets $6.20
xxxZeka: folds 
Uncalled bet ($6.20) returned to BoyLoc0
BoyLoc0 collected $8.26 from pot
BoyLoc0: doesn't show hand 
*** SUMMARY ***
Total pot $8.70 | Rake $0.44 
Board [5d 3h Qh Ah Jc]
Seat 4: Rezzonner
Seat 1: michasia (button) folded before Flop (didn't bet)
Seat 2: AlexPinsk1 (small blind) folded before Flop
Seat 5: BoyLoc0 (big blind) collected ($8.26)
Seat 6: xxxZeka folded on the River



PokerStars Hand #254736748350:  Hold'em No Limit ($0.50/$1.00 USD) - 2025/02/06 18:24:40 WET [2025/02/06 13:24:40 ET]
Table 'Osiris II' 6-max Seat #5 is the button
Seat 1: michasia ($173.35 in chips) is sitting out
Seat 3: ZinePablo ($100 in chips) is sitting out
Seat 6: xxxZeka ($100.37 in chips) is sitting out
Seat 2: AlexPinsk1 ($101.50 in chips) 
Seat 5: BoyLoc0 ($110.47 in chips) 
BoyLoc0: posts small blind $0.50
xxxZeka: is sitting out 
michasia: is sitting out 
AlexPinsk1: posts big blind $1
*** HOLE CARDS ***
xxxZeka leaves the table
BoyLoc0: raises $1.50 to $2.50
ddyyjj joins the table at seat #4 
Putrik212 joins the table at seat #6 
AlexPinsk1: calls $1.50
*** FLOP *** [Jd 5d 6c]
AlexPinsk1: checks 
BoyLoc0: checks 
*** TURN *** [Jd 5d 6c] [8c]
AlexPinsk1: checks 
BoyLoc0: bets $3.56
AlexPinsk1: folds 
Uncalled bet ($3.56) returned to BoyLoc0
BoyLoc0 collected $4.75 from pot
BoyLoc0: doesn't show hand 
*** SUMMARY ***
Total pot $5 | Rake $0.25 
Board [Jd 5d 6c 8c]
Seat 1: michasia
Seat 3: ZinePablo
Seat 6: xxxZeka
Seat 2: AlexPinsk1 (big blind) folded on the Turn
Seat 5: BoyLoc0 (button) (small blind) collected ($4.75)



PokerStars Hand #254736759313:  Hold'em No Limit ($0.50/$1.00 USD) - 2025/02/06 18:25:20 WET [2025/02/06 13:25:20 ET]
Table 'Osiris II' 6-max Seat #2 is the button
Seat 1: michasia ($173.35 in chips) is sitting out
Seat 3: ZinePablo ($100 in chips) is sitting out
Seat 4: ddyyjj ($100 in chips) is sitting out
Seat 2: AlexPinsk1 ($100 in chips) 
Seat 5: BoyLoc0 ($112.72 in chips) 
Seat 6: Putrik212 ($40.27 in chips) 
BoyLoc0: posts small blind $0.50
Putrik212: posts big blind $1
michasia: sits out 
*** HOLE CARDS ***
AlexPinsk1: raises $1.50 to $2.50
BoyLoc0: raises $7.50 to $10
Putrik212: folds 
AlexPinsk1: folds 
Uncalled bet ($7.50) returned to BoyLoc0
BoyLoc0 collected $6 from pot
BoyLoc0: doesn't show hand 
*** SUMMARY ***
Total pot $6 | Rake $0 
Seat 1: michasia
Seat 3: ZinePablo
Seat 4: ddyyjj
Seat 2: AlexPinsk1 (button) folded before Flop
Seat 5: BoyLoc0 (small blind) collected ($6)
Seat 6: Putrik212 (big blind) folded before Flop



PokerStars Hand #254736764071:  Hold'em No Limit ($0.50/$1.00 USD) - 2025/02/06 18:25:37 WET [2025/02/06 13:25:37 ET]
Table 'Osiris II' 6-max Seat #5 is the button
Seat 3: ZinePablo ($100 in chips) is sitting out
Seat 4: ddyyjj ($100 in chips) is sitting out
Seat 1: michasia ($173.35 in chips) 
Seat 2: AlexPinsk1 ($100 in chips) 
Seat 5: BoyLoc0 ($116.22 in chips) 
Seat 6: Putrik212 ($39.27 in chips) 
Putrik212: posts small blind $0.50
michasia: posts big blind $1
ZinePablo: sits out 
ddyyjj: sits out 
*** HOLE CARDS ***
AlexPinsk1: folds 
BoyLoc0: raises $1.50 to $2.50
Putrik212: folds 
michasia: folds 
Uncalled bet ($1.50) returned to BoyLoc0
BoyLoc0 collected $2.50 from pot
BoyLoc0: doesn't show hand 
*** SUMMARY ***
Total pot $2.50 | Rake $0 
Seat 3: ZinePablo
Seat 4: ddyyjj
Seat 1: michasia (big blind) folded before Flop
Seat 2: AlexPinsk1 folded before Flop (didn't bet)
Seat 5: BoyLoc0 (button) collected ($2.50)
Seat 6: Putrik212 (small blind) folded before Flop



PokerStars Hand #254736723158:  Hold'em No Limit ($0.50/$1.00 USD) - 2025/02/06 18:23:08 WET [2025/02/06 13:23:08 ET]
Table 'Osiris II' 6-max Seat #5 is the button
Seat 3: cacan89 ($0 in chips) is sitting out
Seat 1: michasia ($174.85 in chips) 
Seat 2: AlexPinsk1 ($100 in chips) 
Seat 4: Rezzonner ($111.21 in chips) 
Seat 5: BoyLoc0 ($106.31 in chips) 
Seat 6: xxxZeka ($104.97 in chips) 
xxxZeka: posts small blind $0.50
michasia: posts big blind $1
*** HOLE CARDS ***
AlexPinsk1: raises $1.50 to $2.50
Rezzonner: folds 
cacan89 leaves the table
BoyLoc0: folds 
xxxZeka: folds 
michasia: folds 
Uncalled bet ($1.50) returned to AlexPinsk1
AlexPinsk1 collected $2.50 from pot
AlexPinsk1: doesn't show hand 
*** SUMMARY ***
Total pot $2.50 | Rake $0 
Seat 3: cacan89
Seat 1: michasia (big blind) folded before Flop
Seat 2: AlexPinsk1 collected ($2.50)
Seat 4: Rezzonner folded before Flop (didn't bet)
Seat 5: BoyLoc0 (button) folded before Flop (didn't bet)
Seat 6: xxxZeka (small blind) folded before Flop



PokerStars Hand #254736768290:  Hold'em No Limit ($0.50/$1.00 USD) - 2025/02/06 18:25:52 WET [2025/02/06 13:25:52 ET]
Table 'Osiris II' 6-max Seat #6 is the button
Seat 3: ZinePablo ($100 in chips) is sitting out
Seat 4: ddyyjj ($100 in chips) is sitting out
Seat 1: michasia ($172.35 in chips) 
Seat 2: AlexPinsk1 ($100 in chips) 
Seat 5: BoyLoc0 ($117.72 in chips) 
Seat 6: Putrik212 ($38.77 in chips) 
michasia: posts small blind $0.50
AlexPinsk1: posts big blind $1
ZinePablo: sits out 
ddyyjj: sits out 
*** HOLE CARDS ***
BoyLoc0: folds 
Putrik212: folds 
michasia: folds 
Uncalled bet ($0.50) returned to AlexPinsk1
AlexPinsk1 collected $1 from pot
AlexPinsk1: doesn't show hand 
*** SUMMARY ***
Total pot $1 | Rake $0 
Seat 3: ZinePablo
Seat 4: ddyyjj
Seat 1: michasia (small blind) folded before Flop
Seat 2: AlexPinsk1 (big blind) collected ($1)
Seat 5: BoyLoc0 folded before Flop (didn't bet)
Seat 6: Putrik212 (button) folded before Flop (didn't bet)



PokerStars Hand #254736774041:  Hold'em No Limit ($0.50/$1.00 USD) - 2025/02/06 18:26:13 WET [2025/02/06 13:26:13 ET]
Table 'Osiris II' 6-max Seat #1 is the button
Seat 4: ddyyjj ($100 in chips) is sitting out
Seat 1: michasia ($171.85 in chips) 
Seat 2: AlexPinsk1 ($100.50 in chips) 
Seat 3: ZinePablo ($100 in chips) 
Seat 5: BoyLoc0 ($117.72 in chips) 
Seat 6: Putrik212 ($38.77 in chips) 
AlexPinsk1: posts small blind $0.50
ZinePablo: posts big blind $1
ddyyjj: sits out 
*** HOLE CARDS ***
BoyLoc0: folds 
Putrik212: folds 
michasia: raises $1.80 to $2.80
AlexPinsk1: folds 
ZinePablo: calls $1.80
*** FLOP *** [Jh Qc Td]
ZinePablo: checks 
michasia: bets $8.70
ZinePablo: folds 
Uncalled bet ($8.70) returned to michasia
michasia collected $5.80 from pot
michasia: doesn't show hand 
*** SUMMARY ***
Total pot $6.10 | Rake $0.30 
Board [Jh Qc Td]
Seat 4: ddyyjj
Seat 1: michasia (button) collected ($5.80)
Seat 2: AlexPinsk1 (small blind) folded before Flop
Seat 3: ZinePablo (big blind) folded on the Flop
Seat 5: BoyLoc0 folded before Flop (didn't bet)
Seat 6: Putrik212 folded before Flop (didn't bet)



PokerStars Hand #254736781180:  Hold'em No Limit ($0.50/$1.00 USD) - 2025/02/06 18:26:39 WET [2025/02/06 13:26:39 ET]
Table 'Osiris II' 6-max Seat #2 is the button
Seat 1: michasia ($174.85 in chips) 
Seat 2: AlexPinsk1 ($100 in chips) 
Seat 3: ZinePablo ($100 in chips) 
Seat 4: ddyyjj ($100 in chips) 
Seat 5: BoyLoc0 ($117.72 in chips) 
Seat 6: Putrik212 ($38.77 in chips) 
ZinePablo: posts small blind $0.50
ddyyjj: posts big blind $1
*** HOLE CARDS ***
BoyLoc0: folds 
Putrik212: calls $1
michasia: folds 
AlexPinsk1: folds 
ZinePablo: folds 
ddyyjj: checks 
*** FLOP *** [Jc Ks 2d]
ddyyjj: checks 
Putrik212: checks 
*** TURN *** [Jc Ks 2d] [Kh]
ddyyjj: bets $1.07
Putrik212: folds 
Uncalled bet ($1.07) returned to ddyyjj
ddyyjj collected $2.38 from pot
ddyyjj: doesn't show hand 
*** SUMMARY ***
Total pot $2.50 | Rake $0.12 
Board [Jc Ks 2d Kh]
Seat 1: michasia folded before Flop (didn't bet)
Seat 2: AlexPinsk1 (button) folded before Flop (didn't bet)
Seat 3: ZinePablo (small blind) folded before Flop
Seat 4: ddyyjj (big blind) collected ($2.38)
Seat 5: BoyLoc0 folded before Flop (didn't bet)
Seat 6: Putrik212 folded on the Turn



PokerStars Hand #254736791744:  Hold'em No Limit ($0.50/$1.00 USD) - 2025/02/06 18:27:17 WET [2025/02/06 13:27:17 ET]
Table 'Osiris II' 6-max Seat #3 is the button
Seat 1: michasia ($174.85 in chips) 
Seat 2: AlexPinsk1 ($100 in chips) 
Seat 3: ZinePablo ($100 in chips) 
Seat 4: ddyyjj ($101.38 in chips) 
Seat 5: BoyLoc0 ($117.72 in chips) 
Seat 6: Putrik212 ($37.77 in chips) 
ddyyjj: posts small blind $0.50
BoyLoc0: posts big blind $1
*** HOLE CARDS ***
Putrik212: folds 
michasia: folds 
AlexPinsk1: folds 
ZinePablo: raises $1.50 to $2.50
ddyyjj: raises $7.50 to $10
BoyLoc0: folds 
ZinePablo: folds 
Uncalled bet ($7.50) returned to ddyyjj
BoyLoc0 leaves the table
ddyyjj collected $6 from pot
ddyyjj: doesn't show hand 
*** SUMMARY ***
Total pot $6 | Rake $0 
Seat 1: michasia folded before Flop (didn't bet)
Seat 2: AlexPinsk1 folded before Flop (didn't bet)
Seat 3: ZinePablo (button) folded before Flop
Seat 4: ddyyjj (small blind) collected ($6)
Seat 5: BoyLoc0 (big blind) folded before Flop
Seat 6: Putrik212 folded before Flop (didn't bet)



PokerStars Hand #254736800628:  Hold'em No Limit ($0.50/$1.00 USD) - 2025/02/06 18:27:49 WET [2025/02/06 13:27:49 ET]
Table 'Osiris II' 6-max Seat #4 is the button
Seat 1: michasia ($174.85 in chips) 
Seat 2: AlexPinsk1 ($100 in chips) 
Seat 3: ZinePablo ($100 in chips) 
Seat 4: ddyyjj ($104.88 in chips) 
Seat 6: Putrik212 ($37.77 in chips) 
Putrik212: posts small blind $0.50
michasia: posts big blind $1
*** HOLE CARDS ***
KarP93 joins the table at seat #5 
AlexPinsk1: folds 
ZinePablo: raises $1.50 to $2.50
ddyyjj: folds 
Putrik212: calls $2
michasia: raises $11.50 to $14
ZinePablo: folds 
Putrik212: folds 
Uncalled bet ($11.50) returned to michasia
michasia collected $7.50 from pot
michasia: doesn't show hand 
*** SUMMARY ***
Total pot $7.50 | Rake $0 
Seat 1: michasia (big blind) collected ($7.50)
Seat 2: AlexPinsk1 folded before Flop (didn't bet)
Seat 3: ZinePablo folded before Flop
Seat 4: ddyyjj (button) folded before Flop (didn't bet)
Seat 6: Putrik212 (small blind) folded before Flop



PokerStars Hand #254736808528:  Hold'em No Limit ($0.50/$1.00 USD) - 2025/02/06 18:28:17 WET [2025/02/06 13:28:17 ET]
Table 'Osiris II' 6-max Seat #6 is the button
Seat 5: KarP93 ($100 in chips) is sitting out
Seat 1: michasia ($179.85 in chips) 
Seat 2: AlexPinsk1 ($100 in chips) 
Seat 3: ZinePablo ($100 in chips) 
Seat 4: ddyyjj ($104.88 in chips) 
Seat 6: Putrik212 ($35.27 in chips) 
michasia: posts small blind $0.50
AlexPinsk1: posts big blind $1
KarP93: sits out 
*** HOLE CARDS ***
ZinePablo: folds 
ddyyjj: folds 
Putrik212: folds 
michasia: raises $2 to $3
AlexPinsk1: raises $6 to $9
michasia: calls $6
*** FLOP *** [Js 5d 5c]
michasia: checks 
AlexPinsk1: checks 
*** TURN *** [Js 5d 5c] [8h]
michasia: bets $11.40
AlexPinsk1: calls $11.40
*** RIVER *** [Js 5d 5c 8h] [3c]
michasia: checks 
AlexPinsk1: checks 
*** SHOW DOWN ***
michasia: shows [7s Ks] (a pair of Fives)
AlexPinsk1: shows [Ad Kc] (a pair of Fives - Ace kicker)
AlexPinsk1 collected $38.76 from pot
*** SUMMARY ***
Total pot $40.80 | Rake $2.04 
Board [Js 5d 5c 8h 3c]
Seat 5: KarP93
Seat 1: michasia (small blind) showed [7s Ks] and lost with a pair of Fives
Seat 2: AlexPinsk1 (big blind) showed [Ad Kc] and won ($38.76) with a pair of Fives
Seat 3: ZinePablo folded before Flop (didn't bet)
Seat 4: ddyyjj folded before Flop (didn't bet)
Seat 6: Putrik212 (button) folded before Flop (didn't bet)



PokerStars Hand #254736825398:  Hold'em No Limit ($0.50/$1.00 USD) - 2025/02/06 18:29:19 WET [2025/02/06 13:29:19 ET]
Table 'Osiris II' 6-max Seat #1 is the button
Seat 5: KarP93 ($100 in chips) is sitting out
Seat 1: michasia ($159.45 in chips) 
Seat 2: AlexPinsk1 ($118.36 in chips) 
Seat 3: ZinePablo ($100 in chips) 
Seat 4: ddyyjj ($104.88 in chips) 
Seat 6: Putrik212 ($35.27 in chips) 
AlexPinsk1: posts small blind $0.50
ZinePablo: posts big blind $1
KarP93: sits out 
*** HOLE CARDS ***
ddyyjj: folds 
Putrik212: folds 
michasia: folds 
AlexPinsk1: folds 
Uncalled bet ($0.50) returned to ZinePablo
ZinePablo collected $1 from pot
*** SUMMARY ***
Total pot $1 | Rake $0 
Seat 5: KarP93
Seat 1: michasia (button) folded before Flop (didn't bet)
Seat 2: AlexPinsk1 (small blind) folded before Flop
Seat 3: ZinePablo (big blind) collected ($1)
Seat 4: ddyyjj folded before Flop (didn't bet)
Seat 6: Putrik212 folded before Flop (didn't bet)



PokerStars Hand #254736830399:  Hold'em No Limit ($0.50/$1.00 USD) - 2025/02/06 18:29:37 WET [2025/02/06 13:29:37 ET]
Table 'Osiris II' 6-max Seat #2 is the button
Seat 5: KarP93 ($100 in chips) is sitting out
Seat 1: michasia ($159.45 in chips) 
Seat 2: AlexPinsk1 ($117.86 in chips) 
Seat 3: ZinePablo ($100.50 in chips) 
Seat 4: ddyyjj ($104.88 in chips) 
Seat 6: Putrik212 ($35.27 in chips) 
ZinePablo: posts small blind $0.50
ddyyjj: posts big blind $1
KarP93: sits out 
*** HOLE CARDS ***
Putrik212: folds 
michasia: folds 
AlexPinsk1: folds 
ZinePablo: raises $2 to $3
ddyyjj: folds 
Uncalled bet ($2) returned to ZinePablo
ZinePablo collected $2 from pot
*** SUMMARY ***
Total pot $2 | Rake $0 
Seat 5: KarP93
Seat 1: michasia folded before Flop (didn't bet)
Seat 2: AlexPinsk1 (button) folded before Flop (didn't bet)
Seat 3: ZinePablo (small blind) collected ($2)
Seat 4: ddyyjj (big blind) folded before Flop
Seat 6: Putrik212 folded before Flop (didn't bet)



PokerStars Hand #254736835178:  Hold'em No Limit ($0.50/$1.00 USD) - 2025/02/06 18:29:54 WET [2025/02/06 13:29:54 ET]
Table 'Osiris II' 6-max Seat #3 is the button
Seat 1: michasia ($159.45 in chips) 
Seat 2: AlexPinsk1 ($117.86 in chips) 
Seat 3: ZinePablo ($101.50 in chips) 
Seat 4: ddyyjj ($103.88 in chips) 
Seat 5: KarP93 ($100 in chips) 
Seat 6: Putrik212 ($35.27 in chips) 
ddyyjj: posts small blind $0.50
KarP93: posts big blind $1
*** HOLE CARDS ***
Putrik212: folds 
michasia: folds 
AlexPinsk1: raises $1.50 to $2.50
ZinePablo: folds 
ddyyjj: folds 
KarP93: folds 
Uncalled bet ($1.50) returned to AlexPinsk1
AlexPinsk1 collected $2.50 from pot
AlexPinsk1: doesn't show hand 
ddyyjj leaves the table
*** SUMMARY ***
Total pot $2.50 | Rake $0 
Seat 1: michasia folded before Flop (didn't bet)
Seat 2: AlexPinsk1 collected ($2.50)
Seat 3: ZinePablo (button) folded before Flop (didn't bet)
Seat 4: ddyyjj (small blind) folded before Flop
Seat 5: KarP93 (big blind) folded before Flop
Seat 6: Putrik212 folded before Flop (didn't bet)



PokerStars Hand #254736839239:  Hold'em No Limit ($0.50/$1.00 USD) - 2025/02/06 18:30:08 WET [2025/02/06 13:30:08 ET]
Table 'Osiris II' 6-max Seat #5 is the button
Seat 1: michasia ($159.45 in chips) 
Seat 2: AlexPinsk1 ($119.36 in chips) 
Seat 3: ZinePablo ($101.50 in chips) 
Seat 5: KarP93 ($100 in chips) 
Seat 6: Putrik212 ($35.27 in chips) 
Putrik212: posts small blind $0.50
michasia: posts big blind $1
*** HOLE CARDS ***
Celena Teneriva joins the table at seat #4 
AlexPinsk1: folds 
ZinePablo: folds 
KarP93: raises $1.50 to $2.50
Putrik212: calls $2
michasia: raises $11.50 to $14
KarP93: folds 
Putrik212: raises $21.27 to $35.27 and is all-in
michasia: calls $21.27
*** FLOP *** [8c 7h 8d]
*** TURN *** [8c 7h 8d] [Jc]
*** RIVER *** [8c 7h 8d Jc] [7d]
*** SHOW DOWN ***
Putrik212: shows [3d Qs] (two pair, Eights and Sevens)
michasia: shows [Kd Kh] (two pair, Kings and Eights)
michasia collected $70.54 from pot
Putrik212 cashed out the hand for $8.03 | Cash Out Fee $0.16
*** SUMMARY ***
Total pot $73.04 | Rake $2.50 
Board [8c 7h 8d Jc 7d]
Seat 1: michasia (big blind) showed [Kd Kh] and won ($70.54) with two pair, Kings and Eights
Seat 2: AlexPinsk1 folded before Flop (didn't bet)
Seat 3: ZinePablo folded before Flop (didn't bet)
Seat 5: KarP93 (button) folded before Flop
Seat 6: Putrik212 (small blind) showed [3d Qs] and lost with two pair, Eights and Sevens (cashed out).



PokerStars Hand #254736853791:  Hold'em No Limit ($0.50/$1.00 USD) - 2025/02/06 18:31:00 WET [2025/02/06 13:31:00 ET]
Table 'Osiris II' 6-max Seat #6 is the button
Seat 4: Celena Teneriva ($100 in chips) is sitting out
Seat 1: michasia ($194.72 in chips) 
Seat 2: AlexPinsk1 ($119.36 in chips) 
Seat 3: ZinePablo ($101.50 in chips) 
Seat 5: KarP93 ($100 in chips) 
Seat 6: Putrik212 ($8.03 in chips) 
michasia: posts small blind $0.50
AlexPinsk1: posts big blind $1
Celena Teneriva: sits out 
*** HOLE CARDS ***
ZinePablo: folds 
KarP93: folds 
Putrik212: raises $7.03 to $8.03 and is all-in
michasia: folds 
AlexPinsk1: calls $7.03
*** FLOP *** [5c Jd 4d]
*** TURN *** [5c Jd 4d] [8c]
*** RIVER *** [5c Jd 4d 8c] [4h]
*** SHOW DOWN ***
AlexPinsk1: shows [Kc Td] (a pair of Fours)
Putrik212: shows [Js 4s] (a full house, Fours full of Jacks)
Putrik212 collected $15.73 from pot
*** SUMMARY ***
Total pot $16.56 | Rake $0.83 
Board [5c Jd 4d 8c 4h]
Seat 4: Celena Teneriva
Seat 1: michasia (small blind) folded before Flop
Seat 2: AlexPinsk1 (big blind) showed [Kc Td] and lost with a pair of Fours
Seat 3: ZinePablo folded before Flop (didn't bet)
Seat 5: KarP93 folded before Flop (didn't bet)
Seat 6: Putrik212 (button) showed [Js 4s] and won ($15.73) with a full house, Fours full of Jacks



PokerStars Hand #254736861728:  Hold'em No Limit ($0.50/$1.00 USD) - 2025/02/06 18:31:28 WET [2025/02/06 13:31:28 ET]
Table 'Osiris II' 6-max Seat #1 is the button
Seat 4: Celena Teneriva ($100 in chips) is sitting out
Seat 1: michasia ($194.22 in chips) 
Seat 2: AlexPinsk1 ($111.33 in chips) 
Seat 3: ZinePablo ($101.50 in chips) 
Seat 5: KarP93 ($100 in chips) 
Seat 6: Putrik212 ($15.73 in chips) 
AlexPinsk1: posts small blind $0.50
ZinePablo: posts big blind $1
Celena Teneriva: sits out 
*** HOLE CARDS ***
KarP93: folds 
Putrik212: raises $14.73 to $15.73 and is all-in
michasia: folds 
AlexPinsk1: folds 
ZinePablo: folds 
Uncalled bet ($14.73) returned to Putrik212
Putrik212 collected $2.50 from pot
Putrik212: doesn't show hand 
*** SUMMARY ***
Total pot $2.50 | Rake $0 
Seat 4: Celena Teneriva
Seat 1: michasia (button) folded before Flop (didn't bet)
Seat 2: AlexPinsk1 (small blind) folded before Flop
Seat 3: ZinePablo (big blind) folded before Flop
Seat 5: KarP93 folded before Flop (didn't bet)
Seat 6: Putrik212 collected ($2.50)



PokerStars Hand #254736867365:  Hold'em No Limit ($0.50/$1.00 USD) - 2025/02/06 18:31:49 WET [2025/02/06 13:31:49 ET]
Table 'Osiris II' 6-max Seat #2 is the button
Seat 1: michasia ($194.22 in chips) 
Seat 2: AlexPinsk1 ($110.83 in chips) 
Seat 3: ZinePablo ($100.50 in chips) 
Seat 4: Celena Teneriva ($100 in chips) 
Seat 5: KarP93 ($100 in chips) 
Seat 6: Putrik212 ($17.23 in chips) 
ZinePablo: posts small blind $0.50
Celena Teneriva: posts big blind $1
*** HOLE CARDS ***
KarP93: folds 
Putrik212: raises $16.23 to $17.23 and is all-in
michasia: folds 
AlexPinsk1: folds 
ZinePablo: folds 
Celena Teneriva: folds 
Uncalled bet ($16.23) returned to Putrik212
Putrik212 collected $2.50 from pot
Putrik212: doesn't show hand 
*** SUMMARY ***
Total pot $2.50 | Rake $0 
Seat 1: michasia folded before Flop (didn't bet)
Seat 2: AlexPinsk1 (button) folded before Flop (didn't bet)
Seat 3: ZinePablo (small blind) folded before Flop
Seat 4: Celena Teneriva (big blind) folded before Flop
Seat 5: KarP93 folded before Flop (didn't bet)
Seat 6: Putrik212 collected ($2.50)



PokerStars Hand #254736874004:  Hold'em No Limit ($0.50/$1.00 USD) - 2025/02/06 18:32:13 WET [2025/02/06 13:32:13 ET]
Table 'Osiris II' 6-max Seat #3 is the button
Seat 1: michasia ($194.22 in chips) 
Seat 2: AlexPinsk1 ($110.83 in chips) 
Seat 3: ZinePablo ($100 in chips) 
Seat 4: Celena Teneriva ($99 in chips) 
Seat 5: KarP93 ($100 in chips) 
Seat 6: Putrik212 ($18.73 in chips) 
Celena Teneriva: posts small blind $0.50
KarP93: posts big blind $1
*** HOLE CARDS ***
Putrik212: folds 
michasia: folds 
AlexPinsk1: folds 
ZinePablo: folds 
Celena Teneriva: folds 
Uncalled bet ($0.50) returned to KarP93
KarP93 collected $1 from pot
KarP93: doesn't show hand 
*** SUMMARY ***
Total pot $1 | Rake $0 
Seat 1: michasia folded before Flop (didn't bet)
Seat 2: AlexPinsk1 folded before Flop (didn't bet)
Seat 3: ZinePablo (button) folded before Flop (didn't bet)
Seat 4: Celena Teneriva (small blind) folded before Flop
Seat 5: KarP93 (big blind) collected ($1)
Seat 6: Putrik212 folded before Flop (didn't bet)



PokerStars Hand #254736877114:  Hold'em No Limit ($0.50/$1.00 USD) - 2025/02/06 18:32:24 WET [2025/02/06 13:32:24 ET]
Table 'Osiris II' 6-max Seat #4 is the button
Seat 1: michasia ($194.22 in chips) 
Seat 2: AlexPinsk1 ($110.83 in chips) 
Seat 3: ZinePablo ($100 in chips) 
Seat 4: Celena Teneriva ($98.50 in chips) 
Seat 5: KarP93 ($100.50 in chips) 
Seat 6: Putrik212 ($18.73 in chips) 
KarP93: posts small blind $0.50
Putrik212: posts big blind $1
*** HOLE CARDS ***
michasia: folds 
AlexPinsk1: folds 
ZinePablo: folds 
Celena Teneriva: raises $2 to $3
KarP93: folds 
Putrik212: folds 
Uncalled bet ($2) returned to Celena Teneriva
Celena Teneriva collected $2.50 from pot
Celena Teneriva: doesn't show hand 
*** SUMMARY ***
Total pot $2.50 | Rake $0 
Seat 1: michasia folded before Flop (didn't bet)
Seat 2: AlexPinsk1 folded before Flop (didn't bet)
Seat 3: ZinePablo folded before Flop (didn't bet)
Seat 4: Celena Teneriva (button) collected ($2.50)
Seat 5: KarP93 (small blind) folded before Flop
Seat 6: Putrik212 (big blind) folded before Flop



PokerStars Hand #254736881443:  Hold'em No Limit ($0.50/$1.00 USD) - 2025/02/06 18:32:39 WET [2025/02/06 13:32:39 ET]
Table 'Osiris II' 6-max Seat #5 is the button
Seat 1: michasia ($194.22 in chips) 
Seat 2: AlexPinsk1 ($110.83 in chips) 
Seat 3: ZinePablo ($100 in chips) 
Seat 4: Celena Teneriva ($100 in chips) 
Seat 5: KarP93 ($100 in chips) 
Seat 6: Putrik212 ($17.73 in chips) 
Putrik212: posts small blind $0.50
michasia: posts big blind $1
*** HOLE CARDS ***
AlexPinsk1: folds 
ZinePablo: folds 
Celena Teneriva: raises $2 to $3
KarP93: folds 
Putrik212: calls $2.50
michasia: folds 
*** FLOP *** [4d Ts 4s]
Putrik212: checks 
Celena Teneriva: bets $7.33
Putrik212: folds 
Uncalled bet ($7.33) returned to Celena Teneriva
Celena Teneriva collected $6.65 from pot
Celena Teneriva: doesn't show hand 
*** SUMMARY ***
Total pot $7 | Rake $0.35 
Board [4d Ts 4s]
Seat 1: michasia (big blind) folded before Flop
Seat 2: AlexPinsk1 folded before Flop (didn't bet)
Seat 3: ZinePablo folded before Flop (didn't bet)
Seat 4: Celena Teneriva collected ($6.65)
Seat 5: KarP93 (button) folded before Flop (didn't bet)
Seat 6: Putrik212 (small blind) folded on the Flop



PokerStars Hand #254736890979:  Hold'em No Limit ($0.50/$1.00 USD) - 2025/02/06 18:33:13 WET [2025/02/06 13:33:13 ET]
Table 'Osiris II' 6-max Seat #6 is the button
Seat 1: michasia ($193.22 in chips) 
Seat 2: AlexPinsk1 ($110.83 in chips) 
Seat 3: ZinePablo ($100 in chips) 
Seat 4: Celena Teneriva ($103.65 in chips) 
Seat 5: KarP93 ($100 in chips) 
Seat 6: Putrik212 ($14.73 in chips) 
michasia: posts small blind $0.50
AlexPinsk1: posts big blind $1
*** HOLE CARDS ***
ZinePablo: folds 
Celena Teneriva: folds 
KarP93: folds 
Putrik212: calls $1
michasia: folds 
AlexPinsk1: raises $15.50 to $16.50
Putrik212: folds 
Uncalled bet ($15.50) returned to AlexPinsk1
AlexPinsk1 collected $2.50 from pot
AlexPinsk1: doesn't show hand 
*** SUMMARY ***
Total pot $2.50 | Rake $0 
Seat 1: michasia (small blind) folded before Flop
Seat 2: AlexPinsk1 (big blind) collected ($2.50)
Seat 3: ZinePablo folded before Flop (didn't bet)
Seat 4: Celena Teneriva folded before Flop (didn't bet)
Seat 5: KarP93 folded before Flop (didn't bet)
Seat 6: Putrik212 (button) folded before Flop



PokerStars Hand #254736896000:  Hold'em No Limit ($0.50/$1.00 USD) - 2025/02/06 18:33:31 WET [2025/02/06 13:33:31 ET]
Table 'Osiris II' 6-max Seat #1 is the button
Seat 1: michasia ($192.72 in chips) 
Seat 2: AlexPinsk1 ($112.33 in chips) 
Seat 3: ZinePablo ($100 in chips) 
Seat 4: Celena Teneriva ($103.65 in chips) 
Seat 5: KarP93 ($100 in chips) 
Seat 6: Putrik212 ($13.73 in chips) 
AlexPinsk1: posts small blind $0.50
ZinePablo: posts big blind $1
*** HOLE CARDS ***
Celena Teneriva: raises $2 to $3
KarP93: folds 
Putrik212: folds 
michasia: folds 
AlexPinsk1: folds 
ZinePablo: folds 
Uncalled bet ($2) returned to Celena Teneriva
Celena Teneriva collected $2.50 from pot
Celena Teneriva: doesn't show hand 
*** SUMMARY ***
Total pot $2.50 | Rake $0 
Seat 1: michasia (button) folded before Flop (didn't bet)
Seat 2: AlexPinsk1 (small blind) folded before Flop
Seat 3: ZinePablo (big blind) folded before Flop
Seat 4: Celena Teneriva collected ($2.50)
Seat 5: KarP93 folded before Flop (didn't bet)
Seat 6: Putrik212 folded before Flop (didn't bet)



PokerStars Hand #254736899694:  Hold'em No Limit ($0.50/$1.00 USD) - 2025/02/06 18:33:44 WET [2025/02/06 13:33:44 ET]
Table 'Osiris II' 6-max Seat #2 is the button
Seat 1: michasia ($192.72 in chips) 
Seat 2: AlexPinsk1 ($111.83 in chips) 
Seat 3: ZinePablo ($100 in chips) 
Seat 4: Celena Teneriva ($105.15 in chips) 
Seat 5: KarP93 ($100 in chips) 
Seat 6: Putrik212 ($13.73 in chips) 
ZinePablo: posts small blind $0.50
Celena Teneriva: posts big blind $1
*** HOLE CARDS ***
KarP93: folds 
Putrik212: folds 
michasia: folds 
AlexPinsk1: folds 
ZinePablo: raises $2 to $3
Celena Teneriva: calls $2
*** FLOP *** [7h 7d 5c]
ZinePablo: bets $1.88
Celena Teneriva: raises $2.88 to $4.76
ZinePablo: folds 
Uncalled bet ($2.88) returned to Celena Teneriva
Celena Teneriva collected $9.27 from pot
Celena Teneriva: doesn't show hand 
*** SUMMARY ***
Total pot $9.76 | Rake $0.49 
Board [7h 7d 5c]
Seat 1: michasia folded before Flop (didn't bet)
Seat 2: AlexPinsk1 (button) folded before Flop (didn't bet)
Seat 3: ZinePablo (small blind) folded on the Flop
Seat 4: Celena Teneriva (big blind) collected ($9.27)
Seat 5: KarP93 folded before Flop (didn't bet)
Seat 6: Putrik212 folded before Flop (didn't bet)



PokerStars Hand #254736907712:  Hold'em No Limit ($0.50/$1.00 USD) - 2025/02/06 18:34:13 WET [2025/02/06 13:34:13 ET]
Table 'Osiris II' 6-max Seat #3 is the button
Seat 1: michasia ($192.72 in chips) 
Seat 2: AlexPinsk1 ($111.83 in chips) 
Seat 3: ZinePablo ($100 in chips) 
Seat 4: Celena Teneriva ($109.54 in chips) 
Seat 5: KarP93 ($100 in chips) 
Seat 6: Putrik212 ($13.73 in chips) 
Celena Teneriva: posts small blind $0.50
KarP93: posts big blind $1
*** HOLE CARDS ***
Putrik212: folds 
michasia: folds 
AlexPinsk1: folds 
ZinePablo: raises $1.50 to $2.50
Celena Teneriva: folds 
KarP93: calls $1.50
*** FLOP *** [8h Jh 3h]
KarP93: checks 
ZinePablo: bets $1.72
KarP93: folds 
Uncalled bet ($1.72) returned to ZinePablo
ZinePablo collected $5.22 from pot
*** SUMMARY ***
Total pot $5.50 | Rake $0.28 
Board [8h Jh 3h]
Seat 1: michasia folded before Flop (didn't bet)
Seat 2: AlexPinsk1 folded before Flop (didn't bet)
Seat 3: ZinePablo (button) collected ($5.22)
Seat 4: Celena Teneriva (small blind) folded before Flop
Seat 5: KarP93 (big blind) folded on the Flop
Seat 6: Putrik212 folded before Flop (didn't bet)



PokerStars Hand #254736919373:  Hold'em No Limit ($0.50/$1.00 USD) - 2025/02/06 18:34:54 WET [2025/02/06 13:34:54 ET]
Table 'Osiris II' 6-max Seat #4 is the button
Seat 1: michasia ($192.72 in chips) 
Seat 2: AlexPinsk1 ($111.83 in chips) 
Seat 3: ZinePablo ($102.72 in chips) 
Seat 4: Celena Teneriva ($109.04 in chips) 
Seat 5: KarP93 ($100 in chips) 
Seat 6: Putrik212 ($13.73 in chips) 
KarP93: posts small blind $0.50
Putrik212: posts big blind $1
*** HOLE CARDS ***
michasia: folds 
AlexPinsk1: folds 
ZinePablo: raises $1.50 to $2.50
Celena Teneriva: folds 
KarP93: folds 
Putrik212: calls $1.50
*** FLOP *** [5d Kd 9d]
Putrik212: checks 
ZinePablo: bets $1.72
Putrik212: calls $1.72
*** TURN *** [5d Kd 9d] [Jd]
Putrik212: checks 
ZinePablo: checks 
*** RIVER *** [5d Kd 9d Jd] [4c]
Putrik212: checks 
ZinePablo: bets $6.37
Putrik212: folds 
Uncalled bet ($6.37) returned to ZinePablo
ZinePablo collected $8.49 from pot
*** SUMMARY ***
Total pot $8.94 | Rake $0.45 
Board [5d Kd 9d Jd 4c]
Seat 1: michasia folded before Flop (didn't bet)
Seat 2: AlexPinsk1 folded before Flop (didn't bet)
Seat 3: ZinePablo collected ($8.49)
Seat 4: Celena Teneriva (button) folded before Flop (didn't bet)
Seat 5: KarP93 (small blind) folded before Flop
Seat 6: Putrik212 (big blind) folded on the River



PokerStars Hand #254736928036:  Hold'em No Limit ($0.50/$1.00 USD) - 2025/02/06 18:35:25 WET [2025/02/06 13:35:25 ET]
Table 'Osiris II' 6-max Seat #5 is the button
Seat 1: michasia ($192.72 in chips) 
Seat 2: AlexPinsk1 ($111.83 in chips) 
Seat 3: ZinePablo ($106.99 in chips) 
Seat 4: Celena Teneriva ($109.04 in chips) 
Seat 5: KarP93 ($100 in chips) 
Seat 6: Putrik212 ($9.51 in chips) 
Putrik212: posts small blind $0.50
michasia: posts big blind $1
*** HOLE CARDS ***
AlexPinsk1: folds 
ZinePablo: folds 
Celena Teneriva: folds 
KarP93: folds 
Putrik212: raises $8.51 to $9.51 and is all-in
michasia: calls $8.51
*** FLOP *** [9d 5h 4s]
*** TURN *** [9d 5h 4s] [7h]
*** RIVER *** [9d 5h 4s 7h] [8s]
*** SHOW DOWN ***
Putrik212: shows [6c Kh] (a straight, Five to Nine)
michasia: shows [Qd Ah] (high card Ace)
Putrik212 collected $18.07 from pot
*** SUMMARY ***
Total pot $19.02 | Rake $0.95 
Board [9d 5h 4s 7h 8s]
Seat 1: michasia (big blind) showed [Qd Ah] and lost with high card Ace
Seat 2: AlexPinsk1 folded before Flop (didn't bet)
Seat 3: ZinePablo folded before Flop (didn't bet)
Seat 4: Celena Teneriva folded before Flop (didn't bet)
Seat 5: KarP93 (button) folded before Flop (didn't bet)
Seat 6: Putrik212 (small blind) showed [6c Kh] and won ($18.07) with a straight, Five to Nine



PokerStars Hand #254736935323:  Hold'em No Limit ($0.50/$1.00 USD) - 2025/02/06 18:35:50 WET [2025/02/06 13:35:50 ET]
Table 'Osiris II' 6-max Seat #6 is the button
Seat 1: michasia ($183.21 in chips) 
Seat 2: AlexPinsk1 ($111.83 in chips) 
Seat 3: ZinePablo ($106.99 in chips) 
Seat 4: Celena Teneriva ($109.04 in chips) 
Seat 5: KarP93 ($100 in chips) 
Seat 6: Putrik212 ($18.07 in chips) 
michasia: posts small blind $0.50
AlexPinsk1: posts big blind $1
*** HOLE CARDS ***
ZinePablo: folds 
Celena Teneriva: folds 
KarP93: folds 
Putrik212: folds 
michasia: folds 
Uncalled bet ($0.50) returned to AlexPinsk1
AlexPinsk1 collected $1 from pot
AlexPinsk1: doesn't show hand 
*** SUMMARY ***
Total pot $1 | Rake $0 
Seat 1: michasia (small blind) folded before Flop
Seat 2: AlexPinsk1 (big blind) collected ($1)
Seat 3: ZinePablo folded before Flop (didn't bet)
Seat 4: Celena Teneriva folded before Flop (didn't bet)
Seat 5: KarP93 folded before Flop (didn't bet)
Seat 6: Putrik212 (button) folded before Flop (didn't bet)



PokerStars Hand #254736939753:  Hold'em No Limit ($0.50/$1.00 USD) - 2025/02/06 18:36:06 WET [2025/02/06 13:36:06 ET]
Table 'Osiris II' 6-max Seat #1 is the button
Seat 1: michasia ($182.71 in chips) 
Seat 2: AlexPinsk1 ($112.33 in chips) 
Seat 3: ZinePablo ($106.99 in chips) 
Seat 4: Celena Teneriva ($109.04 in chips) 
Seat 5: KarP93 ($100 in chips) 
Seat 6: Putrik212 ($18.07 in chips) 
AlexPinsk1: posts small blind $0.50
ZinePablo: posts big blind $1
*** HOLE CARDS ***
Celena Teneriva: folds 
KarP93: folds 
Putrik212: raises $17.07 to $18.07 and is all-in
michasia: calls $18.07
AlexPinsk1: folds 
ZinePablo: folds 
*** FLOP *** [Jh Td 4s]
*** TURN *** [Jh Td 4s] [Ts]
*** RIVER *** [Jh Td 4s Ts] [7d]
*** SHOW DOWN ***
Putrik212: shows [Kc 2d] (a pair of Tens)
michasia: shows [Qs As] (a pair of Tens - Ace kicker)
michasia collected $35.76 from pot
*** SUMMARY ***
Total pot $37.64 | Rake $1.88 
Board [Jh Td 4s Ts 7d]
Seat 1: michasia (button) showed [Qs As] and won ($35.76) with a pair of Tens
Seat 2: AlexPinsk1 (small blind) folded before Flop
Seat 3: ZinePablo (big blind) folded before Flop
Seat 4: Celena Teneriva folded before Flop (didn't bet)
Seat 5: KarP93 folded before Flop (didn't bet)
Seat 6: Putrik212 showed [Kc 2d] and lost with a pair of Tens



PokerStars Hand #254736948087:  Hold'em No Limit ($0.50/$1.00 USD) - 2025/02/06 18:36:35 WET [2025/02/06 13:36:35 ET]
Table 'Osiris II' 6-max Seat #2 is the button
Seat 6: Putrik212 ($0 in chips) is sitting out
Seat 1: michasia ($200.40 in chips) 
Seat 2: AlexPinsk1 ($111.83 in chips) 
Seat 3: ZinePablo ($105.99 in chips) 
Seat 4: Celena Teneriva ($109.04 in chips) 
Seat 5: KarP93 ($100 in chips) 
ZinePablo: posts small blind $0.50
Celena Teneriva: posts big blind $1
*** HOLE CARDS ***
KarP93: folds 
michasia: folds 
AlexPinsk1: raises $1.50 to $2.50
ZinePablo: raises $9.50 to $12
Celena Teneriva: folds 
AlexPinsk1: folds 
Uncalled bet ($9.50) returned to ZinePablo
ZinePablo collected $6 from pot
*** SUMMARY ***
Total pot $6 | Rake $0 
Seat 6: Putrik212
Seat 1: michasia folded before Flop (didn't bet)
Seat 2: AlexPinsk1 (button) folded before Flop
Seat 3: ZinePablo (small blind) collected ($6)
Seat 4: Celena Teneriva (big blind) folded before Flop
Seat 5: KarP93 folded before Flop (didn't bet)



PokerStars Hand #254736954498:  Hold'em No Limit ($0.50/$1.00 USD) - 2025/02/06 18:36:58 WET [2025/02/06 13:36:58 ET]
Table 'Osiris II' 6-max Seat #3 is the button
Seat 5: KarP93 ($100 in chips) is sitting out
Seat 6: Putrik212 ($0 in chips) is sitting out
Seat 1: michasia ($200.40 in chips) 
Seat 2: AlexPinsk1 ($109.33 in chips) 
Seat 3: ZinePablo ($109.49 in chips) 
Seat 4: Celena Teneriva ($108.04 in chips) 
Celena Teneriva: posts small blind $0.50
KarP93: is sitting out 
michasia: posts big blind $1
*** HOLE CARDS ***
AlexPinsk1: folds 
ZinePablo: raises $1.50 to $2.50
Celena Teneriva: folds 
michasia: folds 
Uncalled bet ($1.50) returned to ZinePablo
ZinePablo collected $2.50 from pot
*** SUMMARY ***
Total pot $2.50 | Rake $0 
Seat 5: KarP93
Seat 6: Putrik212
Seat 1: michasia (big blind) folded before Flop
Seat 2: AlexPinsk1 folded before Flop (didn't bet)
Seat 3: ZinePablo (button) collected ($2.50)
Seat 4: Celena Teneriva (small blind) folded before Flop



PokerStars Hand #254736959395:  Hold'em No Limit ($0.50/$1.00 USD) - 2025/02/06 18:37:15 WET [2025/02/06 13:37:15 ET]
Table 'Osiris II' 6-max Seat #4 is the button
Seat 5: KarP93 ($100 in chips) is sitting out
Seat 6: Putrik212 ($0 in chips) is sitting out
Seat 1: michasia ($199.40 in chips) 
Seat 2: AlexPinsk1 ($109.33 in chips) 
Seat 3: ZinePablo ($110.99 in chips) 
Seat 4: Celena Teneriva ($107.54 in chips) 
michasia: posts small blind $0.50
AlexPinsk1: posts big blind $1
*** HOLE CARDS ***
ZinePablo: raises $1.50 to $2.50
Celena Teneriva: folds 
michasia: folds 
AlexPinsk1: folds 
Uncalled bet ($1.50) returned to ZinePablo
ZinePablo collected $2.50 from pot
*** SUMMARY ***
Total pot $2.50 | Rake $0 
Seat 5: KarP93
Seat 6: Putrik212
Seat 1: michasia (small blind) folded before Flop
Seat 2: AlexPinsk1 (big blind) folded before Flop
Seat 3: ZinePablo collected ($2.50)
Seat 4: Celena Teneriva (button) folded before Flop (didn't bet)



PokerStars Hand #254736964009:  Hold'em No Limit ($0.50/$1.00 USD) - 2025/02/06 18:37:32 WET [2025/02/06 13:37:32 ET]
Table 'Osiris II' 6-max Seat #1 is the button
Seat 5: KarP93 ($100 in chips) is sitting out
Seat 6: Putrik212 ($0 in chips) is sitting out
Seat 1: michasia ($198.90 in chips) 
Seat 2: AlexPinsk1 ($108.33 in chips) 
Seat 3: ZinePablo ($112.49 in chips) 
Seat 4: Celena Teneriva ($107.54 in chips) 
AlexPinsk1: posts small blind $0.50
ZinePablo: posts big blind $1
*** HOLE CARDS ***
Celena Teneriva: folds 
michasia: folds 
AlexPinsk1: raises $2 to $3
ZinePablo: folds 
Uncalled bet ($2) returned to AlexPinsk1
AlexPinsk1 collected $2 from pot
AlexPinsk1: doesn't show hand 
*** SUMMARY ***
Total pot $2 | Rake $0 
Seat 5: KarP93
Seat 6: Putrik212
Seat 1: michasia (button) folded before Flop (didn't bet)
Seat 2: AlexPinsk1 (small blind) collected ($2)
Seat 3: ZinePablo (big blind) folded before Flop
Seat 4: Celena Teneriva folded before Flop (didn't bet)



PokerStars Hand #254736967680:  Hold'em No Limit ($0.50/$1.00 USD) - 2025/02/06 18:37:45 WET [2025/02/06 13:37:45 ET]
Table 'Osiris II' 6-max Seat #2 is the button
Seat 5: KarP93 ($100 in chips) is sitting out
Seat 1: michasia ($198.90 in chips) 
Seat 2: AlexPinsk1 ($109.33 in chips) 
Seat 3: ZinePablo ($111.49 in chips) 
Seat 4: Celena Teneriva ($107.54 in chips) 
Seat 6: Putrik212 ($40.27 in chips) 
ZinePablo: posts small blind $0.50
Celena Teneriva: posts big blind $1
KarP93: sits out 
Putrik212: posts small & big blinds $1.50
*** HOLE CARDS ***
Putrik212: checks 
michasia: raises $3 to $4
AlexPinsk1: folds 
ZinePablo: folds 
Celena Teneriva: calls $3
Putrik212: folds 
*** FLOP *** [Qc Td Ac]
Celena Teneriva: checks 
michasia: bets $6.33
Celena Teneriva: folds 
Uncalled bet ($6.33) returned to michasia
michasia collected $9.50 from pot
michasia: doesn't show hand 
*** SUMMARY ***
Total pot $10 | Rake $0.50 
Board [Qc Td Ac]
Seat 5: KarP93
Seat 1: michasia collected ($9.50)
Seat 2: AlexPinsk1 (button) folded before Flop (didn't bet)
Seat 3: ZinePablo (small blind) folded before Flop
Seat 4: Celena Teneriva (big blind) folded on the Flop
Seat 6: Putrik212 folded before Flop (didn't bet)



PokerStars Hand #254736976380:  Hold'em No Limit ($0.50/$1.00 USD) - 2025/02/06 18:38:16 WET [2025/02/06 13:38:16 ET]
Table 'Osiris II' 6-max Seat #3 is the button
Seat 1: michasia ($204.40 in chips) 
Seat 2: AlexPinsk1 ($109.33 in chips) 
Seat 3: ZinePablo ($110.99 in chips) 
Seat 4: Celena Teneriva ($103.54 in chips) 
Seat 5: KarP93 ($100 in chips) 
Seat 6: Putrik212 ($38.77 in chips) 
Celena Teneriva: posts small blind $0.50
KarP93: posts big blind $1
*** HOLE CARDS ***
Putrik212: folds 
michasia: raises $1.60 to $2.60
AlexPinsk1: folds 
ZinePablo: folds 
Celena Teneriva: folds 
KarP93: folds 
Uncalled bet ($1.60) returned to michasia
michasia collected $2.50 from pot
michasia: doesn't show hand 
*** SUMMARY ***
Total pot $2.50 | Rake $0 
Seat 1: michasia collected ($2.50)
Seat 2: AlexPinsk1 folded before Flop (didn't bet)
Seat 3: ZinePablo (button) folded before Flop (didn't bet)
Seat 4: Celena Teneriva (small blind) folded before Flop
Seat 5: KarP93 (big blind) folded before Flop
Seat 6: Putrik212 folded before Flop (didn't bet)



PokerStars Hand #254736981205:  Hold'em No Limit ($0.50/$1.00 USD) - 2025/02/06 18:38:33 WET [2025/02/06 13:38:33 ET]
Table 'Osiris II' 6-max Seat #4 is the button
Seat 1: michasia ($205.90 in chips) 
Seat 2: AlexPinsk1 ($109.33 in chips) 
Seat 3: ZinePablo ($110.99 in chips) 
Seat 4: Celena Teneriva ($103.04 in chips) 
Seat 5: KarP93 ($100 in chips) 
Seat 6: Putrik212 ($38.77 in chips) 
KarP93: posts small blind $0.50
Putrik212: posts big blind $1
*** HOLE CARDS ***
michasia: folds 
AlexPinsk1: folds 
ZinePablo: raises $1.50 to $2.50
Celena Teneriva: calls $2.50
KarP93: folds 
Putrik212: folds 
*** FLOP *** [9d 9s 5c]
ZinePablo: bets $2.04
Celena Teneriva: calls $2.04
*** TURN *** [9d 9s 5c] [5s]
ZinePablo: bets $7.54
Celena Teneriva: calls $7.54
*** RIVER *** [9d 9s 5c 5s] [8s]
ZinePablo: checks 
Celena Teneriva: bets $12.19
ZinePablo: folds 
Uncalled bet ($12.19) returned to Celena Teneriva
Celena Teneriva collected $24.38 from pot
Celena Teneriva: doesn't show hand 
*** SUMMARY ***
Total pot $25.66 | Rake $1.28 
Board [9d 9s 5c 5s 8s]
Seat 1: michasia folded before Flop (didn't bet)
Seat 2: AlexPinsk1 folded before Flop (didn't bet)
Seat 3: ZinePablo folded on the River
Seat 4: Celena Teneriva (button) collected ($24.38)
Seat 5: KarP93 (small blind) folded before Flop
Seat 6: Putrik212 (big blind) folded before Flop



PokerStars Hand #254736997833:  Hold'em No Limit ($0.50/$1.00 USD) - 2025/02/06 18:39:32 WET [2025/02/06 13:39:32 ET]
Table 'Osiris II' 6-max Seat #5 is the button
Seat 1: michasia ($205.90 in chips) is sitting out
Seat 2: AlexPinsk1 ($109.33 in chips) 
Seat 3: ZinePablo ($100 in chips) 
Seat 4: Celena Teneriva ($115.34 in chips) 
Seat 5: KarP93 ($100 in chips) 
Seat 6: Putrik212 ($37.77 in chips) 
Putrik212: posts small blind $0.50
michasia: is sitting out 
AlexPinsk1: posts big blind $1
*** HOLE CARDS ***
ZinePablo: folds 
Celena Teneriva: folds 
KarP93: raises $1.50 to $2.50
Putrik212: folds 
AlexPinsk1: folds 
Uncalled bet ($1.50) returned to KarP93
KarP93 collected $2.50 from pot
KarP93: doesn't show hand 
*** SUMMARY ***
Total pot $2.50 | Rake $0 
Seat 1: michasia
Seat 2: AlexPinsk1 (big blind) folded before Flop
Seat 3: ZinePablo folded before Flop (didn't bet)
Seat 4: Celena Teneriva folded before Flop (didn't bet)
Seat 5: KarP93 (button) collected ($2.50)
Seat 6: Putrik212 (small blind) folded before Flop



PokerStars Hand #254737002280:  Hold'em No Limit ($0.50/$1.00 USD) - 2025/02/06 18:39:48 WET [2025/02/06 13:39:48 ET]
Table 'Osiris II' 6-max Seat #6 is the button
Seat 1: michasia ($205.90 in chips) is sitting out
Seat 2: AlexPinsk1 ($108.33 in chips) 
Seat 3: ZinePablo ($100 in chips) 
Seat 4: Celena Teneriva ($115.34 in chips) 
Seat 5: KarP93 ($101.50 in chips) 
Seat 6: Putrik212 ($37.27 in chips) 
AlexPinsk1: posts small blind $0.50
ZinePablo: posts big blind $1
*** HOLE CARDS ***
Celena Teneriva: folds 
KarP93: folds 
Putrik212: calls $1
AlexPinsk1: folds 
ZinePablo: checks 
*** FLOP *** [3c Kc 4d]
ZinePablo: checks 
Putrik212: checks 
*** TURN *** [3c Kc 4d] [Qh]
ZinePablo: bets $1.79
Putrik212: raises $2.21 to $4
ZinePablo: folds 
Uncalled bet ($2.21) returned to Putrik212
Putrik212 collected $5.78 from pot
Putrik212: doesn't show hand 
*** SUMMARY ***
Total pot $6.08 | Rake $0.30 
Board [3c Kc 4d Qh]
Seat 1: michasia
Seat 2: AlexPinsk1 (small blind) folded before Flop
Seat 3: ZinePablo (big blind) folded on the Turn
Seat 4: Celena Teneriva folded before Flop (didn't bet)
Seat 5: KarP93 folded before Flop (didn't bet)
Seat 6: Putrik212 (button) collected ($5.78)



PokerStars Hand #254737013142:  Hold'em No Limit ($0.50/$1.00 USD) - 2025/02/06 18:40:27 WET [2025/02/06 13:40:27 ET]
Table 'Osiris II' 6-max Seat #2 is the button
Seat 1: michasia ($205.90 in chips) is sitting out
Seat 2: AlexPinsk1 ($107.83 in chips) 
Seat 3: ZinePablo ($100 in chips) 
Seat 4: Celena Teneriva ($115.34 in chips) 
Seat 5: KarP93 ($101.50 in chips) 
Seat 6: Putrik212 ($40.26 in chips) 
ZinePablo: posts small blind $0.50
Celena Teneriva: posts big blind $1
*** HOLE CARDS ***
KarP93: folds 
Putrik212: calls $1
AlexPinsk1: raises $2.50 to $3.50
ZinePablo: folds 
Celena Teneriva: folds 
Putrik212: calls $2.50
*** FLOP *** [Ad 5s Kh]
Putrik212: checks 
AlexPinsk1: bets $3
Putrik212: calls $3
*** TURN *** [Ad 5s Kh] [9d]
Putrik212: checks 
AlexPinsk1: checks 
*** RIVER *** [Ad 5s Kh 9d] [5d]
Putrik212: checks 
AlexPinsk1: bets $1
Putrik212: calls $1
*** SHOW DOWN ***
AlexPinsk1: shows [6s 7s] (a pair of Fives)
Putrik212: shows [Qs Th] (a pair of Fives - Ace+King+Queen kicker)
Putrik212 collected $15.68 from pot
*** SUMMARY ***
Total pot $16.50 | Rake $0.82 
Board [Ad 5s Kh 9d 5d]
Seat 1: michasia
Seat 2: AlexPinsk1 (button) showed [6s 7s] and lost with a pair of Fives
Seat 3: ZinePablo (small blind) folded before Flop
Seat 4: Celena Teneriva (big blind) folded before Flop
Seat 5: KarP93 folded before Flop (didn't bet)
Seat 6: Putrik212 showed [Qs Th] and won ($15.68) with a pair of Fives



PokerStars Hand #254737027883:  Hold'em No Limit ($0.50/$1.00 USD) - 2025/02/06 18:41:19 WET [2025/02/06 13:41:19 ET]
Table 'Osiris II' 6-max Seat #3 is the button
Seat 1: michasia ($205.90 in chips) is sitting out
Seat 2: AlexPinsk1 ($100.33 in chips) 
Seat 3: ZinePablo ($100 in chips) 
Seat 4: Celena Teneriva ($114.34 in chips) 
Seat 5: KarP93 ($101.50 in chips) 
Seat 6: Putrik212 ($48.44 in chips) 
Celena Teneriva: posts small blind $0.50
KarP93: posts big blind $1
*** HOLE CARDS ***
Putrik212: calls $1
AlexPinsk1: folds 
ZinePablo: folds 
Celena Teneriva: folds 
KarP93: checks 
*** FLOP *** [Ks Ts Js]
KarP93: checks 
Putrik212: checks 
*** TURN *** [Ks Ts Js] [7s]
KarP93: checks 
Putrik212: checks 
*** RIVER *** [Ks Ts Js 7s] [Kc]
KarP93: checks 
Putrik212: checks 
*** SHOW DOWN ***
KarP93: shows [3d 3c] (two pair, Kings and Threes)
Putrik212: mucks hand 
KarP93 collected $2.38 from pot
*** SUMMARY ***
Total pot $2.50 | Rake $0.12 
Board [Ks Ts Js 7s Kc]
Seat 1: michasia
Seat 2: AlexPinsk1 folded before Flop (didn't bet)
Seat 3: ZinePablo (button) folded before Flop (didn't bet)
Seat 4: Celena Teneriva (small blind) folded before Flop
Seat 5: KarP93 (big blind) showed [3d 3c] and won ($2.38) with two pair, Kings and Threes
Seat 6: Putrik212 mucked



PokerStars Hand #254737041731:  Hold'em No Limit ($0.50/$1.00 USD) - 2025/02/06 18:42:08 WET [2025/02/06 13:42:08 ET]
Table 'Osiris II' 6-max Seat #4 is the button
Seat 1: michasia ($205.90 in chips) is sitting out
Seat 2: AlexPinsk1 ($100.33 in chips) 
Seat 3: ZinePablo ($100 in chips) 
Seat 4: Celena Teneriva ($113.84 in chips) 
Seat 5: KarP93 ($102.88 in chips) 
Seat 6: Putrik212 ($47.44 in chips) 
KarP93: posts small blind $0.50
Putrik212: posts big blind $1
*** HOLE CARDS ***
AlexPinsk1: raises $1.50 to $2.50
ZinePablo: folds 
Celena Teneriva: folds 
KarP93: folds 
Putrik212: folds 
Uncalled bet ($1.50) returned to AlexPinsk1
AlexPinsk1 collected $2.50 from pot
AlexPinsk1: doesn't show hand 
*** SUMMARY ***
Total pot $2.50 | Rake $0 
Seat 1: michasia
Seat 2: AlexPinsk1 collected ($2.50)
Seat 3: ZinePablo folded before Flop (didn't bet)
Seat 4: Celena Teneriva (button) folded before Flop (didn't bet)
Seat 5: KarP93 (small blind) folded before Flop
Seat 6: Putrik212 (big blind) folded before Flop



PokerStars Hand #254737045939:  Hold'em No Limit ($0.50/$1.00 USD) - 2025/02/06 18:42:23 WET [2025/02/06 13:42:23 ET]
Table 'Osiris II' 6-max Seat #5 is the button
Seat 1: michasia ($205.90 in chips) is sitting out
Seat 2: AlexPinsk1 ($101.83 in chips) 
Seat 3: ZinePablo ($100 in chips) 
Seat 4: Celena Teneriva ($113.84 in chips) 
Seat 5: KarP93 ($102.38 in chips) 
Seat 6: Putrik212 ($46.44 in chips) 
Putrik212: posts small blind $0.50
AlexPinsk1: posts big blind $1
*** HOLE CARDS ***
ZinePablo: folds 
Celena Teneriva: folds 
KarP93: raises $1.50 to $2.50
Putrik212: calls $2
AlexPinsk1: raises $11.50 to $14
KarP93: folds 
Putrik212: folds 
Uncalled bet ($11.50) returned to AlexPinsk1
AlexPinsk1 collected $7.50 from pot
AlexPinsk1: doesn't show hand 
*** SUMMARY ***
Total pot $7.50 | Rake $0 
Seat 1: michasia
Seat 2: AlexPinsk1 (big blind) collected ($7.50)
Seat 3: ZinePablo folded before Flop (didn't bet)
Seat 4: Celena Teneriva folded before Flop (didn't bet)
Seat 5: KarP93 (button) folded before Flop
Seat 6: Putrik212 (small blind) folded before Flop



PokerStars Hand #254737051277:  Hold'em No Limit ($0.50/$1.00 USD) - 2025/02/06 18:42:42 WET [2025/02/06 13:42:42 ET]
Table 'Osiris II' 6-max Seat #6 is the button
Seat 1: michasia ($205.90 in chips) is sitting out
Seat 2: AlexPinsk1 ($106.83 in chips) 
Seat 3: ZinePablo ($100 in chips) 
Seat 4: Celena Teneriva ($113.84 in chips) 
Seat 5: KarP93 ($100 in chips) 
Seat 6: Putrik212 ($43.94 in chips) 
AlexPinsk1: posts small blind $0.50
ZinePablo: posts big blind $1
*** HOLE CARDS ***
Celena Teneriva: folds 
KarP93: folds 
Putrik212: calls $1
AlexPinsk1: folds 
ZinePablo: checks 
*** FLOP *** [4d 6s 5h]
ZinePablo: checks 
Putrik212: bets $1
ZinePablo: raises $3 to $4
Putrik212: calls $3
*** TURN *** [4d 6s 5h] [4h]
ZinePablo: bets $8
Putrik212: folds 
Uncalled bet ($8) returned to ZinePablo
ZinePablo collected $9.98 from pot
*** SUMMARY ***
Total pot $10.50 | Rake $0.52 
Board [4d 6s 5h 4h]
Seat 1: michasia
Seat 2: AlexPinsk1 (small blind) folded before Flop
Seat 3: ZinePablo (big blind) collected ($9.98)
Seat 4: Celena Teneriva folded before Flop (didn't bet)
Seat 5: KarP93 folded before Flop (didn't bet)
Seat 6: Putrik212 (button) folded on the Turn



PokerStars Hand #254737067850:  Hold'em No Limit ($0.50/$1.00 USD) - 2025/02/06 18:43:41 WET [2025/02/06 13:43:41 ET]
Table 'Osiris II' 6-max Seat #2 is the button
Seat 1: michasia ($205.90 in chips) is sitting out
Seat 2: AlexPinsk1 ($106.33 in chips) 
Seat 3: ZinePablo ($104.98 in chips) 
Seat 4: Celena Teneriva ($113.84 in chips) 
Seat 5: KarP93 ($100 in chips) 
Seat 6: Putrik212 ($38.94 in chips) 
ZinePablo: posts small blind $0.50
Celena Teneriva: posts big blind $1
*** HOLE CARDS ***
KarP93: folds 
Putrik212: calls $1
AlexPinsk1: folds 
ZinePablo: folds 
Celena Teneriva: checks 
*** FLOP *** [4s 2c 9c]
Celena Teneriva: checks 
Putrik212: checks 
*** TURN *** [4s 2c 9c] [8h]
Celena Teneriva: checks 
Putrik212: checks 
*** RIVER *** [4s 2c 9c 8h] [Qd]
Celena Teneriva: bets $1.19
Putrik212: raises $1.19 to $2.38
Celena Teneriva: folds 
Uncalled bet ($1.19) returned to Putrik212
Putrik212 collected $4.64 from pot
Putrik212: doesn't show hand 
*** SUMMARY ***
Total pot $4.88 | Rake $0.24 
Board [4s 2c 9c 8h Qd]
Seat 1: michasia
Seat 2: AlexPinsk1 (button) folded before Flop (didn't bet)
Seat 3: ZinePablo (small blind) folded before Flop
Seat 4: Celena Teneriva (big blind) folded on the River
Seat 5: KarP93 folded before Flop (didn't bet)
Seat 6: Putrik212 collected ($4.64)



PokerStars Hand #254737075880:  Hold'em No Limit ($0.50/$1.00 USD) - 2025/02/06 18:44:10 WET [2025/02/06 13:44:10 ET]
Table 'Osiris II' 6-max Seat #3 is the button
Seat 1: michasia ($205.90 in chips) is sitting out
Seat 2: AlexPinsk1 ($106.33 in chips) 
Seat 3: ZinePablo ($104.48 in chips) 
Seat 4: Celena Teneriva ($111.65 in chips) 
Seat 5: KarP93 ($100 in chips) 
Seat 6: Putrik212 ($41.39 in chips) 
Celena Teneriva: posts small blind $0.50
KarP93: posts big blind $1
michasia: sits out 
*** HOLE CARDS ***
Putrik212: calls $1
AlexPinsk1: folds 
ZinePablo: folds 
Celena Teneriva: raises $3 to $4
KarP93: calls $3
Putrik212: calls $3
*** FLOP *** [7s As Jd]
Celena Teneriva: checks 
KarP93: checks 
Putrik212: checks 
*** TURN *** [7s As Jd] [9c]
Celena Teneriva: checks 
KarP93: checks 
Putrik212: checks 
*** RIVER *** [7s As Jd 9c] [Qc]
Celena Teneriva: bets $9.40
KarP93: folds 
Putrik212: calls $9.40
*** SHOW DOWN ***
Celena Teneriva: shows [Qd 9d] (two pair, Queens and Nines)
Putrik212: mucks hand 
Celena Teneriva collected $29.26 from pot
*** SUMMARY ***
Total pot $30.80 | Rake $1.54 
Board [7s As Jd 9c Qc]
Seat 1: michasia
Seat 2: AlexPinsk1 folded before Flop (didn't bet)
Seat 3: ZinePablo (button) folded before Flop (didn't bet)
Seat 4: Celena Teneriva (small blind) showed [Qd 9d] and won ($29.26) with two pair, Queens and Nines
Seat 5: KarP93 (big blind) folded on the River
Seat 6: Putrik212 mucked



PokerStars Hand #254737091870:  Hold'em No Limit ($0.50/$1.00 USD) - 2025/02/06 18:45:07 WET [2025/02/06 13:45:07 ET]
Table 'Osiris II' 6-max Seat #4 is the button
Seat 1: michasia ($205.90 in chips) is sitting out
Seat 2: AlexPinsk1 ($106.33 in chips) 
Seat 3: ZinePablo ($104.48 in chips) 
Seat 4: Celena Teneriva ($127.51 in chips) 
Seat 5: KarP93 ($100 in chips) 
Seat 6: Putrik212 ($27.99 in chips) 
KarP93: posts small blind $0.50
Putrik212: posts big blind $1
michasia: sits out 
*** HOLE CARDS ***
AlexPinsk1: raises $1.50 to $2.50
ZinePablo: folds 
Celena Teneriva: calls $2.50
KarP93: folds 
Putrik212: folds 
*** FLOP *** [6s Ah 7h]
AlexPinsk1: checks 
Celena Teneriva: checks 
*** TURN *** [6s Ah 7h] [2d]
AlexPinsk1: bets $4.64
Celena Teneriva: folds 
Uncalled bet ($4.64) returned to AlexPinsk1
AlexPinsk1 collected $6.18 from pot
AlexPinsk1: doesn't show hand 
*** SUMMARY ***
Total pot $6.50 | Rake $0.32 
Board [6s Ah 7h 2d]
Seat 1: michasia
Seat 2: AlexPinsk1 collected ($6.18)
Seat 3: ZinePablo folded before Flop (didn't bet)
Seat 4: Celena Teneriva (button) folded on the Turn
Seat 5: KarP93 (small blind) folded before Flop
Seat 6: Putrik212 (big blind) folded before Flop



PokerStars Hand #254737101675:  Hold'em No Limit ($0.50/$1.00 USD) - 2025/02/06 18:45:42 WET [2025/02/06 13:45:42 ET]
Table 'Osiris II' 6-max Seat #5 is the button
Seat 1: michasia ($205.90 in chips) 
Seat 2: AlexPinsk1 ($110.01 in chips) 
Seat 3: ZinePablo ($104.48 in chips) 
Seat 4: Celena Teneriva ($125.01 in chips) 
Seat 5: KarP93 ($100 in chips) 
Seat 6: Putrik212 ($26.99 in chips) 
Putrik212: posts small blind $0.50
michasia: posts big blind $1
*** HOLE CARDS ***
AlexPinsk1: raises $1.50 to $2.50
ZinePablo: folds 
Celena Teneriva: folds 
KarP93: folds 
Putrik212: folds 
michasia: folds 
Uncalled bet ($1.50) returned to AlexPinsk1
AlexPinsk1 collected $2.50 from pot
AlexPinsk1: doesn't show hand 
*** SUMMARY ***
Total pot $2.50 | Rake $0 
Seat 1: michasia (big blind) folded before Flop
Seat 2: AlexPinsk1 collected ($2.50)
Seat 3: ZinePablo folded before Flop (didn't bet)
Seat 4: Celena Teneriva folded before Flop (didn't bet)
Seat 5: KarP93 (button) folded before Flop (didn't bet)
Seat 6: Putrik212 (small blind) folded before Flop



PokerStars Hand #254737105151:  Hold'em No Limit ($0.50/$1.00 USD) - 2025/02/06 18:45:54 WET [2025/02/06 13:45:54 ET]
Table 'Osiris II' 6-max Seat #6 is the button
Seat 1: michasia ($204.90 in chips) 
Seat 2: AlexPinsk1 ($111.51 in chips) 
Seat 3: ZinePablo ($104.48 in chips) 
Seat 4: Celena Teneriva ($125.01 in chips) 
Seat 5: KarP93 ($100 in chips) 
Seat 6: Putrik212 ($26.49 in chips) 
michasia: posts small blind $0.50
AlexPinsk1: posts big blind $1
*** HOLE CARDS ***
ZinePablo: folds 
Celena Teneriva: raises $2 to $3
KarP93: folds 
Putrik212: calls $3
michasia: calls $2.50
AlexPinsk1: calls $2
*** FLOP *** [4c 8h Tc]
michasia: checks 
AlexPinsk1: checks 
Celena Teneriva: checks 
Putrik212: checks 
*** TURN *** [4c 8h Tc] [3h]
michasia: bets $7.60
AlexPinsk1: raises $12.90 to $20.50
Celena Teneriva: calls $20.50
Putrik212: raises $2.99 to $23.49 and is all-in
michasia: folds 
AlexPinsk1: calls $2.99
Celena Teneriva: calls $2.99
*** RIVER *** [4c 8h Tc 3h] [Ac]
AlexPinsk1: checks 
Celena Teneriva: checks 
*** SHOW DOWN ***
AlexPinsk1: shows [3c 3d] (three of a kind, Threes)
Celena Teneriva: shows [8c 8d] (three of a kind, Eights)
Putrik212: shows [Kc Jc] (a flush, Ace high)
Putrik212 collected $87.57 from pot
*** SUMMARY ***
Total pot $90.07 | Rake $2.50 
Board [4c 8h Tc 3h Ac]
Seat 1: michasia (small blind) folded on the Turn
Seat 2: AlexPinsk1 (big blind) showed [3c 3d] and lost with three of a kind, Threes
Seat 3: ZinePablo folded before Flop (didn't bet)
Seat 4: Celena Teneriva showed [8c 8d] and lost with three of a kind, Eights
Seat 5: KarP93 folded before Flop (didn't bet)
Seat 6: Putrik212 (button) showed [Kc Jc] and won ($87.57) with a flush, Ace high



PokerStars Hand #254737128101:  Hold'em No Limit ($0.50/$1.00 USD) - 2025/02/06 18:47:16 WET [2025/02/06 13:47:16 ET]
Table 'Osiris II' 6-max Seat #1 is the button
Seat 1: michasia ($194.30 in chips) 
Seat 2: AlexPinsk1 ($100 in chips) 
Seat 3: ZinePablo ($104.48 in chips) 
Seat 4: Celena Teneriva ($98.52 in chips) 
Seat 5: KarP93 ($100 in chips) 
Seat 6: Putrik212 ($87.57 in chips) 
AlexPinsk1: posts small blind $0.50
ZinePablo: posts big blind $1
*** HOLE CARDS ***
Celena Teneriva: folds 
KarP93: folds 
Putrik212: calls $1
michasia: folds 
AlexPinsk1: folds 
ZinePablo: raises $6 to $7
Putrik212: folds 
Uncalled bet ($6) returned to ZinePablo
ZinePablo collected $2.50 from pot
*** SUMMARY ***
Total pot $2.50 | Rake $0 
Seat 1: michasia (button) folded before Flop (didn't bet)
Seat 2: AlexPinsk1 (small blind) folded before Flop
Seat 3: ZinePablo (big blind) collected ($2.50)
Seat 4: Celena Teneriva folded before Flop (didn't bet)
Seat 5: KarP93 folded before Flop (didn't bet)
Seat 6: Putrik212 folded before Flop



PokerStars Hand #254737134888:  Hold'em No Limit ($0.50/$1.00 USD) - 2025/02/06 18:47:40 WET [2025/02/06 13:47:40 ET]
Table 'Osiris II' 6-max Seat #2 is the button
Seat 1: michasia ($194.30 in chips) 
Seat 2: AlexPinsk1 ($100 in chips) 
Seat 3: ZinePablo ($105.98 in chips) 
Seat 4: Celena Teneriva ($98.52 in chips) 
Seat 5: KarP93 ($100 in chips) 
Seat 6: Putrik212 ($86.57 in chips) 
ZinePablo: posts small blind $0.50
Celena Teneriva: posts big blind $1
*** HOLE CARDS ***
KarP93: raises $1.50 to $2.50
Putrik212: calls $2.50
michasia: folds 
AlexPinsk1: folds 
ZinePablo: raises $11.50 to $14
Celena Teneriva: folds 
KarP93: folds 
Putrik212: folds 
Uncalled bet ($11.50) returned to ZinePablo
ZinePablo collected $8.50 from pot
*** SUMMARY ***
Total pot $8.50 | Rake $0 
Seat 1: michasia folded before Flop (didn't bet)
Seat 2: AlexPinsk1 (button) folded before Flop (didn't bet)
Seat 3: ZinePablo (small blind) collected ($8.50)
Seat 4: Celena Teneriva (big blind) folded before Flop
Seat 5: KarP93 folded before Flop
Seat 6: Putrik212 folded before Flop



PokerStars Hand #254737143834:  Hold'em No Limit ($0.50/$1.00 USD) - 2025/02/06 18:48:12 WET [2025/02/06 13:48:12 ET]
Table 'Osiris II' 6-max Seat #3 is the button
Seat 1: michasia ($194.30 in chips) 
Seat 2: AlexPinsk1 ($100 in chips) 
Seat 3: ZinePablo ($111.98 in chips) 
Seat 4: Celena Teneriva ($97.52 in chips) 
Seat 5: KarP93 ($100 in chips) 
Seat 6: Putrik212 ($84.07 in chips) 
Celena Teneriva: posts small blind $0.50
KarP93: posts big blind $1
*** HOLE CARDS ***
Putrik212: calls $1
michasia: raises $3 to $4
AlexPinsk1: folds 
ZinePablo: folds 
Celena Teneriva: folds 
KarP93: folds 
Putrik212: calls $3
*** FLOP *** [Jd 2h Jh]
Putrik212: checks 
michasia: bets $2.98
Putrik212: calls $2.98
*** TURN *** [Jd 2h Jh] [Kd]
Putrik212: checks 
michasia: checks 
*** RIVER *** [Jd 2h Jh Kd] [Kc]
Putrik212: checks 
michasia: bets $77
Putrik212: folds 
Uncalled bet ($77) returned to michasia
michasia collected $14.69 from pot
michasia: doesn't show hand 
*** SUMMARY ***
Total pot $15.46 | Rake $0.77 
Board [Jd 2h Jh Kd Kc]
Seat 1: michasia collected ($14.69)
Seat 2: AlexPinsk1 folded before Flop (didn't bet)
Seat 3: ZinePablo (button) folded before Flop (didn't bet)
Seat 4: Celena Teneriva (small blind) folded before Flop
Seat 5: KarP93 (big blind) folded before Flop
Seat 6: Putrik212 folded on the River



PokerStars Hand #254737158799:  Hold'em No Limit ($0.50/$1.00 USD) - 2025/02/06 18:49:06 WET [2025/02/06 13:49:06 ET]
Table 'Osiris II' 6-max Seat #4 is the button
Seat 1: michasia ($202.01 in chips) 
Seat 2: AlexPinsk1 ($100 in chips) 
Seat 3: ZinePablo ($111.98 in chips) 
Seat 4: Celena Teneriva ($97.02 in chips) 
Seat 5: KarP93 ($100 in chips) 
Seat 6: Putrik212 ($77.09 in chips) 
KarP93: posts small blind $0.50
Putrik212: posts big blind $1
*** HOLE CARDS ***
michasia: folds 
AlexPinsk1: folds 
ZinePablo: folds 
Celena Teneriva: folds 
KarP93: folds 
Uncalled bet ($0.50) returned to Putrik212
Putrik212 collected $1 from pot
Putrik212: doesn't show hand 
*** SUMMARY ***
Total pot $1 | Rake $0 
Seat 1: michasia folded before Flop (didn't bet)
Seat 2: AlexPinsk1 folded before Flop (didn't bet)
Seat 3: ZinePablo folded before Flop (didn't bet)
Seat 4: Celena Teneriva (button) folded before Flop (didn't bet)
Seat 5: KarP93 (small blind) folded before Flop
Seat 6: Putrik212 (big blind) collected ($1)



PokerStars Hand #254737162191:  Hold'em No Limit ($0.50/$1.00 USD) - 2025/02/06 18:49:18 WET [2025/02/06 13:49:18 ET]
Table 'Osiris II' 6-max Seat #5 is the button
Seat 1: michasia ($202.01 in chips) 
Seat 2: AlexPinsk1 ($100 in chips) 
Seat 3: ZinePablo ($111.98 in chips) 
Seat 4: Celena Teneriva ($97.02 in chips) 
Seat 5: KarP93 ($100 in chips) 
Seat 6: Putrik212 ($77.59 in chips) 
Putrik212: posts small blind $0.50
michasia: posts big blind $1
*** HOLE CARDS ***
AlexPinsk1: folds 
ZinePablo: raises $1.50 to $2.50
Celena Teneriva: folds 
KarP93: folds 
Putrik212: calls $2
michasia: folds 
*** FLOP *** [Ts Th Ac]
Putrik212: checks 
ZinePablo: bets $1.88
Putrik212: calls $1.88
*** TURN *** [Ts Th Ac] [As]
Putrik212: checks 
ZinePablo: checks 
*** RIVER *** [Ts Th Ac As] [2h]
Celena Teneriva leaves the table
Putrik212: checks 
ZinePablo: checks 
LuckyShikari joins the table at seat #4 
*** SHOW DOWN ***
Putrik212: shows [4d Ah] (a full house, Aces full of Tens)
ZinePablo: mucks hand 
Putrik212 collected $9.27 from pot
*** SUMMARY ***
Total pot $9.76 | Rake $0.49 
Board [Ts Th Ac As 2h]
Seat 1: michasia (big blind) folded before Flop
Seat 2: AlexPinsk1 folded before Flop (didn't bet)
Seat 3: ZinePablo mucked
Seat 4: Celena Teneriva folded before Flop (didn't bet)
Seat 5: KarP93 (button) folded before Flop (didn't bet)
Seat 6: Putrik212 (small blind) showed [4d Ah] and won ($9.27) with a full house, Aces full of Tens



PokerStars Hand #254737174319:  Hold'em No Limit ($0.50/$1.00 USD) - 2025/02/06 18:50:01 WET [2025/02/06 13:50:01 ET]
Table 'Osiris II' 6-max Seat #6 is the button
Seat 4: LuckyShikari ($100 in chips) is sitting out
Seat 1: michasia ($201.01 in chips) 
Seat 2: AlexPinsk1 ($100 in chips) 
Seat 3: ZinePablo ($107.60 in chips) 
Seat 5: KarP93 ($100 in chips) 
Seat 6: Putrik212 ($82.48 in chips) 
michasia: posts small blind $0.50
AlexPinsk1: posts big blind $1
LuckyShikari: sits out 
*** HOLE CARDS ***
ZinePablo: folds 
KarP93: folds 
Putrik212: folds 
michasia: raises $2 to $3
AlexPinsk1: folds 
Uncalled bet ($2) returned to michasia
michasia collected $2 from pot
michasia: doesn't show hand 
*** SUMMARY ***
Total pot $2 | Rake $0 
Seat 4: LuckyShikari
Seat 1: michasia (small blind) collected ($2)
Seat 2: AlexPinsk1 (big blind) folded before Flop
Seat 3: ZinePablo folded before Flop (didn't bet)
Seat 5: KarP93 folded before Flop (didn't bet)
Seat 6: Putrik212 (button) folded before Flop (didn't bet)



PokerStars Hand #254737178696:  Hold'em No Limit ($0.50/$1.00 USD) - 2025/02/06 18:50:17 WET [2025/02/06 13:50:17 ET]
Table 'Osiris II' 6-max Seat #1 is the button
Seat 4: LuckyShikari ($100 in chips) is sitting out
Seat 1: michasia ($202.01 in chips) 
Seat 2: AlexPinsk1 ($100 in chips) 
Seat 3: ZinePablo ($107.60 in chips) 
Seat 5: KarP93 ($100 in chips) 
Seat 6: Putrik212 ($82.48 in chips) 
AlexPinsk1: posts small blind $0.50
ZinePablo: posts big blind $1
LuckyShikari: sits out 
*** HOLE CARDS ***
KarP93: folds 
Putrik212: folds 
michasia: folds 
AlexPinsk1: raises $2 to $3
ZinePablo: raises $6 to $9
AlexPinsk1: calls $6
*** FLOP *** [Kd Jd Jc]
AlexPinsk1: checks 
ZinePablo: bets $5.64
AlexPinsk1: calls $5.64
*** TURN *** [Kd Jd Jc] [9c]
AlexPinsk1: checks 
ZinePablo: bets $20.87
AlexPinsk1: folds 
Uncalled bet ($20.87) returned to ZinePablo
ZinePablo collected $27.82 from pot
*** SUMMARY ***
Total pot $29.28 | Rake $1.46 
Board [Kd Jd Jc 9c]
Seat 4: LuckyShikari
Seat 1: michasia (button) folded before Flop (didn't bet)
Seat 2: AlexPinsk1 (small blind) folded on the Turn
Seat 3: ZinePablo (big blind) collected ($27.82)
Seat 5: KarP93 folded before Flop (didn't bet)
Seat 6: Putrik212 folded before Flop (didn't bet)



PokerStars Hand #254737196526:  Hold'em No Limit ($0.50/$1.00 USD) - 2025/02/06 18:51:21 WET [2025/02/06 13:51:21 ET]
Table 'Osiris II' 6-max Seat #2 is the button
Seat 1: michasia ($202.01 in chips) 
Seat 2: AlexPinsk1 ($100 in chips) 
Seat 3: ZinePablo ($120.78 in chips) 
Seat 4: LuckyShikari ($100 in chips) 
Seat 5: KarP93 ($100 in chips) 
Seat 6: Putrik212 ($82.48 in chips) 
ZinePablo: posts small blind $0.50
LuckyShikari: posts big blind $1
*** HOLE CARDS ***
KarP93: folds 
Putrik212: calls $1
michasia: raises $2.50 to $3.50
AlexPinsk1: folds 
ZinePablo: folds 
LuckyShikari: folds 
Putrik212: calls $2.50
*** FLOP *** [6d Ks 7s]
Putrik212: checks 
michasia: bets $2.67
Putrik212: calls $2.67
*** TURN *** [6d Ks 7s] [3c]
Putrik212: checks 
michasia: bets $16.44
Putrik212: calls $16.44
*** RIVER *** [6d Ks 7s 3c] [8h]
Putrik212: checks 
michasia: checks 
*** SHOW DOWN ***
Putrik212: shows [Tc Ts] (a pair of Tens)
michasia: mucks hand 
Putrik212 collected $44.38 from pot
*** SUMMARY ***
Total pot $46.72 | Rake $2.34 
Board [6d Ks 7s 3c 8h]
Seat 1: michasia mucked
Seat 2: AlexPinsk1 (button) folded before Flop (didn't bet)
Seat 3: ZinePablo (small blind) folded before Flop
Seat 4: LuckyShikari (big blind) folded before Flop
Seat 5: KarP93 folded before Flop (didn't bet)
Seat 6: Putrik212 showed [Tc Ts] and won ($44.38) with a pair of Tens



PokerStars Hand #254737211378:  Hold'em No Limit ($0.50/$1.00 USD) - 2025/02/06 18:52:15 WET [2025/02/06 13:52:15 ET]
Table 'Osiris II' 6-max Seat #3 is the button
Seat 1: michasia ($179.40 in chips) 
Seat 2: AlexPinsk1 ($100 in chips) 
Seat 3: ZinePablo ($120.28 in chips) 
Seat 4: LuckyShikari ($100 in chips) 
Seat 5: KarP93 ($100 in chips) 
Seat 6: Putrik212 ($104.25 in chips) 
LuckyShikari: posts small blind $0.50
KarP93: posts big blind $1
*** HOLE CARDS ***
Putrik212: calls $1
michasia: folds 
AlexPinsk1: folds 
ZinePablo has timed out
ZinePablo: folds 
LuckyShikari: folds 
KarP93: checks 
*** FLOP *** [Td Qh 5d]
KarP93: checks 
Putrik212: checks 
*** TURN *** [Td Qh 5d] [As]
KarP93: checks 
Putrik212: checks 
*** RIVER *** [Td Qh 5d As] [Th]
KarP93: bets $2.38
Putrik212: raises $2.38 to $4.76
KarP93: folds 
Uncalled bet ($2.38) returned to Putrik212
Putrik212 collected $6.90 from pot
Putrik212: doesn't show hand 
*** SUMMARY ***
Total pot $7.26 | Rake $0.36 
Board [Td Qh 5d As Th]
Seat 1: michasia folded before Flop (didn't bet)
Seat 2: AlexPinsk1 folded before Flop (didn't bet)
Seat 3: ZinePablo (button) folded before Flop (didn't bet)
Seat 4: LuckyShikari (small blind) folded before Flop
Seat 5: KarP93 (big blind) folded on the River
Seat 6: Putrik212 collected ($6.90)



PokerStars Hand #254737223196:  Hold'em No Limit ($0.50/$1.00 USD) - 2025/02/06 18:52:57 WET [2025/02/06 13:52:57 ET]
Table 'Osiris II' 6-max Seat #4 is the button
Seat 1: michasia ($179.40 in chips) 
Seat 2: AlexPinsk1 ($100 in chips) 
Seat 3: ZinePablo ($120.28 in chips) 
Seat 4: LuckyShikari ($100 in chips) 
Seat 5: KarP93 ($100 in chips) 
Seat 6: Putrik212 ($107.77 in chips) 
KarP93: posts small blind $0.50
Putrik212: posts big blind $1
*** HOLE CARDS ***
michasia: folds 
AlexPinsk1: folds 
ZinePablo: raises $1.50 to $2.50
LuckyShikari: calls $2.50
KarP93: folds 
Putrik212: folds 
*** FLOP *** [Jd 9h 4h]
ZinePablo: bets $2.04
LuckyShikari: calls $2.04
*** TURN *** [Jd 9h 4h] [5c]
ZinePablo: checks 
LuckyShikari: checks 
*** RIVER *** [Jd 9h 4h 5c] [9c]
ZinePablo: bets $3.32
LuckyShikari: raises $9.68 to $13
ZinePablo: folds 
Uncalled bet ($9.68) returned to LuckyShikari
LuckyShikari collected $16.36 from pot
LuckyShikari: doesn't show hand 
*** SUMMARY ***
Total pot $17.22 | Rake $0.86 
Board [Jd 9h 4h 5c 9c]
Seat 1: michasia folded before Flop (didn't bet)
Seat 2: AlexPinsk1 folded before Flop (didn't bet)
Seat 3: ZinePablo folded on the River
Seat 4: LuckyShikari (button) collected ($16.36)
Seat 5: KarP93 (small blind) folded before Flop
Seat 6: Putrik212 (big blind) folded before Flop



PokerStars Hand #254737248008:  Hold'em No Limit ($0.50/$1.00 USD) - 2025/02/06 18:54:27 WET [2025/02/06 13:54:27 ET]
Table 'Osiris II' 6-max Seat #5 is the button
Seat 1: michasia ($179.40 in chips) 
Seat 2: AlexPinsk1 ($100 in chips) 
Seat 3: ZinePablo ($112.42 in chips) 
Seat 4: LuckyShikari ($108.50 in chips) 
Seat 5: KarP93 ($100 in chips) 
Seat 6: Putrik212 ($106.77 in chips) 
Putrik212: posts small blind $0.50
michasia: posts big blind $1
*** HOLE CARDS ***
AlexPinsk1: raises $1.50 to $2.50
ZinePablo: folds 
LuckyShikari: folds 
KarP93: folds 
Putrik212: folds 
michasia: folds 
Uncalled bet ($1.50) returned to AlexPinsk1
AlexPinsk1 collected $2.50 from pot
AlexPinsk1: doesn't show hand 
*** SUMMARY ***
Total pot $2.50 | Rake $0 
Seat 1: michasia (big blind) folded before Flop
Seat 2: AlexPinsk1 collected ($2.50)
Seat 3: ZinePablo folded before Flop (didn't bet)
Seat 4: LuckyShikari folded before Flop (didn't bet)
Seat 5: KarP93 (button) folded before Flop (didn't bet)
Seat 6: Putrik212 (small blind) folded before Flop



PokerStars Hand #254737250499:  Hold'em No Limit ($0.50/$1.00 USD) - 2025/02/06 18:54:36 WET [2025/02/06 13:54:36 ET]
Table 'Osiris II' 6-max Seat #6 is the button
Seat 1: michasia ($178.40 in chips) 
Seat 2: AlexPinsk1 ($101.50 in chips) 
Seat 3: ZinePablo ($112.42 in chips) 
Seat 4: LuckyShikari ($108.50 in chips) 
Seat 5: KarP93 ($100 in chips) 
Seat 6: Putrik212 ($106.27 in chips) 
michasia: posts small blind $0.50
AlexPinsk1: posts big blind $1
*** HOLE CARDS ***
ZinePablo: folds 
LuckyShikari: raises $1.50 to $2.50
KarP93: folds 
Putrik212 has timed out
Putrik212: folds 
michasia: folds 
AlexPinsk1: raises $9.50 to $12
LuckyShikari: folds 
Uncalled bet ($9.50) returned to AlexPinsk1
AlexPinsk1 collected $5.50 from pot
AlexPinsk1: doesn't show hand 
*** SUMMARY ***
Total pot $5.50 | Rake $0 
Seat 1: michasia (small blind) folded before Flop
Seat 2: AlexPinsk1 (big blind) collected ($5.50)
Seat 3: ZinePablo folded before Flop (didn't bet)
Seat 4: LuckyShikari folded before Flop
Seat 5: KarP93 folded before Flop (didn't bet)
Seat 6: Putrik212 (button) folded before Flop (didn't bet)



PokerStars Hand #254737262969:  Hold'em No Limit ($0.50/$1.00 USD) - 2025/02/06 18:55:28 WET [2025/02/06 13:55:28 ET]
Table 'Osiris II' 6-max Seat #1 is the button
Seat 1: michasia ($177.90 in chips) 
Seat 2: AlexPinsk1 ($104.50 in chips) 
Seat 3: ZinePablo ($112.42 in chips) 
Seat 4: LuckyShikari ($106 in chips) 
Seat 5: KarP93 ($100 in chips) 
Seat 6: Putrik212 ($106.27 in chips) 
AlexPinsk1: posts small blind $0.50
ZinePablo: posts big blind $1
*** HOLE CARDS ***
LuckyShikari: folds 
KarP93: raises $1.50 to $2.50
Putrik212: calls $2.50
michasia: calls $2.50
AlexPinsk1: folds 
ZinePablo: folds 
*** FLOP *** [2s 9d 9s]
KarP93: checks 
Putrik212: checks 
michasia: checks 
*** TURN *** [2s 9d 9s] [7s]
KarP93: checks 
Putrik212: checks 
michasia: checks 
*** RIVER *** [2s 9d 9s 7s] [4h]
KarP93: bets $2.82
Putrik212: folds 
michasia: folds 
Uncalled bet ($2.82) returned to KarP93
KarP93 collected $8.55 from pot
KarP93: doesn't show hand 
*** SUMMARY ***
Total pot $9 | Rake $0.45 
Board [2s 9d 9s 7s 4h]
Seat 1: michasia (button) folded on the River
Seat 2: AlexPinsk1 (small blind) folded before Flop
Seat 3: ZinePablo (big blind) folded before Flop
Seat 4: LuckyShikari folded before Flop (didn't bet)
Seat 5: KarP93 collected ($8.55)
Seat 6: Putrik212 folded on the River



PokerStars Hand #254737269904:  Hold'em No Limit ($0.50/$1.00 USD) - 2025/02/06 18:56:05 WET [2025/02/06 13:56:05 ET]
Table 'Osiris II' 6-max Seat #2 is the button
Seat 1: michasia ($175.40 in chips) 
Seat 2: AlexPinsk1 ($104 in chips) 
Seat 3: ZinePablo ($111.42 in chips) 
Seat 4: LuckyShikari ($106 in chips) 
Seat 5: KarP93 ($106.05 in chips) 
Seat 6: Putrik212 ($103.77 in chips) 
ZinePablo: posts small blind $0.50
LuckyShikari: posts big blind $1
*** HOLE CARDS ***
KarP93: folds 
Putrik212: calls $1
michasia: folds 
AlexPinsk1: folds 
ZinePablo: folds 
LuckyShikari: checks 
*** FLOP *** [4h Qs Kd]
LuckyShikari: checks 
Putrik212: checks 
*** TURN *** [4h Qs Kd] [8s]
LuckyShikari: checks 
Putrik212: checks 
*** RIVER *** [4h Qs Kd 8s] [3s]
LuckyShikari: checks 
Putrik212: checks 
*** SHOW DOWN ***
LuckyShikari: shows [2s 5h] (high card King)
Putrik212: shows [7s Ah] (high card Ace)
Putrik212 collected $2.38 from pot
*** SUMMARY ***
Total pot $2.50 | Rake $0.12 
Board [4h Qs Kd 8s 3s]
Seat 1: michasia folded before Flop (didn't bet)
Seat 2: AlexPinsk1 (button) folded before Flop (didn't bet)
Seat 3: ZinePablo (small blind) folded before Flop
Seat 4: LuckyShikari (big blind) showed [2s 5h] and lost with high card King
Seat 5: KarP93 folded before Flop (didn't bet)
Seat 6: Putrik212 showed [7s Ah] and won ($2.38) with high card Ace



PokerStars Hand #254737276947:  Hold'em No Limit ($0.50/$1.00 USD) - 2025/02/06 18:56:41 WET [2025/02/06 13:56:41 ET]
Table 'Osiris II' 6-max Seat #3 is the button
Seat 5: KarP93 ($106.05 in chips) is sitting out
Seat 1: michasia ($175.40 in chips) 
Seat 2: AlexPinsk1 ($104 in chips) 
Seat 3: ZinePablo ($110.92 in chips) 
Seat 4: LuckyShikari ($105 in chips) 
Seat 6: Putrik212 ($105.15 in chips) 
LuckyShikari: posts small blind $0.50
KarP93: is sitting out 
Putrik212: posts big blind $1
*** HOLE CARDS ***
michasia: folds 
AlexPinsk1: folds 
KarP93 leaves the table
ZinePablo: raises $1.50 to $2.50
joaquin612 joins the table at seat #5 
LuckyShikari: folds 
Putrik212: folds 
Uncalled bet ($1.50) returned to ZinePablo
ZinePablo collected $2.50 from pot
*** SUMMARY ***
Total pot $2.50 | Rake $0 
Seat 5: KarP93
Seat 1: michasia folded before Flop (didn't bet)
Seat 2: AlexPinsk1 folded before Flop (didn't bet)
Seat 3: ZinePablo (button) collected ($2.50)
Seat 4: LuckyShikari (small blind) folded before Flop
Seat 6: Putrik212 (big blind) folded before Flop



PokerStars Hand #254737281298:  Hold'em No Limit ($0.50/$1.00 USD) - 2025/02/06 18:57:03 WET [2025/02/06 13:57:03 ET]
Table 'Osiris II' 6-max Seat #4 is the button
Seat 5: joaquin612 ($100 in chips) is sitting out
Seat 1: michasia ($175.40 in chips) 
Seat 2: AlexPinsk1 ($104 in chips) 
Seat 3: ZinePablo ($112.42 in chips) 
Seat 4: LuckyShikari ($104.50 in chips) 
Seat 6: Putrik212 ($104.15 in chips) 
Putrik212: posts small blind $0.50
michasia: posts big blind $1
*** HOLE CARDS ***
AlexPinsk1: folds 
ZinePablo: folds 
LuckyShikari: raises $1.50 to $2.50
Putrik212: calls $2
michasia: raises $11.50 to $14
LuckyShikari: folds 
Putrik212: calls $11.50
*** FLOP *** [Qc Ad 3h]
Putrik212: checks 
michasia: bets $9.56
Putrik212: calls $9.56
*** TURN *** [Qc Ad 3h] [9d]
Putrik212: checks 
michasia: checks 
*** RIVER *** [Qc Ad 3h 9d] [8s]
Putrik212: checks 
michasia: bets $80
Putrik212: calls $80
*** SHOW DOWN ***
michasia: shows [8h 8d] (three of a kind, Eights)
Putrik212: mucks hand 
michasia collected $207.12 from pot
*** SUMMARY ***
Total pot $209.62 | Rake $2.50 
Board [Qc Ad 3h 9d 8s]
Seat 5: joaquin612
Seat 1: michasia (big blind) showed [8h 8d] and won ($207.12) with three of a kind, Eights
Seat 2: AlexPinsk1 folded before Flop (didn't bet)
Seat 3: ZinePablo folded before Flop (didn't bet)
Seat 4: LuckyShikari (button) folded before Flop
Seat 6: Putrik212 (small blind) mucked



PokerStars Hand #254737293720:  Hold'em No Limit ($0.50/$1.00 USD) - 2025/02/06 18:58:06 WET [2025/02/06 13:58:06 ET]
Table 'Osiris II' 6-max Seat #1 is the button
Seat 5: joaquin612 ($100 in chips) is sitting out
Seat 6: Putrik212 ($0.59 in chips) is sitting out
Seat 1: michasia ($278.96 in chips) 
Seat 2: AlexPinsk1 ($104 in chips) 
Seat 3: ZinePablo ($112.42 in chips) 
Seat 4: LuckyShikari ($102 in chips) 
AlexPinsk1: posts small blind $0.50
ZinePablo: posts big blind $1
joaquin612: sits out 
*** HOLE CARDS ***
LuckyShikari: raises $1.50 to $2.50
Putrik212 leaves the table
michasia: raises $5 to $7.50
AlexPinsk1: folds 
ZinePablo: folds 
coeeeelho joins the table at seat #6 
LuckyShikari: calls $5
*** FLOP *** [5c 3d Th]
LuckyShikari: checks 
michasia: checks 
*** TURN *** [5c 3d Th] [Qs]
LuckyShikari: bets $12.50
michasia: folds 
Uncalled bet ($12.50) returned to LuckyShikari
LuckyShikari collected $15.68 from pot
LuckyShikari: doesn't show hand 
*** SUMMARY ***
Total pot $16.50 | Rake $0.82 
Board [5c 3d Th Qs]
Seat 5: joaquin612
Seat 6: Putrik212
Seat 1: michasia (button) folded on the Turn
Seat 2: AlexPinsk1 (small blind) folded before Flop
Seat 3: ZinePablo (big blind) folded before Flop
Seat 4: LuckyShikari collected ($15.68)



PokerStars Hand #254737300647:  Hold'em No Limit ($0.50/$1.00 USD) - 2025/02/06 18:58:40 WET [2025/02/06 13:58:40 ET]
Table 'Osiris II' 6-max Seat #2 is the button
Seat 4: LuckyShikari ($110.18 in chips) is sitting out
Seat 6: coeeeelho ($100 in chips) is sitting out
Seat 1: michasia ($271.46 in chips) 
Seat 2: AlexPinsk1 ($103.50 in chips) 
Seat 3: ZinePablo ($111.42 in chips) 
Seat 5: joaquin612 ($100 in chips) 
ZinePablo: posts small blind $0.50
LuckyShikari: is sitting out 
joaquin612: posts big blind $1
coeeeelho: sits out 
*** HOLE CARDS ***
michasia: folds 
AlexPinsk1: folds 
ZinePablo: raises $2 to $3
joaquin612: folds 
Uncalled bet ($2) returned to ZinePablo
ZinePablo collected $2 from pot
*** SUMMARY ***
Total pot $2 | Rake $0 
Seat 4: LuckyShikari
Seat 6: coeeeelho
Seat 1: michasia folded before Flop (didn't bet)
Seat 2: AlexPinsk1 (button) folded before Flop (didn't bet)
Seat 3: ZinePablo (small blind) collected ($2)
Seat 5: joaquin612 (big blind) folded before Flop



PokerStars Hand #254737305958:  Hold'em No Limit ($0.50/$1.00 USD) - 2025/02/06 18:59:07 WET [2025/02/06 13:59:07 ET]
Table 'Osiris II' 6-max Seat #3 is the button
Seat 4: LuckyShikari ($110.18 in chips) is sitting out
Seat 1: michasia ($271.46 in chips) 
Seat 2: AlexPinsk1 ($103.50 in chips) 
Seat 3: ZinePablo ($112.42 in chips) 
Seat 5: joaquin612 ($100 in chips) 
Seat 6: coeeeelho ($100 in chips) 
joaquin612: posts small blind $0.50
coeeeelho: posts big blind $1
*** HOLE CARDS ***
michasia: folds 
AlexPinsk1: folds 
michasia leaves the table
laloo246 joins the table at seat #1 
ZinePablo: raises $1.50 to $2.50
joaquin612: folds 
laloo246 leaves the table
coeeeelho: calls $1.50
*** FLOP *** [6d 4h Js]
coeeeelho: checks 
ZinePablo: bets $1.72
coeeeelho: calls $1.72
*** TURN *** [6d 4h Js] [3s]
BumHuntKing joins the table at seat #1 
LuckyShikari leaves the table
BumHuntKing leaves the table
coeeeelho: checks 
ZinePablo: checks 
*** RIVER *** [6d 4h Js 3s] [Td]
coeeeelho: bets $12.73
ZinePablo: folds 
Uncalled bet ($12.73) returned to coeeeelho
coeeeelho collected $8.49 from pot
*** SUMMARY ***
Total pot $8.94 | Rake $0.45 
Board [6d 4h Js 3s Td]
Seat 4: LuckyShikari
Seat 1: michasia folded before Flop (didn't bet)
Seat 2: AlexPinsk1 folded before Flop (didn't bet)
Seat 3: ZinePablo (button) folded on the River
Seat 5: joaquin612 (small blind) folded before Flop
Seat 6: coeeeelho (big blind) collected ($8.49)



PokerStars Hand #254737323355:  Hold'em No Limit ($0.50/$1.00 USD) - 2025/02/06 19:00:33 WET [2025/02/06 14:00:33 ET]
Table 'Osiris II' 6-max Seat #5 is the button
Seat 2: AlexPinsk1 ($103.50 in chips) 
Seat 3: ZinePablo ($108.20 in chips) 
Seat 5: joaquin612 ($100 in chips) 
Seat 6: coeeeelho ($104.27 in chips) 
coeeeelho: posts small blind $0.50
AlexPinsk1: posts big blind $1
*** HOLE CARDS ***
ZinePablo: raises $1.50 to $2.50
joaquin612: folds 
coeeeelho: folds 
AlexPinsk1: calls $1.50
*** FLOP *** [5s Th Td]
AlexPinsk1: checks 
ZinePablo: bets $1.72
AlexPinsk1: folds 
Uncalled bet ($1.72) returned to ZinePablo
ZinePablo collected $5.22 from pot
*** SUMMARY ***
Total pot $5.50 | Rake $0.28 
Board [5s Th Td]
Seat 2: AlexPinsk1 (big blind) folded on the Flop
Seat 3: ZinePablo collected ($5.22)
Seat 5: joaquin612 (button) folded before Flop (didn't bet)
Seat 6: coeeeelho (small blind) folded before Flop



PokerStars Hand #254737331531:  Hold'em No Limit ($0.50/$1.00 USD) - 2025/02/06 19:01:09 WET [2025/02/06 14:01:09 ET]
Table 'Osiris II' 6-max Seat #2 is the button
Seat 3: ZinePablo ($110.92 in chips) is sitting out
Seat 5: joaquin612 ($100 in chips) is sitting out
Seat 2: AlexPinsk1 ($101 in chips) 
Seat 6: coeeeelho ($103.77 in chips) 
AlexPinsk1: posts small blind $0.50
ZinePablo: is sitting out 
joaquin612: is sitting out 
coeeeelho: posts big blind $1
*** HOLE CARDS ***
joaquin612 leaves the table
AlexPinsk1: folds 
Uncalled bet ($0.50) returned to coeeeelho
coeeeelho collected $1 from pot
*** SUMMARY ***
Total pot $1 | Rake $0 
Seat 3: ZinePablo
Seat 5: joaquin612
Seat 2: AlexPinsk1 (button) (small blind) folded before Flop
Seat 6: coeeeelho (big blind) collected ($1)



PokerStars Hand #254737335976:  Hold'em No Limit ($0.50/$1.00 USD) - 2025/02/06 19:01:27 WET [2025/02/06 14:01:27 ET]
Table 'Osiris II' 6-max Seat #6 is the button
Seat 3: ZinePablo ($110.92 in chips) is sitting out
Seat 2: AlexPinsk1 ($100.50 in chips) 
Seat 6: coeeeelho ($104.27 in chips) 
coeeeelho: posts small blind $0.50
AlexPinsk1: posts big blind $1
*** HOLE CARDS ***
ZinePablo leaves the table
michasia joins the table at seat #4 
coeeeelho: folds 
Uncalled bet ($0.50) returned to AlexPinsk1
AlexPinsk1 collected $1 from pot
AlexPinsk1: doesn't show hand 
*** SUMMARY ***
Total pot $1 | Rake $0 
Seat 3: ZinePablo
Seat 2: AlexPinsk1 (big blind) collected ($1)
Seat 6: coeeeelho (button) (small blind) folded before Flop



PokerStars Hand #254737338526:  Hold'em No Limit ($0.50/$1.00 USD) - 2025/02/06 19:01:37 WET [2025/02/06 14:01:37 ET]
Table 'Osiris II' 6-max Seat #6 is the button
Seat 2: AlexPinsk1 ($101 in chips) 
Seat 4: michasia ($271.46 in chips) 
Seat 6: coeeeelho ($103.77 in chips) 
AlexPinsk1: posts small blind $0.50
michasia: posts big blind $1
*** HOLE CARDS ***
coeeeelho: folds 
AlexPinsk1: folds 
Uncalled bet ($0.50) returned to michasia
michasia collected $1 from pot
michasia: doesn't show hand 
*** SUMMARY ***
Total pot $1 | Rake $0 
Seat 2: AlexPinsk1 (small blind) folded before Flop
Seat 4: michasia (big blind) collected ($1)
Seat 6: coeeeelho (button) folded before Flop (didn't bet)



PokerStars Hand #254737343088:  Hold'em No Limit ($0.50/$1.00 USD) - 2025/02/06 19:01:56 WET [2025/02/06 14:01:56 ET]
Table 'Osiris II' 6-max Seat #2 is the button
Seat 2: AlexPinsk1 ($100.50 in chips) 
Seat 4: michasia ($271.96 in chips) 
Seat 6: coeeeelho ($103.77 in chips) 
michasia: posts small blind $0.50
coeeeelho: posts big blind $1
*** HOLE CARDS ***
AlexPinsk1: folds 
michasia: folds 
Uncalled bet ($0.50) returned to coeeeelho
coeeeelho collected $1 from pot
*** SUMMARY ***
Total pot $1 | Rake $0 
Seat 2: AlexPinsk1 (button) folded before Flop (didn't bet)
Seat 4: michasia (small blind) folded before Flop
Seat 6: coeeeelho (big blind) collected ($1)



PokerStars Hand #254737346323:  Hold'em No Limit ($0.50/$1.00 USD) - 2025/02/06 19:02:07 WET [2025/02/06 14:02:07 ET]
Table 'Osiris II' 6-max Seat #6 is the button
Seat 2: AlexPinsk1 ($100.50 in chips) is sitting out
Seat 4: michasia ($271.46 in chips) 
Seat 6: coeeeelho ($104.27 in chips) 
coeeeelho: posts small blind $0.50
AlexPinsk1: is sitting out 
michasia: posts big blind $1
*** HOLE CARDS ***
coeeeelho: folds 
Uncalled bet ($0.50) returned to michasia
michasia collected $1 from pot
michasia: doesn't show hand 
*** SUMMARY ***
Total pot $1 | Rake $0 
Seat 2: AlexPinsk1
Seat 4: michasia (big blind) collected ($1)
Seat 6: coeeeelho (button) (small blind) folded before Flop



