PokerStars Hand #254740318569:  Hold'em No Limit ($0.50/$1.00 USD) - 2025/02/06 21:50:15 WET [2025/02/06 16:50:15 ET]
Table 'Sakuntala II' 6-max Seat #1 is the button
Seat 4: XneferX ($100 in chips) is sitting out
Seat 6: reiyser ($100 in chips) is sitting out
Seat 1: nikalas22 ($101 in chips) 
Seat 2: z00mba ($100 in chips) 
Seat 3: XKTTBOBV11 ($10 in chips) 
Seat 5: ibo112008 ($11.92 in chips) 
z00mba: posts small blind $0.50
XKTTBOBV11: posts big blind $1
XneferX: sits out 
reiyser: sits out 
*** HOLE CARDS ***
ibo112008: folds 
nikalas22: raises $1.20 to $2.20
z00mba: folds 
XKTTBOBV11: calls $1.20
*** FLOP *** [5s 5h Ac]
XKTTBOBV11: checks 
nikalas22: checks 
*** TURN *** [5s 5h Ac] [8c]
XKTTBOBV11: bets $1.50
nikalas22: calls $1.50
*** RIVER *** [5s 5h Ac 8c] [Ah]
XKTTBOBV11: bets $2.48
nikalas22: raises $9.35 to $11.83
XKTTBOBV11: folds 
Uncalled bet ($9.35) returned to nikalas22
nikalas22 collected $12.22 from pot
nikalas22: doesn't show hand 
*** SUMMARY ***
Total pot $12.86 | Rake $0.64 
Board [5s 5h Ac 8c Ah]
Seat 4: XneferX
Seat 6: reiyser
Seat 1: nikalas22 (button) collected ($12.22)
Seat 2: z00mba (small blind) folded before Flop
Seat 3: XKTTBOBV11 (big blind) folded on the River
Seat 5: ibo112008 folded before Flop (didn't bet)



PokerStars Hand #254740332094:  Hold'em No Limit ($0.50/$1.00 USD) - 2025/02/06 21:51:01 WET [2025/02/06 16:51:01 ET]
Table 'Sakuntala II' 6-max Seat #2 is the button
Seat 6: reiyser ($100 in chips) is sitting out
Seat 1: nikalas22 ($107.04 in chips) 
Seat 2: z00mba ($100 in chips) 
Seat 3: XKTTBOBV11 ($10 in chips) 
Seat 4: XneferX ($100 in chips) 
Seat 5: ibo112008 ($11.92 in chips) 
XKTTBOBV11: posts small blind $0.50
XneferX: posts big blind $1
reiyser: sits out 
*** HOLE CARDS ***
ibo112008: folds 
nikalas22: folds 
z00mba: raises $1.50 to $2.50
XKTTBOBV11: folds 
XneferX: raises $10.50 to $13
z00mba: raises $15 to $28
XneferX: calls $15
*** FLOP *** [Tc Th 2s]
XneferX: checks 
z00mba: bets $15
XneferX: folds 
Uncalled bet ($15) returned to z00mba
z00mba collected $54 from pot
z00mba: doesn't show hand 
*** SUMMARY ***
Total pot $56.50 | Rake $2.50 
Board [Tc Th 2s]
Seat 6: reiyser
Seat 1: nikalas22 folded before Flop (didn't bet)
Seat 2: z00mba (button) collected ($54)
Seat 3: XKTTBOBV11 (small blind) folded before Flop
Seat 4: XneferX (big blind) folded on the Flop
Seat 5: ibo112008 folded before Flop (didn't bet)



PokerStars Hand #254740352732:  Hold'em No Limit ($0.50/$1.00 USD) - 2025/02/06 21:52:10 WET [2025/02/06 16:52:10 ET]
Table 'Sakuntala II' 6-max Seat #3 is the button
Seat 6: reiyser ($100 in chips) is sitting out
Seat 1: nikalas22 ($107.04 in chips) 
Seat 2: z00mba ($126 in chips) 
Seat 3: XKTTBOBV11 ($20.50 in chips) 
Seat 4: XneferX ($100 in chips) 
Seat 5: ibo112008 ($11.92 in chips) 
XneferX: posts small blind $0.50
ibo112008: posts big blind $1
reiyser: sits out 
*** HOLE CARDS ***
nikalas22: folds 
z00mba: folds 
XKTTBOBV11: folds 
XneferX: raises $2 to $3
ibo112008: calls $2
*** FLOP *** [4d 3c Kh]
XneferX: bets $1.48
ibo112008: raises $7.44 to $8.92 and is all-in
XneferX: folds 
Uncalled bet ($7.44) returned to ibo112008
ibo112008 collected $8.40 from pot
*** SUMMARY ***
Total pot $8.96 | Rake $0.56 
Board [4d 3c Kh]
Seat 6: reiyser
Seat 1: nikalas22 folded before Flop (didn't bet)
Seat 2: z00mba folded before Flop (didn't bet)
Seat 3: XKTTBOBV11 (button) folded before Flop (didn't bet)
Seat 4: XneferX (small blind) folded on the Flop
Seat 5: ibo112008 (big blind) collected ($8.40)



PokerStars Hand #254740366496:  Hold'em No Limit ($0.50/$1.00 USD) - 2025/02/06 21:52:57 WET [2025/02/06 16:52:57 ET]
Table 'Sakuntala II' 6-max Seat #4 is the button
Seat 1: nikalas22 ($107.04 in chips) 
Seat 2: z00mba ($126 in chips) 
Seat 3: XKTTBOBV11 ($20.50 in chips) 
Seat 4: XneferX ($100 in chips) 
Seat 5: ibo112008 ($15.84 in chips) 
Seat 6: reiyser ($100 in chips) 
ibo112008: posts small blind $0.50
reiyser: posts big blind $1
*** HOLE CARDS ***
nikalas22: folds 
z00mba: folds 
XKTTBOBV11: folds 
XneferX: raises $1.77 to $2.77
ibo112008: folds 
reiyser: folds 
Uncalled bet ($1.77) returned to XneferX
XneferX collected $2.50 from pot
XneferX: doesn't show hand 
*** SUMMARY ***
Total pot $2.50 | Rake $0 
Seat 1: nikalas22 folded before Flop (didn't bet)
Seat 2: z00mba folded before Flop (didn't bet)
Seat 3: XKTTBOBV11 folded before Flop (didn't bet)
Seat 4: XneferX (button) collected ($2.50)
Seat 5: ibo112008 (small blind) folded before Flop
Seat 6: reiyser (big blind) folded before Flop



PokerStars Hand #254740468848:  Hold'em No Limit ($0.50/$1.00 USD) - 2025/02/06 22:00:16 WET [2025/02/06 17:00:16 ET]
Table 'Sakuntala II' 6-max Seat #5 is the button
Seat 1: nikalas22 ($124.74 in chips) 
Seat 2: JUANS2 ($100.88 in chips) 
Seat 3: avstero ($100 in chips) 
Seat 4: XneferX ($102.50 in chips) 
Seat 5: ibo112008 ($10.26 in chips) 
Seat 6: reiyser ($100.49 in chips) 
reiyser: posts small blind $0.50
nikalas22: posts big blind $1
*** HOLE CARDS ***
JUANS2: folds 
avstero: folds 
XneferX: folds 
ibo112008: folds 
reiyser: folds 
Uncalled bet ($0.50) returned to nikalas22
nikalas22 collected $1 from pot
nikalas22: doesn't show hand 
*** SUMMARY ***
Total pot $1 | Rake $0 
Seat 1: nikalas22 (big blind) collected ($1)
Seat 2: JUANS2 folded before Flop (didn't bet)
Seat 3: avstero folded before Flop (didn't bet)
Seat 4: XneferX folded before Flop (didn't bet)
Seat 5: ibo112008 (button) folded before Flop (didn't bet)
Seat 6: reiyser (small blind) folded before Flop



PokerStars Hand #254740473921:  Hold'em No Limit ($0.50/$1.00 USD) - 2025/02/06 22:00:39 WET [2025/02/06 17:00:39 ET]
Table 'Sakuntala II' 6-max Seat #6 is the button
Seat 1: nikalas22 ($125.24 in chips) 
Seat 2: JUANS2 ($100.88 in chips) 
Seat 3: avstero ($100 in chips) 
Seat 4: XneferX ($102.50 in chips) 
Seat 5: ibo112008 ($10.26 in chips) 
Seat 6: reiyser ($100 in chips) 
nikalas22: posts small blind $0.50
JUANS2: posts big blind $1
*** HOLE CARDS ***
avstero: folds 
XneferX: folds 
ibo112008: folds 
reiyser: folds 
nikalas22: folds 
Uncalled bet ($0.50) returned to JUANS2
JUANS2 collected $1 from pot
JUANS2: doesn't show hand 
*** SUMMARY ***
Total pot $1 | Rake $0 
Seat 1: nikalas22 (small blind) folded before Flop
Seat 2: JUANS2 (big blind) collected ($1)
Seat 3: avstero folded before Flop (didn't bet)
Seat 4: XneferX folded before Flop (didn't bet)
Seat 5: ibo112008 folded before Flop (didn't bet)
Seat 6: reiyser (button) folded before Flop (didn't bet)



PokerStars Hand #254740478383:  Hold'em No Limit ($0.50/$1.00 USD) - 2025/02/06 22:00:57 WET [2025/02/06 17:00:57 ET]
Table 'Sakuntala II' 6-max Seat #1 is the button
Seat 1: nikalas22 ($124.74 in chips) 
Seat 2: JUANS2 ($101.38 in chips) 
Seat 3: avstero ($100 in chips) 
Seat 4: XneferX ($102.50 in chips) 
Seat 5: ibo112008 ($10.26 in chips) 
Seat 6: reiyser ($100 in chips) 
JUANS2: posts small blind $0.50
avstero: posts big blind $1
*** HOLE CARDS ***
XneferX: folds 
ibo112008: calls $1
reiyser: raises $3 to $4
nikalas22: folds 
JUANS2: folds 
avstero: folds 
ibo112008: calls $3
*** FLOP *** [Ac 4h 8d]
ibo112008: checks 
reiyser: bets $2.32
ibo112008: raises $3.94 to $6.26 and is all-in
reiyser: calls $3.94
*** TURN *** [Ac 4h 8d] [5s]
*** RIVER *** [Ac 4h 8d 5s] [4s]
*** SHOW DOWN ***
ibo112008: shows [8h Qc] (two pair, Eights and Fours)
reiyser: shows [Ad Jh] (two pair, Aces and Fours)
reiyser collected $20.92 from pot
*** SUMMARY ***
Total pot $22.02 | Rake $1.10 
Board [Ac 4h 8d 5s 4s]
Seat 1: nikalas22 (button) folded before Flop (didn't bet)
Seat 2: JUANS2 (small blind) folded before Flop
Seat 3: avstero (big blind) folded before Flop
Seat 4: XneferX folded before Flop (didn't bet)
Seat 5: ibo112008 showed [8h Qc] and lost with two pair, Eights and Fours
Seat 6: reiyser showed [Ad Jh] and won ($20.92) with two pair, Aces and Fours



PokerStars Hand #254740493044:  Hold'em No Limit ($0.50/$1.00 USD) - 2025/02/06 22:01:53 WET [2025/02/06 17:01:53 ET]
Table 'Sakuntala II' 6-max Seat #2 is the button
Seat 4: XneferX ($102.50 in chips) is sitting out
Seat 5: ibo112008 ($0 in chips) is sitting out
Seat 1: nikalas22 ($124.74 in chips) 
Seat 2: JUANS2 ($100.88 in chips) 
Seat 3: avstero ($99 in chips) 
Seat 6: reiyser ($110.66 in chips) 
avstero: posts small blind $0.50
XneferX: is sitting out 
reiyser: posts big blind $1
*** HOLE CARDS ***
nikalas22: folds 
XneferX leaves the table
JUANS2: folds 
avstero: folds 
Uncalled bet ($0.50) returned to reiyser
reiyser collected $1 from pot
reiyser: doesn't show hand 
*** SUMMARY ***
Total pot $1 | Rake $0 
Seat 4: XneferX
Seat 5: ibo112008
Seat 1: nikalas22 folded before Flop (didn't bet)
Seat 2: JUANS2 (button) folded before Flop (didn't bet)
Seat 3: avstero (small blind) folded before Flop
Seat 6: reiyser (big blind) collected ($1)



PokerStars Hand #254740495580:  Hold'em No Limit ($0.50/$1.00 USD) - 2025/02/06 22:02:02 WET [2025/02/06 17:02:02 ET]
Table 'Sakuntala II' 6-max Seat #3 is the button
Seat 5: ibo112008 ($10 in chips) is sitting out
Seat 1: nikalas22 ($124.74 in chips) 
Seat 2: JUANS2 ($100.88 in chips) 
Seat 3: avstero ($100 in chips) 
Seat 6: reiyser ($111.16 in chips) 
reiyser: posts small blind $0.50
nikalas22: posts big blind $1
*** HOLE CARDS ***
JUANS2: folds 
avstero: raises $1.20 to $2.20
reiyser: folds 
BoyLoc0 joins the table at seat #4 
nikalas22: calls $1.20
*** FLOP *** [Ah 5d 6c]
nikalas22: checks 
avstero: bets $3.12
nikalas22: raises $6.88 to $10
avstero: folds 
Uncalled bet ($6.88) returned to nikalas22
nikalas22 collected $10.58 from pot
nikalas22: doesn't show hand 
*** SUMMARY ***
Total pot $11.14 | Rake $0.56 
Board [Ah 5d 6c]
Seat 5: ibo112008
Seat 1: nikalas22 (big blind) collected ($10.58)
Seat 2: JUANS2 folded before Flop (didn't bet)
Seat 3: avstero (button) folded on the Flop
Seat 6: reiyser (small blind) folded before Flop



PokerStars Hand #254740510593:  Hold'em No Limit ($0.50/$1.00 USD) - 2025/02/06 22:02:55 WET [2025/02/06 17:02:55 ET]
Table 'Sakuntala II' 6-max Seat #6 is the button
Seat 4: BoyLoc0 ($100 in chips) is sitting out
Seat 1: nikalas22 ($130 in chips) 
Seat 2: JUANS2 ($100.88 in chips) 
Seat 3: avstero ($100 in chips) 
Seat 5: ibo112008 ($10 in chips) 
Seat 6: reiyser ($110.66 in chips) 
nikalas22: posts small blind $0.50
JUANS2: posts big blind $1
BoyLoc0: sits out 
ibo112008: posts small & big blinds $1.50
*** HOLE CARDS ***
avstero: raises $3 to $4
ibo112008: calls $3
reiyser: folds 
nikalas22: folds 
JUANS2: folds 
*** FLOP *** [Jh Ad As]
avstero: bets $6.37
ibo112008: folds 
Uncalled bet ($6.37) returned to avstero
avstero collected $9.50 from pot
avstero: doesn't show hand 
*** SUMMARY ***
Total pot $10 | Rake $0.50 
Board [Jh Ad As]
Seat 4: BoyLoc0
Seat 1: nikalas22 (small blind) folded before Flop
Seat 2: JUANS2 (big blind) folded before Flop
Seat 3: avstero collected ($9.50)
Seat 5: ibo112008 folded on the Flop
Seat 6: reiyser (button) folded before Flop (didn't bet)



PokerStars Hand #254740520595:  Hold'em No Limit ($0.50/$1.00 USD) - 2025/02/06 22:03:30 WET [2025/02/06 17:03:30 ET]
Table 'Sakuntala II' 6-max Seat #1 is the button
Seat 4: BoyLoc0 ($100 in chips) is sitting out
Seat 1: nikalas22 ($129.50 in chips) 
Seat 2: JUANS2 ($100 in chips) 
Seat 3: avstero ($105.50 in chips) 
Seat 5: ibo112008 ($5.50 in chips) 
Seat 6: reiyser ($110.66 in chips) 
JUANS2: posts small blind $0.50
avstero: posts big blind $1
BoyLoc0: sits out 
*** HOLE CARDS ***
ibo112008: folds 
reiyser: folds 
nikalas22: folds 
JUANS2: folds 
Uncalled bet ($0.50) returned to avstero
avstero collected $1 from pot
avstero: doesn't show hand 
*** SUMMARY ***
Total pot $1 | Rake $0 
Seat 4: BoyLoc0
Seat 1: nikalas22 (button) folded before Flop (didn't bet)
Seat 2: JUANS2 (small blind) folded before Flop
Seat 3: avstero (big blind) collected ($1)
Seat 5: ibo112008 folded before Flop (didn't bet)
Seat 6: reiyser folded before Flop (didn't bet)



PokerStars Hand #254740525673:  Hold'em No Limit ($0.50/$1.00 USD) - 2025/02/06 22:03:48 WET [2025/02/06 17:03:48 ET]
Table 'Sakuntala II' 6-max Seat #2 is the button
Seat 1: nikalas22 ($129.50 in chips) 
Seat 2: JUANS2 ($100 in chips) 
Seat 3: avstero ($106 in chips) 
Seat 4: BoyLoc0 ($100 in chips) 
Seat 5: ibo112008 ($5.50 in chips) 
Seat 6: reiyser ($110.66 in chips) 
avstero: posts small blind $0.50
BoyLoc0: posts big blind $1
*** HOLE CARDS ***
ibo112008: calls $1
reiyser: raises $3 to $4
nikalas22: folds 
JUANS2: folds 
avstero: folds 
BoyLoc0: folds 
ibo112008: raises $1.50 to $5.50 and is all-in
reiyser: calls $1.50
*** FLOP *** [6c 6h Qc]
*** TURN *** [6c 6h Qc] [Qd]
*** RIVER *** [6c 6h Qc Qd] [7h]
*** SHOW DOWN ***
ibo112008: shows [Ah Ad] (two pair, Aces and Queens)
reiyser: shows [Jc Kd] (two pair, Queens and Sixes)
ibo112008 collected $11.72 from pot
*** SUMMARY ***
Total pot $12.50 | Rake $0.78 
Board [6c 6h Qc Qd 7h]
Seat 1: nikalas22 folded before Flop (didn't bet)
Seat 2: JUANS2 (button) folded before Flop (didn't bet)
Seat 3: avstero (small blind) folded before Flop
Seat 4: BoyLoc0 (big blind) folded before Flop
Seat 5: ibo112008 showed [Ah Ad] and won ($11.72) with two pair, Aces and Queens
Seat 6: reiyser showed [Jc Kd] and lost with two pair, Queens and Sixes



PokerStars Hand #254740535360:  Hold'em No Limit ($0.50/$1.00 USD) - 2025/02/06 22:04:21 WET [2025/02/06 17:04:21 ET]
Table 'Sakuntala II' 6-max Seat #3 is the button
Seat 1: nikalas22 ($129.50 in chips) 
Seat 2: JUANS2 ($100 in chips) 
Seat 3: avstero ($105.50 in chips) 
Seat 4: BoyLoc0 ($100 in chips) 
Seat 5: ibo112008 ($11.72 in chips) 
Seat 6: reiyser ($105.16 in chips) 
BoyLoc0: posts small blind $0.50
ibo112008: posts big blind $1
*** HOLE CARDS ***
reiyser: folds 
nikalas22: raises $1.20 to $2.20
JUANS2: folds 
avstero: raises $4.80 to $7
BoyLoc0: folds 
ibo112008: folds 
nikalas22: folds 
Uncalled bet ($4.80) returned to avstero
avstero collected $5.90 from pot
avstero: doesn't show hand 
*** SUMMARY ***
Total pot $5.90 | Rake $0 
Seat 1: nikalas22 folded before Flop
Seat 2: JUANS2 folded before Flop (didn't bet)
Seat 3: avstero (button) collected ($5.90)
Seat 4: BoyLoc0 (small blind) folded before Flop
Seat 5: ibo112008 (big blind) folded before Flop
Seat 6: reiyser folded before Flop (didn't bet)



PokerStars Hand #254740543974:  Hold'em No Limit ($0.50/$1.00 USD) - 2025/02/06 22:04:51 WET [2025/02/06 17:04:51 ET]
Table 'Sakuntala II' 6-max Seat #4 is the button
Seat 1: nikalas22 ($127.30 in chips) 
Seat 2: JUANS2 ($100 in chips) 
Seat 3: avstero ($109.20 in chips) 
Seat 4: BoyLoc0 ($100 in chips) 
Seat 5: ibo112008 ($10.72 in chips) 
Seat 6: reiyser ($105.16 in chips) 
ibo112008: posts small blind $0.50
reiyser: posts big blind $1
*** HOLE CARDS ***
nikalas22: folds 
JUANS2: folds 
avstero: folds 
BoyLoc0: folds 
ibo112008: calls $0.50
reiyser: checks 
*** FLOP *** [9d Th Kd]
ibo112008: checks 
reiyser: bets $1
ibo112008: calls $1
*** TURN *** [9d Th Kd] [Qh]
ibo112008: checks 
reiyser: checks 
*** RIVER *** [9d Th Kd Qh] [9h]
ibo112008: bets $1.90
reiyser: folds 
Uncalled bet ($1.90) returned to ibo112008
ibo112008 collected $3.75 from pot
*** SUMMARY ***
Total pot $4 | Rake $0.25 
Board [9d Th Kd Qh 9h]
Seat 1: nikalas22 folded before Flop (didn't bet)
Seat 2: JUANS2 folded before Flop (didn't bet)
Seat 3: avstero folded before Flop (didn't bet)
Seat 4: BoyLoc0 (button) folded before Flop (didn't bet)
Seat 5: ibo112008 (small blind) collected ($3.75)
Seat 6: reiyser (big blind) folded on the River



PokerStars Hand #254740559910:  Hold'em No Limit ($0.50/$1.00 USD) - 2025/02/06 22:05:46 WET [2025/02/06 17:05:46 ET]
Table 'Sakuntala II' 6-max Seat #5 is the button
Seat 1: nikalas22 ($127.30 in chips) 
Seat 2: JUANS2 ($100 in chips) 
Seat 3: avstero ($109.20 in chips) 
Seat 4: BoyLoc0 ($100 in chips) 
Seat 5: ibo112008 ($12.47 in chips) 
Seat 6: reiyser ($103.16 in chips) 
reiyser: posts small blind $0.50
nikalas22: posts big blind $1
*** HOLE CARDS ***
JUANS2: raises $1.50 to $2.50
avstero: folds 
BoyLoc0: raises $5 to $7.50
ibo112008: folds 
reiyser: folds 
nikalas22: folds 
JUANS2: folds 
Uncalled bet ($5) returned to BoyLoc0
BoyLoc0 collected $6.50 from pot
BoyLoc0: doesn't show hand 
*** SUMMARY ***
Total pot $6.50 | Rake $0 
Seat 1: nikalas22 (big blind) folded before Flop
Seat 2: JUANS2 folded before Flop
Seat 3: avstero folded before Flop (didn't bet)
Seat 4: BoyLoc0 collected ($6.50)
Seat 5: ibo112008 (button) folded before Flop (didn't bet)
Seat 6: reiyser (small blind) folded before Flop



PokerStars Hand #254740567930:  Hold'em No Limit ($0.50/$1.00 USD) - 2025/02/06 22:06:14 WET [2025/02/06 17:06:14 ET]
Table 'Sakuntala II' 6-max Seat #6 is the button
Seat 1: nikalas22 ($126.30 in chips) 
Seat 2: JUANS2 ($100 in chips) 
Seat 3: avstero ($109.20 in chips) 
Seat 4: BoyLoc0 ($104 in chips) 
Seat 5: ibo112008 ($12.47 in chips) 
Seat 6: reiyser ($102.66 in chips) 
nikalas22: posts small blind $0.50
JUANS2: posts big blind $1
*** HOLE CARDS ***
avstero: folds 
BoyLoc0: folds 
ibo112008: calls $1
reiyser: folds 
nikalas22: folds 
JUANS2: checks 
*** FLOP *** [Jh Ah 5d]
JUANS2: checks 
ibo112008: bets $1
JUANS2: folds 
Uncalled bet ($1) returned to ibo112008
ibo112008 collected $2.35 from pot
*** SUMMARY ***
Total pot $2.50 | Rake $0.15 
Board [Jh Ah 5d]
Seat 1: nikalas22 (small blind) folded before Flop
Seat 2: JUANS2 (big blind) folded on the Flop
Seat 3: avstero folded before Flop (didn't bet)
Seat 4: BoyLoc0 folded before Flop (didn't bet)
Seat 5: ibo112008 collected ($2.35)
Seat 6: reiyser (button) folded before Flop (didn't bet)



PokerStars Hand #254740576605:  Hold'em No Limit ($0.50/$1.00 USD) - 2025/02/06 22:06:44 WET [2025/02/06 17:06:44 ET]
Table 'Sakuntala II' 6-max Seat #1 is the button
Seat 1: nikalas22 ($125.80 in chips) 
Seat 2: JUANS2 ($100 in chips) 
Seat 3: avstero ($109.20 in chips) 
Seat 4: BoyLoc0 ($104 in chips) 
Seat 5: ibo112008 ($13.82 in chips) 
Seat 6: reiyser ($102.66 in chips) 
JUANS2: posts small blind $0.50
avstero: posts big blind $1
*** HOLE CARDS ***
BoyLoc0: folds 
ibo112008: calls $1
reiyser: raises $3 to $4
nikalas22: folds 
JUANS2: folds 
avstero: folds 
ibo112008: calls $3
*** FLOP *** [Jc Ks Ad]
ibo112008: checks 
reiyser: bets $2.62
ibo112008: calls $2.62
*** TURN *** [Jc Ks Ad] [Th]
ibo112008: checks 
reiyser: checks 
*** RIVER *** [Jc Ks Ad Th] [Qs]
ibo112008: bets $7.20 and is all-in
reiyser: calls $7.20
*** SHOW DOWN ***
ibo112008: shows [Kh 7h] (a straight, Ten to Ace)
reiyser: shows [5s As] (a straight, Ten to Ace)
ibo112008 collected $13.66 from pot
reiyser collected $13.84 from pot
*** SUMMARY ***
Total pot $29.14 | Rake $1.64 
Board [Jc Ks Ad Th Qs]
Seat 1: nikalas22 (button) folded before Flop (didn't bet)
Seat 2: JUANS2 (small blind) folded before Flop
Seat 3: avstero (big blind) folded before Flop
Seat 4: BoyLoc0 folded before Flop (didn't bet)
Seat 5: ibo112008 showed [Kh 7h] and won ($13.66) with a straight, Ten to Ace
Seat 6: reiyser showed [5s As] and won ($13.84) with a straight, Ten to Ace



PokerStars Hand #254740593404:  Hold'em No Limit ($0.50/$1.00 USD) - 2025/02/06 22:07:42 WET [2025/02/06 17:07:42 ET]
Table 'Sakuntala II' 6-max Seat #2 is the button
Seat 1: nikalas22 ($125.80 in chips) 
Seat 2: JUANS2 ($100 in chips) 
Seat 3: avstero ($108.20 in chips) 
Seat 4: BoyLoc0 ($104 in chips) 
Seat 5: ibo112008 ($13.66 in chips) 
Seat 6: reiyser ($102.68 in chips) 
avstero: posts small blind $0.50
BoyLoc0: posts big blind $1
*** HOLE CARDS ***
ibo112008: folds 
reiyser: folds 
nikalas22: folds 
JUANS2: folds 
avstero: raises $1.80 to $2.80
BoyLoc0: calls $1.80
*** FLOP *** [5s 7s 4d]
avstero: checks 
BoyLoc0: checks 
*** TURN *** [5s 7s 4d] [Ts]
avstero: checks 
BoyLoc0: checks 
*** RIVER *** [5s 7s 4d Ts] [2d]
avstero: checks 
BoyLoc0: checks 
*** SHOW DOWN ***
avstero: shows [9c 7c] (a pair of Sevens)
BoyLoc0: mucks hand 
avstero collected $5.32 from pot
*** SUMMARY ***
Total pot $5.60 | Rake $0.28 
Board [5s 7s 4d Ts 2d]
Seat 1: nikalas22 folded before Flop (didn't bet)
Seat 2: JUANS2 (button) folded before Flop (didn't bet)
Seat 3: avstero (small blind) showed [9c 7c] and won ($5.32) with a pair of Sevens
Seat 4: BoyLoc0 (big blind) mucked
Seat 5: ibo112008 folded before Flop (didn't bet)
Seat 6: reiyser folded before Flop (didn't bet)



PokerStars Hand #254740614210:  Hold'em No Limit ($0.50/$1.00 USD) - 2025/02/06 22:08:53 WET [2025/02/06 17:08:53 ET]
Table 'Sakuntala II' 6-max Seat #3 is the button
Seat 1: nikalas22 ($125.80 in chips) 
Seat 2: JUANS2 ($100 in chips) 
Seat 3: avstero ($110.72 in chips) 
Seat 4: BoyLoc0 ($101.20 in chips) 
Seat 5: ibo112008 ($13.66 in chips) 
Seat 6: reiyser ($102.68 in chips) 
BoyLoc0: posts small blind $0.50
ibo112008: posts big blind $1
*** HOLE CARDS ***
reiyser: folds 
nikalas22: folds 
JUANS2: folds 
avstero: folds 
BoyLoc0: folds 
Uncalled bet ($0.50) returned to ibo112008
ibo112008 collected $1 from pot
*** SUMMARY ***
Total pot $1 | Rake $0 
Seat 1: nikalas22 folded before Flop (didn't bet)
Seat 2: JUANS2 folded before Flop (didn't bet)
Seat 3: avstero (button) folded before Flop (didn't bet)
Seat 4: BoyLoc0 (small blind) folded before Flop
Seat 5: ibo112008 (big blind) collected ($1)
Seat 6: reiyser folded before Flop (didn't bet)



PokerStars Hand #254740618253:  Hold'em No Limit ($0.50/$1.00 USD) - 2025/02/06 22:09:08 WET [2025/02/06 17:09:08 ET]
Table 'Sakuntala II' 6-max Seat #4 is the button
Seat 1: nikalas22 ($125.80 in chips) 
Seat 2: JUANS2 ($100 in chips) 
Seat 3: avstero ($110.72 in chips) 
Seat 4: BoyLoc0 ($100.70 in chips) 
Seat 5: ibo112008 ($14.16 in chips) 
Seat 6: reiyser ($102.68 in chips) 
ibo112008: posts small blind $0.50
reiyser: posts big blind $1
*** HOLE CARDS ***
nikalas22: folds 
JUANS2: folds 
avstero: folds 
BoyLoc0: folds 
ibo112008: calls $0.50
reiyser: raises $3 to $4
ibo112008: calls $3
*** FLOP *** [2s 6d 3d]
ibo112008: checks 
reiyser: bets $2.20
ibo112008: folds 
Uncalled bet ($2.20) returned to reiyser
reiyser collected $7.60 from pot
reiyser: doesn't show hand 
*** SUMMARY ***
Total pot $8 | Rake $0.40 
Board [2s 6d 3d]
Seat 1: nikalas22 folded before Flop (didn't bet)
Seat 2: JUANS2 folded before Flop (didn't bet)
Seat 3: avstero folded before Flop (didn't bet)
Seat 4: BoyLoc0 (button) folded before Flop (didn't bet)
Seat 5: ibo112008 (small blind) folded on the Flop
Seat 6: reiyser (big blind) collected ($7.60)



PokerStars Hand #254740631395:  Hold'em No Limit ($0.50/$1.00 USD) - 2025/02/06 22:09:53 WET [2025/02/06 17:09:53 ET]
Table 'Sakuntala II' 6-max Seat #5 is the button
Seat 1: nikalas22 ($125.80 in chips) 
Seat 2: JUANS2 ($100 in chips) 
Seat 3: avstero ($110.72 in chips) 
Seat 4: BoyLoc0 ($100.70 in chips) 
Seat 5: ibo112008 ($10.16 in chips) 
Seat 6: reiyser ($106.28 in chips) 
reiyser: posts small blind $0.50
nikalas22: posts big blind $1
*** HOLE CARDS ***
JUANS2: folds 
avstero: folds 
BoyLoc0: folds 
ibo112008: raises $2 to $3
reiyser: folds 
nikalas22: folds 
Uncalled bet ($2) returned to ibo112008
ibo112008 collected $2.50 from pot
*** SUMMARY ***
Total pot $2.50 | Rake $0 
Seat 1: nikalas22 (big blind) folded before Flop
Seat 2: JUANS2 folded before Flop (didn't bet)
Seat 3: avstero folded before Flop (didn't bet)
Seat 4: BoyLoc0 folded before Flop (didn't bet)
Seat 5: ibo112008 (button) collected ($2.50)
Seat 6: reiyser (small blind) folded before Flop



PokerStars Hand #254740640273:  Hold'em No Limit ($0.50/$1.00 USD) - 2025/02/06 22:10:24 WET [2025/02/06 17:10:24 ET]
Table 'Sakuntala II' 6-max Seat #6 is the button
Seat 1: nikalas22 ($124.80 in chips) 
Seat 2: JUANS2 ($100 in chips) 
Seat 3: avstero ($110.72 in chips) 
Seat 4: BoyLoc0 ($100.70 in chips) 
Seat 5: ibo112008 ($11.66 in chips) 
Seat 6: reiyser ($105.78 in chips) 
nikalas22: posts small blind $0.50
JUANS2: posts big blind $1
*** HOLE CARDS ***
avstero: folds 
BoyLoc0: raises $1.50 to $2.50
ibo112008: folds 
reiyser: folds 
nikalas22: folds 
JUANS2: calls $1.50
*** FLOP *** [2d 3c Jh]
JUANS2: checks 
BoyLoc0: bets $1.72
JUANS2: folds 
Uncalled bet ($1.72) returned to BoyLoc0
BoyLoc0 collected $5.22 from pot
BoyLoc0: doesn't show hand 
*** SUMMARY ***
Total pot $5.50 | Rake $0.28 
Board [2d 3c Jh]
Seat 1: nikalas22 (small blind) folded before Flop
Seat 2: JUANS2 (big blind) folded on the Flop
Seat 3: avstero folded before Flop (didn't bet)
Seat 4: BoyLoc0 collected ($5.22)
Seat 5: ibo112008 folded before Flop (didn't bet)
Seat 6: reiyser (button) folded before Flop (didn't bet)



PokerStars Hand #254740652424:  Hold'em No Limit ($0.50/$1.00 USD) - 2025/02/06 22:11:05 WET [2025/02/06 17:11:05 ET]
Table 'Sakuntala II' 6-max Seat #1 is the button
Seat 1: nikalas22 ($124.30 in chips) 
Seat 2: JUANS2 ($100 in chips) 
Seat 3: avstero ($110.72 in chips) 
Seat 4: BoyLoc0 ($103.42 in chips) 
Seat 5: ibo112008 ($11.66 in chips) 
Seat 6: reiyser ($105.78 in chips) 
JUANS2: posts small blind $0.50
avstero: posts big blind $1
*** HOLE CARDS ***
BoyLoc0: folds 
ibo112008: calls $1
reiyser: folds 
nikalas22: folds 
JUANS2: folds 
avstero: checks 
*** FLOP *** [As 9d 3h]
avstero: checks 
ibo112008: checks 
*** TURN *** [As 9d 3h] [6h]
avstero: checks 
ibo112008: bets $1
avstero: calls $1
*** RIVER *** [As 9d 3h 6h] [Tc]
avstero: checks 
ibo112008: checks 
*** SHOW DOWN ***
avstero: shows [Kh 3c] (a pair of Threes)
ibo112008: shows [Th Qh] (a pair of Tens)
ibo112008 collected $4.22 from pot
*** SUMMARY ***
Total pot $4.50 | Rake $0.28 
Board [As 9d 3h 6h Tc]
Seat 1: nikalas22 (button) folded before Flop (didn't bet)
Seat 2: JUANS2 (small blind) folded before Flop
Seat 3: avstero (big blind) showed [Kh 3c] and lost with a pair of Threes
Seat 4: BoyLoc0 folded before Flop (didn't bet)
Seat 5: ibo112008 showed [Th Qh] and won ($4.22) with a pair of Tens
Seat 6: reiyser folded before Flop (didn't bet)



PokerStars Hand #254740673469:  Hold'em No Limit ($0.50/$1.00 USD) - 2025/02/06 22:12:18 WET [2025/02/06 17:12:18 ET]
Table 'Sakuntala II' 6-max Seat #2 is the button
Seat 1: nikalas22 ($124.30 in chips) 
Seat 2: JUANS2 ($100 in chips) 
Seat 3: avstero ($108.72 in chips) 
Seat 4: BoyLoc0 ($103.42 in chips) 
Seat 5: ibo112008 ($13.88 in chips) 
Seat 6: reiyser ($105.78 in chips) 
avstero: posts small blind $0.50
BoyLoc0: posts big blind $1
*** HOLE CARDS ***
ibo112008: folds 
reiyser: raises $1.23 to $2.23
nikalas22: folds 
JUANS2: folds 
avstero: folds 
BoyLoc0: calls $1.23
*** FLOP *** [Kh 3s 4h]
BoyLoc0: checks 
reiyser: bets $2.45
BoyLoc0: folds 
Uncalled bet ($2.45) returned to reiyser
reiyser collected $4.71 from pot
reiyser: doesn't show hand 
*** SUMMARY ***
Total pot $4.96 | Rake $0.25 
Board [Kh 3s 4h]
Seat 1: nikalas22 folded before Flop (didn't bet)
Seat 2: JUANS2 (button) folded before Flop (didn't bet)
Seat 3: avstero (small blind) folded before Flop
Seat 4: BoyLoc0 (big blind) folded on the Flop
Seat 5: ibo112008 folded before Flop (didn't bet)
Seat 6: reiyser collected ($4.71)



PokerStars Hand #254740686075:  Hold'em No Limit ($0.50/$1.00 USD) - 2025/02/06 22:13:01 WET [2025/02/06 17:13:01 ET]
Table 'Sakuntala II' 6-max Seat #3 is the button
Seat 1: nikalas22 ($124.30 in chips) 
Seat 2: JUANS2 ($100 in chips) 
Seat 3: avstero ($108.22 in chips) 
Seat 4: BoyLoc0 ($101.19 in chips) 
Seat 5: ibo112008 ($13.88 in chips) 
Seat 6: reiyser ($108.26 in chips) 
BoyLoc0: posts small blind $0.50
ibo112008: posts big blind $1
*** HOLE CARDS ***
reiyser: folds 
nikalas22: folds 
JUANS2: folds 
avstero: raises $1.20 to $2.20
BoyLoc0: folds 
ibo112008: folds 
Uncalled bet ($1.20) returned to avstero
avstero collected $2.50 from pot
avstero: doesn't show hand 
*** SUMMARY ***
Total pot $2.50 | Rake $0 
Seat 1: nikalas22 folded before Flop (didn't bet)
Seat 2: JUANS2 folded before Flop (didn't bet)
Seat 3: avstero (button) collected ($2.50)
Seat 4: BoyLoc0 (small blind) folded before Flop
Seat 5: ibo112008 (big blind) folded before Flop
Seat 6: reiyser folded before Flop (didn't bet)



PokerStars Hand #254740691606:  Hold'em No Limit ($0.50/$1.00 USD) - 2025/02/06 22:13:20 WET [2025/02/06 17:13:20 ET]
Table 'Sakuntala II' 6-max Seat #4 is the button
Seat 6: reiyser ($108.26 in chips) is sitting out
Seat 1: nikalas22 ($124.30 in chips) 
Seat 2: JUANS2 ($100 in chips) 
Seat 3: avstero ($109.72 in chips) 
Seat 4: BoyLoc0 ($100.69 in chips) 
Seat 5: ibo112008 ($12.88 in chips) 
ibo112008: posts small blind $0.50
reiyser: is sitting out 
nikalas22: posts big blind $1
*** HOLE CARDS ***
JUANS2: folds 
avstero: folds 
BoyLoc0: raises $1.50 to $2.50
ibo112008: calls $2
nikalas22: folds 
*** FLOP *** [5d 5s 9h]
reiyser leaves the table
ibo112008: checks 
BoyLoc0: checks 
*** TURN *** [5d 5s 9h] [4c]
Christianzt1 joins the table at seat #6 
ibo112008: checks 
BoyLoc0: checks 
*** RIVER *** [5d 5s 9h 4c] [6c]
ibo112008: checks 
BoyLoc0: checks 
*** SHOW DOWN ***
ibo112008: shows [3s 4s] (two pair, Fives and Fours)
BoyLoc0: mucks hand 
ibo112008 collected $5.62 from pot
*** SUMMARY ***
Total pot $6 | Rake $0.38 
Board [5d 5s 9h 4c 6c]
Seat 6: reiyser
Seat 1: nikalas22 (big blind) folded before Flop
Seat 2: JUANS2 folded before Flop (didn't bet)
Seat 3: avstero folded before Flop (didn't bet)
Seat 4: BoyLoc0 (button) mucked
Seat 5: ibo112008 (small blind) showed [3s 4s] and won ($5.62) with two pair, Fives and Fours



PokerStars Hand #254740707523:  Hold'em No Limit ($0.50/$1.00 USD) - 2025/02/06 22:14:15 WET [2025/02/06 17:14:15 ET]
Table 'Sakuntala II' 6-max Seat #5 is the button
Seat 6: Christianzt1 ($100 in chips) is sitting out
Seat 1: nikalas22 ($123.30 in chips) 
Seat 2: JUANS2 ($100 in chips) 
Seat 3: avstero ($109.72 in chips) 
Seat 4: BoyLoc0 ($100 in chips) 
Seat 5: ibo112008 ($16 in chips) 
nikalas22: posts small blind $0.50
JUANS2: posts big blind $1
*** HOLE CARDS ***
avstero: folds 
BoyLoc0: folds 
ibo112008: folds 
nikalas22: raises $2 to $3
JUANS2: calls $2
*** FLOP *** [5d 7d 4h]
nikalas22: checks 
JUANS2: bets $1.88
nikalas22: calls $1.88
*** TURN *** [5d 7d 4h] [Jc]
nikalas22: checks 
JUANS2: checks 
*** RIVER *** [5d 7d 4h Jc] [5c]
nikalas22: checks 
JUANS2: bets $4.50
nikalas22: calls $4.50
*** SHOW DOWN ***
JUANS2: shows [Tc Qh] (a pair of Fives)
nikalas22: shows [Ac Th] (a pair of Fives - Ace kicker)
nikalas22 collected $17.82 from pot
*** SUMMARY ***
Total pot $18.76 | Rake $0.94 
Board [5d 7d 4h Jc 5c]
Seat 6: Christianzt1
Seat 1: nikalas22 (small blind) showed [Ac Th] and won ($17.82) with a pair of Fives
Seat 2: JUANS2 (big blind) showed [Tc Qh] and lost with a pair of Fives
Seat 3: avstero folded before Flop (didn't bet)
Seat 4: BoyLoc0 folded before Flop (didn't bet)
Seat 5: ibo112008 (button) folded before Flop (didn't bet)



PokerStars Hand #254740727737:  Hold'em No Limit ($0.50/$1.00 USD) - 2025/02/06 22:15:24 WET [2025/02/06 17:15:24 ET]
Table 'Sakuntala II' 6-max Seat #1 is the button
Seat 6: Christianzt1 ($100 in chips) is sitting out
Seat 1: nikalas22 ($131.74 in chips) 
Seat 2: JUANS2 ($100 in chips) 
Seat 3: avstero ($109.72 in chips) 
Seat 4: BoyLoc0 ($100 in chips) 
Seat 5: ibo112008 ($16 in chips) 
JUANS2: posts small blind $0.50
avstero: posts big blind $1
Christianzt1: sits out 
*** HOLE CARDS ***
BoyLoc0: folds 
ibo112008: folds 
nikalas22: raises $1.20 to $2.20
JUANS2: folds 
avstero: calls $1.20
*** FLOP *** [Ah 6d 4d]
avstero: checks 
nikalas22: checks 
*** TURN *** [Ah 6d 4d] [Qs]
avstero: checks 
nikalas22: bets $6.99
avstero: folds 
Uncalled bet ($6.99) returned to nikalas22
nikalas22 collected $4.66 from pot
nikalas22: doesn't show hand 
*** SUMMARY ***
Total pot $4.90 | Rake $0.24 
Board [Ah 6d 4d Qs]
Seat 6: Christianzt1
Seat 1: nikalas22 (button) collected ($4.66)
Seat 2: JUANS2 (small blind) folded before Flop
Seat 3: avstero (big blind) folded on the Turn
Seat 4: BoyLoc0 folded before Flop (didn't bet)
Seat 5: ibo112008 folded before Flop (didn't bet)



PokerStars Hand #254740748700:  Hold'em No Limit ($0.50/$1.00 USD) - 2025/02/06 22:16:37 WET [2025/02/06 17:16:37 ET]
Table 'Sakuntala II' 6-max Seat #2 is the button
Seat 6: Christianzt1 ($100 in chips) is sitting out
Seat 1: nikalas22 ($134.20 in chips) 
Seat 2: JUANS2 ($100 in chips) 
Seat 3: avstero ($107.52 in chips) 
Seat 4: BoyLoc0 ($100 in chips) 
Seat 5: ibo112008 ($16 in chips) 
avstero: posts small blind $0.50
BoyLoc0: posts big blind $1
Christianzt1: sits out 
*** HOLE CARDS ***
ibo112008: folds 
nikalas22: folds 
JUANS2: raises $1.50 to $2.50
avstero: folds 
BoyLoc0: folds 
Uncalled bet ($1.50) returned to JUANS2
JUANS2 collected $2.50 from pot
JUANS2: doesn't show hand 
*** SUMMARY ***
Total pot $2.50 | Rake $0 
Seat 6: Christianzt1
Seat 1: nikalas22 folded before Flop (didn't bet)
Seat 2: JUANS2 (button) collected ($2.50)
Seat 3: avstero (small blind) folded before Flop
Seat 4: BoyLoc0 (big blind) folded before Flop
Seat 5: ibo112008 folded before Flop (didn't bet)



PokerStars Hand #254740755399:  Hold'em No Limit ($0.50/$1.00 USD) - 2025/02/06 22:17:00 WET [2025/02/06 17:17:00 ET]
Table 'Sakuntala II' 6-max Seat #3 is the button
Seat 6: Christianzt1 ($100 in chips) is sitting out
Seat 1: nikalas22 ($134.20 in chips) 
Seat 2: JUANS2 ($101.50 in chips) 
Seat 3: avstero ($107.02 in chips) 
Seat 4: BoyLoc0 ($100 in chips) 
Seat 5: ibo112008 ($16 in chips) 
BoyLoc0: posts small blind $0.50
ibo112008: posts big blind $1
Christianzt1: sits out 
*** HOLE CARDS ***
nikalas22: raises $1.20 to $2.20
JUANS2: folds 
avstero: folds 
BoyLoc0: folds 
ibo112008: calls $1.20
*** FLOP *** [2h 5c 2d]
ibo112008: checks 
nikalas22: bets $1.40
ibo112008: calls $1.40
*** TURN *** [2h 5c 2d] [8h]
ibo112008: checks 
nikalas22: checks 
*** RIVER *** [2h 5c 2d 8h] [6c]
ibo112008: bets $12.40 and is all-in
nikalas22: folds 
Uncalled bet ($12.40) returned to ibo112008
ibo112008 collected $7.22 from pot
*** SUMMARY ***
Total pot $7.70 | Rake $0.48 
Board [2h 5c 2d 8h 6c]
Seat 6: Christianzt1
Seat 1: nikalas22 folded on the River
Seat 2: JUANS2 folded before Flop (didn't bet)
Seat 3: avstero (button) folded before Flop (didn't bet)
Seat 4: BoyLoc0 (small blind) folded before Flop
Seat 5: ibo112008 (big blind) collected ($7.22)



PokerStars Hand #254740767753:  Hold'em No Limit ($0.50/$1.00 USD) - 2025/02/06 22:17:42 WET [2025/02/06 17:17:42 ET]
Table 'Sakuntala II' 6-max Seat #4 is the button
Seat 1: nikalas22 ($130.60 in chips) 
Seat 2: JUANS2 ($101.50 in chips) 
Seat 3: avstero ($107.02 in chips) 
Seat 4: BoyLoc0 ($100 in chips) 
Seat 5: ibo112008 ($19.62 in chips) 
Seat 6: Christianzt1 ($100 in chips) 
ibo112008: posts small blind $0.50
Christianzt1: posts big blind $1
*** HOLE CARDS ***
nikalas22: raises $1.20 to $2.20
JUANS2: folds 
avstero: folds 
BoyLoc0: folds 
ibo112008: folds 
Christianzt1: calls $1.20
*** FLOP *** [3s 7c Ts]
Christianzt1: checks 
nikalas22: checks 
*** TURN *** [3s 7c Ts] [Jh]
Christianzt1: bets $5.83
nikalas22: calls $5.83
*** RIVER *** [3s 7c Ts Jh] [6h]
Christianzt1: bets $1.57
nikalas22: folds 
Uncalled bet ($1.57) returned to Christianzt1
Christianzt1 collected $15.73 from pot
*** SUMMARY ***
Total pot $16.56 | Rake $0.83 
Board [3s 7c Ts Jh 6h]
Seat 1: nikalas22 folded on the River
Seat 2: JUANS2 folded before Flop (didn't bet)
Seat 3: avstero folded before Flop (didn't bet)
Seat 4: BoyLoc0 (button) folded before Flop (didn't bet)
Seat 5: ibo112008 (small blind) folded before Flop
Seat 6: Christianzt1 (big blind) collected ($15.73)



PokerStars Hand #254740784117:  Hold'em No Limit ($0.50/$1.00 USD) - 2025/02/06 22:18:39 WET [2025/02/06 17:18:39 ET]
Table 'Sakuntala II' 6-max Seat #5 is the button
Seat 1: nikalas22 ($122.57 in chips) 
Seat 2: JUANS2 ($101.50 in chips) 
Seat 3: avstero ($107.02 in chips) 
Seat 4: BoyLoc0 ($100 in chips) 
Seat 5: ibo112008 ($19.12 in chips) 
Seat 6: Christianzt1 ($107.70 in chips) 
Christianzt1: posts small blind $0.50
nikalas22: posts big blind $1
*** HOLE CARDS ***
JUANS2: folds 
avstero: folds 
BoyLoc0: folds 
ibo112008: raises $1 to $2
Christianzt1: folds 
nikalas22: calls $1
*** FLOP *** [3d Qs Th]
nikalas22: checks 
ibo112008: bets $2.14
nikalas22: calls $2.14
*** TURN *** [3d Qs Th] [5h]
nikalas22: checks 
ibo112008: checks 
*** RIVER *** [3d Qs Th 5h] [Jd]
nikalas22: checks 
ibo112008: checks 
*** SHOW DOWN ***
nikalas22: shows [Qd 4d] (a pair of Queens)
ibo112008: mucks hand 
nikalas22 collected $8.34 from pot
*** SUMMARY ***
Total pot $8.78 | Rake $0.44 
Board [3d Qs Th 5h Jd]
Seat 1: nikalas22 (big blind) showed [Qd 4d] and won ($8.34) with a pair of Queens
Seat 2: JUANS2 folded before Flop (didn't bet)
Seat 3: avstero folded before Flop (didn't bet)
Seat 4: BoyLoc0 folded before Flop (didn't bet)
Seat 5: ibo112008 (button) mucked
Seat 6: Christianzt1 (small blind) folded before Flop



PokerStars Hand #254740793437:  Hold'em No Limit ($0.50/$1.00 USD) - 2025/02/06 22:19:12 WET [2025/02/06 17:19:12 ET]
Table 'Sakuntala II' 6-max Seat #6 is the button
Seat 1: nikalas22 ($126.77 in chips) 
Seat 2: JUANS2 ($101.50 in chips) 
Seat 3: avstero ($107.02 in chips) 
Seat 4: BoyLoc0 ($100 in chips) 
Seat 5: ibo112008 ($14.98 in chips) 
Seat 6: Christianzt1 ($107.20 in chips) 
nikalas22: posts small blind $0.50
JUANS2: posts big blind $1
*** HOLE CARDS ***
avstero: folds 
BoyLoc0: folds 
ibo112008: folds 
Christianzt1: folds 
nikalas22: folds 
Uncalled bet ($0.50) returned to JUANS2
JUANS2 collected $1 from pot
JUANS2: doesn't show hand 
*** SUMMARY ***
Total pot $1 | Rake $0 
Seat 1: nikalas22 (small blind) folded before Flop
Seat 2: JUANS2 (big blind) collected ($1)
Seat 3: avstero folded before Flop (didn't bet)
Seat 4: BoyLoc0 folded before Flop (didn't bet)
Seat 5: ibo112008 folded before Flop (didn't bet)
Seat 6: Christianzt1 (button) folded before Flop (didn't bet)



PokerStars Hand #254740796032:  Hold'em No Limit ($0.50/$1.00 USD) - 2025/02/06 22:19:21 WET [2025/02/06 17:19:21 ET]
Table 'Sakuntala II' 6-max Seat #1 is the button
Seat 1: nikalas22 ($126.27 in chips) 
Seat 2: JUANS2 ($102 in chips) 
Seat 3: avstero ($107.02 in chips) 
Seat 4: BoyLoc0 ($100 in chips) 
Seat 5: ibo112008 ($14.98 in chips) 
Seat 6: Christianzt1 ($107.20 in chips) 
JUANS2: posts small blind $0.50
avstero: posts big blind $1
*** HOLE CARDS ***
BoyLoc0: folds 
ibo112008: folds 
Christianzt1: folds 
nikalas22: folds 
JUANS2: raises $2 to $3
avstero: folds 
Uncalled bet ($2) returned to JUANS2
JUANS2 collected $2 from pot
JUANS2: doesn't show hand 
*** SUMMARY ***
Total pot $2 | Rake $0 
Seat 1: nikalas22 (button) folded before Flop (didn't bet)
Seat 2: JUANS2 (small blind) collected ($2)
Seat 3: avstero (big blind) folded before Flop
Seat 4: BoyLoc0 folded before Flop (didn't bet)
Seat 5: ibo112008 folded before Flop (didn't bet)
Seat 6: Christianzt1 folded before Flop (didn't bet)



PokerStars Hand #254740800854:  Hold'em No Limit ($0.50/$1.00 USD) - 2025/02/06 22:19:38 WET [2025/02/06 17:19:38 ET]
Table 'Sakuntala II' 6-max Seat #2 is the button
Seat 1: nikalas22 ($126.27 in chips) 
Seat 2: JUANS2 ($103 in chips) 
Seat 3: avstero ($106.02 in chips) 
Seat 4: BoyLoc0 ($100 in chips) 
Seat 5: ibo112008 ($14.98 in chips) 
Seat 6: Christianzt1 ($107.20 in chips) 
avstero: posts small blind $0.50
BoyLoc0: posts big blind $1
*** HOLE CARDS ***
ibo112008: calls $1
Christianzt1: folds 
nikalas22: folds 
JUANS2: folds 
avstero: calls $0.50
BoyLoc0: checks 
*** FLOP *** [4h 6c 3d]
avstero: checks 
BoyLoc0: checks 
ibo112008: checks 
*** TURN *** [4h 6c 3d] [Jc]
avstero: checks 
BoyLoc0: checks 
ibo112008: bets $1
avstero: folds 
BoyLoc0: folds 
Uncalled bet ($1) returned to ibo112008
ibo112008 collected $2.81 from pot
*** SUMMARY ***
Total pot $3 | Rake $0.19 
Board [4h 6c 3d Jc]
Seat 1: nikalas22 folded before Flop (didn't bet)
Seat 2: JUANS2 (button) folded before Flop (didn't bet)
Seat 3: avstero (small blind) folded on the Turn
Seat 4: BoyLoc0 (big blind) folded on the Turn
Seat 5: ibo112008 collected ($2.81)
Seat 6: Christianzt1 folded before Flop (didn't bet)



PokerStars Hand #254740817356:  Hold'em No Limit ($0.50/$1.00 USD) - 2025/02/06 22:20:36 WET [2025/02/06 17:20:36 ET]
Table 'Sakuntala II' 6-max Seat #3 is the button
Seat 1: nikalas22 ($126.27 in chips) 
Seat 2: JUANS2 ($103 in chips) 
Seat 3: avstero ($105.02 in chips) 
Seat 4: BoyLoc0 ($100 in chips) 
Seat 5: ibo112008 ($16.79 in chips) 
Seat 6: Christianzt1 ($107.20 in chips) 
BoyLoc0: posts small blind $0.50
ibo112008: posts big blind $1
*** HOLE CARDS ***
Christianzt1: folds 
nikalas22: raises $1.20 to $2.20
JUANS2: folds 
avstero: folds 
BoyLoc0: folds 
ibo112008: calls $1.20
*** FLOP *** [3h 5c 7c]
ibo112008: checks 
nikalas22: bets $1.40
ibo112008: calls $1.40
*** TURN *** [3h 5c 7c] [Ad]
ibo112008: checks 
nikalas22: checks 
*** RIVER *** [3h 5c 7c Ad] [2d]
ibo112008: bets $2.66
nikalas22: calls $2.66
*** SHOW DOWN ***
ibo112008: shows [6c Tc] (high card Ace)
nikalas22: shows [9s 9d] (a pair of Nines)
nikalas22 collected $12.37 from pot
*** SUMMARY ***
Total pot $13.02 | Rake $0.65 
Board [3h 5c 7c Ad 2d]
Seat 1: nikalas22 showed [9s 9d] and won ($12.37) with a pair of Nines
Seat 2: JUANS2 folded before Flop (didn't bet)
Seat 3: avstero (button) folded before Flop (didn't bet)
Seat 4: BoyLoc0 (small blind) folded before Flop
Seat 5: ibo112008 (big blind) showed [6c Tc] and lost with high card Ace
Seat 6: Christianzt1 folded before Flop (didn't bet)



PokerStars Hand #254740830955:  Hold'em No Limit ($0.50/$1.00 USD) - 2025/02/06 22:21:24 WET [2025/02/06 17:21:24 ET]
Table 'Sakuntala II' 6-max Seat #4 is the button
Seat 1: nikalas22 ($132.38 in chips) 
Seat 2: JUANS2 ($103 in chips) 
Seat 3: avstero ($105.02 in chips) 
Seat 4: BoyLoc0 ($100 in chips) 
Seat 5: ibo112008 ($10.53 in chips) 
Seat 6: Christianzt1 ($107.20 in chips) 
ibo112008: posts small blind $0.50
Christianzt1: posts big blind $1
*** HOLE CARDS ***
nikalas22: folds 
JUANS2: folds 
avstero: raises $1.20 to $2.20
BoyLoc0: folds 
ibo112008: raises $2.20 to $4.40
Christianzt1: folds 
avstero: calls $2.20
*** FLOP *** [Td Kc 9c]
ibo112008: bets $6.13 and is all-in
avstero: calls $6.13
*** TURN *** [Td Kc 9c] [4d]
*** RIVER *** [Td Kc 9c 4d] [Jh]
*** SHOW DOWN ***
ibo112008: shows [Qd As] (a straight, Ten to Ace)
avstero: shows [Ah Tc] (a pair of Tens)
ibo112008 collected $20.68 from pot
*** SUMMARY ***
Total pot $22.06 | Rake $1.38 
Board [Td Kc 9c 4d Jh]
Seat 1: nikalas22 folded before Flop (didn't bet)
Seat 2: JUANS2 folded before Flop (didn't bet)
Seat 3: avstero showed [Ah Tc] and lost with a pair of Tens
Seat 4: BoyLoc0 (button) folded before Flop (didn't bet)
Seat 5: ibo112008 (small blind) showed [Qd As] and won ($20.68) with a straight, Ten to Ace
Seat 6: Christianzt1 (big blind) folded before Flop



PokerStars Hand #254740846116:  Hold'em No Limit ($0.50/$1.00 USD) - 2025/02/06 22:22:18 WET [2025/02/06 17:22:18 ET]
Table 'Sakuntala II' 6-max Seat #5 is the button
Seat 1: nikalas22 ($132.38 in chips) 
Seat 2: JUANS2 ($103 in chips) 
Seat 3: avstero ($100 in chips) 
Seat 4: BoyLoc0 ($100 in chips) 
Seat 5: ibo112008 ($20.68 in chips) 
Seat 6: Christianzt1 ($106.20 in chips) 
Christianzt1: posts small blind $0.50
nikalas22: posts big blind $1
*** HOLE CARDS ***
JUANS2: folds 
avstero: folds 
BoyLoc0: folds 
ibo112008: calls $1
Christianzt1: folds 
nikalas22: raises $3 to $4
ibo112008: folds 
Uncalled bet ($3) returned to nikalas22
nikalas22 collected $2.50 from pot
nikalas22: doesn't show hand 
*** SUMMARY ***
Total pot $2.50 | Rake $0 
Seat 1: nikalas22 (big blind) collected ($2.50)
Seat 2: JUANS2 folded before Flop (didn't bet)
Seat 3: avstero folded before Flop (didn't bet)
Seat 4: BoyLoc0 folded before Flop (didn't bet)
Seat 5: ibo112008 (button) folded before Flop
Seat 6: Christianzt1 (small blind) folded before Flop



PokerStars Hand #254740852570:  Hold'em No Limit ($0.50/$1.00 USD) - 2025/02/06 22:22:40 WET [2025/02/06 17:22:40 ET]
Table 'Sakuntala II' 6-max Seat #6 is the button
Seat 1: nikalas22 ($133.88 in chips) 
Seat 2: JUANS2 ($103 in chips) 
Seat 3: avstero ($100 in chips) 
Seat 4: BoyLoc0 ($100 in chips) 
Seat 5: ibo112008 ($19.68 in chips) 
Seat 6: Christianzt1 ($105.70 in chips) 
nikalas22: posts small blind $0.50
JUANS2: posts big blind $1
*** HOLE CARDS ***
avstero: folds 
BoyLoc0: folds 
ibo112008: folds 
Christianzt1: raises $1.50 to $2.50
nikalas22: folds 
JUANS2: folds 
Uncalled bet ($1.50) returned to Christianzt1
Christianzt1 collected $2.50 from pot
*** SUMMARY ***
Total pot $2.50 | Rake $0 
Seat 1: nikalas22 (small blind) folded before Flop
Seat 2: JUANS2 (big blind) folded before Flop
Seat 3: avstero folded before Flop (didn't bet)
Seat 4: BoyLoc0 folded before Flop (didn't bet)
Seat 5: ibo112008 folded before Flop (didn't bet)
Seat 6: Christianzt1 (button) collected ($2.50)



PokerStars Hand #254740857687:  Hold'em No Limit ($0.50/$1.00 USD) - 2025/02/06 22:22:59 WET [2025/02/06 17:22:59 ET]
Table 'Sakuntala II' 6-max Seat #1 is the button
Seat 1: nikalas22 ($133.38 in chips) 
Seat 2: JUANS2 ($102 in chips) 
Seat 3: avstero ($100 in chips) 
Seat 4: BoyLoc0 ($100 in chips) 
Seat 5: ibo112008 ($19.68 in chips) 
Seat 6: Christianzt1 ($107.20 in chips) 
JUANS2: posts small blind $0.50
avstero: posts big blind $1
*** HOLE CARDS ***
BoyLoc0: folds 
ibo112008: calls $1
Christianzt1: folds 
nikalas22: raises $3 to $4
JUANS2: folds 
avstero: folds 
ibo112008: raises $15.68 to $19.68 and is all-in
nikalas22: folds 
Uncalled bet ($15.68) returned to ibo112008
ibo112008 collected $9.50 from pot
*** SUMMARY ***
Total pot $9.50 | Rake $0 
Seat 1: nikalas22 (button) folded before Flop
Seat 2: JUANS2 (small blind) folded before Flop
Seat 3: avstero (big blind) folded before Flop
Seat 4: BoyLoc0 folded before Flop (didn't bet)
Seat 5: ibo112008 collected ($9.50)
Seat 6: Christianzt1 folded before Flop (didn't bet)



PokerStars Hand #254740866670:  Hold'em No Limit ($0.50/$1.00 USD) - 2025/02/06 22:23:31 WET [2025/02/06 17:23:31 ET]
Table 'Sakuntala II' 6-max Seat #2 is the button
Seat 1: nikalas22 ($129.38 in chips) 
Seat 2: JUANS2 ($101.50 in chips) 
Seat 3: avstero ($99 in chips) 
Seat 4: BoyLoc0 ($100 in chips) 
Seat 5: ibo112008 ($25.18 in chips) 
Seat 6: Christianzt1 ($107.20 in chips) 
avstero: posts small blind $0.50
BoyLoc0: posts big blind $1
*** HOLE CARDS ***
ibo112008: folds 
Christianzt1: folds 
nikalas22: folds 
JUANS2: folds 
avstero: folds 
Uncalled bet ($0.50) returned to BoyLoc0
BoyLoc0 collected $1 from pot
BoyLoc0: doesn't show hand 
*** SUMMARY ***
Total pot $1 | Rake $0 
Seat 1: nikalas22 folded before Flop (didn't bet)
Seat 2: JUANS2 (button) folded before Flop (didn't bet)
Seat 3: avstero (small blind) folded before Flop
Seat 4: BoyLoc0 (big blind) collected ($1)
Seat 5: ibo112008 folded before Flop (didn't bet)
Seat 6: Christianzt1 folded before Flop (didn't bet)



PokerStars Hand #254740872299:  Hold'em No Limit ($0.50/$1.00 USD) - 2025/02/06 22:23:51 WET [2025/02/06 17:23:51 ET]
Table 'Sakuntala II' 6-max Seat #3 is the button
Seat 1: nikalas22 ($129.38 in chips) 
Seat 2: JUANS2 ($101.50 in chips) 
Seat 3: avstero ($100 in chips) 
Seat 4: BoyLoc0 ($100.50 in chips) 
Seat 5: ibo112008 ($25.18 in chips) 
Seat 6: Christianzt1 ($107.20 in chips) 
BoyLoc0: posts small blind $0.50
ibo112008: posts big blind $1
*** HOLE CARDS ***
Christianzt1: folds 
nikalas22: folds 
JUANS2 has timed out
JUANS2: folds 
avstero: folds 
BoyLoc0: raises $2 to $3
ibo112008: folds 
Uncalled bet ($2) returned to BoyLoc0
BoyLoc0 collected $2 from pot
BoyLoc0: doesn't show hand 
*** SUMMARY ***
Total pot $2 | Rake $0 
Seat 1: nikalas22 folded before Flop (didn't bet)
Seat 2: JUANS2 folded before Flop (didn't bet)
Seat 3: avstero (button) folded before Flop (didn't bet)
Seat 4: BoyLoc0 (small blind) collected ($2)
Seat 5: ibo112008 (big blind) folded before Flop
Seat 6: Christianzt1 folded before Flop (didn't bet)



PokerStars Hand #254740881251:  Hold'em No Limit ($0.50/$1.00 USD) - 2025/02/06 22:24:24 WET [2025/02/06 17:24:24 ET]
Table 'Sakuntala II' 6-max Seat #4 is the button
Seat 1: nikalas22 ($129.38 in chips) 
Seat 2: JUANS2 ($101.50 in chips) 
Seat 3: avstero ($100 in chips) 
Seat 4: BoyLoc0 ($101.50 in chips) 
Seat 5: ibo112008 ($24.18 in chips) 
Seat 6: Christianzt1 ($107.20 in chips) 
ibo112008 is connected 
ibo112008: posts small blind $0.50
Christianzt1: posts big blind $1
*** HOLE CARDS ***
nikalas22: folds 
JUANS2: folds 
avstero: raises $1.20 to $2.20
BoyLoc0: folds 
ibo112008: folds 
Christianzt1: folds 
Uncalled bet ($1.20) returned to avstero
avstero collected $2.50 from pot
avstero: doesn't show hand 
*** SUMMARY ***
Total pot $2.50 | Rake $0 
Seat 1: nikalas22 folded before Flop (didn't bet)
Seat 2: JUANS2 folded before Flop (didn't bet)
Seat 3: avstero collected ($2.50)
Seat 4: BoyLoc0 (button) folded before Flop (didn't bet)
Seat 5: ibo112008 (small blind) folded before Flop
Seat 6: Christianzt1 (big blind) folded before Flop



PokerStars Hand #254740888129:  Hold'em No Limit ($0.50/$1.00 USD) - 2025/02/06 22:24:49 WET [2025/02/06 17:24:49 ET]
Table 'Sakuntala II' 6-max Seat #5 is the button
Seat 1: nikalas22 ($129.38 in chips) 
Seat 2: JUANS2 ($101.50 in chips) 
Seat 3: avstero ($101.50 in chips) 
Seat 4: BoyLoc0 ($101.50 in chips) 
Seat 5: ibo112008 ($23.68 in chips) 
Seat 6: Christianzt1 ($106.20 in chips) 
Christianzt1: posts small blind $0.50
nikalas22: posts big blind $1
*** HOLE CARDS ***
JUANS2: folds 
avstero: folds 
BoyLoc0: raises $1.50 to $2.50
ibo112008: calls $2.50
Christianzt1: folds 
nikalas22: folds 
*** FLOP *** [8d Tc Qs]
BoyLoc0: checks 
ibo112008: checks 
*** TURN *** [8d Tc Qs] [8c]
BoyLoc0: bets $4.64
ibo112008: folds 
Uncalled bet ($4.64) returned to BoyLoc0
BoyLoc0 collected $6.18 from pot
BoyLoc0: doesn't show hand 
*** SUMMARY ***
Total pot $6.50 | Rake $0.32 
Board [8d Tc Qs 8c]
Seat 1: nikalas22 (big blind) folded before Flop
Seat 2: JUANS2 folded before Flop (didn't bet)
Seat 3: avstero folded before Flop (didn't bet)
Seat 4: BoyLoc0 collected ($6.18)
Seat 5: ibo112008 (button) folded on the Turn
Seat 6: Christianzt1 (small blind) folded before Flop



PokerStars Hand #254740898865:  Hold'em No Limit ($0.50/$1.00 USD) - 2025/02/06 22:25:27 WET [2025/02/06 17:25:27 ET]
Table 'Sakuntala II' 6-max Seat #6 is the button
Seat 1: nikalas22 ($128.38 in chips) 
Seat 2: JUANS2 ($101.50 in chips) 
Seat 3: avstero ($101.50 in chips) 
Seat 4: BoyLoc0 ($105.18 in chips) 
Seat 5: ibo112008 ($21.18 in chips) 
Seat 6: Christianzt1 ($105.70 in chips) 
nikalas22: posts small blind $0.50
JUANS2: posts big blind $1
*** HOLE CARDS ***
avstero: folds 
BoyLoc0: raises $1.50 to $2.50
ibo112008: folds 
Christianzt1: folds 
nikalas22: folds 
JUANS2: calls $1.50
*** FLOP *** [Ah 6d 7h]
JUANS2: checks 
BoyLoc0: checks 
*** TURN *** [Ah 6d 7h] [4c]
JUANS2: checks 
BoyLoc0: checks 
*** RIVER *** [Ah 6d 7h 4c] [Kc]
JUANS2: checks 
BoyLoc0: checks 
*** SHOW DOWN ***
JUANS2: shows [Qc Jh] (high card Ace)
BoyLoc0: shows [9c 9h] (a pair of Nines)
BoyLoc0 collected $5.22 from pot
*** SUMMARY ***
Total pot $5.50 | Rake $0.28 
Board [Ah 6d 7h 4c Kc]
Seat 1: nikalas22 (small blind) folded before Flop
Seat 2: JUANS2 (big blind) showed [Qc Jh] and lost with high card Ace
Seat 3: avstero folded before Flop (didn't bet)
Seat 4: BoyLoc0 showed [9c 9h] and won ($5.22) with a pair of Nines
Seat 5: ibo112008 folded before Flop (didn't bet)
Seat 6: Christianzt1 (button) folded before Flop (didn't bet)



PokerStars Hand #254740918099:  Hold'em No Limit ($0.50/$1.00 USD) - 2025/02/06 22:26:36 WET [2025/02/06 17:26:36 ET]
Table 'Sakuntala II' 6-max Seat #1 is the button
Seat 1: nikalas22 ($127.88 in chips) 
Seat 2: JUANS2 ($100 in chips) 
Seat 3: avstero ($101.50 in chips) 
Seat 4: BoyLoc0 ($107.90 in chips) 
Seat 5: ibo112008 ($21.18 in chips) 
Seat 6: Christianzt1 ($105.70 in chips) 
JUANS2: posts small blind $0.50
avstero: posts big blind $1
*** HOLE CARDS ***
BoyLoc0: folds 
ibo112008: folds 
Christianzt1: folds 
nikalas22: folds 
JUANS2: folds 
Uncalled bet ($0.50) returned to avstero
avstero collected $1 from pot
avstero: doesn't show hand 
*** SUMMARY ***
Total pot $1 | Rake $0 
Seat 1: nikalas22 (button) folded before Flop (didn't bet)
Seat 2: JUANS2 (small blind) folded before Flop
Seat 3: avstero (big blind) collected ($1)
Seat 4: BoyLoc0 folded before Flop (didn't bet)
Seat 5: ibo112008 folded before Flop (didn't bet)
Seat 6: Christianzt1 folded before Flop (didn't bet)



PokerStars Hand #254740923048:  Hold'em No Limit ($0.50/$1.00 USD) - 2025/02/06 22:26:55 WET [2025/02/06 17:26:55 ET]
Table 'Sakuntala II' 6-max Seat #2 is the button
Seat 1: nikalas22 ($127.88 in chips) 
Seat 2: JUANS2 ($100 in chips) 
Seat 3: avstero ($102 in chips) 
Seat 4: BoyLoc0 ($107.90 in chips) 
Seat 5: ibo112008 ($21.18 in chips) 
Seat 6: Christianzt1 ($105.70 in chips) 
avstero: posts small blind $0.50
BoyLoc0: posts big blind $1
*** HOLE CARDS ***
ibo112008: folds 
Christianzt1: folds 
nikalas22: folds 
JUANS2: folds 
avstero: raises $1.80 to $2.80
BoyLoc0: folds 
Uncalled bet ($1.80) returned to avstero
avstero collected $2 from pot
avstero: doesn't show hand 
*** SUMMARY ***
Total pot $2 | Rake $0 
Seat 1: nikalas22 folded before Flop (didn't bet)
Seat 2: JUANS2 (button) folded before Flop (didn't bet)
Seat 3: avstero (small blind) collected ($2)
Seat 4: BoyLoc0 (big blind) folded before Flop
Seat 5: ibo112008 folded before Flop (didn't bet)
Seat 6: Christianzt1 folded before Flop (didn't bet)



PokerStars Hand #254740927882:  Hold'em No Limit ($0.50/$1.00 USD) - 2025/02/06 22:27:12 WET [2025/02/06 17:27:12 ET]
Table 'Sakuntala II' 6-max Seat #3 is the button
Seat 1: nikalas22 ($127.88 in chips) 
Seat 2: JUANS2 ($100 in chips) 
Seat 3: avstero ($103 in chips) 
Seat 4: BoyLoc0 ($106.90 in chips) 
Seat 5: ibo112008 ($21.18 in chips) 
Seat 6: Christianzt1 ($105.70 in chips) 
BoyLoc0: posts small blind $0.50
ibo112008: posts big blind $1
*** HOLE CARDS ***
Christianzt1: raises $1 to $2
nikalas22: folds 
JUANS2: folds 
avstero: folds 
BoyLoc0: folds 
ibo112008: folds 
Uncalled bet ($1) returned to Christianzt1
Christianzt1 collected $2.50 from pot
*** SUMMARY ***
Total pot $2.50 | Rake $0 
Seat 1: nikalas22 folded before Flop (didn't bet)
Seat 2: JUANS2 folded before Flop (didn't bet)
Seat 3: avstero (button) folded before Flop (didn't bet)
Seat 4: BoyLoc0 (small blind) folded before Flop
Seat 5: ibo112008 (big blind) folded before Flop
Seat 6: Christianzt1 collected ($2.50)



PokerStars Hand #254740934761:  Hold'em No Limit ($0.50/$1.00 USD) - 2025/02/06 22:27:37 WET [2025/02/06 17:27:37 ET]
Table 'Sakuntala II' 6-max Seat #4 is the button
Seat 1: nikalas22 ($127.88 in chips) 
Seat 2: JUANS2 ($100 in chips) 
Seat 3: avstero ($103 in chips) 
Seat 4: BoyLoc0 ($106.40 in chips) 
Seat 5: ibo112008 ($20.18 in chips) 
Seat 6: Christianzt1 ($107.20 in chips) 
ibo112008: posts small blind $0.50
Christianzt1: posts big blind $1
*** HOLE CARDS ***
nikalas22: folds 
JUANS2: folds 
avstero: folds 
BoyLoc0: folds 
ibo112008: calls $0.50
Christianzt1: checks 
*** FLOP *** [4s 9h 8d]
ibo112008: bets $1
Christianzt1: calls $1
*** TURN *** [4s 9h 8d] [Ah]
ibo112008: bets $1.90
Christianzt1: calls $1.90
*** RIVER *** [4s 9h 8d Ah] [5d]
ibo112008: checks 
Christianzt1: checks 
*** SHOW DOWN ***
ibo112008: shows [Jh Qh] (high card Ace)
Christianzt1: shows [2d As] (a pair of Aces)
Christianzt1 collected $7.41 from pot
*** SUMMARY ***
Total pot $7.80 | Rake $0.39 
Board [4s 9h 8d Ah 5d]
Seat 1: nikalas22 folded before Flop (didn't bet)
Seat 2: JUANS2 folded before Flop (didn't bet)
Seat 3: avstero folded before Flop (didn't bet)
Seat 4: BoyLoc0 (button) folded before Flop (didn't bet)
Seat 5: ibo112008 (small blind) showed [Jh Qh] and lost with high card Ace
Seat 6: Christianzt1 (big blind) showed [2d As] and won ($7.41) with a pair of Aces



PokerStars Hand #254740951980:  Hold'em No Limit ($0.50/$1.00 USD) - 2025/02/06 22:28:40 WET [2025/02/06 17:28:40 ET]
Table 'Sakuntala II' 6-max Seat #5 is the button
Seat 1: nikalas22 ($127.88 in chips) 
Seat 2: JUANS2 ($100 in chips) 
Seat 3: avstero ($103 in chips) 
Seat 4: BoyLoc0 ($106.40 in chips) 
Seat 5: ibo112008 ($16.28 in chips) 
Seat 6: Christianzt1 ($110.71 in chips) 
Christianzt1: posts small blind $0.50
nikalas22: posts big blind $1
*** HOLE CARDS ***
JUANS2: folds 
avstero: folds 
BoyLoc0: raises $1.50 to $2.50
ibo112008: folds 
Christianzt1: folds 
nikalas22: folds 
Uncalled bet ($1.50) returned to BoyLoc0
BoyLoc0 collected $2.50 from pot
BoyLoc0: doesn't show hand 
*** SUMMARY ***
Total pot $2.50 | Rake $0 
Seat 1: nikalas22 (big blind) folded before Flop
Seat 2: JUANS2 folded before Flop (didn't bet)
Seat 3: avstero folded before Flop (didn't bet)
Seat 4: BoyLoc0 collected ($2.50)
Seat 5: ibo112008 (button) folded before Flop (didn't bet)
Seat 6: Christianzt1 (small blind) folded before Flop



PokerStars Hand #254740956981:  Hold'em No Limit ($0.50/$1.00 USD) - 2025/02/06 22:28:58 WET [2025/02/06 17:28:58 ET]
Table 'Sakuntala II' 6-max Seat #6 is the button
Seat 1: nikalas22 ($126.88 in chips) 
Seat 2: JUANS2 ($100 in chips) 
Seat 3: avstero ($103 in chips) 
Seat 4: BoyLoc0 ($107.90 in chips) 
Seat 5: ibo112008 ($16.28 in chips) 
Seat 6: Christianzt1 ($110.21 in chips) 
nikalas22: posts small blind $0.50
JUANS2: posts big blind $1
*** HOLE CARDS ***
avstero: folds 
BoyLoc0: folds 
ibo112008: folds 
Christianzt1: folds 
nikalas22: folds 
Uncalled bet ($0.50) returned to JUANS2
JUANS2 collected $1 from pot
JUANS2: doesn't show hand 
*** SUMMARY ***
Total pot $1 | Rake $0 
Seat 1: nikalas22 (small blind) folded before Flop
Seat 2: JUANS2 (big blind) collected ($1)
Seat 3: avstero folded before Flop (didn't bet)
Seat 4: BoyLoc0 folded before Flop (didn't bet)
Seat 5: ibo112008 folded before Flop (didn't bet)
Seat 6: Christianzt1 (button) folded before Flop (didn't bet)



PokerStars Hand #254740965867:  Hold'em No Limit ($0.50/$1.00 USD) - 2025/02/06 22:29:30 WET [2025/02/06 17:29:30 ET]
Table 'Sakuntala II' 6-max Seat #1 is the button
Seat 1: nikalas22 ($126.38 in chips) 
Seat 2: JUANS2 ($100.50 in chips) 
Seat 3: avstero ($103 in chips) 
Seat 4: BoyLoc0 ($107.90 in chips) 
Seat 5: ibo112008 ($16.28 in chips) 
Seat 6: Christianzt1 ($110.21 in chips) 
JUANS2: posts small blind $0.50
avstero: posts big blind $1
*** HOLE CARDS ***
BoyLoc0: folds 
ibo112008: folds 
Christianzt1: folds 
nikalas22: folds 
JUANS2: raises $2 to $3
avstero: calls $2
*** FLOP *** [2s 3s 2c]
JUANS2: bets $2.85
avstero: folds 
Uncalled bet ($2.85) returned to JUANS2
JUANS2 collected $5.70 from pot
JUANS2: doesn't show hand 
*** SUMMARY ***
Total pot $6 | Rake $0.30 
Board [2s 3s 2c]
Seat 1: nikalas22 (button) folded before Flop (didn't bet)
Seat 2: JUANS2 (small blind) collected ($5.70)
Seat 3: avstero (big blind) folded on the Flop
Seat 4: BoyLoc0 folded before Flop (didn't bet)
Seat 5: ibo112008 folded before Flop (didn't bet)
Seat 6: Christianzt1 folded before Flop (didn't bet)



PokerStars Hand #254740978460:  Hold'em No Limit ($0.50/$1.00 USD) - 2025/02/06 22:30:16 WET [2025/02/06 17:30:16 ET]
Table 'Sakuntala II' 6-max Seat #2 is the button
Seat 1: nikalas22 ($126.38 in chips) 
Seat 2: JUANS2 ($103.20 in chips) 
Seat 3: avstero ($100 in chips) 
Seat 4: BoyLoc0 ($107.90 in chips) 
Seat 5: ibo112008 ($16.28 in chips) 
Seat 6: Christianzt1 ($110.21 in chips) 
avstero: posts small blind $0.50
BoyLoc0: posts big blind $1
*** HOLE CARDS ***
ibo112008: raises $1 to $2
Christianzt1: folds 
nikalas22: folds 
JUANS2: folds 
avstero: folds 
BoyLoc0: folds 
Uncalled bet ($1) returned to ibo112008
ibo112008 collected $2.50 from pot
*** SUMMARY ***
Total pot $2.50 | Rake $0 
Seat 1: nikalas22 folded before Flop (didn't bet)
Seat 2: JUANS2 (button) folded before Flop (didn't bet)
Seat 3: avstero (small blind) folded before Flop
Seat 4: BoyLoc0 (big blind) folded before Flop
Seat 5: ibo112008 collected ($2.50)
Seat 6: Christianzt1 folded before Flop (didn't bet)



PokerStars Hand #254740984392:  Hold'em No Limit ($0.50/$1.00 USD) - 2025/02/06 22:30:37 WET [2025/02/06 17:30:37 ET]
Table 'Sakuntala II' 6-max Seat #3 is the button
Seat 1: nikalas22 ($126.38 in chips) 
Seat 2: JUANS2 ($103.20 in chips) 
Seat 3: avstero ($99.50 in chips) 
Seat 4: BoyLoc0 ($106.90 in chips) 
Seat 5: ibo112008 ($17.78 in chips) 
Seat 6: Christianzt1 ($110.21 in chips) 
BoyLoc0: posts small blind $0.50
ibo112008: posts big blind $1
*** HOLE CARDS ***
Christianzt1: folds 
nikalas22: raises $1.20 to $2.20
JUANS2: folds 
avstero: folds 
BoyLoc0: folds 
ibo112008: calls $1.20
*** FLOP *** [9c 4c 3h]
ibo112008: checks 
nikalas22: bets $1.40
ibo112008: folds 
Uncalled bet ($1.40) returned to nikalas22
nikalas22 collected $4.66 from pot
nikalas22: doesn't show hand 
*** SUMMARY ***
Total pot $4.90 | Rake $0.24 
Board [9c 4c 3h]
Seat 1: nikalas22 collected ($4.66)
Seat 2: JUANS2 folded before Flop (didn't bet)
Seat 3: avstero (button) folded before Flop (didn't bet)
Seat 4: BoyLoc0 (small blind) folded before Flop
Seat 5: ibo112008 (big blind) folded on the Flop
Seat 6: Christianzt1 folded before Flop (didn't bet)



PokerStars Hand #254740991425:  Hold'em No Limit ($0.50/$1.00 USD) - 2025/02/06 22:31:03 WET [2025/02/06 17:31:03 ET]
Table 'Sakuntala II' 6-max Seat #4 is the button
Seat 1: nikalas22 ($128.84 in chips) 
Seat 2: JUANS2 ($103.20 in chips) 
Seat 3: avstero ($99.50 in chips) 
Seat 4: BoyLoc0 ($106.40 in chips) 
Seat 5: ibo112008 ($15.58 in chips) 
Seat 6: Christianzt1 ($110.21 in chips) 
ibo112008: posts small blind $0.50
Christianzt1: posts big blind $1
*** HOLE CARDS ***
nikalas22: folds 
JUANS2: folds 
avstero: folds 
BoyLoc0: folds 
ibo112008: calls $0.50
Christianzt1: checks 
*** FLOP *** [2h Ks 3d]
ibo112008: checks 
Christianzt1: checks 
*** TURN *** [2h Ks 3d] [5s]
ibo112008: bets $1
Christianzt1: raises $14 to $15
ibo112008: folds 
Uncalled bet ($14) returned to Christianzt1
Christianzt1 collected $3.80 from pot
*** SUMMARY ***
Total pot $4 | Rake $0.20 
Board [2h Ks 3d 5s]
Seat 1: nikalas22 folded before Flop (didn't bet)
Seat 2: JUANS2 folded before Flop (didn't bet)
Seat 3: avstero folded before Flop (didn't bet)
Seat 4: BoyLoc0 (button) folded before Flop (didn't bet)
Seat 5: ibo112008 (small blind) folded on the Turn
Seat 6: Christianzt1 (big blind) collected ($3.80)



PokerStars Hand #254741004091:  Hold'em No Limit ($0.50/$1.00 USD) - 2025/02/06 22:31:48 WET [2025/02/06 17:31:48 ET]
Table 'Sakuntala II' 6-max Seat #5 is the button
Seat 1: nikalas22 ($128.84 in chips) 
Seat 2: JUANS2 ($103.20 in chips) 
Seat 3: avstero ($99.50 in chips) 
Seat 4: BoyLoc0 ($106.40 in chips) 
Seat 5: ibo112008 ($13.58 in chips) 
Seat 6: Christianzt1 ($112.01 in chips) 
Christianzt1: posts small blind $0.50
nikalas22: posts big blind $1
*** HOLE CARDS ***
JUANS2: raises $1.50 to $2.50
avstero: folds 
BoyLoc0: folds 
ibo112008: folds 
Christianzt1: folds 
nikalas22: folds 
Uncalled bet ($1.50) returned to JUANS2
JUANS2 collected $2.50 from pot
JUANS2: doesn't show hand 
*** SUMMARY ***
Total pot $2.50 | Rake $0 
Seat 1: nikalas22 (big blind) folded before Flop
Seat 2: JUANS2 collected ($2.50)
Seat 3: avstero folded before Flop (didn't bet)
Seat 4: BoyLoc0 folded before Flop (didn't bet)
Seat 5: ibo112008 (button) folded before Flop (didn't bet)
Seat 6: Christianzt1 (small blind) folded before Flop



PokerStars Hand #254741011127:  Hold'em No Limit ($0.50/$1.00 USD) - 2025/02/06 22:32:14 WET [2025/02/06 17:32:14 ET]
Table 'Sakuntala II' 6-max Seat #6 is the button
Seat 1: nikalas22 ($127.84 in chips) 
Seat 2: JUANS2 ($104.70 in chips) 
Seat 3: avstero ($99.50 in chips) 
Seat 4: BoyLoc0 ($106.40 in chips) 
Seat 5: ibo112008 ($13.58 in chips) 
Seat 6: Christianzt1 ($111.51 in chips) 
nikalas22: posts small blind $0.50
JUANS2: posts big blind $1
*** HOLE CARDS ***
avstero: folds 
BoyLoc0: folds 
ibo112008: folds 
Christianzt1: folds 
nikalas22: folds 
Uncalled bet ($0.50) returned to JUANS2
JUANS2 collected $1 from pot
JUANS2: doesn't show hand 
*** SUMMARY ***
Total pot $1 | Rake $0 
Seat 1: nikalas22 (small blind) folded before Flop
Seat 2: JUANS2 (big blind) collected ($1)
Seat 3: avstero folded before Flop (didn't bet)
Seat 4: BoyLoc0 folded before Flop (didn't bet)
Seat 5: ibo112008 folded before Flop (didn't bet)
Seat 6: Christianzt1 (button) folded before Flop (didn't bet)



PokerStars Hand #254741014818:  Hold'em No Limit ($0.50/$1.00 USD) - 2025/02/06 22:32:27 WET [2025/02/06 17:32:27 ET]
Table 'Sakuntala II' 6-max Seat #1 is the button
Seat 1: nikalas22 ($127.34 in chips) 
Seat 2: JUANS2 ($105.20 in chips) 
Seat 3: avstero ($99.50 in chips) 
Seat 4: BoyLoc0 ($106.40 in chips) 
Seat 5: ibo112008 ($13.58 in chips) 
Seat 6: Christianzt1 ($111.51 in chips) 
JUANS2: posts small blind $0.50
avstero: posts big blind $1
*** HOLE CARDS ***
BoyLoc0: folds 
ibo112008: folds 
Christianzt1: folds 
nikalas22: raises $1.20 to $2.20
JUANS2: folds 
avstero: raises $9 to $11.20
nikalas22: folds 
Uncalled bet ($9) returned to avstero
avstero collected $4.90 from pot
avstero: doesn't show hand 
*** SUMMARY ***
Total pot $4.90 | Rake $0 
Seat 1: nikalas22 (button) folded before Flop
Seat 2: JUANS2 (small blind) folded before Flop
Seat 3: avstero (big blind) collected ($4.90)
Seat 4: BoyLoc0 folded before Flop (didn't bet)
Seat 5: ibo112008 folded before Flop (didn't bet)
Seat 6: Christianzt1 folded before Flop (didn't bet)



PokerStars Hand #254741023930:  Hold'em No Limit ($0.50/$1.00 USD) - 2025/02/06 22:32:59 WET [2025/02/06 17:32:59 ET]
Table 'Sakuntala II' 6-max Seat #2 is the button
Seat 1: nikalas22 ($125.14 in chips) 
Seat 2: JUANS2 ($104.70 in chips) 
Seat 3: avstero ($102.20 in chips) 
Seat 4: BoyLoc0 ($106.40 in chips) 
Seat 5: ibo112008 ($13.58 in chips) 
Seat 6: Christianzt1 ($111.51 in chips) 
avstero: posts small blind $0.50
BoyLoc0: posts big blind $1
*** HOLE CARDS ***
ibo112008: calls $1
Christianzt1: calls $1
nikalas22: raises $4 to $5
JUANS2: folds 
avstero: folds 
BoyLoc0: folds 
ibo112008: raises $8.58 to $13.58 and is all-in
Christianzt1: folds 
nikalas22: calls $8.58
*** FLOP *** [Kc 3d Ad]
*** TURN *** [Kc 3d Ad] [2s]
*** RIVER *** [Kc 3d Ad 2s] [Td]
*** SHOW DOWN ***
ibo112008: shows [Ac 9c] (a pair of Aces)
nikalas22: shows [Js Jd] (a pair of Jacks)
ibo112008 collected $27.81 from pot
*** SUMMARY ***
Total pot $29.66 | Rake $1.85 
Board [Kc 3d Ad 2s Td]
Seat 1: nikalas22 showed [Js Jd] and lost with a pair of Jacks
Seat 2: JUANS2 (button) folded before Flop (didn't bet)
Seat 3: avstero (small blind) folded before Flop
Seat 4: BoyLoc0 (big blind) folded before Flop
Seat 5: ibo112008 showed [Ac 9c] and won ($27.81) with a pair of Aces
Seat 6: Christianzt1 folded before Flop



PokerStars Hand #254741038271:  Hold'em No Limit ($0.50/$1.00 USD) - 2025/02/06 22:33:51 WET [2025/02/06 17:33:51 ET]
Table 'Sakuntala II' 6-max Seat #3 is the button
Seat 1: nikalas22 ($111.56 in chips) 
Seat 2: JUANS2 ($104.70 in chips) 
Seat 3: avstero ($101.70 in chips) 
Seat 4: BoyLoc0 ($105.40 in chips) 
Seat 5: ibo112008 ($27.81 in chips) 
Seat 6: Christianzt1 ($110.51 in chips) 
BoyLoc0: posts small blind $0.50
ibo112008: posts big blind $1
*** HOLE CARDS ***
Christianzt1: raises $1 to $2
nikalas22: folds 
JUANS2: folds 
avstero: calls $2
BoyLoc0: folds 
ibo112008: calls $1
*** FLOP *** [5d 3c Qd]
ibo112008: checks 
Christianzt1: checks 
avstero: checks 
*** TURN *** [5d 3c Qd] [5c]
ibo112008: bets $2.09
Christianzt1: folds 
avstero: calls $2.09
*** RIVER *** [5d 3c Qd 5c] [6h]
ibo112008: checks 
avstero: checks 
*** SHOW DOWN ***
ibo112008: shows [8h 8s] (two pair, Eights and Fives)
avstero: mucks hand 
ibo112008 collected $10.02 from pot
*** SUMMARY ***
Total pot $10.68 | Rake $0.66 
Board [5d 3c Qd 5c 6h]
Seat 1: nikalas22 folded before Flop (didn't bet)
Seat 2: JUANS2 folded before Flop (didn't bet)
Seat 3: avstero (button) mucked
Seat 4: BoyLoc0 (small blind) folded before Flop
Seat 5: ibo112008 (big blind) showed [8h 8s] and won ($10.02) with two pair, Eights and Fives
Seat 6: Christianzt1 folded on the Turn



PokerStars Hand #254741059546:  Hold'em No Limit ($0.50/$1.00 USD) - 2025/02/06 22:35:09 WET [2025/02/06 17:35:09 ET]
Table 'Sakuntala II' 6-max Seat #4 is the button
Seat 1: nikalas22 ($111.56 in chips) 
Seat 2: JUANS2 ($104.70 in chips) 
Seat 3: avstero ($100 in chips) 
Seat 4: BoyLoc0 ($104.90 in chips) 
Seat 5: ibo112008 ($33.74 in chips) 
Seat 6: Christianzt1 ($108.51 in chips) 
ibo112008: posts small blind $0.50
Christianzt1: posts big blind $1
*** HOLE CARDS ***
nikalas22: folds 
JUANS2: folds 
avstero: folds 
BoyLoc0: folds 
ibo112008: calls $0.50
Christianzt1: checks 
*** FLOP *** [9c 4s 3h]
ibo112008: checks 
Christianzt1: bets $1.50
ibo112008: folds 
Uncalled bet ($1.50) returned to Christianzt1
Christianzt1 collected $1.90 from pot
*** SUMMARY ***
Total pot $2 | Rake $0.10 
Board [9c 4s 3h]
Seat 1: nikalas22 folded before Flop (didn't bet)
Seat 2: JUANS2 folded before Flop (didn't bet)
Seat 3: avstero folded before Flop (didn't bet)
Seat 4: BoyLoc0 (button) folded before Flop (didn't bet)
Seat 5: ibo112008 (small blind) folded on the Flop
Seat 6: Christianzt1 (big blind) collected ($1.90)



PokerStars Hand #254741068559:  Hold'em No Limit ($0.50/$1.00 USD) - 2025/02/06 22:35:41 WET [2025/02/06 17:35:41 ET]
Table 'Sakuntala II' 6-max Seat #5 is the button
Seat 1: nikalas22 ($111.56 in chips) 
Seat 2: JUANS2 ($104.70 in chips) 
Seat 3: avstero ($100 in chips) 
Seat 4: BoyLoc0 ($104.90 in chips) 
Seat 5: ibo112008 ($32.74 in chips) 
Seat 6: Christianzt1 ($109.41 in chips) 
Christianzt1: posts small blind $0.50
nikalas22: posts big blind $1
*** HOLE CARDS ***
JUANS2: raises $1.50 to $2.50
avstero: folds 
BoyLoc0: folds 
ibo112008: folds 
Christianzt1: folds 
nikalas22: folds 
Uncalled bet ($1.50) returned to JUANS2
JUANS2 collected $2.50 from pot
JUANS2: doesn't show hand 
*** SUMMARY ***
Total pot $2.50 | Rake $0 
Seat 1: nikalas22 (big blind) folded before Flop
Seat 2: JUANS2 collected ($2.50)
Seat 3: avstero folded before Flop (didn't bet)
Seat 4: BoyLoc0 folded before Flop (didn't bet)
Seat 5: ibo112008 (button) folded before Flop (didn't bet)
Seat 6: Christianzt1 (small blind) folded before Flop



PokerStars Hand #254741075267:  Hold'em No Limit ($0.50/$1.00 USD) - 2025/02/06 22:36:05 WET [2025/02/06 17:36:05 ET]
Table 'Sakuntala II' 6-max Seat #6 is the button
Seat 1: nikalas22 ($110.56 in chips) 
Seat 2: JUANS2 ($106.20 in chips) 
Seat 3: avstero ($100 in chips) 
Seat 4: BoyLoc0 ($104.90 in chips) 
Seat 5: ibo112008 ($32.74 in chips) 
Seat 6: Christianzt1 ($108.91 in chips) 
nikalas22: posts small blind $0.50
JUANS2: posts big blind $1
*** HOLE CARDS ***
avstero: folds 
BoyLoc0: folds 
ibo112008: folds 
Christianzt1: raises $1.50 to $2.50
nikalas22: folds 
JUANS2: folds 
Uncalled bet ($1.50) returned to Christianzt1
Christianzt1 collected $2.50 from pot
*** SUMMARY ***
Total pot $2.50 | Rake $0 
Seat 1: nikalas22 (small blind) folded before Flop
Seat 2: JUANS2 (big blind) folded before Flop
Seat 3: avstero folded before Flop (didn't bet)
Seat 4: BoyLoc0 folded before Flop (didn't bet)
Seat 5: ibo112008 folded before Flop (didn't bet)
Seat 6: Christianzt1 (button) collected ($2.50)



PokerStars Hand #254741082612:  Hold'em No Limit ($0.50/$1.00 USD) - 2025/02/06 22:36:31 WET [2025/02/06 17:36:31 ET]
Table 'Sakuntala II' 6-max Seat #1 is the button
Seat 1: nikalas22 ($110.06 in chips) 
Seat 2: JUANS2 ($105.20 in chips) 
Seat 3: avstero ($100 in chips) 
Seat 4: BoyLoc0 ($104.90 in chips) 
Seat 5: ibo112008 ($32.74 in chips) 
Seat 6: Christianzt1 ($110.41 in chips) 
JUANS2: posts small blind $0.50
avstero: posts big blind $1
*** HOLE CARDS ***
BoyLoc0: folds 
ibo112008: calls $1
Christianzt1: folds 
nikalas22: folds 
JUANS2: folds 
avstero: checks 
*** FLOP *** [As 5d 6d]
avstero: checks 
ibo112008: checks 
*** TURN *** [As 5d 6d] [7s]
avstero: checks 
ibo112008: checks 
*** RIVER *** [As 5d 6d 7s] [Th]
avstero: bets $1.33
ibo112008: calls $1.33
*** SHOW DOWN ***
avstero: shows [Td 8h] (a pair of Tens)
ibo112008: shows [Js Tc] (a pair of Tens - Ace+Jack kicker)
ibo112008 collected $4.84 from pot
*** SUMMARY ***
Total pot $5.16 | Rake $0.32 
Board [As 5d 6d 7s Th]
Seat 1: nikalas22 (button) folded before Flop (didn't bet)
Seat 2: JUANS2 (small blind) folded before Flop
Seat 3: avstero (big blind) showed [Td 8h] and lost with a pair of Tens
Seat 4: BoyLoc0 folded before Flop (didn't bet)
Seat 5: ibo112008 showed [Js Tc] and won ($4.84) with a pair of Tens
Seat 6: Christianzt1 folded before Flop (didn't bet)



PokerStars Hand #254741192409:  Hold'em No Limit ($0.50/$1.00 USD) - 2025/02/06 22:43:13 WET [2025/02/06 17:43:13 ET]
Table 'Sakuntala II' 6-max Seat #6 is the button
Seat 1: BGS013 ($100 in chips) is sitting out
Seat 2: JUANS2 ($103.70 in chips) 
Seat 3: avstero ($103.20 in chips) 
Seat 4: BoyLoc0 ($103.40 in chips) 
Seat 5: ibo112008 ($31.95 in chips) 
Seat 6: Christianzt1 ($115.99 in chips) 
JUANS2: posts small blind $0.50
avstero: posts big blind $1
*** HOLE CARDS ***
BoyLoc0: folds 
ibo112008: calls $1
Christianzt1: folds 
JUANS2: calls $0.50
avstero: checks 
*** FLOP *** [9c Qd 9h]
JUANS2: checks 
avstero: checks 
ibo112008: checks 
*** TURN *** [9c Qd 9h] [Js]
JUANS2: checks 
avstero: checks 
ibo112008: checks 
*** RIVER *** [9c Qd 9h Js] [6d]
JUANS2: bets $3.99
avstero: calls $3.99
ibo112008: folds 
*** SHOW DOWN ***
JUANS2: shows [Ad 2h] (a pair of Nines)
avstero: shows [Jd 3s] (two pair, Jacks and Nines)
avstero collected $10.43 from pot
*** SUMMARY ***
Total pot $10.98 | Rake $0.55 
Board [9c Qd 9h Js 6d]
Seat 1: BGS013
Seat 2: JUANS2 (small blind) showed [Ad 2h] and lost with a pair of Nines
Seat 3: avstero (big blind) showed [Jd 3s] and won ($10.43) with two pair, Jacks and Nines
Seat 4: BoyLoc0 folded before Flop (didn't bet)
Seat 5: ibo112008 folded on the River
Seat 6: Christianzt1 (button) folded before Flop (didn't bet)



PokerStars Hand #254741213200:  Hold'em No Limit ($0.50/$1.00 USD) - 2025/02/06 22:44:30 WET [2025/02/06 17:44:30 ET]
Table 'Sakuntala II' 6-max Seat #2 is the button
Seat 1: BGS013 ($100 in chips) is sitting out
Seat 2: JUANS2 ($100 in chips) 
Seat 3: avstero ($108.64 in chips) 
Seat 4: BoyLoc0 ($103.40 in chips) 
Seat 5: ibo112008 ($30.95 in chips) 
Seat 6: Christianzt1 ($115.99 in chips) 
avstero: posts small blind $0.50
BoyLoc0: posts big blind $1
BGS013: sits out 
*** HOLE CARDS ***
ibo112008: folds 
Christianzt1: raises $1.30 to $2.30
JUANS2: folds 
avstero: folds 
BoyLoc0: folds 
Uncalled bet ($1.30) returned to Christianzt1
Christianzt1 collected $2.50 from pot
*** SUMMARY ***
Total pot $2.50 | Rake $0 
Seat 1: BGS013
Seat 2: JUANS2 (button) folded before Flop (didn't bet)
Seat 3: avstero (small blind) folded before Flop
Seat 4: BoyLoc0 (big blind) folded before Flop
Seat 5: ibo112008 folded before Flop (didn't bet)
Seat 6: Christianzt1 collected ($2.50)



PokerStars Hand #254741218236:  Hold'em No Limit ($0.50/$1.00 USD) - 2025/02/06 22:44:48 WET [2025/02/06 17:44:48 ET]
Table 'Sakuntala II' 6-max Seat #3 is the button
Seat 1: BGS013 ($100 in chips) is sitting out
Seat 2: JUANS2 ($100 in chips) 
Seat 3: avstero ($108.14 in chips) 
Seat 4: BoyLoc0 ($102.40 in chips) 
Seat 5: ibo112008 ($30.95 in chips) 
Seat 6: Christianzt1 ($117.49 in chips) 
BoyLoc0: posts small blind $0.50
ibo112008: posts big blind $1
BGS013: sits out 
*** HOLE CARDS ***
Christianzt1: raises $1 to $2
JUANS2: folds 
avstero: folds 
BoyLoc0: folds 
ibo112008: calls $1
*** FLOP *** [3h 4h 6d]
ibo112008: checks 
Christianzt1: checks 
*** TURN *** [3h 4h 6d] [9s]
ibo112008: bets $2.14
Christianzt1: calls $2.14
*** RIVER *** [3h 4h 6d 9s] [8h]
ibo112008: checks 
Christianzt1: bets $3
ibo112008: raises $23.81 to $26.81 and is all-in
Christianzt1: folds 
Uncalled bet ($23.81) returned to ibo112008
ibo112008 collected $13.86 from pot
*** SUMMARY ***
Total pot $14.78 | Rake $0.92 
Board [3h 4h 6d 9s 8h]
Seat 1: BGS013
Seat 2: JUANS2 folded before Flop (didn't bet)
Seat 3: avstero (button) folded before Flop (didn't bet)
Seat 4: BoyLoc0 (small blind) folded before Flop
Seat 5: ibo112008 (big blind) collected ($13.86)
Seat 6: Christianzt1 folded on the River



PokerStars Hand #254741234572:  Hold'em No Limit ($0.50/$1.00 USD) - 2025/02/06 22:45:48 WET [2025/02/06 17:45:48 ET]
Table 'Sakuntala II' 6-max Seat #4 is the button
Seat 1: BGS013 ($100 in chips) is sitting out
Seat 2: JUANS2 ($100 in chips) 
Seat 3: avstero ($108.14 in chips) 
Seat 4: BoyLoc0 ($101.90 in chips) 
Seat 5: ibo112008 ($37.67 in chips) 
Seat 6: Christianzt1 ($110.35 in chips) 
ibo112008: posts small blind $0.50
Christianzt1: posts big blind $1
BGS013: sits out 
*** HOLE CARDS ***
JUANS2: folds 
avstero: raises $1.20 to $2.20
BoyLoc0: folds 
ibo112008: calls $1.70
Christianzt1: raises $10.80 to $13
avstero: folds 
ibo112008: folds 
Uncalled bet ($10.80) returned to Christianzt1
Christianzt1 collected $6.60 from pot
*** SUMMARY ***
Total pot $6.60 | Rake $0 
Seat 1: BGS013
Seat 2: JUANS2 folded before Flop (didn't bet)
Seat 3: avstero folded before Flop
Seat 4: BoyLoc0 (button) folded before Flop (didn't bet)
Seat 5: ibo112008 (small blind) folded before Flop
Seat 6: Christianzt1 (big blind) collected ($6.60)



PokerStars Hand #254741244679:  Hold'em No Limit ($0.50/$1.00 USD) - 2025/02/06 22:46:26 WET [2025/02/06 17:46:26 ET]
Table 'Sakuntala II' 6-max Seat #5 is the button
Seat 1: BGS013 ($100 in chips) 
Seat 2: JUANS2 ($100 in chips) 
Seat 3: avstero ($105.94 in chips) 
Seat 4: BoyLoc0 ($101.90 in chips) 
Seat 5: ibo112008 ($35.47 in chips) 
Seat 6: Christianzt1 ($114.75 in chips) 
Christianzt1: posts small blind $0.50
BGS013: posts big blind $1
*** HOLE CARDS ***
JUANS2: raises $1.50 to $2.50
avstero: folds 
BoyLoc0: raises $5 to $7.50
ibo112008: folds 
Christianzt1: folds 
BGS013: folds 
JUANS2: folds 
Uncalled bet ($5) returned to BoyLoc0
BoyLoc0 collected $6.50 from pot
BoyLoc0: doesn't show hand 
*** SUMMARY ***
Total pot $6.50 | Rake $0 
Seat 1: BGS013 (big blind) folded before Flop
Seat 2: JUANS2 folded before Flop
Seat 3: avstero folded before Flop (didn't bet)
Seat 4: BoyLoc0 collected ($6.50)
Seat 5: ibo112008 (button) folded before Flop (didn't bet)
Seat 6: Christianzt1 (small blind) folded before Flop



PokerStars Hand #254741249956:  Hold'em No Limit ($0.50/$1.00 USD) - 2025/02/06 22:46:45 WET [2025/02/06 17:46:45 ET]
Table 'Sakuntala II' 6-max Seat #6 is the button
Seat 1: BGS013 ($100 in chips) 
Seat 2: JUANS2 ($100 in chips) 
Seat 3: avstero ($105.94 in chips) 
Seat 4: BoyLoc0 ($105.90 in chips) 
Seat 5: ibo112008 ($35.47 in chips) 
Seat 6: Christianzt1 ($114.25 in chips) 
BGS013: posts small blind $0.50
JUANS2: posts big blind $1
*** HOLE CARDS ***
avstero: folds 
BoyLoc0: raises $1.50 to $2.50
ibo112008: calls $2.50
Christianzt1: folds 
BGS013: folds 
JUANS2: folds 
*** FLOP *** [9h 5s Tc]
BoyLoc0: checks 
ibo112008: checks 
*** TURN *** [9h 5s Tc] [As]
BoyLoc0: checks 
ibo112008: bets $3.09
BoyLoc0: folds 
Uncalled bet ($3.09) returned to ibo112008
ibo112008 collected $6.10 from pot
*** SUMMARY ***
Total pot $6.50 | Rake $0.40 
Board [9h 5s Tc As]
Seat 1: BGS013 (small blind) folded before Flop
Seat 2: JUANS2 (big blind) folded before Flop
Seat 3: avstero folded before Flop (didn't bet)
Seat 4: BoyLoc0 folded on the Turn
Seat 5: ibo112008 collected ($6.10)
Seat 6: Christianzt1 (button) folded before Flop (didn't bet)



PokerStars Hand #254741266218:  Hold'em No Limit ($0.50/$1.00 USD) - 2025/02/06 22:47:45 WET [2025/02/06 17:47:45 ET]
Table 'Sakuntala II' 6-max Seat #1 is the button
Seat 1: BGS013 ($100 in chips) 
Seat 2: JUANS2 ($100 in chips) 
Seat 3: avstero ($105.94 in chips) 
Seat 4: BoyLoc0 ($103.40 in chips) 
Seat 5: ibo112008 ($39.07 in chips) 
Seat 6: Christianzt1 ($114.25 in chips) 
JUANS2: posts small blind $0.50
avstero: posts big blind $1
*** HOLE CARDS ***
BoyLoc0: folds 
ibo112008: folds 
Christianzt1: folds 
BGS013: folds 
JUANS2: folds 
Uncalled bet ($0.50) returned to avstero
avstero collected $1 from pot
avstero: doesn't show hand 
*** SUMMARY ***
Total pot $1 | Rake $0 
Seat 1: BGS013 (button) folded before Flop (didn't bet)
Seat 2: JUANS2 (small blind) folded before Flop
Seat 3: avstero (big blind) collected ($1)
Seat 4: BoyLoc0 folded before Flop (didn't bet)
Seat 5: ibo112008 folded before Flop (didn't bet)
Seat 6: Christianzt1 folded before Flop (didn't bet)



PokerStars Hand #254741269875:  Hold'em No Limit ($0.50/$1.00 USD) - 2025/02/06 22:47:59 WET [2025/02/06 17:47:59 ET]
Table 'Sakuntala II' 6-max Seat #2 is the button
Seat 1: BGS013 ($100 in chips) 
Seat 2: JUANS2 ($100 in chips) 
Seat 3: avstero ($106.44 in chips) 
Seat 4: BoyLoc0 ($103.40 in chips) 
Seat 5: ibo112008 ($39.07 in chips) 
Seat 6: Christianzt1 ($114.25 in chips) 
avstero: posts small blind $0.50
BoyLoc0: posts big blind $1
*** HOLE CARDS ***
ibo112008: folds 
Christianzt1: raises $1 to $2
BGS013: folds 
JUANS2: folds 
avstero: folds 
BoyLoc0: folds 
Uncalled bet ($1) returned to Christianzt1
Christianzt1 collected $2.50 from pot
*** SUMMARY ***
Total pot $2.50 | Rake $0 
Seat 1: BGS013 folded before Flop (didn't bet)
Seat 2: JUANS2 (button) folded before Flop (didn't bet)
Seat 3: avstero (small blind) folded before Flop
Seat 4: BoyLoc0 (big blind) folded before Flop
Seat 5: ibo112008 folded before Flop (didn't bet)
Seat 6: Christianzt1 collected ($2.50)



PokerStars Hand #254741276211:  Hold'em No Limit ($0.50/$1.00 USD) - 2025/02/06 22:48:22 WET [2025/02/06 17:48:22 ET]
Table 'Sakuntala II' 6-max Seat #3 is the button
Seat 1: BGS013 ($100 in chips) 
Seat 2: JUANS2 ($100 in chips) 
Seat 3: avstero ($105.94 in chips) 
Seat 4: BoyLoc0 ($102.40 in chips) 
Seat 5: ibo112008 ($39.07 in chips) 
Seat 6: Christianzt1 ($115.75 in chips) 
BoyLoc0: posts small blind $0.50
ibo112008: posts big blind $1
*** HOLE CARDS ***
Christianzt1: folds 
BGS013: folds 
JUANS2: raises $1.50 to $2.50
avstero: folds 
BoyLoc0: raises $7.50 to $10
ibo112008: folds 
JUANS2: folds 
Uncalled bet ($7.50) returned to BoyLoc0
BoyLoc0 collected $6 from pot
BoyLoc0: doesn't show hand 
*** SUMMARY ***
Total pot $6 | Rake $0 
Seat 1: BGS013 folded before Flop (didn't bet)
Seat 2: JUANS2 folded before Flop
Seat 3: avstero (button) folded before Flop (didn't bet)
Seat 4: BoyLoc0 (small blind) collected ($6)
Seat 5: ibo112008 (big blind) folded before Flop
Seat 6: Christianzt1 folded before Flop (didn't bet)



PokerStars Hand #254741283312:  Hold'em No Limit ($0.50/$1.00 USD) - 2025/02/06 22:48:48 WET [2025/02/06 17:48:48 ET]
Table 'Sakuntala II' 6-max Seat #4 is the button
Seat 1: BGS013 ($100 in chips) 
Seat 2: JUANS2 ($100 in chips) 
Seat 3: avstero ($105.94 in chips) 
Seat 4: BoyLoc0 ($105.90 in chips) 
Seat 5: ibo112008 ($38.07 in chips) 
Seat 6: Christianzt1 ($115.75 in chips) 
ibo112008: posts small blind $0.50
Christianzt1: posts big blind $1
*** HOLE CARDS ***
BGS013: raises $1 to $2
JUANS2: folds 
avstero: folds 
BoyLoc0: raises $5 to $7
ibo112008: folds 
Christianzt1: folds 
BGS013: raises $12 to $19
BoyLoc0: calls $12
*** FLOP *** [Qd 9d 2d]
BGS013: bets $9.26
BoyLoc0: folds 
Uncalled bet ($9.26) returned to BGS013
BGS013 collected $37.52 from pot
BGS013: doesn't show hand 
*** SUMMARY ***
Total pot $39.50 | Rake $1.98 
Board [Qd 9d 2d]
Seat 1: BGS013 collected ($37.52)
Seat 2: JUANS2 folded before Flop (didn't bet)
Seat 3: avstero folded before Flop (didn't bet)
Seat 4: BoyLoc0 (button) folded on the Flop
Seat 5: ibo112008 (small blind) folded before Flop
Seat 6: Christianzt1 (big blind) folded before Flop



PokerStars Hand #254741298339:  Hold'em No Limit ($0.50/$1.00 USD) - 2025/02/06 22:49:45 WET [2025/02/06 17:49:45 ET]
Table 'Sakuntala II' 6-max Seat #5 is the button
Seat 1: BGS013 ($118.52 in chips) 
Seat 2: JUANS2 ($100 in chips) 
Seat 3: avstero ($105.94 in chips) 
Seat 4: BoyLoc0 ($100 in chips) 
Seat 5: ibo112008 ($37.57 in chips) 
Seat 6: Christianzt1 ($114.75 in chips) 
Christianzt1: posts small blind $0.50
BGS013: posts big blind $1
*** HOLE CARDS ***
JUANS2: folds 
avstero: folds 
BoyLoc0: raises $1.50 to $2.50
ibo112008: calls $2.50
Christianzt1: raises $10.50 to $13
BGS013: folds 
BoyLoc0: folds 
ibo112008: folds 
Uncalled bet ($10.50) returned to Christianzt1
Christianzt1 collected $8.50 from pot
*** SUMMARY ***
Total pot $8.50 | Rake $0 
Seat 1: BGS013 (big blind) folded before Flop
Seat 2: JUANS2 folded before Flop (didn't bet)
Seat 3: avstero folded before Flop (didn't bet)
Seat 4: BoyLoc0 folded before Flop
Seat 5: ibo112008 (button) folded before Flop
Seat 6: Christianzt1 (small blind) collected ($8.50)



PokerStars Hand #254741307674:  Hold'em No Limit ($0.50/$1.00 USD) - 2025/02/06 22:50:20 WET [2025/02/06 17:50:20 ET]
Table 'Sakuntala II' 6-max Seat #6 is the button
Seat 1: BGS013 ($117.52 in chips) 
Seat 2: JUANS2 ($100 in chips) 
Seat 3: avstero ($105.94 in chips) 
Seat 4: BoyLoc0 ($100 in chips) 
Seat 5: ibo112008 ($35.07 in chips) 
Seat 6: Christianzt1 ($120.75 in chips) 
BGS013: posts small blind $0.50
JUANS2: posts big blind $1
*** HOLE CARDS ***
avstero: folds 
BoyLoc0: folds 
ibo112008: calls $1
Christianzt1: folds 
BGS013: folds 
JUANS2: checks 
*** FLOP *** [8s 4c Kh]
JUANS2: checks 
ibo112008: checks 
*** TURN *** [8s 4c Kh] [Tc]
JUANS2: checks 
ibo112008: bets $1
JUANS2: folds 
Uncalled bet ($1) returned to ibo112008
ibo112008 collected $2.35 from pot
*** SUMMARY ***
Total pot $2.50 | Rake $0.15 
Board [8s 4c Kh Tc]
Seat 1: BGS013 (small blind) folded before Flop
Seat 2: JUANS2 (big blind) folded on the Turn
Seat 3: avstero folded before Flop (didn't bet)
Seat 4: BoyLoc0 folded before Flop (didn't bet)
Seat 5: ibo112008 collected ($2.35)
Seat 6: Christianzt1 (button) folded before Flop (didn't bet)



PokerStars Hand #254741321168:  Hold'em No Limit ($0.50/$1.00 USD) - 2025/02/06 22:51:10 WET [2025/02/06 17:51:10 ET]
Table 'Sakuntala II' 6-max Seat #1 is the button
Seat 1: BGS013 ($117.02 in chips) 
Seat 2: JUANS2 ($100 in chips) 
Seat 3: avstero ($105.94 in chips) 
Seat 4: BoyLoc0 ($100 in chips) 
Seat 5: ibo112008 ($36.42 in chips) 
Seat 6: Christianzt1 ($120.75 in chips) 
JUANS2: posts small blind $0.50
avstero: posts big blind $1
*** HOLE CARDS ***
BoyLoc0: folds 
ibo112008: calls $1
Christianzt1: raises $9 to $10
BGS013: folds 
JUANS2: folds 
avstero: folds 
ibo112008: folds 
Uncalled bet ($9) returned to Christianzt1
Christianzt1 collected $3.50 from pot
*** SUMMARY ***
Total pot $3.50 | Rake $0 
Seat 1: BGS013 (button) folded before Flop (didn't bet)
Seat 2: JUANS2 (small blind) folded before Flop
Seat 3: avstero (big blind) folded before Flop
Seat 4: BoyLoc0 folded before Flop (didn't bet)
Seat 5: ibo112008 folded before Flop
Seat 6: Christianzt1 collected ($3.50)



PokerStars Hand #254741326687:  Hold'em No Limit ($0.50/$1.00 USD) - 2025/02/06 22:51:31 WET [2025/02/06 17:51:31 ET]
Table 'Sakuntala II' 6-max Seat #2 is the button
Seat 1: BGS013 ($117.02 in chips) 
Seat 2: JUANS2 ($100 in chips) 
Seat 3: avstero ($104.94 in chips) 
Seat 4: BoyLoc0 ($100 in chips) 
Seat 5: ibo112008 ($35.42 in chips) 
Seat 6: Christianzt1 ($123.25 in chips) 
avstero: posts small blind $0.50
BoyLoc0: posts big blind $1
*** HOLE CARDS ***
ibo112008: folds 
Christianzt1: folds 
BGS013: raises $1.50 to $2.50
JUANS2: folds 
avstero: folds 
BoyLoc0: folds 
Uncalled bet ($1.50) returned to BGS013
BGS013 collected $2.50 from pot
BGS013: doesn't show hand 
*** SUMMARY ***
Total pot $2.50 | Rake $0 
Seat 1: BGS013 collected ($2.50)
Seat 2: JUANS2 (button) folded before Flop (didn't bet)
Seat 3: avstero (small blind) folded before Flop
Seat 4: BoyLoc0 (big blind) folded before Flop
Seat 5: ibo112008 folded before Flop (didn't bet)
Seat 6: Christianzt1 folded before Flop (didn't bet)



PokerStars Hand #254741330473:  Hold'em No Limit ($0.50/$1.00 USD) - 2025/02/06 22:51:45 WET [2025/02/06 17:51:45 ET]
Table 'Sakuntala II' 6-max Seat #3 is the button
Seat 1: BGS013 ($118.52 in chips) 
Seat 2: JUANS2 ($100 in chips) 
Seat 3: avstero ($104.44 in chips) 
Seat 4: BoyLoc0 ($100 in chips) 
Seat 5: ibo112008 ($35.42 in chips) 
Seat 6: Christianzt1 ($123.25 in chips) 
BoyLoc0: posts small blind $0.50
ibo112008: posts big blind $1
*** HOLE CARDS ***
Christianzt1: folds 
BGS013: folds 
JUANS2: raises $1.50 to $2.50
avstero: folds 
BoyLoc0: folds 
ibo112008: folds 
Uncalled bet ($1.50) returned to JUANS2
JUANS2 collected $2.50 from pot
JUANS2: doesn't show hand 
*** SUMMARY ***
Total pot $2.50 | Rake $0 
Seat 1: BGS013 folded before Flop (didn't bet)
Seat 2: JUANS2 collected ($2.50)
Seat 3: avstero (button) folded before Flop (didn't bet)
Seat 4: BoyLoc0 (small blind) folded before Flop
Seat 5: ibo112008 (big blind) folded before Flop
Seat 6: Christianzt1 folded before Flop (didn't bet)



PokerStars Hand #254741333286:  Hold'em No Limit ($0.50/$1.00 USD) - 2025/02/06 22:51:56 WET [2025/02/06 17:51:56 ET]
Table 'Sakuntala II' 6-max Seat #4 is the button
Seat 1: BGS013 ($118.52 in chips) 
Seat 2: JUANS2 ($101.50 in chips) 
Seat 3: avstero ($104.44 in chips) 
Seat 4: BoyLoc0 ($100 in chips) 
Seat 5: ibo112008 ($34.42 in chips) 
Seat 6: Christianzt1 ($123.25 in chips) 
ibo112008: posts small blind $0.50
Christianzt1: posts big blind $1
*** HOLE CARDS ***
BGS013: folds 
JUANS2: raises $1.50 to $2.50
avstero: folds 
BoyLoc0: folds 
ibo112008: folds 
Christianzt1: folds 
Uncalled bet ($1.50) returned to JUANS2
JUANS2 collected $2.50 from pot
JUANS2: doesn't show hand 
*** SUMMARY ***
Total pot $2.50 | Rake $0 
Seat 1: BGS013 folded before Flop (didn't bet)
Seat 2: JUANS2 collected ($2.50)
Seat 3: avstero folded before Flop (didn't bet)
Seat 4: BoyLoc0 (button) folded before Flop (didn't bet)
Seat 5: ibo112008 (small blind) folded before Flop
Seat 6: Christianzt1 (big blind) folded before Flop



PokerStars Hand #254741339449:  Hold'em No Limit ($0.50/$1.00 USD) - 2025/02/06 22:52:19 WET [2025/02/06 17:52:19 ET]
Table 'Sakuntala II' 6-max Seat #5 is the button
Seat 1: BGS013 ($118.52 in chips) 
Seat 2: JUANS2 ($103 in chips) 
Seat 3: avstero ($104.44 in chips) 
Seat 4: BoyLoc0 ($100 in chips) 
Seat 5: ibo112008 ($33.92 in chips) 
Seat 6: Christianzt1 ($122.25 in chips) 
Christianzt1: posts small blind $0.50
BGS013: posts big blind $1
*** HOLE CARDS ***
JUANS2: folds 
avstero: folds 
BoyLoc0: raises $1.50 to $2.50
ibo112008: calls $2.50
Christianzt1: folds 
BGS013: calls $1.50
*** FLOP *** [Kd 9d 5c]
BGS013: checks 
BoyLoc0: checks 
ibo112008: bets $3.80
BGS013: folds 
BoyLoc0: calls $3.80
*** TURN *** [Kd 9d 5c] [8d]
BoyLoc0: checks 
ibo112008: bets $7.41
BoyLoc0: folds 
Uncalled bet ($7.41) returned to ibo112008
ibo112008 collected $14.62 from pot
*** SUMMARY ***
Total pot $15.60 | Rake $0.98 
Board [Kd 9d 5c 8d]
Seat 1: BGS013 (big blind) folded on the Flop
Seat 2: JUANS2 folded before Flop (didn't bet)
Seat 3: avstero folded before Flop (didn't bet)
Seat 4: BoyLoc0 folded on the Turn
Seat 5: ibo112008 (button) collected ($14.62)
Seat 6: Christianzt1 (small blind) folded before Flop



PokerStars Hand #254741351017:  Hold'em No Limit ($0.50/$1.00 USD) - 2025/02/06 22:53:02 WET [2025/02/06 17:53:02 ET]
Table 'Sakuntala II' 6-max Seat #6 is the button
Seat 1: BGS013 ($116.02 in chips) 
Seat 2: JUANS2 ($103 in chips) 
Seat 3: avstero ($104.44 in chips) 
Seat 4: BoyLoc0 ($100 in chips) 
Seat 5: ibo112008 ($42.24 in chips) 
Seat 6: Christianzt1 ($121.75 in chips) 
BGS013: posts small blind $0.50
JUANS2: posts big blind $1
*** HOLE CARDS ***
avstero: folds 
BoyLoc0: folds 
ibo112008: calls $1
Christianzt1: folds 
BGS013: raises $3.50 to $4.50
JUANS2: folds 
ibo112008: folds 
Uncalled bet ($3.50) returned to BGS013
BGS013 collected $3 from pot
BGS013: doesn't show hand 
*** SUMMARY ***
Total pot $3 | Rake $0 
Seat 1: BGS013 (small blind) collected ($3)
Seat 2: JUANS2 (big blind) folded before Flop
Seat 3: avstero folded before Flop (didn't bet)
Seat 4: BoyLoc0 folded before Flop (didn't bet)
Seat 5: ibo112008 folded before Flop
Seat 6: Christianzt1 (button) folded before Flop (didn't bet)



PokerStars Hand #254741365978:  Hold'em No Limit ($0.50/$1.00 USD) - 2025/02/06 22:53:59 WET [2025/02/06 17:53:59 ET]
Table 'Sakuntala II' 6-max Seat #1 is the button
Seat 1: BGS013 ($118.02 in chips) 
Seat 2: JUANS2 ($102 in chips) 
Seat 3: avstero ($104.44 in chips) 
Seat 4: BoyLoc0 ($100 in chips) 
Seat 5: ibo112008 ($41.24 in chips) 
Seat 6: Christianzt1 ($121.75 in chips) 
JUANS2: posts small blind $0.50
avstero: posts big blind $1
*** HOLE CARDS ***
BoyLoc0: folds 
ibo112008: folds 
Christianzt1: raises $1.30 to $2.30
BGS013: folds 
JUANS2: folds 
avstero: folds 
Uncalled bet ($1.30) returned to Christianzt1
Christianzt1 collected $2.50 from pot
*** SUMMARY ***
Total pot $2.50 | Rake $0 
Seat 1: BGS013 (button) folded before Flop (didn't bet)
Seat 2: JUANS2 (small blind) folded before Flop
Seat 3: avstero (big blind) folded before Flop
Seat 4: BoyLoc0 folded before Flop (didn't bet)
Seat 5: ibo112008 folded before Flop (didn't bet)
Seat 6: Christianzt1 collected ($2.50)



PokerStars Hand #254741372341:  Hold'em No Limit ($0.50/$1.00 USD) - 2025/02/06 22:54:23 WET [2025/02/06 17:54:23 ET]
Table 'Sakuntala II' 6-max Seat #2 is the button
Seat 1: BGS013 ($118.02 in chips) 
Seat 2: JUANS2 ($101.50 in chips) 
Seat 3: avstero ($103.44 in chips) 
Seat 4: BoyLoc0 ($100 in chips) 
Seat 5: ibo112008 ($41.24 in chips) 
Seat 6: Christianzt1 ($123.25 in chips) 
avstero: posts small blind $0.50
BoyLoc0: posts big blind $1
*** HOLE CARDS ***
ibo112008: folds 
Christianzt1: raises $1 to $2
BGS013: folds 
JUANS2: folds 
avstero: folds 
BoyLoc0: folds 
Uncalled bet ($1) returned to Christianzt1
Christianzt1 collected $2.50 from pot
*** SUMMARY ***
Total pot $2.50 | Rake $0 
Seat 1: BGS013 folded before Flop (didn't bet)
Seat 2: JUANS2 (button) folded before Flop (didn't bet)
Seat 3: avstero (small blind) folded before Flop
Seat 4: BoyLoc0 (big blind) folded before Flop
Seat 5: ibo112008 folded before Flop (didn't bet)
Seat 6: Christianzt1 collected ($2.50)



PokerStars Hand #254741379531:  Hold'em No Limit ($0.50/$1.00 USD) - 2025/02/06 22:54:50 WET [2025/02/06 17:54:50 ET]
Table 'Sakuntala II' 6-max Seat #3 is the button
Seat 1: BGS013 ($118.02 in chips) 
Seat 2: JUANS2 ($101.50 in chips) 
Seat 3: avstero ($102.94 in chips) 
Seat 4: BoyLoc0 ($100 in chips) 
Seat 5: ibo112008 ($41.24 in chips) 
Seat 6: Christianzt1 ($124.75 in chips) 
BoyLoc0: posts small blind $0.50
ibo112008: posts big blind $1
*** HOLE CARDS ***
Christianzt1: folds 
BGS013: raises $1 to $2
JUANS2: folds 
avstero: calls $2
BoyLoc0: folds 
ibo112008: calls $1
*** FLOP *** [3c Qc 5h]
ibo112008: checks 
BGS013: checks 
avstero: checks 
*** TURN *** [3c Qc 5h] [5c]
ibo112008: bets $2.09
BGS013: raises $5.70 to $7.79
avstero: calls $7.79
ibo112008: folds 
*** RIVER *** [3c Qc 5h 5c] [7s]
BGS013: bets $23.66
avstero: calls $23.66
*** SHOW DOWN ***
BGS013: shows [2c Ac] (a flush, Ace high)
avstero: mucks hand 
BGS013 collected $68.99 from pot
*** SUMMARY ***
Total pot $71.49 | Rake $2.50 
Board [3c Qc 5h 5c 7s]
Seat 1: BGS013 showed [2c Ac] and won ($68.99) with a flush, Ace high
Seat 2: JUANS2 folded before Flop (didn't bet)
Seat 3: avstero (button) mucked
Seat 4: BoyLoc0 (small blind) folded before Flop
Seat 5: ibo112008 (big blind) folded on the Turn
Seat 6: Christianzt1 folded before Flop (didn't bet)



PokerStars Hand #254741397369:  Hold'em No Limit ($0.50/$1.00 USD) - 2025/02/06 22:56:18 WET [2025/02/06 17:56:18 ET]
Table 'Sakuntala II' 6-max Seat #4 is the button
Seat 1: BGS013 ($153.56 in chips) 
Seat 2: JUANS2 ($101.50 in chips) 
Seat 3: avstero ($100 in chips) 
Seat 4: BoyLoc0 ($100 in chips) 
Seat 5: ibo112008 ($37.15 in chips) 
Seat 6: Christianzt1 ($124.75 in chips) 
ibo112008: posts small blind $0.50
Christianzt1: posts big blind $1
*** HOLE CARDS ***
BGS013: raises $1 to $2
JUANS2: folds 
avstero: folds 
BoyLoc0: calls $2
ibo112008: folds 
Christianzt1: folds 
*** FLOP *** [5s Qs 6s]
BGS013: checks 
BoyLoc0: checks 
*** TURN *** [5s Qs 6s] [4s]
BGS013: checks 
BoyLoc0: checks 
*** RIVER *** [5s Qs 6s 4s] [2d]
BGS013: checks 
BoyLoc0: bets $3.92
BGS013: folds 
Uncalled bet ($3.92) returned to BoyLoc0
BoyLoc0 collected $5.22 from pot
BoyLoc0: doesn't show hand 
*** SUMMARY ***
Total pot $5.50 | Rake $0.28 
Board [5s Qs 6s 4s 2d]
Seat 1: BGS013 folded on the River
Seat 2: JUANS2 folded before Flop (didn't bet)
Seat 3: avstero folded before Flop (didn't bet)
Seat 4: BoyLoc0 (button) collected ($5.22)
Seat 5: ibo112008 (small blind) folded before Flop
Seat 6: Christianzt1 (big blind) folded before Flop



PokerStars Hand #254741411051:  Hold'em No Limit ($0.50/$1.00 USD) - 2025/02/06 22:57:28 WET [2025/02/06 17:57:28 ET]
Table 'Sakuntala II' 6-max Seat #5 is the button
Seat 1: BGS013 ($151.56 in chips) 
Seat 2: JUANS2 ($101.50 in chips) 
Seat 3: avstero ($100 in chips) 
Seat 4: BoyLoc0 ($103.22 in chips) 
Seat 5: ibo112008 ($36.65 in chips) 
Seat 6: Christianzt1 ($123.75 in chips) 
Christianzt1: posts small blind $0.50
BGS013: posts big blind $1
*** HOLE CARDS ***
JUANS2: folds 
avstero: raises $1.20 to $2.20
BoyLoc0: folds 
ibo112008: folds 
Christianzt1: folds 
BGS013: folds 
Uncalled bet ($1.20) returned to avstero
avstero collected $2.50 from pot
avstero: doesn't show hand 
*** SUMMARY ***
Total pot $2.50 | Rake $0 
Seat 1: BGS013 (big blind) folded before Flop
Seat 2: JUANS2 folded before Flop (didn't bet)
Seat 3: avstero collected ($2.50)
Seat 4: BoyLoc0 folded before Flop (didn't bet)
Seat 5: ibo112008 (button) folded before Flop (didn't bet)
Seat 6: Christianzt1 (small blind) folded before Flop



PokerStars Hand #254741413656:  Hold'em No Limit ($0.50/$1.00 USD) - 2025/02/06 22:57:42 WET [2025/02/06 17:57:42 ET]
Table 'Sakuntala II' 6-max Seat #6 is the button
Seat 1: BGS013 ($150.56 in chips) 
Seat 2: JUANS2 ($101.50 in chips) 
Seat 3: avstero ($101.50 in chips) 
Seat 4: BoyLoc0 ($103.22 in chips) 
Seat 5: ibo112008 ($36.65 in chips) 
Seat 6: Christianzt1 ($123.25 in chips) 
BGS013: posts small blind $0.50
JUANS2: posts big blind $1
*** HOLE CARDS ***
avstero: folds 
BoyLoc0: folds 
ibo112008: folds 
Christianzt1: folds 
BGS013: folds 
Uncalled bet ($0.50) returned to JUANS2
JUANS2 collected $1 from pot
JUANS2: doesn't show hand 
*** SUMMARY ***
Total pot $1 | Rake $0 
Seat 1: BGS013 (small blind) folded before Flop
Seat 2: JUANS2 (big blind) collected ($1)
Seat 3: avstero folded before Flop (didn't bet)
Seat 4: BoyLoc0 folded before Flop (didn't bet)
Seat 5: ibo112008 folded before Flop (didn't bet)
Seat 6: Christianzt1 (button) folded before Flop (didn't bet)



PokerStars Hand #254741415240:  Hold'em No Limit ($0.50/$1.00 USD) - 2025/02/06 22:57:50 WET [2025/02/06 17:57:50 ET]
Table 'Sakuntala II' 6-max Seat #1 is the button
Seat 1: BGS013 ($150.06 in chips) 
Seat 2: JUANS2 ($102 in chips) 
Seat 3: avstero ($101.50 in chips) 
Seat 4: BoyLoc0 ($103.22 in chips) 
Seat 5: ibo112008 ($36.65 in chips) 
Seat 6: Christianzt1 ($123.25 in chips) 
JUANS2: posts small blind $0.50
avstero: posts big blind $1
*** HOLE CARDS ***
BoyLoc0: folds 
BoyLoc0 leaves the table
J0SHB0SH joins the table at seat #4 
ibo112008: calls $1
Christianzt1: folds 
BGS013: folds 
JUANS2: folds 
avstero: checks 
*** FLOP *** [9s 8c Th]
avstero: checks 
ibo112008: bets $1
avstero: calls $1
*** TURN *** [9s 8c Th] [5c]
avstero: checks 
ibo112008: checks 
*** RIVER *** [9s 8c Th 5c] [Ks]
avstero: checks 
ibo112008: checks 
*** SHOW DOWN ***
avstero: shows [8d Ah] (a pair of Eights)
ibo112008: mucks hand 
avstero collected $4.28 from pot
*** SUMMARY ***
Total pot $4.50 | Rake $0.22 
Board [9s 8c Th 5c Ks]
Seat 1: BGS013 (button) folded before Flop (didn't bet)
Seat 2: JUANS2 (small blind) folded before Flop
Seat 3: avstero (big blind) showed [8d Ah] and won ($4.28) with a pair of Eights
Seat 4: BoyLoc0 folded before Flop (didn't bet)
Seat 5: ibo112008 mucked
Seat 6: Christianzt1 folded before Flop (didn't bet)



PokerStars Hand #254741433119:  Hold'em No Limit ($0.50/$1.00 USD) - 2025/02/06 22:59:22 WET [2025/02/06 17:59:22 ET]
Table 'Sakuntala II' 6-max Seat #2 is the button
Seat 1: BGS013 ($150.06 in chips) 
Seat 2: JUANS2 ($101.50 in chips) 
Seat 3: avstero ($103.78 in chips) 
Seat 4: J0SHB0SH ($100 in chips) 
Seat 5: ibo112008 ($34.65 in chips) 
Seat 6: Christianzt1 ($123.25 in chips) 
avstero: posts small blind $0.50
J0SHB0SH: posts big blind $1
*** HOLE CARDS ***
ibo112008: folds 
Christianzt1: folds 
BGS013: raises $1.50 to $2.50
JUANS2: folds 
avstero: folds 
J0SHB0SH: folds 
Uncalled bet ($1.50) returned to BGS013
BGS013 collected $2.50 from pot
BGS013: doesn't show hand 
*** SUMMARY ***
Total pot $2.50 | Rake $0 
Seat 1: BGS013 collected ($2.50)
Seat 2: JUANS2 (button) folded before Flop (didn't bet)
Seat 3: avstero (small blind) folded before Flop
Seat 4: J0SHB0SH (big blind) folded before Flop
Seat 5: ibo112008 folded before Flop (didn't bet)
Seat 6: Christianzt1 folded before Flop (didn't bet)



PokerStars Hand #254741436951:  Hold'em No Limit ($0.50/$1.00 USD) - 2025/02/06 22:59:43 WET [2025/02/06 17:59:43 ET]
Table 'Sakuntala II' 6-max Seat #3 is the button
Seat 1: BGS013 ($151.56 in chips) 
Seat 2: JUANS2 ($101.50 in chips) 
Seat 3: avstero ($103.28 in chips) 
Seat 4: J0SHB0SH ($100 in chips) 
Seat 5: ibo112008 ($34.65 in chips) 
Seat 6: Christianzt1 ($123.25 in chips) 
J0SHB0SH: posts small blind $0.50
ibo112008: posts big blind $1
*** HOLE CARDS ***
Christianzt1: folds 
BGS013: folds 
JUANS2: raises $1.50 to $2.50
avstero: folds 
J0SHB0SH: raises $9.50 to $12
ibo112008: folds 
JUANS2: raises $14 to $26
J0SHB0SH: folds 
Uncalled bet ($14) returned to JUANS2
JUANS2 collected $25 from pot
JUANS2: doesn't show hand 
*** SUMMARY ***
Total pot $25 | Rake $0 
Seat 1: BGS013 folded before Flop (didn't bet)
Seat 2: JUANS2 collected ($25)
Seat 3: avstero (button) folded before Flop (didn't bet)
Seat 4: J0SHB0SH (small blind) folded before Flop
Seat 5: ibo112008 (big blind) folded before Flop
Seat 6: Christianzt1 folded before Flop (didn't bet)



PokerStars Hand #254741444321:  Hold'em No Limit ($0.50/$1.00 USD) - 2025/02/06 23:00:20 WET [2025/02/06 18:00:20 ET]
Table 'Sakuntala II' 6-max Seat #4 is the button
Seat 1: BGS013 ($151.56 in chips) 
Seat 2: JUANS2 ($114.50 in chips) 
Seat 3: avstero ($103.28 in chips) 
Seat 4: J0SHB0SH ($100 in chips) 
Seat 5: ibo112008 ($33.65 in chips) 
Seat 6: Christianzt1 ($123.25 in chips) 
ibo112008: posts small blind $0.50
Christianzt1: posts big blind $1
*** HOLE CARDS ***
BGS013: folds 
JUANS2: folds 
avstero: folds 
J0SHB0SH: folds 
ibo112008: calls $0.50
Christianzt1: checks 
*** FLOP *** [Ts Td 5h]
ibo112008: checks 
Christianzt1: checks 
*** TURN *** [Ts Td 5h] [7d]
ibo112008: bets $1
Christianzt1: calls $1
*** RIVER *** [Ts Td 5h 7d] [Js]
ibo112008: checks 
Christianzt1: checks 
*** SHOW DOWN ***
ibo112008: shows [As 2c] (a pair of Tens)
Christianzt1: shows [Ac 4c] (a pair of Tens)
ibo112008 collected $1.88 from pot
Christianzt1 collected $1.90 from pot
*** SUMMARY ***
Total pot $4 | Rake $0.22 
Board [Ts Td 5h 7d Js]
Seat 1: BGS013 folded before Flop (didn't bet)
Seat 2: JUANS2 folded before Flop (didn't bet)
Seat 3: avstero folded before Flop (didn't bet)
Seat 4: J0SHB0SH (button) folded before Flop (didn't bet)
Seat 5: ibo112008 (small blind) showed [As 2c] and won ($1.88) with a pair of Tens
Seat 6: Christianzt1 (big blind) showed [Ac 4c] and won ($1.90) with a pair of Tens



PokerStars Hand #254741451568:  Hold'em No Limit ($0.50/$1.00 USD) - 2025/02/06 23:00:54 WET [2025/02/06 18:00:54 ET]
Table 'Sakuntala II' 6-max Seat #5 is the button
Seat 1: BGS013 ($151.56 in chips) 
Seat 2: JUANS2 ($114.50 in chips) 
Seat 3: avstero ($103.28 in chips) 
Seat 4: J0SHB0SH ($100 in chips) 
Seat 5: ibo112008 ($33.53 in chips) 
Seat 6: Christianzt1 ($123.15 in chips) 
Christianzt1: posts small blind $0.50
BGS013: posts big blind $1
*** HOLE CARDS ***
JUANS2: folds 
avstero: folds 
J0SHB0SH: folds 
ibo112008: calls $1
Christianzt1: raises $9 to $10
BGS013: folds 
ibo112008: folds 
Uncalled bet ($9) returned to Christianzt1
Christianzt1 collected $3 from pot
*** SUMMARY ***
Total pot $3 | Rake $0 
Seat 1: BGS013 (big blind) folded before Flop
Seat 2: JUANS2 folded before Flop (didn't bet)
Seat 3: avstero folded before Flop (didn't bet)
Seat 4: J0SHB0SH folded before Flop (didn't bet)
Seat 5: ibo112008 (button) folded before Flop
Seat 6: Christianzt1 (small blind) collected ($3)



PokerStars Hand #254741457702:  Hold'em No Limit ($0.50/$1.00 USD) - 2025/02/06 23:01:20 WET [2025/02/06 18:01:20 ET]
Table 'Sakuntala II' 6-max Seat #6 is the button
Seat 1: BGS013 ($150.56 in chips) 
Seat 2: JUANS2 ($114.50 in chips) 
Seat 3: avstero ($103.28 in chips) 
Seat 4: J0SHB0SH ($100 in chips) 
Seat 5: ibo112008 ($32.53 in chips) 
Seat 6: Christianzt1 ($125.15 in chips) 
BGS013: posts small blind $0.50
JUANS2: posts big blind $1
*** HOLE CARDS ***
avstero: folds 
J0SHB0SH: folds 
ibo112008: folds 
Christianzt1: raises $1.50 to $2.50
BGS013: folds 
JUANS2: calls $1.50
*** FLOP *** [8c 7d 5h]
JUANS2: checks 
Christianzt1: checks 
*** TURN *** [8c 7d 5h] [7s]
JUANS2: bets $3.92
Christianzt1: calls $3.92
*** RIVER *** [8c 7d 5h 7s] [Th]
JUANS2: bets $12.70
Christianzt1: folds 
Uncalled bet ($12.70) returned to JUANS2
JUANS2 collected $12.67 from pot
JUANS2: doesn't show hand 
*** SUMMARY ***
Total pot $13.34 | Rake $0.67 
Board [8c 7d 5h 7s Th]
Seat 1: BGS013 (small blind) folded before Flop
Seat 2: JUANS2 (big blind) collected ($12.67)
Seat 3: avstero folded before Flop (didn't bet)
Seat 4: J0SHB0SH folded before Flop (didn't bet)
Seat 5: ibo112008 folded before Flop (didn't bet)
Seat 6: Christianzt1 (button) folded on the River



PokerStars Hand #254741474315:  Hold'em No Limit ($0.50/$1.00 USD) - 2025/02/06 23:02:27 WET [2025/02/06 18:02:27 ET]
Table 'Sakuntala II' 6-max Seat #1 is the button
Seat 1: BGS013 ($150.06 in chips) 
Seat 2: JUANS2 ($120.75 in chips) 
Seat 3: avstero ($103.28 in chips) 
Seat 4: J0SHB0SH ($100 in chips) 
Seat 5: ibo112008 ($32.53 in chips) 
Seat 6: Christianzt1 ($118.73 in chips) 
JUANS2: posts small blind $0.50
avstero: posts big blind $1
*** HOLE CARDS ***
J0SHB0SH: folds 
ibo112008: folds 
Christianzt1: raises $1.30 to $2.30
BGS013: raises $5.70 to $8
JUANS2: folds 
avstero: folds 
Christianzt1: folds 
Uncalled bet ($5.70) returned to BGS013
BGS013 collected $6.10 from pot
BGS013: doesn't show hand 
*** SUMMARY ***
Total pot $6.10 | Rake $0 
Seat 1: BGS013 (button) collected ($6.10)
Seat 2: JUANS2 (small blind) folded before Flop
Seat 3: avstero (big blind) folded before Flop
Seat 4: J0SHB0SH folded before Flop (didn't bet)
Seat 5: ibo112008 folded before Flop (didn't bet)
Seat 6: Christianzt1 folded before Flop



PokerStars Hand #254741487925:  Hold'em No Limit ($0.50/$1.00 USD) - 2025/02/06 23:03:19 WET [2025/02/06 18:03:19 ET]
Table 'Sakuntala II' 6-max Seat #2 is the button
Seat 1: BGS013 ($153.86 in chips) 
Seat 2: JUANS2 ($120.25 in chips) 
Seat 3: avstero ($102.28 in chips) 
Seat 4: J0SHB0SH ($100 in chips) 
Seat 5: ibo112008 ($32.53 in chips) 
Seat 6: Christianzt1 ($116.43 in chips) 
avstero: posts small blind $0.50
J0SHB0SH: posts big blind $1
*** HOLE CARDS ***
ibo112008: folds 
Christianzt1: folds 
BGS013: folds 
JUANS2: folds 
avstero: raises $1.80 to $2.80
J0SHB0SH: folds 
Uncalled bet ($1.80) returned to avstero
avstero collected $2 from pot
avstero: doesn't show hand 
*** SUMMARY ***
Total pot $2 | Rake $0 
Seat 1: BGS013 folded before Flop (didn't bet)
Seat 2: JUANS2 (button) folded before Flop (didn't bet)
Seat 3: avstero (small blind) collected ($2)
Seat 4: J0SHB0SH (big blind) folded before Flop
Seat 5: ibo112008 folded before Flop (didn't bet)
Seat 6: Christianzt1 folded before Flop (didn't bet)



PokerStars Hand #254741494917:  Hold'em No Limit ($0.50/$1.00 USD) - 2025/02/06 23:03:47 WET [2025/02/06 18:03:47 ET]
Table 'Sakuntala II' 6-max Seat #3 is the button
Seat 1: BGS013 ($153.86 in chips) 
Seat 2: JUANS2 ($120.25 in chips) 
Seat 3: avstero ($103.28 in chips) 
Seat 4: J0SHB0SH ($100 in chips) 
Seat 5: ibo112008 ($32.53 in chips) 
Seat 6: Christianzt1 ($116.43 in chips) 
J0SHB0SH: posts small blind $0.50
ibo112008: posts big blind $1
*** HOLE CARDS ***
Christianzt1: folds 
BGS013: folds 
JUANS2: raises $1.50 to $2.50
avstero: folds 
J0SHB0SH: folds 
ibo112008: folds 
Uncalled bet ($1.50) returned to JUANS2
JUANS2 collected $2.50 from pot
JUANS2: doesn't show hand 
*** SUMMARY ***
Total pot $2.50 | Rake $0 
Seat 1: BGS013 folded before Flop (didn't bet)
Seat 2: JUANS2 collected ($2.50)
Seat 3: avstero (button) folded before Flop (didn't bet)
Seat 4: J0SHB0SH (small blind) folded before Flop
Seat 5: ibo112008 (big blind) folded before Flop
Seat 6: Christianzt1 folded before Flop (didn't bet)



PokerStars Hand #254741500812:  Hold'em No Limit ($0.50/$1.00 USD) - 2025/02/06 23:04:10 WET [2025/02/06 18:04:10 ET]
Table 'Sakuntala II' 6-max Seat #4 is the button
Seat 1: BGS013 ($153.86 in chips) 
Seat 2: JUANS2 ($121.75 in chips) 
Seat 3: avstero ($103.28 in chips) 
Seat 4: J0SHB0SH ($100 in chips) 
Seat 5: ibo112008 ($31.53 in chips) 
Seat 6: Christianzt1 ($116.43 in chips) 
ibo112008: posts small blind $0.50
Christianzt1: posts big blind $1
*** HOLE CARDS ***
BGS013: folds 
JUANS2: folds 
avstero: raises $1.20 to $2.20
J0SHB0SH: folds 
ibo112008: folds 
Christianzt1: folds 
Uncalled bet ($1.20) returned to avstero
avstero collected $2.50 from pot
avstero: doesn't show hand 
*** SUMMARY ***
Total pot $2.50 | Rake $0 
Seat 1: BGS013 folded before Flop (didn't bet)
Seat 2: JUANS2 folded before Flop (didn't bet)
Seat 3: avstero collected ($2.50)
Seat 4: J0SHB0SH (button) folded before Flop (didn't bet)
Seat 5: ibo112008 (small blind) folded before Flop
Seat 6: Christianzt1 (big blind) folded before Flop



PokerStars Hand #254741505812:  Hold'em No Limit ($0.50/$1.00 USD) - 2025/02/06 23:04:29 WET [2025/02/06 18:04:29 ET]
Table 'Sakuntala II' 6-max Seat #5 is the button
Seat 1: BGS013 ($153.86 in chips) 
Seat 2: JUANS2 ($121.75 in chips) 
Seat 3: avstero ($104.78 in chips) 
Seat 4: J0SHB0SH ($100 in chips) 
Seat 5: ibo112008 ($31.03 in chips) 
Seat 6: Christianzt1 ($115.43 in chips) 
Christianzt1: posts small blind $0.50
BGS013: posts big blind $1
*** HOLE CARDS ***
JUANS2: raises $1.50 to $2.50
avstero: folds 
J0SHB0SH: folds 
ibo112008: folds 
Christianzt1: folds 
BGS013: folds 
Uncalled bet ($1.50) returned to JUANS2
JUANS2 collected $2.50 from pot
JUANS2: doesn't show hand 
*** SUMMARY ***
Total pot $2.50 | Rake $0 
Seat 1: BGS013 (big blind) folded before Flop
Seat 2: JUANS2 collected ($2.50)
Seat 3: avstero folded before Flop (didn't bet)
Seat 4: J0SHB0SH folded before Flop (didn't bet)
Seat 5: ibo112008 (button) folded before Flop (didn't bet)
Seat 6: Christianzt1 (small blind) folded before Flop



PokerStars Hand #254741513618:  Hold'em No Limit ($0.50/$1.00 USD) - 2025/02/06 23:05:00 WET [2025/02/06 18:05:00 ET]
Table 'Sakuntala II' 6-max Seat #6 is the button
Seat 1: BGS013 ($152.86 in chips) 
Seat 2: JUANS2 ($123.25 in chips) 
Seat 3: avstero ($104.78 in chips) 
Seat 4: J0SHB0SH ($100 in chips) 
Seat 5: ibo112008 ($31.03 in chips) 
Seat 6: Christianzt1 ($114.93 in chips) 
BGS013: posts small blind $0.50
JUANS2: posts big blind $1
*** HOLE CARDS ***
avstero: folds 
J0SHB0SH: raises $1 to $2
ibo112008: folds 
Christianzt1: folds 
BGS013: folds 
JUANS2: raises $9.50 to $11.50
J0SHB0SH: folds 
Uncalled bet ($9.50) returned to JUANS2
JUANS2 collected $4.50 from pot
JUANS2: doesn't show hand 
*** SUMMARY ***
Total pot $4.50 | Rake $0 
Seat 1: BGS013 (small blind) folded before Flop
Seat 2: JUANS2 (big blind) collected ($4.50)
Seat 3: avstero folded before Flop (didn't bet)
Seat 4: J0SHB0SH folded before Flop
Seat 5: ibo112008 folded before Flop (didn't bet)
Seat 6: Christianzt1 (button) folded before Flop (didn't bet)



PokerStars Hand #254741520921:  Hold'em No Limit ($0.50/$1.00 USD) - 2025/02/06 23:05:28 WET [2025/02/06 18:05:28 ET]
Table 'Sakuntala II' 6-max Seat #1 is the button
Seat 1: BGS013 ($152.36 in chips) 
Seat 2: JUANS2 ($125.75 in chips) 
Seat 3: avstero ($104.78 in chips) 
Seat 4: J0SHB0SH ($100 in chips) 
Seat 5: ibo112008 ($31.03 in chips) 
Seat 6: Christianzt1 ($114.93 in chips) 
JUANS2: posts small blind $0.50
avstero: posts big blind $1
*** HOLE CARDS ***
J0SHB0SH: folds 
ibo112008: folds 
Christianzt1: folds 
BGS013: folds 
JUANS2: folds 
Uncalled bet ($0.50) returned to avstero
avstero collected $1 from pot
avstero: doesn't show hand 
*** SUMMARY ***
Total pot $1 | Rake $0 
Seat 1: BGS013 (button) folded before Flop (didn't bet)
Seat 2: JUANS2 (small blind) folded before Flop
Seat 3: avstero (big blind) collected ($1)
Seat 4: J0SHB0SH folded before Flop (didn't bet)
Seat 5: ibo112008 folded before Flop (didn't bet)
Seat 6: Christianzt1 folded before Flop (didn't bet)



PokerStars Hand #254741524460:  Hold'em No Limit ($0.50/$1.00 USD) - 2025/02/06 23:05:42 WET [2025/02/06 18:05:42 ET]
Table 'Sakuntala II' 6-max Seat #2 is the button
Seat 1: BGS013 ($152.36 in chips) 
Seat 2: JUANS2 ($125.25 in chips) 
Seat 3: avstero ($105.28 in chips) 
Seat 4: J0SHB0SH ($100 in chips) 
Seat 5: ibo112008 ($31.03 in chips) 
Seat 6: Christianzt1 ($114.93 in chips) 
avstero: posts small blind $0.50
J0SHB0SH: posts big blind $1
*** HOLE CARDS ***
ibo112008: folds 
Christianzt1: folds 
BGS013: folds 
JUANS2: raises $1.50 to $2.50
avstero: folds 
J0SHB0SH: folds 
Uncalled bet ($1.50) returned to JUANS2
JUANS2 collected $2.50 from pot
JUANS2: doesn't show hand 
*** SUMMARY ***
Total pot $2.50 | Rake $0 
Seat 1: BGS013 folded before Flop (didn't bet)
Seat 2: JUANS2 (button) collected ($2.50)
Seat 3: avstero (small blind) folded before Flop
Seat 4: J0SHB0SH (big blind) folded before Flop
Seat 5: ibo112008 folded before Flop (didn't bet)
Seat 6: Christianzt1 folded before Flop (didn't bet)



PokerStars Hand #254741529886:  Hold'em No Limit ($0.50/$1.00 USD) - 2025/02/06 23:06:03 WET [2025/02/06 18:06:03 ET]
Table 'Sakuntala II' 6-max Seat #3 is the button
Seat 1: BGS013 ($152.36 in chips) 
Seat 2: JUANS2 ($126.75 in chips) 
Seat 3: avstero ($104.78 in chips) 
Seat 4: J0SHB0SH ($100 in chips) 
Seat 5: ibo112008 ($31.03 in chips) 
Seat 6: Christianzt1 ($114.93 in chips) 
J0SHB0SH: posts small blind $0.50
ibo112008: posts big blind $1
*** HOLE CARDS ***
Christianzt1: folds 
BGS013: raises $1 to $2
JUANS2: folds 
avstero: calls $2
J0SHB0SH: folds 
ibo112008: calls $1
*** FLOP *** [Ts 8c Jd]
ibo112008: checks 
BGS013: checks 
avstero: checks 
*** TURN *** [Ts 8c Jd] [7c]
ibo112008: bets $1
BGS013: folds 
avstero: calls $1
*** RIVER *** [Ts 8c Jd 7c] [Kh]
ibo112008: checks 
avstero: bets $4.55
ibo112008: folds 
Uncalled bet ($4.55) returned to avstero
avstero collected $8.08 from pot
avstero: doesn't show hand 
*** SUMMARY ***
Total pot $8.50 | Rake $0.42 
Board [Ts 8c Jd 7c Kh]
Seat 1: BGS013 folded on the Turn
Seat 2: JUANS2 folded before Flop (didn't bet)
Seat 3: avstero (button) collected ($8.08)
Seat 4: J0SHB0SH (small blind) folded before Flop
Seat 5: ibo112008 (big blind) folded on the River
Seat 6: Christianzt1 folded before Flop (didn't bet)



PokerStars Hand #254741555114:  Hold'em No Limit ($0.50/$1.00 USD) - 2025/02/06 23:07:41 WET [2025/02/06 18:07:41 ET]
Table 'Sakuntala II' 6-max Seat #4 is the button
Seat 1: BGS013 ($150.36 in chips) 
Seat 2: JUANS2 ($126.75 in chips) 
Seat 3: avstero ($109.86 in chips) 
Seat 4: J0SHB0SH ($100 in chips) 
Seat 5: ibo112008 ($28.03 in chips) 
Seat 6: Christianzt1 ($114.93 in chips) 
ibo112008: posts small blind $0.50
Christianzt1: posts big blind $1
*** HOLE CARDS ***
BGS013: folds 
JUANS2: folds 
avstero: folds 
J0SHB0SH: folds 
ibo112008: calls $0.50
Christianzt1: checks 
*** FLOP *** [9s 6c Ah]
ibo112008: bets $1
Christianzt1: calls $1
*** TURN *** [9s 6c Ah] [Qh]
ibo112008: bets $1.90
Christianzt1: folds 
Uncalled bet ($1.90) returned to ibo112008
ibo112008 collected $3.75 from pot
*** SUMMARY ***
Total pot $4 | Rake $0.25 
Board [9s 6c Ah Qh]
Seat 1: BGS013 folded before Flop (didn't bet)
Seat 2: JUANS2 folded before Flop (didn't bet)
Seat 3: avstero folded before Flop (didn't bet)
Seat 4: J0SHB0SH (button) folded before Flop (didn't bet)
Seat 5: ibo112008 (small blind) collected ($3.75)
Seat 6: Christianzt1 (big blind) folded on the Turn



PokerStars Hand #254741562766:  Hold'em No Limit ($0.50/$1.00 USD) - 2025/02/06 23:08:11 WET [2025/02/06 18:08:11 ET]
Table 'Sakuntala II' 6-max Seat #5 is the button
Seat 1: BGS013 ($150.36 in chips) 
Seat 2: JUANS2 ($126.75 in chips) 
Seat 3: avstero ($109.86 in chips) 
Seat 4: J0SHB0SH ($100 in chips) 
Seat 5: ibo112008 ($29.78 in chips) 
Seat 6: Christianzt1 ($112.93 in chips) 
Christianzt1: posts small blind $0.50
BGS013: posts big blind $1
*** HOLE CARDS ***
JUANS2: folds 
avstero: folds 
J0SHB0SH: folds 
ibo112008: folds 
Christianzt1: raises $2 to $3
BGS013: folds 
Uncalled bet ($2) returned to Christianzt1
Christianzt1 collected $2 from pot
*** SUMMARY ***
Total pot $2 | Rake $0 
Seat 1: BGS013 (big blind) folded before Flop
Seat 2: JUANS2 folded before Flop (didn't bet)
Seat 3: avstero folded before Flop (didn't bet)
Seat 4: J0SHB0SH folded before Flop (didn't bet)
Seat 5: ibo112008 (button) folded before Flop (didn't bet)
Seat 6: Christianzt1 (small blind) collected ($2)



PokerStars Hand #254741568795:  Hold'em No Limit ($0.50/$1.00 USD) - 2025/02/06 23:08:34 WET [2025/02/06 18:08:34 ET]
Table 'Sakuntala II' 6-max Seat #6 is the button
Seat 1: BGS013 ($149.36 in chips) 
Seat 2: JUANS2 ($126.75 in chips) 
Seat 3: avstero ($109.86 in chips) 
Seat 4: J0SHB0SH ($100 in chips) 
Seat 5: ibo112008 ($29.78 in chips) 
Seat 6: Christianzt1 ($113.93 in chips) 
BGS013: posts small blind $0.50
JUANS2: posts big blind $1
*** HOLE CARDS ***
avstero: folds 
J0SHB0SH: raises $1 to $2
ibo112008: folds 
Christianzt1: folds 
BGS013: folds 
JUANS2: folds 
Uncalled bet ($1) returned to J0SHB0SH
J0SHB0SH collected $2.50 from pot
J0SHB0SH: doesn't show hand 
*** SUMMARY ***
Total pot $2.50 | Rake $0 
Seat 1: BGS013 (small blind) folded before Flop
Seat 2: JUANS2 (big blind) folded before Flop
Seat 3: avstero folded before Flop (didn't bet)
Seat 4: J0SHB0SH collected ($2.50)
Seat 5: ibo112008 folded before Flop (didn't bet)
Seat 6: Christianzt1 (button) folded before Flop (didn't bet)



PokerStars Hand #254741578203:  Hold'em No Limit ($0.50/$1.00 USD) - 2025/02/06 23:09:10 WET [2025/02/06 18:09:10 ET]
Table 'Sakuntala II' 6-max Seat #1 is the button
Seat 1: BGS013 ($148.86 in chips) 
Seat 2: JUANS2 ($125.75 in chips) 
Seat 3: avstero ($109.86 in chips) 
Seat 4: J0SHB0SH ($101.50 in chips) 
Seat 5: ibo112008 ($29.78 in chips) 
Seat 6: Christianzt1 ($113.93 in chips) 
JUANS2: posts small blind $0.50
avstero: posts big blind $1
*** HOLE CARDS ***
J0SHB0SH: folds 
ibo112008: calls $1
Christianzt1: folds 
BGS013: raises $3.50 to $4.50
JUANS2: folds 
avstero: folds 
ibo112008: calls $3.50
*** FLOP *** [2d Jh 2h]
ibo112008: checks 
BGS013: bets $2.59
ibo112008: calls $2.59
*** TURN *** [2d Jh 2h] [Ts]
ibo112008: checks 
BGS013: bets $11.62
ibo112008: raises $11.07 to $22.69 and is all-in
BGS013: folds 
Uncalled bet ($11.07) returned to ibo112008
ibo112008 collected $36.48 from pot
*** SUMMARY ***
Total pot $38.92 | Rake $2.44 
Board [2d Jh 2h Ts]
Seat 1: BGS013 (button) folded on the Turn
Seat 2: JUANS2 (small blind) folded before Flop
Seat 3: avstero (big blind) folded before Flop
Seat 4: J0SHB0SH folded before Flop (didn't bet)
Seat 5: ibo112008 collected ($36.48)
Seat 6: Christianzt1 folded before Flop (didn't bet)



PokerStars Hand #254741591680:  Hold'em No Limit ($0.50/$1.00 USD) - 2025/02/06 23:10:02 WET [2025/02/06 18:10:02 ET]
Table 'Sakuntala II' 6-max Seat #2 is the button
Seat 1: BGS013 ($130.15 in chips) 
Seat 2: JUANS2 ($125.25 in chips) 
Seat 3: avstero ($108.86 in chips) 
Seat 4: J0SHB0SH ($101.50 in chips) 
Seat 5: ibo112008 ($47.55 in chips) 
Seat 6: Christianzt1 ($113.93 in chips) 
avstero: posts small blind $0.50
J0SHB0SH: posts big blind $1
*** HOLE CARDS ***
ibo112008: folds 
Christianzt1: folds 
BGS013: folds 
JUANS2: folds 
avstero: raises $1.80 to $2.80
J0SHB0SH: raises $6.20 to $9
avstero: folds 
Uncalled bet ($6.20) returned to J0SHB0SH
J0SHB0SH collected $5.60 from pot
J0SHB0SH: doesn't show hand 
*** SUMMARY ***
Total pot $5.60 | Rake $0 
Seat 1: BGS013 folded before Flop (didn't bet)
Seat 2: JUANS2 (button) folded before Flop (didn't bet)
Seat 3: avstero (small blind) folded before Flop
Seat 4: J0SHB0SH (big blind) collected ($5.60)
Seat 5: ibo112008 folded before Flop (didn't bet)
Seat 6: Christianzt1 folded before Flop (didn't bet)



PokerStars Hand #254741596878:  Hold'em No Limit ($0.50/$1.00 USD) - 2025/02/06 23:10:22 WET [2025/02/06 18:10:22 ET]
Table 'Sakuntala II' 6-max Seat #3 is the button
Seat 1: BGS013 ($130.15 in chips) 
Seat 2: JUANS2 ($125.25 in chips) 
Seat 3: avstero ($106.06 in chips) 
Seat 4: J0SHB0SH ($104.30 in chips) 
Seat 5: ibo112008 ($47.55 in chips) 
Seat 6: Christianzt1 ($113.93 in chips) 
J0SHB0SH: posts small blind $0.50
ibo112008: posts big blind $1
*** HOLE CARDS ***
Christianzt1: folds 
BGS013: folds 
JUANS2: raises $1.50 to $2.50
avstero: folds 
J0SHB0SH: folds 
ibo112008: calls $1.50
*** FLOP *** [Ad 8c Qd]
ibo112008: checks 
JUANS2: bets $1.72
ibo112008: folds 
Uncalled bet ($1.72) returned to JUANS2
JUANS2 collected $5.22 from pot
JUANS2: doesn't show hand 
*** SUMMARY ***
Total pot $5.50 | Rake $0.28 
Board [Ad 8c Qd]
Seat 1: BGS013 folded before Flop (didn't bet)
Seat 2: JUANS2 collected ($5.22)
Seat 3: avstero (button) folded before Flop (didn't bet)
Seat 4: J0SHB0SH (small blind) folded before Flop
Seat 5: ibo112008 (big blind) folded on the Flop
Seat 6: Christianzt1 folded before Flop (didn't bet)



PokerStars Hand #254741605276:  Hold'em No Limit ($0.50/$1.00 USD) - 2025/02/06 23:10:54 WET [2025/02/06 18:10:54 ET]
Table 'Sakuntala II' 6-max Seat #4 is the button
Seat 1: BGS013 ($130.15 in chips) 
Seat 2: JUANS2 ($127.97 in chips) 
Seat 3: avstero ($106.06 in chips) 
Seat 4: J0SHB0SH ($103.80 in chips) 
Seat 5: ibo112008 ($45.05 in chips) 
Seat 6: Christianzt1 ($113.93 in chips) 
ibo112008: posts small blind $0.50
Christianzt1: posts big blind $1
*** HOLE CARDS ***
BGS013: raises $1 to $2
JUANS2: folds 
avstero: folds 
J0SHB0SH: folds 
ibo112008: folds 
Christianzt1: folds 
Uncalled bet ($1) returned to BGS013
BGS013 collected $2.50 from pot
*** SUMMARY ***
Total pot $2.50 | Rake $0 
Seat 1: BGS013 collected ($2.50)
Seat 2: JUANS2 folded before Flop (didn't bet)
Seat 3: avstero folded before Flop (didn't bet)
Seat 4: J0SHB0SH (button) folded before Flop (didn't bet)
Seat 5: ibo112008 (small blind) folded before Flop
Seat 6: Christianzt1 (big blind) folded before Flop



PokerStars Hand #254741608206:  Hold'em No Limit ($0.50/$1.00 USD) - 2025/02/06 23:11:05 WET [2025/02/06 18:11:05 ET]
Table 'Sakuntala II' 6-max Seat #5 is the button
Seat 1: BGS013 ($131.65 in chips) 
Seat 2: JUANS2 ($127.97 in chips) 
Seat 3: avstero ($106.06 in chips) 
Seat 4: J0SHB0SH ($103.80 in chips) 
Seat 5: ibo112008 ($44.55 in chips) 
Seat 6: Christianzt1 ($112.93 in chips) 
Christianzt1: posts small blind $0.50
BGS013: posts big blind $1
*** HOLE CARDS ***
JUANS2: folds 
avstero: folds 
J0SHB0SH: raises $1.50 to $2.50
ibo112008: folds 
Christianzt1: folds 
BGS013: folds 
Uncalled bet ($1.50) returned to J0SHB0SH
J0SHB0SH collected $2.50 from pot
J0SHB0SH: doesn't show hand 
*** SUMMARY ***
Total pot $2.50 | Rake $0 
Seat 1: BGS013 (big blind) folded before Flop
Seat 2: JUANS2 folded before Flop (didn't bet)
Seat 3: avstero folded before Flop (didn't bet)
Seat 4: J0SHB0SH collected ($2.50)
Seat 5: ibo112008 (button) folded before Flop (didn't bet)
Seat 6: Christianzt1 (small blind) folded before Flop



PokerStars Hand #254741612473:  Hold'em No Limit ($0.50/$1.00 USD) - 2025/02/06 23:11:22 WET [2025/02/06 18:11:22 ET]
Table 'Sakuntala II' 6-max Seat #6 is the button
Seat 1: BGS013 ($130.65 in chips) 
Seat 2: JUANS2 ($127.97 in chips) 
Seat 3: avstero ($106.06 in chips) 
Seat 4: J0SHB0SH ($105.30 in chips) 
Seat 5: ibo112008 ($44.55 in chips) 
Seat 6: Christianzt1 ($112.43 in chips) 
BGS013: posts small blind $0.50
JUANS2: posts big blind $1
*** HOLE CARDS ***
avstero: folds 
J0SHB0SH: raises $1 to $2
ibo112008: folds 
Christianzt1: folds 
BGS013: folds 
JUANS2: folds 
Uncalled bet ($1) returned to J0SHB0SH
J0SHB0SH collected $2.50 from pot
J0SHB0SH: doesn't show hand 
*** SUMMARY ***
Total pot $2.50 | Rake $0 
Seat 1: BGS013 (small blind) folded before Flop
Seat 2: JUANS2 (big blind) folded before Flop
Seat 3: avstero folded before Flop (didn't bet)
Seat 4: J0SHB0SH collected ($2.50)
Seat 5: ibo112008 folded before Flop (didn't bet)
Seat 6: Christianzt1 (button) folded before Flop (didn't bet)



PokerStars Hand #254741616662:  Hold'em No Limit ($0.50/$1.00 USD) - 2025/02/06 23:11:38 WET [2025/02/06 18:11:38 ET]
Table 'Sakuntala II' 6-max Seat #1 is the button
Seat 1: BGS013 ($130.15 in chips) 
Seat 2: JUANS2 ($126.97 in chips) 
Seat 3: avstero ($106.06 in chips) 
Seat 4: J0SHB0SH ($106.80 in chips) 
Seat 5: ibo112008 ($44.55 in chips) 
Seat 6: Christianzt1 ($112.43 in chips) 
JUANS2: posts small blind $0.50
avstero: posts big blind $1
*** HOLE CARDS ***
J0SHB0SH: folds 
ibo112008: folds 
Christianzt1: folds 
BGS013: raises $1.50 to $2.50
JUANS2: folds 
avstero: folds 
Uncalled bet ($1.50) returned to BGS013
BGS013 collected $2.50 from pot
BGS013: doesn't show hand 
*** SUMMARY ***
Total pot $2.50 | Rake $0 
Seat 1: BGS013 (button) collected ($2.50)
Seat 2: JUANS2 (small blind) folded before Flop
Seat 3: avstero (big blind) folded before Flop
Seat 4: J0SHB0SH folded before Flop (didn't bet)
Seat 5: ibo112008 folded before Flop (didn't bet)
Seat 6: Christianzt1 folded before Flop (didn't bet)



PokerStars Hand #254741620092:  Hold'em No Limit ($0.50/$1.00 USD) - 2025/02/06 23:11:52 WET [2025/02/06 18:11:52 ET]
Table 'Sakuntala II' 6-max Seat #2 is the button
Seat 1: BGS013 ($131.65 in chips) 
Seat 2: JUANS2 ($126.47 in chips) 
Seat 3: avstero ($105.06 in chips) 
Seat 4: J0SHB0SH ($106.80 in chips) 
Seat 5: ibo112008 ($44.55 in chips) 
Seat 6: Christianzt1 ($112.43 in chips) 
avstero: posts small blind $0.50
J0SHB0SH: posts big blind $1
*** HOLE CARDS ***
ibo112008: folds 
Christianzt1: folds 
BGS013: raises $1.50 to $2.50
JUANS2: folds 
avstero: folds 
J0SHB0SH: folds 
Uncalled bet ($1.50) returned to BGS013
BGS013 collected $2.50 from pot
BGS013: doesn't show hand 
*** SUMMARY ***
Total pot $2.50 | Rake $0 
Seat 1: BGS013 collected ($2.50)
Seat 2: JUANS2 (button) folded before Flop (didn't bet)
Seat 3: avstero (small blind) folded before Flop
Seat 4: J0SHB0SH (big blind) folded before Flop
Seat 5: ibo112008 folded before Flop (didn't bet)
Seat 6: Christianzt1 folded before Flop (didn't bet)



PokerStars Hand #254741624866:  Hold'em No Limit ($0.50/$1.00 USD) - 2025/02/06 23:12:10 WET [2025/02/06 18:12:10 ET]
Table 'Sakuntala II' 6-max Seat #3 is the button
Seat 1: BGS013 ($133.15 in chips) 
Seat 2: JUANS2 ($126.47 in chips) 
Seat 3: avstero ($104.56 in chips) 
Seat 4: J0SHB0SH ($105.80 in chips) 
Seat 5: ibo112008 ($44.55 in chips) 
Seat 6: Christianzt1 ($112.43 in chips) 
J0SHB0SH: posts small blind $0.50
ibo112008: posts big blind $1
*** HOLE CARDS ***
Christianzt1: folds 
BGS013: folds 
JUANS2: raises $1.50 to $2.50
avstero: folds 
J0SHB0SH: folds 
ibo112008: folds 
Uncalled bet ($1.50) returned to JUANS2
JUANS2 collected $2.50 from pot
JUANS2: doesn't show hand 
*** SUMMARY ***
Total pot $2.50 | Rake $0 
Seat 1: BGS013 folded before Flop (didn't bet)
Seat 2: JUANS2 collected ($2.50)
Seat 3: avstero (button) folded before Flop (didn't bet)
Seat 4: J0SHB0SH (small blind) folded before Flop
Seat 5: ibo112008 (big blind) folded before Flop
Seat 6: Christianzt1 folded before Flop (didn't bet)



PokerStars Hand #254741630467:  Hold'em No Limit ($0.50/$1.00 USD) - 2025/02/06 23:12:32 WET [2025/02/06 18:12:32 ET]
Table 'Sakuntala II' 6-max Seat #4 is the button
Seat 1: BGS013 ($133.15 in chips) 
Seat 2: JUANS2 ($127.97 in chips) 
Seat 3: avstero ($104.56 in chips) 
Seat 4: J0SHB0SH ($105.30 in chips) 
Seat 5: ibo112008 ($43.55 in chips) 
Seat 6: Christianzt1 ($112.43 in chips) 
ibo112008: posts small blind $0.50
Christianzt1: posts big blind $1
*** HOLE CARDS ***
BGS013: folds 
JUANS2: folds 
avstero: folds 
J0SHB0SH: raises $1.50 to $2.50
ibo112008: folds 
Christianzt1: calls $1.50
*** FLOP *** [8s Qs Jc]
Christianzt1: checks 
J0SHB0SH: bets $3.92
Christianzt1: folds 
Uncalled bet ($3.92) returned to J0SHB0SH
J0SHB0SH collected $5.22 from pot
J0SHB0SH: doesn't show hand 
*** SUMMARY ***
Total pot $5.50 | Rake $0.28 
Board [8s Qs Jc]
Seat 1: BGS013 folded before Flop (didn't bet)
Seat 2: JUANS2 folded before Flop (didn't bet)
Seat 3: avstero folded before Flop (didn't bet)
Seat 4: J0SHB0SH (button) collected ($5.22)
Seat 5: ibo112008 (small blind) folded before Flop
Seat 6: Christianzt1 (big blind) folded on the Flop



PokerStars Hand #254741641329:  Hold'em No Limit ($0.50/$1.00 USD) - 2025/02/06 23:13:14 WET [2025/02/06 18:13:14 ET]
Table 'Sakuntala II' 6-max Seat #5 is the button
Seat 1: BGS013 ($133.15 in chips) 
Seat 2: JUANS2 ($127.97 in chips) 
Seat 3: avstero ($104.56 in chips) 
Seat 4: J0SHB0SH ($108.02 in chips) 
Seat 5: ibo112008 ($43.05 in chips) 
Seat 6: Christianzt1 ($109.93 in chips) 
Christianzt1: posts small blind $0.50
BGS013: posts big blind $1
*** HOLE CARDS ***
JUANS2: raises $1.50 to $2.50
avstero: folds 
J0SHB0SH: folds 
ibo112008 has timed out
ibo112008: folds 
Christianzt1: folds 
BGS013: calls $1.50
*** FLOP *** [6d 5c 6s]
BGS013: checks 
JUANS2: bets $2.50
BGS013: calls $2.50
*** TURN *** [6d 5c 6s] [7c]
BGS013: checks 
JUANS2: bets $7.50
BGS013: raises $15.50 to $23
JUANS2: folds 
Uncalled bet ($15.50) returned to BGS013
BGS013 collected $24.22 from pot
BGS013: doesn't show hand 
*** SUMMARY ***
Total pot $25.50 | Rake $1.28 
Board [6d 5c 6s 7c]
Seat 1: BGS013 (big blind) collected ($24.22)
Seat 2: JUANS2 folded on the Turn
Seat 3: avstero folded before Flop (didn't bet)
Seat 4: J0SHB0SH folded before Flop (didn't bet)
Seat 5: ibo112008 (button) folded before Flop (didn't bet)
Seat 6: Christianzt1 (small blind) folded before Flop



PokerStars Hand #254741677409:  Hold'em No Limit ($0.50/$1.00 USD) - 2025/02/06 23:15:34 WET [2025/02/06 18:15:34 ET]
Table 'Sakuntala II' 6-max Seat #6 is the button
Seat 1: BGS013 ($144.87 in chips) 
Seat 2: JUANS2 ($115.47 in chips) 
Seat 3: avstero ($104.56 in chips) 
Seat 4: J0SHB0SH ($108.02 in chips) 
Seat 5: ibo112008 ($43.05 in chips) 
Seat 6: Christianzt1 ($109.43 in chips) 
BGS013: posts small blind $0.50
JUANS2: posts big blind $1
*** HOLE CARDS ***
avstero: folds 
J0SHB0SH: folds 
ibo112008: folds 
Christianzt1: folds 
BGS013: raises $2 to $3
JUANS2: calls $2
*** FLOP *** [2h 6d 5h]
BGS013: checks 
JUANS2: bets $1.88
BGS013: calls $1.88
*** TURN *** [2h 6d 5h] [Js]
BGS013: checks 
JUANS2: checks 
*** RIVER *** [2h 6d 5h Js] [Ac]
BGS013: bets $7.23
JUANS2: folds 
Uncalled bet ($7.23) returned to BGS013
BGS013 collected $9.27 from pot
BGS013: doesn't show hand 
*** SUMMARY ***
Total pot $9.76 | Rake $0.49 
Board [2h 6d 5h Js Ac]
Seat 1: BGS013 (small blind) collected ($9.27)
Seat 2: JUANS2 (big blind) folded on the River
Seat 3: avstero folded before Flop (didn't bet)
Seat 4: J0SHB0SH folded before Flop (didn't bet)
Seat 5: ibo112008 folded before Flop (didn't bet)
Seat 6: Christianzt1 (button) folded before Flop (didn't bet)



PokerStars Hand #254741698656:  Hold'em No Limit ($0.50/$1.00 USD) - 2025/02/06 23:16:57 WET [2025/02/06 18:16:57 ET]
Table 'Sakuntala II' 6-max Seat #1 is the button
Seat 1: BGS013 ($149.26 in chips) 
Seat 2: JUANS2 ($110.59 in chips) 
Seat 3: avstero ($104.56 in chips) 
Seat 4: J0SHB0SH ($108.02 in chips) 
Seat 5: ibo112008 ($43.05 in chips) 
Seat 6: Christianzt1 ($109.43 in chips) 
JUANS2: posts small blind $0.50
avstero: posts big blind $1
*** HOLE CARDS ***
J0SHB0SH: folds 
ibo112008: calls $1
Christianzt1: raises $3 to $4
BGS013: raises $6 to $10
JUANS2: folds 
avstero: folds 
ibo112008: folds 
Christianzt1: folds 
Uncalled bet ($6) returned to BGS013
BGS013 collected $10.50 from pot
BGS013: doesn't show hand 
*** SUMMARY ***
Total pot $10.50 | Rake $0 
Seat 1: BGS013 (button) collected ($10.50)
Seat 2: JUANS2 (small blind) folded before Flop
Seat 3: avstero (big blind) folded before Flop
Seat 4: J0SHB0SH folded before Flop (didn't bet)
Seat 5: ibo112008 folded before Flop
Seat 6: Christianzt1 folded before Flop



PokerStars Hand #254741709339:  Hold'em No Limit ($0.50/$1.00 USD) - 2025/02/06 23:17:39 WET [2025/02/06 18:17:39 ET]
Table 'Sakuntala II' 6-max Seat #2 is the button
Seat 1: BGS013 ($155.76 in chips) 
Seat 2: JUANS2 ($110.09 in chips) 
Seat 3: avstero ($103.56 in chips) 
Seat 4: J0SHB0SH ($108.02 in chips) 
Seat 5: ibo112008 ($42.05 in chips) 
Seat 6: Christianzt1 ($105.43 in chips) 
avstero: posts small blind $0.50
J0SHB0SH: posts big blind $1
*** HOLE CARDS ***
ibo112008: calls $1
Christianzt1: folds 
BGS013: folds 
JUANS2: raises $4 to $5
avstero: folds 
J0SHB0SH: folds 
ibo112008: folds 
Uncalled bet ($4) returned to JUANS2
JUANS2 collected $3.50 from pot
JUANS2: doesn't show hand 
*** SUMMARY ***
Total pot $3.50 | Rake $0 
Seat 1: BGS013 folded before Flop (didn't bet)
Seat 2: JUANS2 (button) collected ($3.50)
Seat 3: avstero (small blind) folded before Flop
Seat 4: J0SHB0SH (big blind) folded before Flop
Seat 5: ibo112008 folded before Flop
Seat 6: Christianzt1 folded before Flop (didn't bet)



PokerStars Hand #254741717508:  Hold'em No Limit ($0.50/$1.00 USD) - 2025/02/06 23:18:11 WET [2025/02/06 18:18:11 ET]
Table 'Sakuntala II' 6-max Seat #3 is the button
Seat 1: BGS013 ($155.76 in chips) 
Seat 2: JUANS2 ($112.59 in chips) 
Seat 3: avstero ($103.06 in chips) 
Seat 4: J0SHB0SH ($107.02 in chips) 
Seat 5: ibo112008 ($41.05 in chips) 
Seat 6: Christianzt1 ($105.43 in chips) 
J0SHB0SH: posts small blind $0.50
ibo112008: posts big blind $1
*** HOLE CARDS ***
Christianzt1: folds 
BGS013: raises $1 to $2
JUANS2: folds 
avstero: folds 
J0SHB0SH: folds 
ibo112008: calls $1
*** FLOP *** [Th 5c 6d]
ibo112008: checks 
BGS013: bets $1.11
ibo112008: calls $1.11
*** TURN *** [Th 5c 6d] [3d]
ibo112008: checks 
BGS013: checks 
*** RIVER *** [Th 5c 6d 3d] [Ts]
ibo112008: bets $3.19
BGS013: calls $3.19
*** SHOW DOWN ***
ibo112008: shows [9d 8c] (a pair of Tens)
BGS013: shows [Qc Ad] (a pair of Tens - Ace kicker)
BGS013 collected $12.44 from pot
*** SUMMARY ***
Total pot $13.10 | Rake $0.66 
Board [Th 5c 6d 3d Ts]
Seat 1: BGS013 showed [Qc Ad] and won ($12.44) with a pair of Tens
Seat 2: JUANS2 folded before Flop (didn't bet)
Seat 3: avstero (button) folded before Flop (didn't bet)
Seat 4: J0SHB0SH (small blind) folded before Flop
Seat 5: ibo112008 (big blind) showed [9d 8c] and lost with a pair of Tens
Seat 6: Christianzt1 folded before Flop (didn't bet)



PokerStars Hand #254741735044:  Hold'em No Limit ($0.50/$1.00 USD) - 2025/02/06 23:19:19 WET [2025/02/06 18:19:19 ET]
Table 'Sakuntala II' 6-max Seat #4 is the button
Seat 1: BGS013 ($161.90 in chips) 
Seat 2: JUANS2 ($112.59 in chips) 
Seat 3: avstero ($103.06 in chips) 
Seat 4: J0SHB0SH ($106.52 in chips) 
Seat 5: ibo112008 ($34.75 in chips) 
Seat 6: Christianzt1 ($105.43 in chips) 
ibo112008: posts small blind $0.50
Christianzt1: posts big blind $1
*** HOLE CARDS ***
BGS013: raises $1 to $2
JUANS2: folds 
avstero: folds 
J0SHB0SH: folds 
ibo112008: folds 
Christianzt1: folds 
Uncalled bet ($1) returned to BGS013
BGS013 collected $2.50 from pot
ibo112008 leaves the table
BGS013: doesn't show hand 
*** SUMMARY ***
Total pot $2.50 | Rake $0 
Seat 1: BGS013 collected ($2.50)
Seat 2: JUANS2 folded before Flop (didn't bet)
Seat 3: avstero folded before Flop (didn't bet)
Seat 4: J0SHB0SH (button) folded before Flop (didn't bet)
Seat 5: ibo112008 (small blind) folded before Flop
Seat 6: Christianzt1 (big blind) folded before Flop



PokerStars Hand #254741738358:  Hold'em No Limit ($0.50/$1.00 USD) - 2025/02/06 23:19:33 WET [2025/02/06 18:19:33 ET]
Table 'Sakuntala II' 6-max Seat #6 is the button
Seat 1: BGS013 ($163.40 in chips) 
Seat 2: JUANS2 ($112.59 in chips) 
Seat 3: avstero ($103.06 in chips) 
Seat 4: J0SHB0SH ($106.52 in chips) 
Seat 6: Christianzt1 ($104.43 in chips) 
BGS013: posts small blind $0.50
JUANS2: posts big blind $1
*** HOLE CARDS ***
avstero: folds 
J0SHB0SH: folds 
Christianzt1: raises $1.50 to $2.50
BGS013: raises $8.50 to $11
JUANS2: folds 
Christianzt1: folds 
Uncalled bet ($8.50) returned to BGS013
BGS013 collected $6 from pot
BGS013: doesn't show hand 
*** SUMMARY ***
Total pot $6 | Rake $0 
Seat 1: BGS013 (small blind) collected ($6)
Seat 2: JUANS2 (big blind) folded before Flop
Seat 3: avstero folded before Flop (didn't bet)
Seat 4: J0SHB0SH folded before Flop (didn't bet)
Seat 6: Christianzt1 (button) folded before Flop



PokerStars Hand #254741745375:  Hold'em No Limit ($0.50/$1.00 USD) - 2025/02/06 23:20:00 WET [2025/02/06 18:20:00 ET]
Table 'Sakuntala II' 6-max Seat #1 is the button
Seat 1: BGS013 ($166.90 in chips) 
Seat 2: JUANS2 ($111.59 in chips) 
Seat 3: avstero ($103.06 in chips) 
Seat 4: J0SHB0SH ($106.52 in chips) 
Seat 6: Christianzt1 ($101.93 in chips) 
JUANS2: posts small blind $0.50
avstero: posts big blind $1
*** HOLE CARDS ***
J0SHB0SH: folds 
Christianzt1: folds 
BGS013: folds 
JUANS2: raises $2 to $3
avstero: folds 
Uncalled bet ($2) returned to JUANS2
JUANS2 collected $2 from pot
JUANS2: doesn't show hand 
*** SUMMARY ***
Total pot $2 | Rake $0 
Seat 1: BGS013 (button) folded before Flop (didn't bet)
Seat 2: JUANS2 (small blind) collected ($2)
Seat 3: avstero (big blind) folded before Flop
Seat 4: J0SHB0SH folded before Flop (didn't bet)
Seat 6: Christianzt1 folded before Flop (didn't bet)



PokerStars Hand #254741749973:  Hold'em No Limit ($0.50/$1.00 USD) - 2025/02/06 23:20:18 WET [2025/02/06 18:20:18 ET]
Table 'Sakuntala II' 6-max Seat #2 is the button
Seat 1: BGS013 ($166.90 in chips) 
Seat 2: JUANS2 ($112.59 in chips) 
Seat 3: avstero ($102.06 in chips) 
Seat 4: J0SHB0SH ($106.52 in chips) 
Seat 6: Christianzt1 ($101.93 in chips) 
avstero: posts small blind $0.50
J0SHB0SH: posts big blind $1
*** HOLE CARDS ***
Christianzt1: folds 
BGS013: folds 
JUANS2: folds 
avstero: raises $1.80 to $2.80
J0SHB0SH: calls $1.80
*** FLOP *** [3s Jh 3c]
avstero: bets $1.55
TonyMouss19 joins the table at seat #5 
TonyMouss19 is disconnected 
J0SHB0SH: folds 
Uncalled bet ($1.55) returned to avstero
avstero collected $5.32 from pot
avstero: doesn't show hand 
*** SUMMARY ***
Total pot $5.60 | Rake $0.28 
Board [3s Jh 3c]
Seat 1: BGS013 folded before Flop (didn't bet)
Seat 2: JUANS2 (button) folded before Flop (didn't bet)
Seat 3: avstero (small blind) collected ($5.32)
Seat 4: J0SHB0SH (big blind) folded on the Flop
Seat 6: Christianzt1 folded before Flop (didn't bet)



PokerStars Hand #254741758525:  Hold'em No Limit ($0.50/$1.00 USD) - 2025/02/06 23:20:52 WET [2025/02/06 18:20:52 ET]
Table 'Sakuntala II' 6-max Seat #3 is the button
Seat 1: BGS013 ($166.90 in chips) 
Seat 2: JUANS2 ($112.59 in chips) 
Seat 3: avstero ($104.58 in chips) 
Seat 4: J0SHB0SH ($103.72 in chips) 
Seat 5: TonyMouss19 ($10 in chips) 
Seat 6: Christianzt1 ($101.93 in chips) 
J0SHB0SH: posts small blind $0.50
TonyMouss19: posts big blind $1
*** HOLE CARDS ***
Christianzt1: folds 
BGS013: folds 
JUANS2: raises $1.50 to $2.50
avstero: folds 
J0SHB0SH: raises $9.50 to $12
TonyMouss19: calls $9 and is all-in
JUANS2: folds 
Uncalled bet ($2) returned to J0SHB0SH
*** FLOP *** [2h 3s As]
*** TURN *** [2h 3s As] [6h]
*** RIVER *** [2h 3s As 6h] [4h]
*** SHOW DOWN ***
J0SHB0SH: shows [Kc Kh] (a pair of Kings)
TonyMouss19: shows [8c 8h] (a pair of Eights)
J0SHB0SH collected $21.38 from pot
*** SUMMARY ***
Total pot $22.50 | Rake $1.12 
Board [2h 3s As 6h 4h]
Seat 1: BGS013 folded before Flop (didn't bet)
Seat 2: JUANS2 folded before Flop
Seat 3: avstero (button) folded before Flop (didn't bet)
Seat 4: J0SHB0SH (small blind) showed [Kc Kh] and won ($21.38) with a pair of Kings
Seat 5: TonyMouss19 (big blind) showed [8c 8h] and lost with a pair of Eights
Seat 6: Christianzt1 folded before Flop (didn't bet)



PokerStars Hand #254741768523:  Hold'em No Limit ($0.50/$1.00 USD) - 2025/02/06 23:21:31 WET [2025/02/06 18:21:31 ET]
Table 'Sakuntala II' 6-max Seat #4 is the button
Seat 5: TonyMouss19 ($0 in chips) is sitting out
Seat 1: BGS013 ($166.90 in chips) 
Seat 2: JUANS2 ($110.09 in chips) 
Seat 3: avstero ($104.58 in chips) 
Seat 4: J0SHB0SH ($115.10 in chips) 
Seat 6: Christianzt1 ($101.93 in chips) 
Christianzt1: posts small blind $0.50
BGS013: posts big blind $1
*** HOLE CARDS ***
JUANS2: folds 
avstero: folds 
J0SHB0SH: raises $1.50 to $2.50
TonyMouss19 leaves the table
Christianzt1: folds 
luckytom94 joins the table at seat #5 
luckytom94 is disconnected 
BGS013: folds 
Uncalled bet ($1.50) returned to J0SHB0SH
J0SHB0SH collected $2.50 from pot
J0SHB0SH: doesn't show hand 
*** SUMMARY ***
Total pot $2.50 | Rake $0 
Seat 5: TonyMouss19
Seat 1: BGS013 (big blind) folded before Flop
Seat 2: JUANS2 folded before Flop (didn't bet)
Seat 3: avstero folded before Flop (didn't bet)
Seat 4: J0SHB0SH (button) collected ($2.50)
Seat 6: Christianzt1 (small blind) folded before Flop



PokerStars Hand #254741774657:  Hold'em No Limit ($0.50/$1.00 USD) - 2025/02/06 23:21:55 WET [2025/02/06 18:21:55 ET]
Table 'Sakuntala II' 6-max Seat #6 is the button
Seat 5: luckytom94 ($30.37 in chips) is sitting out
Seat 1: BGS013 ($165.90 in chips) 
Seat 2: JUANS2 ($110.09 in chips) 
Seat 3: avstero ($104.58 in chips) 
Seat 4: J0SHB0SH ($116.60 in chips) 
Seat 6: Christianzt1 ($101.43 in chips) 
BGS013: posts small blind $0.50
JUANS2: posts big blind $1
luckytom94: sits out 
*** HOLE CARDS ***
avstero: folds 
J0SHB0SH: folds 
Christianzt1: raises $1.50 to $2.50
BGS013: folds 
JUANS2: folds 
Uncalled bet ($1.50) returned to Christianzt1
Christianzt1 collected $2.50 from pot
*** SUMMARY ***
Total pot $2.50 | Rake $0 
Seat 5: luckytom94
Seat 1: BGS013 (small blind) folded before Flop
Seat 2: JUANS2 (big blind) folded before Flop
Seat 3: avstero folded before Flop (didn't bet)
Seat 4: J0SHB0SH folded before Flop (didn't bet)
Seat 6: Christianzt1 (button) collected ($2.50)



PokerStars Hand #254741779794:  Hold'em No Limit ($0.50/$1.00 USD) - 2025/02/06 23:22:15 WET [2025/02/06 18:22:15 ET]
Table 'Sakuntala II' 6-max Seat #1 is the button
Seat 3: avstero ($104.58 in chips) is sitting out
Seat 5: luckytom94 ($30.37 in chips) is sitting out
Seat 1: BGS013 ($165.40 in chips) 
Seat 2: JUANS2 ($109.09 in chips) 
Seat 4: J0SHB0SH ($116.60 in chips) 
Seat 6: Christianzt1 ($102.93 in chips) 
JUANS2: posts small blind $0.50
avstero: is sitting out 
J0SHB0SH: posts big blind $1
luckytom94: sits out 
*** HOLE CARDS ***
Christianzt1: folds 
BGS013: raises $1.50 to $2.50
avstero leaves the table
JUANS2: folds 
J0SHB0SH: folds 
Uncalled bet ($1.50) returned to BGS013
BGS013 collected $2.50 from pot
BGS013: doesn't show hand 
*** SUMMARY ***
Total pot $2.50 | Rake $0 
Seat 3: avstero
Seat 5: luckytom94
Seat 1: BGS013 (button) collected ($2.50)
Seat 2: JUANS2 (small blind) folded before Flop
Seat 4: J0SHB0SH (big blind) folded before Flop
Seat 6: Christianzt1 folded before Flop (didn't bet)



PokerStars Hand #254741783241:  Hold'em No Limit ($0.50/$1.00 USD) - 2025/02/06 23:22:28 WET [2025/02/06 18:22:28 ET]
Table 'Sakuntala II' 6-max Seat #2 is the button
Seat 1: BGS013 ($166.90 in chips) 
Seat 2: JUANS2 ($108.59 in chips) 
Seat 4: J0SHB0SH ($115.60 in chips) 
Seat 5: luckytom94 ($30.37 in chips) 
Seat 6: Christianzt1 ($102.93 in chips) 
J0SHB0SH: posts small blind $0.50
luckytom94: posts big blind $1
*** HOLE CARDS ***
IREQO joins the table at seat #3 
Christianzt1: folds 
BGS013: folds 
JUANS2: folds 
J0SHB0SH: folds 
Uncalled bet ($0.50) returned to luckytom94
luckytom94 collected $1 from pot
*** SUMMARY ***
Total pot $1 | Rake $0 
Seat 1: BGS013 folded before Flop (didn't bet)
Seat 2: JUANS2 (button) folded before Flop (didn't bet)
Seat 4: J0SHB0SH (small blind) folded before Flop
Seat 5: luckytom94 (big blind) collected ($1)
Seat 6: Christianzt1 folded before Flop (didn't bet)



PokerStars Hand #254741789186:  Hold'em No Limit ($0.50/$1.00 USD) - 2025/02/06 23:22:52 WET [2025/02/06 18:22:52 ET]
Table 'Sakuntala II' 6-max Seat #4 is the button
Seat 3: IREQO ($100 in chips) is sitting out
Seat 6: Christianzt1 ($102.93 in chips) is sitting out
Seat 1: BGS013 ($166.90 in chips) 
Seat 2: JUANS2 ($108.59 in chips) 
Seat 4: J0SHB0SH ($115.10 in chips) 
Seat 5: luckytom94 ($30.87 in chips) 
luckytom94: posts small blind $0.50
Christianzt1: is sitting out 
BGS013: posts big blind $1
IREQO: sits out 
*** HOLE CARDS ***
JUANS2: raises $1.50 to $2.50
J0SHB0SH: folds 
luckytom94: folds 
BGS013: folds 
Uncalled bet ($1.50) returned to JUANS2
JUANS2 collected $2.50 from pot
JUANS2: doesn't show hand 
*** SUMMARY ***
Total pot $2.50 | Rake $0 
Seat 3: IREQO
Seat 6: Christianzt1
Seat 1: BGS013 (big blind) folded before Flop
Seat 2: JUANS2 collected ($2.50)
Seat 4: J0SHB0SH (button) folded before Flop (didn't bet)
Seat 5: luckytom94 (small blind) folded before Flop



PokerStars Hand #254741794703:  Hold'em No Limit ($0.50/$1.00 USD) - 2025/02/06 23:23:13 WET [2025/02/06 18:23:13 ET]
Table 'Sakuntala II' 6-max Seat #5 is the button
Seat 3: IREQO ($100 in chips) is sitting out
Seat 6: Christianzt1 ($102.93 in chips) is sitting out
Seat 1: BGS013 ($165.90 in chips) 
Seat 2: JUANS2 ($110.09 in chips) 
Seat 4: J0SHB0SH ($115.10 in chips) 
Seat 5: luckytom94 ($30.37 in chips) 
BGS013: posts small blind $0.50
JUANS2: posts big blind $1
IREQO: sits out 
*** HOLE CARDS ***
J0SHB0SH: folds 
luckytom94: calls $1
BGS013: folds 
JUANS2: checks 
*** FLOP *** [8h Ah 5h]
JUANS2: checks 
luckytom94: bets $2
JUANS2: folds 
Uncalled bet ($2) returned to luckytom94
luckytom94 collected $2.38 from pot
*** SUMMARY ***
Total pot $2.50 | Rake $0.12 
Board [8h Ah 5h]
Seat 3: IREQO
Seat 6: Christianzt1
Seat 1: BGS013 (small blind) folded before Flop
Seat 2: JUANS2 (big blind) folded on the Flop
Seat 4: J0SHB0SH folded before Flop (didn't bet)
Seat 5: luckytom94 (button) collected ($2.38)



PokerStars Hand #254741800257:  Hold'em No Limit ($0.50/$1.00 USD) - 2025/02/06 23:23:35 WET [2025/02/06 18:23:35 ET]
Table 'Sakuntala II' 6-max Seat #1 is the button
Seat 6: Christianzt1 ($102.93 in chips) is sitting out
Seat 1: BGS013 ($165.40 in chips) 
Seat 2: JUANS2 ($109.09 in chips) 
Seat 3: IREQO ($100 in chips) 
Seat 4: J0SHB0SH ($115.10 in chips) 
Seat 5: luckytom94 ($31.75 in chips) 
JUANS2: posts small blind $0.50
IREQO: posts big blind $1
Christianzt1: sits out 
*** HOLE CARDS ***
J0SHB0SH: folds 
luckytom94: folds 
BGS013: raises $1.50 to $2.50
JUANS2: folds 
IREQO: raises $8.50 to $11
BGS013: calls $8.50
*** FLOP *** [4s Ah 7s]
IREQO: bets $6
BGS013: folds 
Uncalled bet ($6) returned to IREQO
IREQO collected $21.38 from pot
IREQO: doesn't show hand 
*** SUMMARY ***
Total pot $22.50 | Rake $1.12 
Board [4s Ah 7s]
Seat 6: Christianzt1
Seat 1: BGS013 (button) folded on the Flop
Seat 2: JUANS2 (small blind) folded before Flop
Seat 3: IREQO (big blind) collected ($21.38)
Seat 4: J0SHB0SH folded before Flop (didn't bet)
Seat 5: luckytom94 folded before Flop (didn't bet)



PokerStars Hand #254741815548:  Hold'em No Limit ($0.50/$1.00 USD) - 2025/02/06 23:24:35 WET [2025/02/06 18:24:35 ET]
Table 'Sakuntala II' 6-max Seat #2 is the button
Seat 6: Christianzt1 ($102.93 in chips) is sitting out
Seat 1: BGS013 ($154.40 in chips) 
Seat 2: JUANS2 ($108.59 in chips) 
Seat 3: IREQO ($110.38 in chips) 
Seat 4: J0SHB0SH ($115.10 in chips) 
Seat 5: luckytom94 ($31.75 in chips) 
IREQO: posts small blind $0.50
J0SHB0SH: posts big blind $1
Christianzt1: sits out 
*** HOLE CARDS ***
luckytom94: folds 
BGS013: raises $1.50 to $2.50
JUANS2: raises $5 to $7.50
IREQO: folds 
J0SHB0SH: folds 
BGS013: calls $5
*** FLOP *** [Js 4s Ah]
BGS013: checks 
JUANS2: bets $5.17
BGS013: folds 
Uncalled bet ($5.17) returned to JUANS2
JUANS2 collected $15.68 from pot
JUANS2: doesn't show hand 
*** SUMMARY ***
Total pot $16.50 | Rake $0.82 
Board [Js 4s Ah]
Seat 6: Christianzt1
Seat 1: BGS013 folded on the Flop
Seat 2: JUANS2 (button) collected ($15.68)
Seat 3: IREQO (small blind) folded before Flop
Seat 4: J0SHB0SH (big blind) folded before Flop
Seat 5: luckytom94 folded before Flop (didn't bet)



PokerStars Hand #254741824154:  Hold'em No Limit ($0.50/$1.00 USD) - 2025/02/06 23:25:08 WET [2025/02/06 18:25:08 ET]
Table 'Sakuntala II' 6-max Seat #3 is the button
Seat 6: Christianzt1 ($102.93 in chips) is sitting out
Seat 1: BGS013 ($146.90 in chips) 
Seat 2: JUANS2 ($116.77 in chips) 
Seat 3: IREQO ($109.88 in chips) 
Seat 4: J0SHB0SH ($114.10 in chips) 
Seat 5: luckytom94 ($31.75 in chips) 
J0SHB0SH: posts small blind $0.50
luckytom94: posts big blind $1
Christianzt1: sits out 
*** HOLE CARDS ***
BGS013: folds 
JUANS2: folds 
IREQO: folds 
J0SHB0SH: folds 
Uncalled bet ($0.50) returned to luckytom94
luckytom94 collected $1 from pot
*** SUMMARY ***
Total pot $1 | Rake $0 
Seat 6: Christianzt1
Seat 1: BGS013 folded before Flop (didn't bet)
Seat 2: JUANS2 folded before Flop (didn't bet)
Seat 3: IREQO (button) folded before Flop (didn't bet)
Seat 4: J0SHB0SH (small blind) folded before Flop
Seat 5: luckytom94 (big blind) collected ($1)



PokerStars Hand #254741828226:  Hold'em No Limit ($0.50/$1.00 USD) - 2025/02/06 23:25:24 WET [2025/02/06 18:25:24 ET]
Table 'Sakuntala II' 6-max Seat #4 is the button
Seat 1: BGS013 ($146.90 in chips) 
Seat 2: JUANS2 ($116.77 in chips) 
Seat 3: IREQO ($109.88 in chips) 
Seat 4: J0SHB0SH ($113.60 in chips) 
Seat 5: luckytom94 ($32.25 in chips) 
Seat 6: Christianzt1 ($102.93 in chips) 
luckytom94: posts small blind $0.50
Christianzt1: posts big blind $1
*** HOLE CARDS ***
BGS013: folds 
JUANS2: folds 
IREQO: raises $1.50 to $2.50
J0SHB0SH: folds 
luckytom94: calls $2
Christianzt1: folds 
*** FLOP *** [Qs 4d 3c]
luckytom94: bets $4
IREQO: calls $4
*** TURN *** [Qs 4d 3c] [4s]
luckytom94: bets $5
IREQO: calls $5
*** RIVER *** [Qs 4d 3c 4s] [Ac]
luckytom94: bets $20.75 and is all-in
IREQO: calls $20.75
*** SHOW DOWN ***
luckytom94: shows [Jh Th] (a pair of Fours)
IREQO: shows [Qh Ks] (two pair, Queens and Fours)
IREQO collected $63 from pot
*** SUMMARY ***
Total pot $65.50 | Rake $2.50 
Board [Qs 4d 3c 4s Ac]
Seat 1: BGS013 folded before Flop (didn't bet)
Seat 2: JUANS2 folded before Flop (didn't bet)
Seat 3: IREQO showed [Qh Ks] and won ($63) with two pair, Queens and Fours
Seat 4: J0SHB0SH (button) folded before Flop (didn't bet)
Seat 5: luckytom94 (small blind) showed [Jh Th] and lost with a pair of Fours
Seat 6: Christianzt1 (big blind) folded before Flop



PokerStars Hand #254741849940:  Hold'em No Limit ($0.50/$1.00 USD) - 2025/02/06 23:26:50 WET [2025/02/06 18:26:50 ET]
Table 'Sakuntala II' 6-max Seat #6 is the button
Seat 5: luckytom94 ($0 in chips) is sitting out
Seat 1: BGS013 ($146.90 in chips) 
Seat 2: JUANS2 ($116.77 in chips) 
Seat 3: IREQO ($140.63 in chips) 
Seat 4: J0SHB0SH ($113.60 in chips) 
Seat 6: Christianzt1 ($101.93 in chips) 
BGS013: posts small blind $0.50
JUANS2: posts big blind $1
*** HOLE CARDS ***
IREQO: folds 
J0SHB0SH: raises $1.50 to $2.50
Christianzt1: folds 
BGS013: folds 
JUANS2: folds 
Uncalled bet ($1.50) returned to J0SHB0SH
J0SHB0SH collected $2.50 from pot
J0SHB0SH: doesn't show hand 
*** SUMMARY ***
Total pot $2.50 | Rake $0 
Seat 5: luckytom94
Seat 1: BGS013 (small blind) folded before Flop
Seat 2: JUANS2 (big blind) folded before Flop
Seat 3: IREQO folded before Flop (didn't bet)
Seat 4: J0SHB0SH collected ($2.50)
Seat 6: Christianzt1 (button) folded before Flop (didn't bet)



PokerStars Hand #254741854511:  Hold'em No Limit ($0.50/$1.00 USD) - 2025/02/06 23:27:08 WET [2025/02/06 18:27:08 ET]
Table 'Sakuntala II' 6-max Seat #1 is the button
Seat 3: IREQO ($140.63 in chips) is sitting out
Seat 5: luckytom94 ($0 in chips) is sitting out
Seat 1: BGS013 ($146.40 in chips) 
Seat 2: JUANS2 ($115.77 in chips) 
Seat 4: J0SHB0SH ($115.10 in chips) 
Seat 6: Christianzt1 ($101.93 in chips) 
JUANS2: posts small blind $0.50
IREQO: is sitting out 
J0SHB0SH: posts big blind $1
*** HOLE CARDS ***
luckytom94 leaves the table
Christianzt1: folds 
BGS013: raises $1.50 to $2.50
JUANS2: folds 
J0SHB0SH: folds 
Uncalled bet ($1.50) returned to BGS013
IREQO leaves the table
BGS013 collected $2.50 from pot
BGS013: doesn't show hand 
*** SUMMARY ***
Total pot $2.50 | Rake $0 
Seat 3: IREQO
Seat 5: luckytom94
Seat 1: BGS013 (button) collected ($2.50)
Seat 2: JUANS2 (small blind) folded before Flop
Seat 4: J0SHB0SH (big blind) folded before Flop
Seat 6: Christianzt1 folded before Flop (didn't bet)



PokerStars Hand #254741857720:  Hold'em No Limit ($0.50/$1.00 USD) - 2025/02/06 23:27:20 WET [2025/02/06 18:27:20 ET]
Table 'Sakuntala II' 6-max Seat #2 is the button
Seat 6: Christianzt1 ($101.93 in chips) is sitting out
Seat 1: BGS013 ($147.90 in chips) 
Seat 2: JUANS2 ($115.27 in chips) 
Seat 4: J0SHB0SH ($114.10 in chips) 
J0SHB0SH: posts small blind $0.50
Christianzt1: is sitting out 
BGS013: posts big blind $1
*** HOLE CARDS ***
JUANS2: folds 
Christianzt1 leaves the table
J0SHB0SH: folds 
Uncalled bet ($0.50) returned to BGS013
BGS013 collected $1 from pot
BGS013: doesn't show hand 
*** SUMMARY ***
Total pot $1 | Rake $0 
Seat 6: Christianzt1
Seat 1: BGS013 (big blind) collected ($1)
Seat 2: JUANS2 (button) folded before Flop (didn't bet)
Seat 4: J0SHB0SH (small blind) folded before Flop



PokerStars Hand #254741860363:  Hold'em No Limit ($0.50/$1.00 USD) - 2025/02/06 23:27:31 WET [2025/02/06 18:27:31 ET]
Table 'Sakuntala II' 6-max Seat #1 is the button
Seat 2: JUANS2 ($115.27 in chips) is sitting out
Seat 1: BGS013 ($148.40 in chips) 
Seat 4: J0SHB0SH ($113.60 in chips) 
BGS013: posts small blind $0.50
JUANS2: is sitting out 
J0SHB0SH: posts big blind $1
*** HOLE CARDS ***
BGS013: raises $1.50 to $2.50
J0SHB0SH: folds 
Uncalled bet ($1.50) returned to BGS013
BGS013 collected $2 from pot
BGS013: doesn't show hand 
*** SUMMARY ***
Total pot $2 | Rake $0 
Seat 2: JUANS2
Seat 1: BGS013 (button) (small blind) collected ($2)
Seat 4: J0SHB0SH (big blind) folded before Flop



PokerStars Hand #254741862998:  Hold'em No Limit ($0.50/$1.00 USD) - 2025/02/06 23:27:41 WET [2025/02/06 18:27:41 ET]
Table 'Sakuntala II' 6-max Seat #4 is the button
Seat 2: JUANS2 ($115.27 in chips) is sitting out
Seat 1: BGS013 ($149.40 in chips) 
Seat 4: J0SHB0SH ($112.60 in chips) 
J0SHB0SH: posts small blind $0.50
BGS013: posts big blind $1
*** HOLE CARDS ***
J0SHB0SH: folds 
Uncalled bet ($0.50) returned to BGS013
BGS013 collected $1 from pot
BGS013: doesn't show hand 
*** SUMMARY ***
Total pot $1 | Rake $0 
Seat 2: JUANS2
Seat 1: BGS013 (big blind) collected ($1)
Seat 4: J0SHB0SH (button) (small blind) folded before Flop



