PokerStars Hand #254735030424:  Hold'em No Limit ($0.50/$1.00 USD) - 2025/02/06 16:25:49 WET [2025/02/06 11:25:49 ET]
Table 'Hypatia II' 6-max Seat #6 is the button
Seat 1: Pippa83 ($100 in chips) 
Seat 2: gudrozd ($100 in chips) 
Seat 4: PayTaxOrDie ($82 in chips) 
Seat 6: ozstrike88 ($100 in chips) 
Pippa83: posts small blind $0.50
gudrozd: posts big blind $1
*** HOLE CARDS ***
avstero joins the table at seat #5 
PayTaxOrDie: folds 
ozstrike88: folds 
Pippa83: folds 
Uncalled bet ($0.50) returned to gudrozd
gudrozd collected $1 from pot
gudrozd: doesn't show hand 
*** SUMMARY ***
Total pot $1 | Rake $0 
Seat 1: Pippa83 (small blind) folded before Flop
Seat 2: gudrozd (big blind) collected ($1)
Seat 4: PayTaxOrDie folded before Flop (didn't bet)
Seat 6: ozstrike88 (button) folded before Flop (didn't bet)



PokerStars Hand #254735032145:  Hold'em No Limit ($0.50/$1.00 USD) - 2025/02/06 16:25:57 WET [2025/02/06 11:25:57 ET]
Table 'Hypatia II' 6-max Seat #1 is the button
Seat 5: avstero ($100 in chips) is sitting out
Seat 1: Pippa83 ($100 in chips) 
Seat 2: gudrozd ($100.50 in chips) 
Seat 4: PayTaxOrDie ($100 in chips) 
Seat 6: ozstrike88 ($100 in chips) 
gudrozd: posts small blind $0.50
PayTaxOrDie: posts big blind $1
avstero: sits out 
*** HOLE CARDS ***
ozstrike88: folds 
IREQO joins the table at seat #3 
Pippa83: raises $1.50 to $2.50
gudrozd: folds 
PayTaxOrDie: raises $10.50 to $13
Pippa83: folds 
Uncalled bet ($10.50) returned to PayTaxOrDie
PayTaxOrDie collected $5.50 from pot
PayTaxOrDie: doesn't show hand 
*** SUMMARY ***
Total pot $5.50 | Rake $0 
Seat 5: avstero
Seat 1: Pippa83 (button) folded before Flop
Seat 2: gudrozd (small blind) folded before Flop
Seat 4: PayTaxOrDie (big blind) collected ($5.50)
Seat 6: ozstrike88 folded before Flop (didn't bet)



PokerStars Hand #254735037861:  Hold'em No Limit ($0.50/$1.00 USD) - 2025/02/06 16:26:22 WET [2025/02/06 11:26:22 ET]
Table 'Hypatia II' 6-max Seat #2 is the button
Seat 3: IREQO ($10 in chips) is sitting out
Seat 1: Pippa83 ($100 in chips) 
Seat 2: gudrozd ($100 in chips) 
Seat 4: PayTaxOrDie ($103 in chips) 
Seat 5: avstero ($100 in chips) 
Seat 6: ozstrike88 ($100 in chips) 
PayTaxOrDie: posts small blind $0.50
avstero: posts big blind $1
*** HOLE CARDS ***
ozstrike88: folds 
Pippa83: raises $1.50 to $2.50
gudrozd: folds 
PayTaxOrDie: folds 
avstero: calls $1.50
*** FLOP *** [3c 3s 4d]
avstero: checks 
Pippa83: bets $1.72
avstero: folds 
Uncalled bet ($1.72) returned to Pippa83
Pippa83 collected $5.22 from pot
Pippa83: doesn't show hand 
*** SUMMARY ***
Total pot $5.50 | Rake $0.28 
Board [3c 3s 4d]
Seat 3: IREQO
Seat 1: Pippa83 collected ($5.22)
Seat 2: gudrozd (button) folded before Flop (didn't bet)
Seat 4: PayTaxOrDie (small blind) folded before Flop
Seat 5: avstero (big blind) folded on the Flop
Seat 6: ozstrike88 folded before Flop (didn't bet)



PokerStars Hand #254735049051:  Hold'em No Limit ($0.50/$1.00 USD) - 2025/02/06 16:27:13 WET [2025/02/06 11:27:13 ET]
Table 'Hypatia II' 6-max Seat #4 is the button
Seat 3: IREQO ($100 in chips) is sitting out
Seat 1: Pippa83 ($102.72 in chips) 
Seat 2: gudrozd ($100 in chips) 
Seat 4: PayTaxOrDie ($102.50 in chips) 
Seat 5: avstero ($100 in chips) 
Seat 6: ozstrike88 ($100 in chips) 
avstero: posts small blind $0.50
ozstrike88: posts big blind $1
IREQO: sits out 
*** HOLE CARDS ***
Pippa83: folds 
gudrozd: folds 
PayTaxOrDie: folds 
avstero: raises $1.80 to $2.80
ozstrike88: calls $1.80
*** FLOP *** [Jh 5h Qs]
avstero: bets $1.60
ozstrike88: raises $2.40 to $4
avstero: calls $2.40
*** TURN *** [Jh 5h Qs] [6d]
avstero: checks 
ozstrike88: checks 
*** RIVER *** [Jh 5h Qs 6d] [5s]
avstero: checks 
ozstrike88: checks 
*** SHOW DOWN ***
avstero: shows [9s 9h] (two pair, Nines and Fives)
ozstrike88: mucks hand 
avstero collected $12.92 from pot
*** SUMMARY ***
Total pot $13.60 | Rake $0.68 
Board [Jh 5h Qs 6d 5s]
Seat 3: IREQO
Seat 1: Pippa83 folded before Flop (didn't bet)
Seat 2: gudrozd folded before Flop (didn't bet)
Seat 4: PayTaxOrDie (button) folded before Flop (didn't bet)
Seat 5: avstero (small blind) showed [9s 9h] and won ($12.92) with two pair, Nines and Fives
Seat 6: ozstrike88 (big blind) mucked



PokerStars Hand #254735069577:  Hold'em No Limit ($0.50/$1.00 USD) - 2025/02/06 16:28:46 WET [2025/02/06 11:28:46 ET]
Table 'Hypatia II' 6-max Seat #5 is the button
Seat 3: IREQO ($100 in chips) is sitting out
Seat 1: Pippa83 ($102.72 in chips) 
Seat 2: gudrozd ($100 in chips) 
Seat 4: PayTaxOrDie ($102.50 in chips) 
Seat 5: avstero ($106.12 in chips) 
Seat 6: ozstrike88 ($93.20 in chips) 
ozstrike88: posts small blind $0.50
Pippa83: posts big blind $1
IREQO: sits out 
*** HOLE CARDS ***
gudrozd: raises $1.50 to $2.50
PayTaxOrDie: folds 
avstero: folds 
ozstrike88: folds 
Pippa83: calls $1.50
*** FLOP *** [8d Qs Ks]
Pippa83: checks 
gudrozd: bets $3.92
Pippa83: raises $9.80 to $13.72
gudrozd: raises $10.78 to $24.50
Pippa83: raises $75.72 to $100.22 and is all-in
gudrozd: calls $73 and is all-in
Uncalled bet ($2.72) returned to Pippa83
*** FIRST TURN *** [8d Qs Ks] [2h]
*** FIRST RIVER *** [8d Qs Ks 2h] [3h]
*** SECOND TURN *** [8d Qs Ks] [6d]
*** SECOND RIVER *** [8d Qs Ks 6d] [6s]
*** FIRST SHOW DOWN ***
Pippa83: shows [Kd Qc] (two pair, Kings and Queens)
gudrozd: shows [8c 8s] (three of a kind, Eights)
gudrozd collected $99 from pot
*** SECOND SHOW DOWN ***
Pippa83: shows [Kd Qc] (two pair, Kings and Queens)
gudrozd: shows [8c 8s] (a full house, Eights full of Sixes)
gudrozd collected $99 from pot
*** SUMMARY ***
Total pot $200.50 | Rake $2.50 
Hand was run twice
FIRST Board [8d Qs Ks 2h 3h]
SECOND Board [8d Qs Ks 6d 6s]
Seat 3: IREQO
Seat 1: Pippa83 (big blind) showed [Kd Qc] and lost with two pair, Kings and Queens, and lost with two pair, Kings and Queens
Seat 2: gudrozd showed [8c 8s] and won ($99) with three of a kind, Eights, and won ($99) with a full house, Eights full of Sixes
Seat 4: PayTaxOrDie folded before Flop (didn't bet)
Seat 5: avstero (button) folded before Flop (didn't bet)
Seat 6: ozstrike88 (small blind) folded before Flop



PokerStars Hand #254735089034:  Hold'em No Limit ($0.50/$1.00 USD) - 2025/02/06 16:30:12 WET [2025/02/06 11:30:12 ET]
Table 'Hypatia II' 6-max Seat #6 is the button
Seat 3: IREQO ($100 in chips) is sitting out
Seat 1: Pippa83 ($100 in chips) 
Seat 2: gudrozd ($198 in chips) 
Seat 4: PayTaxOrDie ($102.50 in chips) 
Seat 5: avstero ($106.12 in chips) 
Seat 6: ozstrike88 ($92.70 in chips) 
Pippa83: posts small blind $0.50
gudrozd: posts big blind $1
IREQO: sits out 
*** HOLE CARDS ***
PayTaxOrDie: folds 
avstero: folds 
ozstrike88: folds 
Pippa83: folds 
Uncalled bet ($0.50) returned to gudrozd
gudrozd collected $1 from pot
gudrozd: doesn't show hand 
*** SUMMARY ***
Total pot $1 | Rake $0 
Seat 3: IREQO
Seat 1: Pippa83 (small blind) folded before Flop
Seat 2: gudrozd (big blind) collected ($1)
Seat 4: PayTaxOrDie folded before Flop (didn't bet)
Seat 5: avstero folded before Flop (didn't bet)
Seat 6: ozstrike88 (button) folded before Flop (didn't bet)



PokerStars Hand #254735091341:  Hold'em No Limit ($0.50/$1.00 USD) - 2025/02/06 16:30:23 WET [2025/02/06 11:30:23 ET]
Table 'Hypatia II' 6-max Seat #1 is the button
Seat 1: Pippa83 ($100 in chips) 
Seat 2: gudrozd ($198.50 in chips) 
Seat 3: IREQO ($100 in chips) 
Seat 4: PayTaxOrDie ($102.50 in chips) 
Seat 5: avstero ($106.12 in chips) 
Seat 6: ozstrike88 ($92.70 in chips) 
gudrozd: posts small blind $0.50
IREQO: posts big blind $1
*** HOLE CARDS ***
PayTaxOrDie: folds 
avstero: folds 
ozstrike88: folds 
Pippa83: folds 
gudrozd: raises $2 to $3
IREQO: calls $2
*** FLOP *** [8s Js Tc]
gudrozd is disconnected 
gudrozd is connected 
gudrozd: bets $1.88
IREQO: calls $1.88
*** TURN *** [8s Js Tc] [Kd]
gudrozd has timed out
gudrozd: checks 
IREQO: checks 
*** RIVER *** [8s Js Tc Kd] [Ts]
gudrozd: checks 
IREQO: bets $9.27
gudrozd: calls $9.27
*** SHOW DOWN ***
IREQO: shows [Qc 8c] (two pair, Tens and Eights)
gudrozd: shows [Ac Qh] (a straight, Ten to Ace)
gudrozd collected $26.88 from pot
*** SUMMARY ***
Total pot $28.30 | Rake $1.42 
Board [8s Js Tc Kd Ts]
Seat 1: Pippa83 (button) folded before Flop (didn't bet)
Seat 2: gudrozd (small blind) showed [Ac Qh] and won ($26.88) with a straight, Ten to Ace
Seat 3: IREQO (big blind) showed [Qc 8c] and lost with two pair, Tens and Eights
Seat 4: PayTaxOrDie folded before Flop (didn't bet)
Seat 5: avstero folded before Flop (didn't bet)
Seat 6: ozstrike88 folded before Flop (didn't bet)



PokerStars Hand #254735119423:  Hold'em No Limit ($0.50/$1.00 USD) - 2025/02/06 16:32:29 WET [2025/02/06 11:32:29 ET]
Table 'Hypatia II' 6-max Seat #2 is the button
Seat 4: PayTaxOrDie ($102.50 in chips) is sitting out
Seat 1: Pippa83 ($100 in chips) 
Seat 2: gudrozd ($211.23 in chips) 
Seat 3: IREQO ($85.85 in chips) 
Seat 5: avstero ($106.12 in chips) 
Seat 6: ozstrike88 ($92.70 in chips) 
IREQO: posts small blind $0.50
PayTaxOrDie: is sitting out 
avstero: posts big blind $1
*** HOLE CARDS ***
ozstrike88: folds 
PayTaxOrDie leaves the table
Pippa83: raises $1.50 to $2.50
gudrozd: folds 
IREQO: folds 
avstero: folds 
Uncalled bet ($1.50) returned to Pippa83
Pippa83 collected $2.50 from pot
Pippa83: doesn't show hand 
Joe_Li7 joins the table at seat #4 
*** SUMMARY ***
Total pot $2.50 | Rake $0 
Seat 4: PayTaxOrDie
Seat 1: Pippa83 collected ($2.50)
Seat 2: gudrozd (button) folded before Flop (didn't bet)
Seat 3: IREQO (small blind) folded before Flop
Seat 5: avstero (big blind) folded before Flop
Seat 6: ozstrike88 folded before Flop (didn't bet)



PokerStars Hand #254735123921:  Hold'em No Limit ($0.50/$1.00 USD) - 2025/02/06 16:32:49 WET [2025/02/06 11:32:49 ET]
Table 'Hypatia II' 6-max Seat #3 is the button
Seat 4: Joe_Li7 ($100 in chips) is sitting out
Seat 1: Pippa83 ($101.50 in chips) 
Seat 2: gudrozd ($211.23 in chips) 
Seat 3: IREQO ($100 in chips) 
Seat 5: avstero ($105.12 in chips) 
Seat 6: ozstrike88 ($92.70 in chips) 
avstero: posts small blind $0.50
ozstrike88: posts big blind $1
*** HOLE CARDS ***
Pippa83: folds 
gudrozd: folds 
IREQO: folds 
avstero: raises $1.80 to $2.80
ozstrike88: calls $1.80
*** FLOP *** [7c Qh Kh]
avstero: bets $1.60
ozstrike88: calls $1.60
*** TURN *** [7c Qh Kh] [5h]
avstero: checks 
ozstrike88: checks 
*** RIVER *** [7c Qh Kh 5h] [Js]
avstero: checks 
ozstrike88: checks 
*** SHOW DOWN ***
avstero: shows [6d 5d] (a pair of Fives)
ozstrike88: shows [4c 7s] (a pair of Sevens)
ozstrike88 collected $8.36 from pot
*** SUMMARY ***
Total pot $8.80 | Rake $0.44 
Board [7c Qh Kh 5h Js]
Seat 4: Joe_Li7
Seat 1: Pippa83 folded before Flop (didn't bet)
Seat 2: gudrozd folded before Flop (didn't bet)
Seat 3: IREQO (button) folded before Flop (didn't bet)
Seat 5: avstero (small blind) showed [6d 5d] and lost with a pair of Fives
Seat 6: ozstrike88 (big blind) showed [4c 7s] and won ($8.36) with a pair of Sevens



PokerStars Hand #254735138886:  Hold'em No Limit ($0.50/$1.00 USD) - 2025/02/06 16:33:56 WET [2025/02/06 11:33:56 ET]
Table 'Hypatia II' 6-max Seat #5 is the button
Seat 4: Joe_Li7 ($100 in chips) is sitting out
Seat 1: Pippa83 ($101.50 in chips) 
Seat 2: gudrozd ($211.23 in chips) 
Seat 3: IREQO ($100 in chips) 
Seat 5: avstero ($100.72 in chips) 
Seat 6: ozstrike88 ($96.66 in chips) 
ozstrike88: posts small blind $0.50
Pippa83: posts big blind $1
Joe_Li7: sits out 
*** HOLE CARDS ***
gudrozd: raises $1.50 to $2.50
IREQO: folds 
avstero: folds 
ozstrike88: calls $2
Pippa83: calls $1.50
*** FLOP *** [Ad 5c 2d]
ozstrike88: checks 
Pippa83: checks 
gudrozd: checks 
*** TURN *** [Ad 5c 2d] [Js]
ozstrike88: checks 
Pippa83: checks 
gudrozd: bets $3.56
ozstrike88: folds 
Pippa83: calls $3.56
*** RIVER *** [Ad 5c 2d Js] [4h]
Pippa83: checks 
gudrozd: checks 
*** SHOW DOWN ***
Pippa83: shows [Jc Kd] (a pair of Jacks)
gudrozd: mucks hand 
Pippa83 collected $13.89 from pot
*** SUMMARY ***
Total pot $14.62 | Rake $0.73 
Board [Ad 5c 2d Js 4h]
Seat 4: Joe_Li7
Seat 1: Pippa83 (big blind) showed [Jc Kd] and won ($13.89) with a pair of Jacks
Seat 2: gudrozd mucked
Seat 3: IREQO folded before Flop (didn't bet)
Seat 5: avstero (button) folded before Flop (didn't bet)
Seat 6: ozstrike88 (small blind) folded on the Turn



PokerStars Hand #254735155114:  Hold'em No Limit ($0.50/$1.00 USD) - 2025/02/06 16:35:09 WET [2025/02/06 11:35:09 ET]
Table 'Hypatia II' 6-max Seat #6 is the button
Seat 2: gudrozd ($205.17 in chips) is sitting out
Seat 3: IREQO ($100 in chips) is sitting out
Seat 1: Pippa83 ($109.33 in chips) 
Seat 4: Joe_Li7 ($100 in chips) 
Seat 5: avstero ($100.72 in chips) 
Seat 6: ozstrike88 ($94.16 in chips) 
Pippa83: posts small blind $0.50
gudrozd: is sitting out 
IREQO: is sitting out 
Joe_Li7: posts big blind $1
*** HOLE CARDS ***
avstero: folds 
ozstrike88: folds 
Pippa83: raises $2 to $3
Joe_Li7: folds 
Uncalled bet ($2) returned to Pippa83
Pippa83 collected $2 from pot
Pippa83: doesn't show hand 
*** SUMMARY ***
Total pot $2 | Rake $0 
Seat 2: gudrozd
Seat 3: IREQO
Seat 1: Pippa83 (small blind) collected ($2)
Seat 4: Joe_Li7 (big blind) folded before Flop
Seat 5: avstero folded before Flop (didn't bet)
Seat 6: ozstrike88 (button) folded before Flop (didn't bet)



PokerStars Hand #254735157848:  Hold'em No Limit ($0.50/$1.00 USD) - 2025/02/06 16:35:21 WET [2025/02/06 11:35:21 ET]
Table 'Hypatia II' 6-max Seat #1 is the button
Seat 2: gudrozd ($205.17 in chips) is sitting out
Seat 3: IREQO ($100 in chips) is sitting out
Seat 1: Pippa83 ($110.33 in chips) 
Seat 4: Joe_Li7 ($100 in chips) 
Seat 5: avstero ($100.72 in chips) 
Seat 6: ozstrike88 ($94.16 in chips) 
Joe_Li7: posts small blind $0.50
avstero: posts big blind $1
*** HOLE CARDS ***
ozstrike88: raises $2 to $3
Pippa83: folds 
Joe_Li7: folds 
avstero: folds 
Uncalled bet ($2) returned to ozstrike88
ozstrike88 collected $2.50 from pot
*** SUMMARY ***
Total pot $2.50 | Rake $0 
Seat 2: gudrozd
Seat 3: IREQO
Seat 1: Pippa83 (button) folded before Flop (didn't bet)
Seat 4: Joe_Li7 (small blind) folded before Flop
Seat 5: avstero (big blind) folded before Flop
Seat 6: ozstrike88 collected ($2.50)



PokerStars Hand #254735161748:  Hold'em No Limit ($0.50/$1.00 USD) - 2025/02/06 16:35:38 WET [2025/02/06 11:35:38 ET]
Table 'Hypatia II' 6-max Seat #4 is the button
Seat 2: gudrozd ($205.17 in chips) is sitting out
Seat 3: IREQO ($100 in chips) is sitting out
Seat 1: Pippa83 ($110.33 in chips) 
Seat 4: Joe_Li7 ($100 in chips) 
Seat 5: avstero ($99.72 in chips) 
Seat 6: ozstrike88 ($95.66 in chips) 
avstero: posts small blind $0.50
ozstrike88: posts big blind $1
*** HOLE CARDS ***
IREQO leaves the table
Pippa83: folds 
gudrozd leaves the table
Joe_Li7: raises $1.50 to $2.50
avstero: folds 
ozstrike88: calls $1.50
*** FLOP *** [8d Ad Jd]
coeeeelho joins the table at seat #3 
ozstrike88: checks 
Joe_Li7: checks 
*** TURN *** [8d Ad Jd] [5h]
ZinePablo joins the table at seat #2 
ozstrike88: checks 
Joe_Li7: bets $3.50
ozstrike88: folds 
Uncalled bet ($3.50) returned to Joe_Li7
Joe_Li7 collected $5.22 from pot
*** SUMMARY ***
Total pot $5.50 | Rake $0.28 
Board [8d Ad Jd 5h]
Seat 2: gudrozd
Seat 3: IREQO
Seat 1: Pippa83 folded before Flop (didn't bet)
Seat 4: Joe_Li7 (button) collected ($5.22)
Seat 5: avstero (small blind) folded before Flop
Seat 6: ozstrike88 (big blind) folded on the Turn



PokerStars Hand #254735172578:  Hold'em No Limit ($0.50/$1.00 USD) - 2025/02/06 16:36:27 WET [2025/02/06 11:36:27 ET]
Table 'Hypatia II' 6-max Seat #5 is the button
Seat 2: ZinePablo ($100 in chips) is sitting out
Seat 3: coeeeelho ($100 in chips) is sitting out
Seat 1: Pippa83 ($110.33 in chips) 
Seat 4: Joe_Li7 ($102.72 in chips) 
Seat 5: avstero ($99.22 in chips) 
Seat 6: ozstrike88 ($93.16 in chips) 
ozstrike88: posts small blind $0.50
Pippa83: posts big blind $1
ZinePablo: sits out 
coeeeelho: sits out 
*** HOLE CARDS ***
Joe_Li7: raises $1.20 to $2.20
avstero: folds 
ozstrike88: folds 
Pippa83: folds 
Uncalled bet ($1.20) returned to Joe_Li7
Joe_Li7 collected $2.50 from pot
*** SUMMARY ***
Total pot $2.50 | Rake $0 
Seat 2: ZinePablo
Seat 3: coeeeelho
Seat 1: Pippa83 (big blind) folded before Flop
Seat 4: Joe_Li7 collected ($2.50)
Seat 5: avstero (button) folded before Flop (didn't bet)
Seat 6: ozstrike88 (small blind) folded before Flop



PokerStars Hand #254735176278:  Hold'em No Limit ($0.50/$1.00 USD) - 2025/02/06 16:36:43 WET [2025/02/06 11:36:43 ET]
Table 'Hypatia II' 6-max Seat #6 is the button
Seat 3: coeeeelho ($100 in chips) is sitting out
Seat 1: Pippa83 ($109.33 in chips) 
Seat 2: ZinePablo ($100 in chips) 
Seat 4: Joe_Li7 ($104.22 in chips) 
Seat 5: avstero ($99.22 in chips) 
Seat 6: ozstrike88 ($92.66 in chips) 
Pippa83: posts small blind $0.50
ZinePablo: posts big blind $1
coeeeelho: sits out 
*** HOLE CARDS ***
Joe_Li7: folds 
avstero: folds 
ozstrike88: raises $2.50 to $3.50
Pippa83: folds 
ZinePablo: calls $2.50
*** FLOP *** [4d 8c Qd]
ZinePablo: checks 
ozstrike88: bets $3.56
ZinePablo: folds 
Uncalled bet ($3.56) returned to ozstrike88
ozstrike88 collected $7.12 from pot
*** SUMMARY ***
Total pot $7.50 | Rake $0.38 
Board [4d 8c Qd]
Seat 3: coeeeelho
Seat 1: Pippa83 (small blind) folded before Flop
Seat 2: ZinePablo (big blind) folded on the Flop
Seat 4: Joe_Li7 folded before Flop (didn't bet)
Seat 5: avstero folded before Flop (didn't bet)
Seat 6: ozstrike88 (button) collected ($7.12)



PokerStars Hand #254735182673:  Hold'em No Limit ($0.50/$1.00 USD) - 2025/02/06 16:37:12 WET [2025/02/06 11:37:12 ET]
Table 'Hypatia II' 6-max Seat #1 is the button
Seat 1: Pippa83 ($108.83 in chips) 
Seat 2: ZinePablo ($100 in chips) 
Seat 3: coeeeelho ($100 in chips) 
Seat 4: Joe_Li7 ($104.22 in chips) 
Seat 5: avstero ($99.22 in chips) 
Seat 6: ozstrike88 ($96.28 in chips) 
ZinePablo: posts small blind $0.50
coeeeelho: posts big blind $1
*** HOLE CARDS ***
Joe_Li7: folds 
avstero: folds 
ozstrike88: raises $2.50 to $3.50
Pippa83: folds 
ZinePablo: folds 
coeeeelho: folds 
Uncalled bet ($2.50) returned to ozstrike88
ozstrike88 collected $2.50 from pot
*** SUMMARY ***
Total pot $2.50 | Rake $0 
Seat 1: Pippa83 (button) folded before Flop (didn't bet)
Seat 2: ZinePablo (small blind) folded before Flop
Seat 3: coeeeelho (big blind) folded before Flop
Seat 4: Joe_Li7 folded before Flop (didn't bet)
Seat 5: avstero folded before Flop (didn't bet)
Seat 6: ozstrike88 collected ($2.50)



PokerStars Hand #254735221925:  Hold'em No Limit ($0.50/$1.00 USD) - 2025/02/06 16:40:07 WET [2025/02/06 11:40:07 ET]
Table 'Hypatia II' 6-max Seat #5 is the button
Seat 1: Pippa83 ($108.83 in chips) 
Seat 2: ZinePablo ($104.27 in chips) 
Seat 3: coeeeelho ($101.50 in chips) 
Seat 4: Joe_Li7 ($108.11 in chips) 
Seat 5: avstero ($99.50 in chips) 
Seat 6: ozstrike88 ($93.56 in chips) 
ozstrike88: posts small blind $0.50
Pippa83: posts big blind $1
*** HOLE CARDS ***
ZinePablo: folds 
coeeeelho: folds 
Joe_Li7: folds 
avstero: folds 
ozstrike88: raises $2 to $3
Pippa83: folds 
Uncalled bet ($2) returned to ozstrike88
ozstrike88 collected $2 from pot
*** SUMMARY ***
Total pot $2 | Rake $0 
Seat 1: Pippa83 (big blind) folded before Flop
Seat 2: ZinePablo folded before Flop (didn't bet)
Seat 3: coeeeelho folded before Flop (didn't bet)
Seat 4: Joe_Li7 folded before Flop (didn't bet)
Seat 5: avstero (button) folded before Flop (didn't bet)
Seat 6: ozstrike88 (small blind) collected ($2)



PokerStars Hand #254735225835:  Hold'em No Limit ($0.50/$1.00 USD) - 2025/02/06 16:40:24 WET [2025/02/06 11:40:24 ET]
Table 'Hypatia II' 6-max Seat #6 is the button
Seat 1: Pippa83 ($107.83 in chips) 
Seat 2: ZinePablo ($104.27 in chips) 
Seat 3: coeeeelho ($101.50 in chips) 
Seat 4: Joe_Li7 ($108.11 in chips) 
Seat 5: avstero ($99.50 in chips) 
Seat 6: ozstrike88 ($94.56 in chips) 
Pippa83: posts small blind $0.50
ZinePablo: posts big blind $1
*** HOLE CARDS ***
coeeeelho: folds 
Joe_Li7: folds 
avstero: raises $1.20 to $2.20
ozstrike88: folds 
Pippa83: folds 
ZinePablo: folds 
Uncalled bet ($1.20) returned to avstero
avstero collected $2.50 from pot
avstero: doesn't show hand 
*** SUMMARY ***
Total pot $2.50 | Rake $0 
Seat 1: Pippa83 (small blind) folded before Flop
Seat 2: ZinePablo (big blind) folded before Flop
Seat 3: coeeeelho folded before Flop (didn't bet)
Seat 4: Joe_Li7 folded before Flop (didn't bet)
Seat 5: avstero collected ($2.50)
Seat 6: ozstrike88 (button) folded before Flop (didn't bet)



PokerStars Hand #254735230584:  Hold'em No Limit ($0.50/$1.00 USD) - 2025/02/06 16:40:45 WET [2025/02/06 11:40:45 ET]
Table 'Hypatia II' 6-max Seat #1 is the button
Seat 1: Pippa83 ($107.33 in chips) 
Seat 2: ZinePablo ($103.27 in chips) 
Seat 3: coeeeelho ($101.50 in chips) 
Seat 4: Joe_Li7 ($108.11 in chips) 
Seat 5: avstero ($101 in chips) 
Seat 6: ozstrike88 ($94.56 in chips) 
ZinePablo: posts small blind $0.50
coeeeelho: posts big blind $1
*** HOLE CARDS ***
Joe_Li7: folds 
avstero: folds 
ozstrike88: folds 
Pippa83: folds 
ZinePablo: folds 
Uncalled bet ($0.50) returned to coeeeelho
coeeeelho collected $1 from pot
*** SUMMARY ***
Total pot $1 | Rake $0 
Seat 1: Pippa83 (button) folded before Flop (didn't bet)
Seat 2: ZinePablo (small blind) folded before Flop
Seat 3: coeeeelho (big blind) collected ($1)
Seat 4: Joe_Li7 folded before Flop (didn't bet)
Seat 5: avstero folded before Flop (didn't bet)
Seat 6: ozstrike88 folded before Flop (didn't bet)



PokerStars Hand #254735234608:  Hold'em No Limit ($0.50/$1.00 USD) - 2025/02/06 16:41:03 WET [2025/02/06 11:41:03 ET]
Table 'Hypatia II' 6-max Seat #2 is the button
Seat 1: Pippa83 ($107.33 in chips) 
Seat 2: ZinePablo ($102.77 in chips) 
Seat 3: coeeeelho ($102 in chips) 
Seat 4: Joe_Li7 ($108.11 in chips) 
Seat 5: avstero ($101 in chips) 
Seat 6: ozstrike88 ($94.56 in chips) 
coeeeelho: posts small blind $0.50
Joe_Li7: posts big blind $1
*** HOLE CARDS ***
avstero: folds 
ozstrike88: folds 
Pippa83: folds 
ZinePablo: folds 
coeeeelho: folds 
Uncalled bet ($0.50) returned to Joe_Li7
Joe_Li7 collected $1 from pot
*** SUMMARY ***
Total pot $1 | Rake $0 
Seat 1: Pippa83 folded before Flop (didn't bet)
Seat 2: ZinePablo (button) folded before Flop (didn't bet)
Seat 3: coeeeelho (small blind) folded before Flop
Seat 4: Joe_Li7 (big blind) collected ($1)
Seat 5: avstero folded before Flop (didn't bet)
Seat 6: ozstrike88 folded before Flop (didn't bet)



PokerStars Hand #254735237011:  Hold'em No Limit ($0.50/$1.00 USD) - 2025/02/06 16:41:14 WET [2025/02/06 11:41:14 ET]
Table 'Hypatia II' 6-max Seat #3 is the button
Seat 1: Pippa83 ($107.33 in chips) 
Seat 2: ZinePablo ($102.77 in chips) 
Seat 3: coeeeelho ($101.50 in chips) 
Seat 4: Joe_Li7 ($108.61 in chips) 
Seat 5: avstero ($101 in chips) 
Seat 6: ozstrike88 ($94.56 in chips) 
Joe_Li7: posts small blind $0.50
avstero: posts big blind $1
*** HOLE CARDS ***
ozstrike88: folds 
Pippa83: folds 
ZinePablo: folds 
coeeeelho: folds 
Joe_Li7: raises $2 to $3
avstero: raises $6.50 to $9.50
Joe_Li7: folds 
Uncalled bet ($6.50) returned to avstero
avstero collected $6 from pot
avstero: doesn't show hand 
*** SUMMARY ***
Total pot $6 | Rake $0 
Seat 1: Pippa83 folded before Flop (didn't bet)
Seat 2: ZinePablo folded before Flop (didn't bet)
Seat 3: coeeeelho (button) folded before Flop (didn't bet)
Seat 4: Joe_Li7 (small blind) folded before Flop
Seat 5: avstero (big blind) collected ($6)
Seat 6: ozstrike88 folded before Flop (didn't bet)



PokerStars Hand #254735243708:  Hold'em No Limit ($0.50/$1.00 USD) - 2025/02/06 16:41:44 WET [2025/02/06 11:41:44 ET]
Table 'Hypatia II' 6-max Seat #4 is the button
Seat 1: Pippa83 ($107.33 in chips) 
Seat 2: ZinePablo ($102.77 in chips) 
Seat 3: coeeeelho ($101.50 in chips) 
Seat 4: Joe_Li7 ($105.61 in chips) 
Seat 5: avstero ($104 in chips) 
Seat 6: ozstrike88 ($94.56 in chips) 
avstero: posts small blind $0.50
ozstrike88: posts big blind $1
*** HOLE CARDS ***
Pippa83: folds 
ZinePablo: folds 
coeeeelho: folds 
Joe_Li7: folds 
avstero: folds 
Uncalled bet ($0.50) returned to ozstrike88
ozstrike88 collected $1 from pot
*** SUMMARY ***
Total pot $1 | Rake $0 
Seat 1: Pippa83 folded before Flop (didn't bet)
Seat 2: ZinePablo folded before Flop (didn't bet)
Seat 3: coeeeelho folded before Flop (didn't bet)
Seat 4: Joe_Li7 (button) folded before Flop (didn't bet)
Seat 5: avstero (small blind) folded before Flop
Seat 6: ozstrike88 (big blind) collected ($1)



PokerStars Hand #254735246945:  Hold'em No Limit ($0.50/$1.00 USD) - 2025/02/06 16:41:58 WET [2025/02/06 11:41:58 ET]
Table 'Hypatia II' 6-max Seat #5 is the button
Seat 1: Pippa83 ($107.33 in chips) 
Seat 2: ZinePablo ($102.77 in chips) 
Seat 3: coeeeelho ($101.50 in chips) 
Seat 4: Joe_Li7 ($105.61 in chips) 
Seat 5: avstero ($103.50 in chips) 
Seat 6: ozstrike88 ($95.06 in chips) 
ozstrike88: posts small blind $0.50
Pippa83: posts big blind $1
*** HOLE CARDS ***
ZinePablo: folds 
coeeeelho: folds 
Joe_Li7: raises $1.20 to $2.20
avstero: folds 
ozstrike88: folds 
Pippa83: folds 
Uncalled bet ($1.20) returned to Joe_Li7
Joe_Li7 collected $2.50 from pot
*** SUMMARY ***
Total pot $2.50 | Rake $0 
Seat 1: Pippa83 (big blind) folded before Flop
Seat 2: ZinePablo folded before Flop (didn't bet)
Seat 3: coeeeelho folded before Flop (didn't bet)
Seat 4: Joe_Li7 collected ($2.50)
Seat 5: avstero (button) folded before Flop (didn't bet)
Seat 6: ozstrike88 (small blind) folded before Flop



PokerStars Hand #254735251057:  Hold'em No Limit ($0.50/$1.00 USD) - 2025/02/06 16:42:16 WET [2025/02/06 11:42:16 ET]
Table 'Hypatia II' 6-max Seat #6 is the button
Seat 1: Pippa83 ($106.33 in chips) 
Seat 2: ZinePablo ($102.77 in chips) 
Seat 3: coeeeelho ($101.50 in chips) 
Seat 4: Joe_Li7 ($107.11 in chips) 
Seat 5: avstero ($103.50 in chips) 
Seat 6: ozstrike88 ($94.56 in chips) 
Pippa83: posts small blind $0.50
ZinePablo: posts big blind $1
*** HOLE CARDS ***
coeeeelho: raises $1.20 to $2.20
Joe_Li7: folds 
avstero: raises $4.80 to $7
ozstrike88: folds 
Pippa83: folds 
ZinePablo: folds 
coeeeelho: folds 
Uncalled bet ($4.80) returned to avstero
avstero collected $5.90 from pot
avstero: doesn't show hand 
*** SUMMARY ***
Total pot $5.90 | Rake $0 
Seat 1: Pippa83 (small blind) folded before Flop
Seat 2: ZinePablo (big blind) folded before Flop
Seat 3: coeeeelho folded before Flop
Seat 4: Joe_Li7 folded before Flop (didn't bet)
Seat 5: avstero collected ($5.90)
Seat 6: ozstrike88 (button) folded before Flop (didn't bet)



PokerStars Hand #254735255816:  Hold'em No Limit ($0.50/$1.00 USD) - 2025/02/06 16:42:37 WET [2025/02/06 11:42:37 ET]
Table 'Hypatia II' 6-max Seat #1 is the button
Seat 1: Pippa83 ($105.83 in chips) 
Seat 2: ZinePablo ($101.77 in chips) 
Seat 3: coeeeelho ($100 in chips) 
Seat 4: Joe_Li7 ($107.11 in chips) 
Seat 5: avstero ($107.20 in chips) 
Seat 6: ozstrike88 ($94.56 in chips) 
ZinePablo: posts small blind $0.50
coeeeelho: posts big blind $1
*** HOLE CARDS ***
Joe_Li7: folds 
avstero: folds 
ozstrike88: folds 
Pippa83: folds 
ZinePablo: folds 
Uncalled bet ($0.50) returned to coeeeelho
coeeeelho collected $1 from pot
*** SUMMARY ***
Total pot $1 | Rake $0 
Seat 1: Pippa83 (button) folded before Flop (didn't bet)
Seat 2: ZinePablo (small blind) folded before Flop
Seat 3: coeeeelho (big blind) collected ($1)
Seat 4: Joe_Li7 folded before Flop (didn't bet)
Seat 5: avstero folded before Flop (didn't bet)
Seat 6: ozstrike88 folded before Flop (didn't bet)



PokerStars Hand #254735259482:  Hold'em No Limit ($0.50/$1.00 USD) - 2025/02/06 16:42:54 WET [2025/02/06 11:42:54 ET]
Table 'Hypatia II' 6-max Seat #2 is the button
Seat 1: Pippa83 ($105.83 in chips) 
Seat 2: ZinePablo ($101.27 in chips) 
Seat 3: coeeeelho ($100.50 in chips) 
Seat 4: Joe_Li7 ($107.11 in chips) 
Seat 5: avstero ($107.20 in chips) 
Seat 6: ozstrike88 ($94.56 in chips) 
coeeeelho: posts small blind $0.50
Joe_Li7: posts big blind $1
*** HOLE CARDS ***
avstero: folds 
ozstrike88: folds 
Pippa83: raises $1.50 to $2.50
ZinePablo: folds 
coeeeelho: folds 
Joe_Li7: raises $8.50 to $11
Pippa83: folds 
Uncalled bet ($8.50) returned to Joe_Li7
Joe_Li7 collected $5.50 from pot
*** SUMMARY ***
Total pot $5.50 | Rake $0 
Seat 1: Pippa83 folded before Flop
Seat 2: ZinePablo (button) folded before Flop (didn't bet)
Seat 3: coeeeelho (small blind) folded before Flop
Seat 4: Joe_Li7 (big blind) collected ($5.50)
Seat 5: avstero folded before Flop (didn't bet)
Seat 6: ozstrike88 folded before Flop (didn't bet)



PokerStars Hand #254735265899:  Hold'em No Limit ($0.50/$1.00 USD) - 2025/02/06 16:43:22 WET [2025/02/06 11:43:22 ET]
Table 'Hypatia II' 6-max Seat #3 is the button
Seat 1: Pippa83 ($103.33 in chips) 
Seat 2: ZinePablo ($101.27 in chips) 
Seat 3: coeeeelho ($100 in chips) 
Seat 4: Joe_Li7 ($110.11 in chips) 
Seat 5: avstero ($107.20 in chips) 
Seat 6: ozstrike88 ($94.56 in chips) 
Joe_Li7: posts small blind $0.50
avstero: posts big blind $1
*** HOLE CARDS ***
ozstrike88: raises $2.50 to $3.50
Pippa83: folds 
ZinePablo: folds 
coeeeelho: folds 
Joe_Li7: folds 
avstero: folds 
Uncalled bet ($2.50) returned to ozstrike88
ozstrike88 collected $2.50 from pot
*** SUMMARY ***
Total pot $2.50 | Rake $0 
Seat 1: Pippa83 folded before Flop (didn't bet)
Seat 2: ZinePablo folded before Flop (didn't bet)
Seat 3: coeeeelho (button) folded before Flop (didn't bet)
Seat 4: Joe_Li7 (small blind) folded before Flop
Seat 5: avstero (big blind) folded before Flop
Seat 6: ozstrike88 collected ($2.50)



PokerStars Hand #254735268509:  Hold'em No Limit ($0.50/$1.00 USD) - 2025/02/06 16:43:34 WET [2025/02/06 11:43:34 ET]
Table 'Hypatia II' 6-max Seat #4 is the button
Seat 1: Pippa83 ($103.33 in chips) 
Seat 2: ZinePablo ($101.27 in chips) 
Seat 3: coeeeelho ($100 in chips) 
Seat 4: Joe_Li7 ($109.61 in chips) 
Seat 5: avstero ($106.20 in chips) 
Seat 6: ozstrike88 ($96.06 in chips) 
avstero: posts small blind $0.50
ozstrike88: posts big blind $1
*** HOLE CARDS ***
Pippa83: folds 
ZinePablo: folds 
coeeeelho: folds 
Joe_Li7: folds 
avstero: raises $1.20 to $2.20
ozstrike88: folds 
Uncalled bet ($1.20) returned to avstero
avstero collected $2 from pot
avstero: doesn't show hand 
*** SUMMARY ***
Total pot $2 | Rake $0 
Seat 1: Pippa83 folded before Flop (didn't bet)
Seat 2: ZinePablo folded before Flop (didn't bet)
Seat 3: coeeeelho folded before Flop (didn't bet)
Seat 4: Joe_Li7 (button) folded before Flop (didn't bet)
Seat 5: avstero (small blind) collected ($2)
Seat 6: ozstrike88 (big blind) folded before Flop



PokerStars Hand #254735271310:  Hold'em No Limit ($0.50/$1.00 USD) - 2025/02/06 16:43:46 WET [2025/02/06 11:43:46 ET]
Table 'Hypatia II' 6-max Seat #5 is the button
Seat 1: Pippa83 ($103.33 in chips) 
Seat 2: ZinePablo ($101.27 in chips) 
Seat 3: coeeeelho ($100 in chips) 
Seat 4: Joe_Li7 ($109.61 in chips) 
Seat 5: avstero ($107.20 in chips) 
Seat 6: ozstrike88 ($95.06 in chips) 
ozstrike88: posts small blind $0.50
Pippa83: posts big blind $1
*** HOLE CARDS ***
ZinePablo: folds 
coeeeelho: folds 
Joe_Li7: raises $1.20 to $2.20
avstero: folds 
ozstrike88: folds 
Pippa83: folds 
Uncalled bet ($1.20) returned to Joe_Li7
Joe_Li7 collected $2.50 from pot
*** SUMMARY ***
Total pot $2.50 | Rake $0 
Seat 1: Pippa83 (big blind) folded before Flop
Seat 2: ZinePablo folded before Flop (didn't bet)
Seat 3: coeeeelho folded before Flop (didn't bet)
Seat 4: Joe_Li7 collected ($2.50)
Seat 5: avstero (button) folded before Flop (didn't bet)
Seat 6: ozstrike88 (small blind) folded before Flop



PokerStars Hand #254735274966:  Hold'em No Limit ($0.50/$1.00 USD) - 2025/02/06 16:44:03 WET [2025/02/06 11:44:03 ET]
Table 'Hypatia II' 6-max Seat #6 is the button
Seat 1: Pippa83 ($102.33 in chips) 
Seat 2: ZinePablo ($101.27 in chips) 
Seat 3: coeeeelho ($100 in chips) 
Seat 4: Joe_Li7 ($111.11 in chips) 
Seat 5: avstero ($107.20 in chips) 
Seat 6: ozstrike88 ($94.56 in chips) 
Pippa83: posts small blind $0.50
ZinePablo: posts big blind $1
*** HOLE CARDS ***
coeeeelho: folds 
Joe_Li7: folds 
avstero: raises $1.20 to $2.20
ozstrike88: folds 
Pippa83: raises $8.30 to $10.50
ZinePablo: folds 
avstero: folds 
Uncalled bet ($8.30) returned to Pippa83
Pippa83 collected $5.40 from pot
Pippa83: doesn't show hand 
*** SUMMARY ***
Total pot $5.40 | Rake $0 
Seat 1: Pippa83 (small blind) collected ($5.40)
Seat 2: ZinePablo (big blind) folded before Flop
Seat 3: coeeeelho folded before Flop (didn't bet)
Seat 4: Joe_Li7 folded before Flop (didn't bet)
Seat 5: avstero folded before Flop
Seat 6: ozstrike88 (button) folded before Flop (didn't bet)



PokerStars Hand #254735280946:  Hold'em No Limit ($0.50/$1.00 USD) - 2025/02/06 16:44:29 WET [2025/02/06 11:44:29 ET]
Table 'Hypatia II' 6-max Seat #1 is the button
Seat 1: Pippa83 ($105.53 in chips) 
Seat 2: ZinePablo ($100.27 in chips) 
Seat 3: coeeeelho ($100 in chips) 
Seat 4: Joe_Li7 ($111.11 in chips) 
Seat 5: avstero ($105 in chips) 
Seat 6: ozstrike88 ($94.56 in chips) 
ZinePablo: posts small blind $0.50
coeeeelho: posts big blind $1
*** HOLE CARDS ***
Joe_Li7: folds 
avstero: folds 
ozstrike88: raises $2.50 to $3.50
Pippa83: folds 
ZinePablo: folds 
coeeeelho: folds 
Uncalled bet ($2.50) returned to ozstrike88
ozstrike88 collected $2.50 from pot
*** SUMMARY ***
Total pot $2.50 | Rake $0 
Seat 1: Pippa83 (button) folded before Flop (didn't bet)
Seat 2: ZinePablo (small blind) folded before Flop
Seat 3: coeeeelho (big blind) folded before Flop
Seat 4: Joe_Li7 folded before Flop (didn't bet)
Seat 5: avstero folded before Flop (didn't bet)
Seat 6: ozstrike88 collected ($2.50)



PokerStars Hand #254735287021:  Hold'em No Limit ($0.50/$1.00 USD) - 2025/02/06 16:44:56 WET [2025/02/06 11:44:56 ET]
Table 'Hypatia II' 6-max Seat #2 is the button
Seat 1: Pippa83 ($105.53 in chips) 
Seat 2: ZinePablo ($100 in chips) 
Seat 3: coeeeelho ($100 in chips) 
Seat 4: Joe_Li7 ($111.11 in chips) 
Seat 5: avstero ($105 in chips) 
Seat 6: ozstrike88 ($96.06 in chips) 
coeeeelho: posts small blind $0.50
Joe_Li7: posts big blind $1
*** HOLE CARDS ***
avstero: folds 
ozstrike88: raises $2.50 to $3.50
Pippa83: folds 
ZinePablo: folds 
coeeeelho: folds 
Joe_Li7: folds 
Uncalled bet ($2.50) returned to ozstrike88
ozstrike88 collected $2.50 from pot
*** SUMMARY ***
Total pot $2.50 | Rake $0 
Seat 1: Pippa83 folded before Flop (didn't bet)
Seat 2: ZinePablo (button) folded before Flop (didn't bet)
Seat 3: coeeeelho (small blind) folded before Flop
Seat 4: Joe_Li7 (big blind) folded before Flop
Seat 5: avstero folded before Flop (didn't bet)
Seat 6: ozstrike88 collected ($2.50)



PokerStars Hand #254735291752:  Hold'em No Limit ($0.50/$1.00 USD) - 2025/02/06 16:45:17 WET [2025/02/06 11:45:17 ET]
Table 'Hypatia II' 6-max Seat #3 is the button
Seat 1: Pippa83 ($105.53 in chips) 
Seat 2: ZinePablo ($100 in chips) 
Seat 3: coeeeelho ($100 in chips) 
Seat 4: Joe_Li7 ($110.11 in chips) 
Seat 5: avstero ($105 in chips) 
Seat 6: ozstrike88 ($97.56 in chips) 
Joe_Li7: posts small blind $0.50
avstero: posts big blind $1
*** HOLE CARDS ***
ozstrike88: folds 
Pippa83: folds 
ZinePablo: folds 
coeeeelho: raises $1.20 to $2.20
Joe_Li7: raises $8.30 to $10.50
avstero: folds 
coeeeelho: calls $8.30
*** FLOP *** [Js Jd Qd]
Joe_Li7: bets $5.23
coeeeelho: calls $5.23
*** TURN *** [Js Jd Qd] [Kh]
Joe_Li7: bets $18.48
coeeeelho: folds 
Uncalled bet ($18.48) returned to Joe_Li7
Joe_Li7 collected $30.84 from pot
*** SUMMARY ***
Total pot $32.46 | Rake $1.62 
Board [Js Jd Qd Kh]
Seat 1: Pippa83 folded before Flop (didn't bet)
Seat 2: ZinePablo folded before Flop (didn't bet)
Seat 3: coeeeelho (button) folded on the Turn
Seat 4: Joe_Li7 (small blind) collected ($30.84)
Seat 5: avstero (big blind) folded before Flop
Seat 6: ozstrike88 folded before Flop (didn't bet)



PokerStars Hand #254735310218:  Hold'em No Limit ($0.50/$1.00 USD) - 2025/02/06 16:46:39 WET [2025/02/06 11:46:39 ET]
Table 'Hypatia II' 6-max Seat #4 is the button
Seat 1: Pippa83 ($105.53 in chips) 
Seat 2: ZinePablo ($100 in chips) 
Seat 3: coeeeelho ($100 in chips) 
Seat 4: Joe_Li7 ($125.22 in chips) 
Seat 5: avstero ($104 in chips) 
Seat 6: ozstrike88 ($97.56 in chips) 
avstero: posts small blind $0.50
ozstrike88: posts big blind $1
*** HOLE CARDS ***
Pippa83: folds 
Pippa83 leaves the table
ZinePablo: folds 
coeeeelho: folds 
Joe_Li7: raises $1.50 to $2.50
avstero: folds 
ozstrike88: folds 
Uncalled bet ($1.50) returned to Joe_Li7
Joe_Li7 collected $2.50 from pot
*** SUMMARY ***
Total pot $2.50 | Rake $0 
Seat 1: Pippa83 folded before Flop (didn't bet)
Seat 2: ZinePablo folded before Flop (didn't bet)
Seat 3: coeeeelho folded before Flop (didn't bet)
Seat 4: Joe_Li7 (button) collected ($2.50)
Seat 5: avstero (small blind) folded before Flop
Seat 6: ozstrike88 (big blind) folded before Flop



PokerStars Hand #254735314771:  Hold'em No Limit ($0.50/$1.00 USD) - 2025/02/06 16:46:59 WET [2025/02/06 11:46:59 ET]
Table 'Hypatia II' 6-max Seat #5 is the button
Seat 2: ZinePablo ($100 in chips) 
Seat 3: coeeeelho ($100 in chips) 
Seat 4: Joe_Li7 ($126.72 in chips) 
Seat 5: avstero ($103.50 in chips) 
Seat 6: ozstrike88 ($96.56 in chips) 
ozstrike88: posts small blind $0.50
ZinePablo: posts big blind $1
*** HOLE CARDS ***
coeeeelho: folds 
Joe_Li7: folds 
avstero: folds 
ozstrike88: raises $2 to $3
ZinePablo: folds 
Uncalled bet ($2) returned to ozstrike88
ozstrike88 collected $2 from pot
*** SUMMARY ***
Total pot $2 | Rake $0 
Seat 2: ZinePablo (big blind) folded before Flop
Seat 3: coeeeelho folded before Flop (didn't bet)
Seat 4: Joe_Li7 folded before Flop (didn't bet)
Seat 5: avstero (button) folded before Flop (didn't bet)
Seat 6: ozstrike88 (small blind) collected ($2)



PokerStars Hand #254735320465:  Hold'em No Limit ($0.50/$1.00 USD) - 2025/02/06 16:47:24 WET [2025/02/06 11:47:24 ET]
Table 'Hypatia II' 6-max Seat #6 is the button
Seat 2: ZinePablo ($100 in chips) 
Seat 3: coeeeelho ($100 in chips) 
Seat 4: Joe_Li7 ($126.72 in chips) 
Seat 5: avstero ($103.50 in chips) 
Seat 6: ozstrike88 ($97.56 in chips) 
ZinePablo: posts small blind $0.50
coeeeelho: posts big blind $1
*** HOLE CARDS ***
Joe_Li7: folds 
avstero: raises $1.20 to $2.20
ozstrike88: folds 
ZinePablo: folds 
coeeeelho: folds 
Uncalled bet ($1.20) returned to avstero
avstero collected $2.50 from pot
avstero: doesn't show hand 
*** SUMMARY ***
Total pot $2.50 | Rake $0 
Seat 2: ZinePablo (small blind) folded before Flop
Seat 3: coeeeelho (big blind) folded before Flop
Seat 4: Joe_Li7 folded before Flop (didn't bet)
Seat 5: avstero collected ($2.50)
Seat 6: ozstrike88 (button) folded before Flop (didn't bet)



PokerStars Hand #254735322934:  Hold'em No Limit ($0.50/$1.00 USD) - 2025/02/06 16:47:35 WET [2025/02/06 11:47:35 ET]
Table 'Hypatia II' 6-max Seat #2 is the button
Seat 2: ZinePablo ($100 in chips) 
Seat 3: coeeeelho ($100 in chips) 
Seat 4: Joe_Li7 ($126.72 in chips) 
Seat 5: avstero ($105 in chips) 
Seat 6: ozstrike88 ($97.56 in chips) 
coeeeelho: posts small blind $0.50
Joe_Li7: posts big blind $1
*** HOLE CARDS ***
avstero: folds 
ozstrike88: folds 
ZinePablo: raises $1.50 to $2.50
coeeeelho: folds 
Joe_Li7: calls $1.50
*** FLOP *** [7h Td 5c]
Joe_Li7: checks 
ZinePablo: bets $1.72
Joe_Li7: raises $4.33 to $6.05
ZinePablo: folds 
Uncalled bet ($4.33) returned to Joe_Li7
Joe_Li7 collected $8.49 from pot
*** SUMMARY ***
Total pot $8.94 | Rake $0.45 
Board [7h Td 5c]
Seat 2: ZinePablo (button) folded on the Flop
Seat 3: coeeeelho (small blind) folded before Flop
Seat 4: Joe_Li7 (big blind) collected ($8.49)
Seat 5: avstero folded before Flop (didn't bet)
Seat 6: ozstrike88 folded before Flop (didn't bet)



PokerStars Hand #254735334318:  Hold'em No Limit ($0.50/$1.00 USD) - 2025/02/06 16:48:25 WET [2025/02/06 11:48:25 ET]
Table 'Hypatia II' 6-max Seat #3 is the button
Seat 2: ZinePablo ($100 in chips) 
Seat 3: coeeeelho ($100 in chips) 
Seat 4: Joe_Li7 ($130.99 in chips) 
Seat 5: avstero ($105 in chips) 
Seat 6: ozstrike88 ($97.56 in chips) 
Joe_Li7: posts small blind $0.50
avstero: posts big blind $1
*** HOLE CARDS ***
ozstrike88: raises $2.50 to $3.50
ZinePablo: folds 
coeeeelho: folds 
Joe_Li7: folds 
avstero: raises $6.50 to $10
ozstrike88: calls $6.50
*** FLOP *** [9d 8s 6d]
avstero: checks 
ozstrike88: checks 
*** TURN *** [9d 8s 6d] [Jh]
avstero: checks 
ozstrike88: checks 
*** RIVER *** [9d 8s 6d Jh] [Ks]
BoyLoc0 joins the table at seat #1 
avstero: bets $12.20
ozstrike88: calls $12.20
*** SHOW DOWN ***
avstero: shows [Kc As] (a pair of Kings)
ozstrike88: shows [Jd Kd] (two pair, Kings and Jacks)
ozstrike88 collected $42.66 from pot
*** SUMMARY ***
Total pot $44.90 | Rake $2.24 
Board [9d 8s 6d Jh Ks]
Seat 2: ZinePablo folded before Flop (didn't bet)
Seat 3: coeeeelho (button) folded before Flop (didn't bet)
Seat 4: Joe_Li7 (small blind) folded before Flop
Seat 5: avstero (big blind) showed [Kc As] and lost with a pair of Kings
Seat 6: ozstrike88 showed [Jd Kd] and won ($42.66) with two pair, Kings and Jacks



PokerStars Hand #254735356987:  Hold'em No Limit ($0.50/$1.00 USD) - 2025/02/06 16:50:03 WET [2025/02/06 11:50:03 ET]
Table 'Hypatia II' 6-max Seat #4 is the button
Seat 1: BoyLoc0 ($100 in chips) is sitting out
Seat 2: ZinePablo ($100 in chips) 
Seat 3: coeeeelho ($100 in chips) 
Seat 4: Joe_Li7 ($130.49 in chips) 
Seat 5: avstero ($100 in chips) 
Seat 6: ozstrike88 ($118.02 in chips) 
avstero: posts small blind $0.50
ozstrike88: posts big blind $1
BoyLoc0: sits out 
*** HOLE CARDS ***
ZinePablo: folds 
coeeeelho: folds 
Joe_Li7: folds 
avstero: raises $1.80 to $2.80
ozstrike88: folds 
Uncalled bet ($1.80) returned to avstero
avstero collected $2 from pot
avstero: doesn't show hand 
*** SUMMARY ***
Total pot $2 | Rake $0 
Seat 1: BoyLoc0
Seat 2: ZinePablo folded before Flop (didn't bet)
Seat 3: coeeeelho folded before Flop (didn't bet)
Seat 4: Joe_Li7 (button) folded before Flop (didn't bet)
Seat 5: avstero (small blind) collected ($2)
Seat 6: ozstrike88 (big blind) folded before Flop



PokerStars Hand #254735360048:  Hold'em No Limit ($0.50/$1.00 USD) - 2025/02/06 16:50:16 WET [2025/02/06 11:50:16 ET]
Table 'Hypatia II' 6-max Seat #5 is the button
Seat 1: BoyLoc0 ($100 in chips) 
Seat 2: ZinePablo ($100 in chips) 
Seat 3: coeeeelho ($100 in chips) 
Seat 4: Joe_Li7 ($130.49 in chips) 
Seat 5: avstero ($101 in chips) 
Seat 6: ozstrike88 ($117.02 in chips) 
ozstrike88: posts small blind $0.50
BoyLoc0: posts big blind $1
*** HOLE CARDS ***
ZinePablo: raises $1.50 to $2.50
coeeeelho: folds 
Joe_Li7: folds 
avstero: folds 
ozstrike88: calls $2
BoyLoc0: folds 
*** FLOP *** [4c 2d 6h]
ozstrike88: checks 
ZinePablo: checks 
*** TURN *** [4c 2d 6h] [5c]
ozstrike88: checks 
ZinePablo: checks 
*** RIVER *** [4c 2d 6h 5c] [Jc]
ozstrike88: checks 
ZinePablo: checks 
*** SHOW DOWN ***
ozstrike88: shows [As Th] (high card Ace)
ZinePablo: shows [Ac Td] (high card Ace)
ozstrike88 collected $2.85 from pot
ZinePablo collected $2.85 from pot
*** SUMMARY ***
Total pot $6 | Rake $0.30 
Board [4c 2d 6h 5c Jc]
Seat 1: BoyLoc0 (big blind) folded before Flop
Seat 2: ZinePablo showed [Ac Td] and won ($2.85) with high card Ace
Seat 3: coeeeelho folded before Flop (didn't bet)
Seat 4: Joe_Li7 folded before Flop (didn't bet)
Seat 5: avstero (button) folded before Flop (didn't bet)
Seat 6: ozstrike88 (small blind) showed [As Th] and won ($2.85) with high card Ace



PokerStars Hand #254735371012:  Hold'em No Limit ($0.50/$1.00 USD) - 2025/02/06 16:51:05 WET [2025/02/06 11:51:05 ET]
Table 'Hypatia II' 6-max Seat #6 is the button
Seat 1: BoyLoc0 ($100 in chips) 
Seat 2: ZinePablo ($100.35 in chips) 
Seat 3: coeeeelho ($100 in chips) 
Seat 4: Joe_Li7 ($130.49 in chips) 
Seat 5: avstero ($101 in chips) 
Seat 6: ozstrike88 ($117.37 in chips) 
BoyLoc0: posts small blind $0.50
ZinePablo: posts big blind $1
*** HOLE CARDS ***
coeeeelho: folds 
Joe_Li7: folds 
avstero: folds 
ozstrike88: raises $2.50 to $3.50
BoyLoc0: folds 
ZinePablo: folds 
Uncalled bet ($2.50) returned to ozstrike88
ozstrike88 collected $2.50 from pot
*** SUMMARY ***
Total pot $2.50 | Rake $0 
Seat 1: BoyLoc0 (small blind) folded before Flop
Seat 2: ZinePablo (big blind) folded before Flop
Seat 3: coeeeelho folded before Flop (didn't bet)
Seat 4: Joe_Li7 folded before Flop (didn't bet)
Seat 5: avstero folded before Flop (didn't bet)
Seat 6: ozstrike88 (button) collected ($2.50)



PokerStars Hand #254735374462:  Hold'em No Limit ($0.50/$1.00 USD) - 2025/02/06 16:51:21 WET [2025/02/06 11:51:21 ET]
Table 'Hypatia II' 6-max Seat #1 is the button
Seat 1: BoyLoc0 ($100 in chips) 
Seat 2: ZinePablo ($100 in chips) 
Seat 3: coeeeelho ($100 in chips) 
Seat 4: Joe_Li7 ($130.49 in chips) 
Seat 5: avstero ($101 in chips) 
Seat 6: ozstrike88 ($118.87 in chips) 
ZinePablo: posts small blind $0.50
coeeeelho: posts big blind $1
*** HOLE CARDS ***
Joe_Li7: folds 
avstero: folds 
ozstrike88: folds 
ozstrike88 leaves the table
BoyLoc0: raises $1.50 to $2.50
ZinePablo: raises $9.50 to $12
Joe_Li7 leaves the table
coeeeelho: raises $12 to $24
BoyLoc0: folds 
ZinePablo: folds 
Uncalled bet ($12) returned to coeeeelho
coeeeelho collected $26.50 from pot
*** SUMMARY ***
Total pot $26.50 | Rake $0 
Seat 1: BoyLoc0 (button) folded before Flop
Seat 2: ZinePablo (small blind) folded before Flop
Seat 3: coeeeelho (big blind) collected ($26.50)
Seat 4: Joe_Li7 folded before Flop (didn't bet)
Seat 5: avstero folded before Flop (didn't bet)
Seat 6: ozstrike88 folded before Flop (didn't bet)



PokerStars Hand #254735382404:  Hold'em No Limit ($0.50/$1.00 USD) - 2025/02/06 16:51:55 WET [2025/02/06 11:51:55 ET]
Table 'Hypatia II' 6-max Seat #2 is the button
Seat 5: avstero ($101 in chips) is sitting out
Seat 1: BoyLoc0 ($100 in chips) 
Seat 2: ZinePablo ($100 in chips) 
Seat 3: coeeeelho ($114.50 in chips) 
coeeeelho: posts small blind $0.50
avstero: is sitting out 
BoyLoc0: posts big blind $1
*** HOLE CARDS ***
avstero leaves the table
ZinePablo: raises $1.50 to $2.50
coeeeelho: raises $8.72 to $11.22
BoyLoc0: folds 
ZinePablo: folds 
Uncalled bet ($8.72) returned to coeeeelho
coeeeelho collected $6 from pot
*** SUMMARY ***
Total pot $6 | Rake $0 
Seat 5: avstero
Seat 1: BoyLoc0 (big blind) folded before Flop
Seat 2: ZinePablo (button) folded before Flop
Seat 3: coeeeelho (small blind) collected ($6)



PokerStars Hand #254735385830:  Hold'em No Limit ($0.50/$1.00 USD) - 2025/02/06 16:52:10 WET [2025/02/06 11:52:10 ET]
Table 'Hypatia II' 6-max Seat #3 is the button
Seat 1: BoyLoc0 ($100 in chips) 
Seat 2: ZinePablo ($100 in chips) 
Seat 3: coeeeelho ($118 in chips) 
BoyLoc0: posts small blind $0.50
ZinePablo: posts big blind $1
*** HOLE CARDS ***
coeeeelho: folds 
BoyLoc0: raises $2 to $3
ZinePablo: calls $2
*** FLOP *** [4s Jd 7c]
BoyLoc0: checks 
ZinePablo: checks 
*** TURN *** [4s Jd 7c] [Ac]
Desverdi joins the table at seat #5 
Desverdi is disconnected 
BoyLoc0: bets $4.28
ZinePablo: folds 
Uncalled bet ($4.28) returned to BoyLoc0
BoyLoc0 collected $5.70 from pot
BoyLoc0: doesn't show hand 
*** SUMMARY ***
Total pot $6 | Rake $0.30 
Board [4s Jd 7c Ac]
Seat 1: BoyLoc0 (small blind) collected ($5.70)
Seat 2: ZinePablo (big blind) folded on the Turn
Seat 3: coeeeelho (button) folded before Flop (didn't bet)



PokerStars Hand #254735391599:  Hold'em No Limit ($0.50/$1.00 USD) - 2025/02/06 16:52:36 WET [2025/02/06 11:52:36 ET]
Table 'Hypatia II' 6-max Seat #1 is the button
Seat 5: Desverdi ($100 in chips) is sitting out
Seat 1: BoyLoc0 ($102.70 in chips) 
Seat 2: ZinePablo ($100 in chips) 
Seat 3: coeeeelho ($118 in chips) 
ZinePablo: posts small blind $0.50
coeeeelho: posts big blind $1
Desverdi: sits out 
*** HOLE CARDS ***
BoyLoc0: folds 
ZinePablo: raises $2 to $3
coeeeelho: calls $2
*** FLOP *** [Js 2h Th]
jeffy27dt1 joins the table at seat #6 
ZinePablo: bets $1.88
coeeeelho: calls $1.88
*** TURN *** [Js 2h Th] [9d]
ZinePablo: bets $6.95
coeeeelho: folds 
Uncalled bet ($6.95) returned to ZinePablo
ZinePablo collected $9.27 from pot
*** SUMMARY ***
Total pot $9.76 | Rake $0.49 
Board [Js 2h Th 9d]
Seat 5: Desverdi
Seat 1: BoyLoc0 (button) folded before Flop (didn't bet)
Seat 2: ZinePablo (small blind) collected ($9.27)
Seat 3: coeeeelho (big blind) folded on the Turn



PokerStars Hand #254735398100:  Hold'em No Limit ($0.50/$1.00 USD) - 2025/02/06 16:53:04 WET [2025/02/06 11:53:04 ET]
Table 'Hypatia II' 6-max Seat #2 is the button
Seat 6: jeffy27dt1 ($100 in chips) is sitting out
Seat 1: BoyLoc0 ($102.70 in chips) 
Seat 2: ZinePablo ($104.39 in chips) 
Seat 3: coeeeelho ($113.12 in chips) 
Seat 5: Desverdi ($100 in chips) 
Joe_Li7 joins the table at seat #4 
coeeeelho: posts small blind $0.50
Desverdi: posts big blind $1
jeffy27dt1: sits out 
*** HOLE CARDS ***
BoyLoc0: folds 
ZinePablo: raises $1.50 to $2.50
coeeeelho: folds 
Desverdi: folds 
Uncalled bet ($1.50) returned to ZinePablo
ZinePablo collected $2.50 from pot
*** SUMMARY ***
Total pot $2.50 | Rake $0 
Seat 6: jeffy27dt1
Seat 1: BoyLoc0 folded before Flop (didn't bet)
Seat 2: ZinePablo (button) collected ($2.50)
Seat 3: coeeeelho (small blind) folded before Flop
Seat 5: Desverdi (big blind) folded before Flop



PokerStars Hand #254735401543:  Hold'em No Limit ($0.50/$1.00 USD) - 2025/02/06 16:53:19 WET [2025/02/06 11:53:19 ET]
Table 'Hypatia II' 6-max Seat #3 is the button
Seat 4: Joe_Li7 ($130.49 in chips) is sitting out
Seat 1: BoyLoc0 ($102.70 in chips) 
Seat 2: ZinePablo ($105.89 in chips) 
Seat 3: coeeeelho ($112.62 in chips) 
Seat 5: Desverdi ($99 in chips) 
Seat 6: jeffy27dt1 ($100 in chips) 
Desverdi: posts small blind $0.50
jeffy27dt1: posts big blind $1
*** HOLE CARDS ***
BoyLoc0: folds 
ZinePablo: folds 
coeeeelho: folds 
Desverdi: folds 
Uncalled bet ($0.50) returned to jeffy27dt1
jeffy27dt1 collected $1 from pot
jeffy27dt1: doesn't show hand 
*** SUMMARY ***
Total pot $1 | Rake $0 
Seat 4: Joe_Li7
Seat 1: BoyLoc0 folded before Flop (didn't bet)
Seat 2: ZinePablo folded before Flop (didn't bet)
Seat 3: coeeeelho (button) folded before Flop (didn't bet)
Seat 5: Desverdi (small blind) folded before Flop
Seat 6: jeffy27dt1 (big blind) collected ($1)



PokerStars Hand #254735404184:  Hold'em No Limit ($0.50/$1.00 USD) - 2025/02/06 16:53:31 WET [2025/02/06 11:53:31 ET]
Table 'Hypatia II' 6-max Seat #5 is the button
Seat 4: Joe_Li7 ($130.49 in chips) is sitting out
Seat 1: BoyLoc0 ($102.70 in chips) 
Seat 2: ZinePablo ($105.89 in chips) 
Seat 3: coeeeelho ($112.62 in chips) 
Seat 5: Desverdi ($98.50 in chips) 
Seat 6: jeffy27dt1 ($100.50 in chips) 
jeffy27dt1: posts small blind $0.50
BoyLoc0: posts big blind $1
Joe_Li7: sits out 
*** HOLE CARDS ***
ZinePablo: raises $1.50 to $2.50
coeeeelho: folds 
Desverdi: calls $2.50
jeffy27dt1: folds 
BoyLoc0: folds 
*** FLOP *** [6s 3d 5c]
ZinePablo: checks 
Desverdi: bets $3
ZinePablo: raises $6 to $9
Desverdi: calls $6
*** TURN *** [6s 3d 5c] [4c]
ZinePablo: bets $19
Desverdi: calls $19
*** RIVER *** [6s 3d 5c 4c] [Qh]
ZinePablo: bets $72
Desverdi: folds 
Uncalled bet ($72) returned to ZinePablo
ZinePablo collected $60 from pot
*** SUMMARY ***
Total pot $62.50 | Rake $2.50 
Board [6s 3d 5c 4c Qh]
Seat 4: Joe_Li7
Seat 1: BoyLoc0 (big blind) folded before Flop
Seat 2: ZinePablo collected ($60)
Seat 3: coeeeelho folded before Flop (didn't bet)
Seat 5: Desverdi (button) folded on the River
Seat 6: jeffy27dt1 (small blind) folded before Flop



PokerStars Hand #254735423095:  Hold'em No Limit ($0.50/$1.00 USD) - 2025/02/06 16:54:53 WET [2025/02/06 11:54:53 ET]
Table 'Hypatia II' 6-max Seat #6 is the button
Seat 4: Joe_Li7 ($130.49 in chips) is sitting out
Seat 1: BoyLoc0 ($101.70 in chips) 
Seat 2: ZinePablo ($135.39 in chips) 
Seat 3: coeeeelho ($112.62 in chips) 
Seat 5: Desverdi ($68 in chips) 
Seat 6: jeffy27dt1 ($100 in chips) 
BoyLoc0: posts small blind $0.50
ZinePablo: posts big blind $1
Joe_Li7: sits out 
*** HOLE CARDS ***
coeeeelho: folds 
Desverdi: folds 
jeffy27dt1: folds 
BoyLoc0: folds 
Uncalled bet ($0.50) returned to ZinePablo
ZinePablo collected $1 from pot
*** SUMMARY ***
Total pot $1 | Rake $0 
Seat 4: Joe_Li7
Seat 1: BoyLoc0 (small blind) folded before Flop
Seat 2: ZinePablo (big blind) collected ($1)
Seat 3: coeeeelho folded before Flop (didn't bet)
Seat 5: Desverdi folded before Flop (didn't bet)
Seat 6: jeffy27dt1 (button) folded before Flop (didn't bet)



PokerStars Hand #254735429372:  Hold'em No Limit ($0.50/$1.00 USD) - 2025/02/06 16:55:26 WET [2025/02/06 11:55:26 ET]
Table 'Hypatia II' 6-max Seat #1 is the button
Seat 4: Joe_Li7 ($130.49 in chips) is sitting out
Seat 1: BoyLoc0 ($101.20 in chips) 
Seat 2: ZinePablo ($135.89 in chips) 
Seat 3: coeeeelho ($112.62 in chips) 
Seat 5: Desverdi ($68 in chips) 
Seat 6: jeffy27dt1 ($100 in chips) 
ZinePablo: posts small blind $0.50
coeeeelho: posts big blind $1
Joe_Li7: sits out 
*** HOLE CARDS ***
Desverdi: calls $1
jeffy27dt1: folds 
BoyLoc0: folds 
ZinePablo: folds 
coeeeelho: checks 
*** FLOP *** [Jd 7c 6c]
coeeeelho: checks 
Desverdi: bets $4
coeeeelho: folds 
Uncalled bet ($4) returned to Desverdi
Desverdi collected $2.38 from pot
*** SUMMARY ***
Total pot $2.50 | Rake $0.12 
Board [Jd 7c 6c]
Seat 4: Joe_Li7
Seat 1: BoyLoc0 (button) folded before Flop (didn't bet)
Seat 2: ZinePablo (small blind) folded before Flop
Seat 3: coeeeelho (big blind) folded on the Flop
Seat 5: Desverdi collected ($2.38)
Seat 6: jeffy27dt1 folded before Flop (didn't bet)



PokerStars Hand #254735434492:  Hold'em No Limit ($0.50/$1.00 USD) - 2025/02/06 16:55:56 WET [2025/02/06 11:55:56 ET]
Table 'Hypatia II' 6-max Seat #2 is the button
Seat 1: BoyLoc0 ($101.20 in chips) 
Seat 2: ZinePablo ($135.39 in chips) 
Seat 3: coeeeelho ($111.62 in chips) 
Seat 4: Joe_Li7 ($130.49 in chips) 
Seat 5: Desverdi ($69.38 in chips) 
Seat 6: jeffy27dt1 ($100 in chips) 
coeeeelho: posts small blind $0.50
Joe_Li7: posts big blind $1
*** HOLE CARDS ***
Desverdi: folds 
jeffy27dt1: folds 
BoyLoc0: raises $1.50 to $2.50
ZinePablo: folds 
coeeeelho: folds 
Joe_Li7: folds 
Uncalled bet ($1.50) returned to BoyLoc0
BoyLoc0 collected $2.50 from pot
BoyLoc0: doesn't show hand 
*** SUMMARY ***
Total pot $2.50 | Rake $0 
Seat 1: BoyLoc0 collected ($2.50)
Seat 2: ZinePablo (button) folded before Flop (didn't bet)
Seat 3: coeeeelho (small blind) folded before Flop
Seat 4: Joe_Li7 (big blind) folded before Flop
Seat 5: Desverdi folded before Flop (didn't bet)
Seat 6: jeffy27dt1 folded before Flop (didn't bet)



PokerStars Hand #254735437608:  Hold'em No Limit ($0.50/$1.00 USD) - 2025/02/06 16:56:14 WET [2025/02/06 11:56:14 ET]
Table 'Hypatia II' 6-max Seat #3 is the button
Seat 1: BoyLoc0 ($102.70 in chips) 
Seat 2: ZinePablo ($135.39 in chips) 
Seat 3: coeeeelho ($111.12 in chips) 
Seat 4: Joe_Li7 ($129.49 in chips) 
Seat 5: Desverdi ($69.38 in chips) 
Seat 6: jeffy27dt1 ($100 in chips) 
Joe_Li7: posts small blind $0.50
Desverdi: posts big blind $1
*** HOLE CARDS ***
jeffy27dt1: folds 
BoyLoc0: raises $1.50 to $2.50
ZinePablo: folds 
coeeeelho: raises $5 to $7.50
Joe_Li7: folds 
Desverdi: folds 
BoyLoc0: folds 
Uncalled bet ($5) returned to coeeeelho
coeeeelho collected $6.50 from pot
*** SUMMARY ***
Total pot $6.50 | Rake $0 
Seat 1: BoyLoc0 folded before Flop
Seat 2: ZinePablo folded before Flop (didn't bet)
Seat 3: coeeeelho (button) collected ($6.50)
Seat 4: Joe_Li7 (small blind) folded before Flop
Seat 5: Desverdi (big blind) folded before Flop
Seat 6: jeffy27dt1 folded before Flop (didn't bet)



PokerStars Hand #254735443813:  Hold'em No Limit ($0.50/$1.00 USD) - 2025/02/06 16:56:50 WET [2025/02/06 11:56:50 ET]
Table 'Hypatia II' 6-max Seat #4 is the button
Seat 1: BoyLoc0 ($100.20 in chips) 
Seat 2: ZinePablo ($135.39 in chips) 
Seat 3: coeeeelho ($115.12 in chips) 
Seat 4: Joe_Li7 ($128.99 in chips) 
Seat 5: Desverdi ($68.38 in chips) 
Seat 6: jeffy27dt1 ($100 in chips) 
Desverdi: posts small blind $0.50
jeffy27dt1: posts big blind $1
*** HOLE CARDS ***
BoyLoc0: folds 
ZinePablo: folds 
coeeeelho: raises $1.30 to $2.30
Joe_Li7: folds 
Desverdi: folds 
jeffy27dt1: folds 
Uncalled bet ($1.30) returned to coeeeelho
coeeeelho collected $2.50 from pot
*** SUMMARY ***
Total pot $2.50 | Rake $0 
Seat 1: BoyLoc0 folded before Flop (didn't bet)
Seat 2: ZinePablo folded before Flop (didn't bet)
Seat 3: coeeeelho collected ($2.50)
Seat 4: Joe_Li7 (button) folded before Flop (didn't bet)
Seat 5: Desverdi (small blind) folded before Flop
Seat 6: jeffy27dt1 (big blind) folded before Flop



PokerStars Hand #254735446606:  Hold'em No Limit ($0.50/$1.00 USD) - 2025/02/06 16:57:06 WET [2025/02/06 11:57:06 ET]
Table 'Hypatia II' 6-max Seat #5 is the button
Seat 1: BoyLoc0 ($100.20 in chips) 
Seat 2: ZinePablo ($135.39 in chips) 
Seat 3: coeeeelho ($116.62 in chips) 
Seat 4: Joe_Li7 ($128.99 in chips) 
Seat 5: Desverdi ($67.88 in chips) 
Seat 6: jeffy27dt1 ($100 in chips) 
jeffy27dt1: posts small blind $0.50
BoyLoc0: posts big blind $1
*** HOLE CARDS ***
ZinePablo: folds 
coeeeelho: folds 
Joe_Li7: folds 
Desverdi: folds 
jeffy27dt1: folds 
Uncalled bet ($0.50) returned to BoyLoc0
BoyLoc0 collected $1 from pot
BoyLoc0: doesn't show hand 
*** SUMMARY ***
Total pot $1 | Rake $0 
Seat 1: BoyLoc0 (big blind) collected ($1)
Seat 2: ZinePablo folded before Flop (didn't bet)
Seat 3: coeeeelho folded before Flop (didn't bet)
Seat 4: Joe_Li7 folded before Flop (didn't bet)
Seat 5: Desverdi (button) folded before Flop (didn't bet)
Seat 6: jeffy27dt1 (small blind) folded before Flop



PokerStars Hand #254735448151:  Hold'em No Limit ($0.50/$1.00 USD) - 2025/02/06 16:57:16 WET [2025/02/06 11:57:16 ET]
Table 'Hypatia II' 6-max Seat #6 is the button
Seat 1: BoyLoc0 ($100.70 in chips) 
Seat 2: ZinePablo ($135.39 in chips) 
Seat 3: coeeeelho ($116.62 in chips) 
Seat 4: Joe_Li7 ($128.99 in chips) 
Seat 5: Desverdi ($67.88 in chips) 
Seat 6: jeffy27dt1 ($100 in chips) 
BoyLoc0: posts small blind $0.50
ZinePablo: posts big blind $1
*** HOLE CARDS ***
coeeeelho: folds 
Joe_Li7: folds 
Desverdi: folds 
jeffy27dt1: folds 
BoyLoc0: raises $2 to $3
ZinePablo: folds 
Uncalled bet ($2) returned to BoyLoc0
BoyLoc0 collected $2 from pot
BoyLoc0: doesn't show hand 
*** SUMMARY ***
Total pot $2 | Rake $0 
Seat 1: BoyLoc0 (small blind) collected ($2)
Seat 2: ZinePablo (big blind) folded before Flop
Seat 3: coeeeelho folded before Flop (didn't bet)
Seat 4: Joe_Li7 folded before Flop (didn't bet)
Seat 5: Desverdi folded before Flop (didn't bet)
Seat 6: jeffy27dt1 (button) folded before Flop (didn't bet)



PokerStars Hand #254735451372:  Hold'em No Limit ($0.50/$1.00 USD) - 2025/02/06 16:57:34 WET [2025/02/06 11:57:34 ET]
Table 'Hypatia II' 6-max Seat #1 is the button
Seat 1: BoyLoc0 ($101.70 in chips) 
Seat 2: ZinePablo ($134.39 in chips) 
Seat 3: coeeeelho ($116.62 in chips) 
Seat 4: Joe_Li7 ($128.99 in chips) 
Seat 5: Desverdi ($67.88 in chips) 
Seat 6: jeffy27dt1 ($100 in chips) 
ZinePablo: posts small blind $0.50
coeeeelho: posts big blind $1
*** HOLE CARDS ***
Joe_Li7: folds 
Desverdi: calls $1
jeffy27dt1: raises $3 to $4
BoyLoc0: folds 
ZinePablo: folds 
coeeeelho: calls $3
Desverdi: calls $3
*** FLOP *** [Td 2s 7c]
coeeeelho: checks 
Desverdi: bets $6
jeffy27dt1: raises $10 to $16
coeeeelho: folds 
Desverdi: calls $10
*** TURN *** [Td 2s 7c] [Ah]
Desverdi: bets $47.88 and is all-in
jeffy27dt1: calls $47.88
*** RIVER *** [Td 2s 7c Ah] [4h]
*** SHOW DOWN ***
Desverdi: shows [Tc Qd] (a pair of Tens)
jeffy27dt1: shows [Qh Qc] (a pair of Queens)
jeffy27dt1 collected $137.76 from pot
*** SUMMARY ***
Total pot $140.26 | Rake $2.50 
Board [Td 2s 7c Ah 4h]
Seat 1: BoyLoc0 (button) folded before Flop (didn't bet)
Seat 2: ZinePablo (small blind) folded before Flop
Seat 3: coeeeelho (big blind) folded on the Flop
Seat 4: Joe_Li7 folded before Flop (didn't bet)
Seat 5: Desverdi showed [Tc Qd] and lost with a pair of Tens
Seat 6: jeffy27dt1 showed [Qh Qc] and won ($137.76) with a pair of Queens



PokerStars Hand #254735471988:  Hold'em No Limit ($0.50/$1.00 USD) - 2025/02/06 16:59:31 WET [2025/02/06 11:59:31 ET]
Table 'Hypatia II' 6-max Seat #2 is the button
Seat 5: Desverdi ($0 in chips) is sitting out
Seat 1: BoyLoc0 ($101.70 in chips) 
Seat 2: ZinePablo ($133.89 in chips) 
Seat 3: coeeeelho ($112.62 in chips) 
Seat 4: Joe_Li7 ($128.99 in chips) 
Seat 6: jeffy27dt1 ($169.88 in chips) 
coeeeelho: posts small blind $0.50
Joe_Li7: posts big blind $1
*** HOLE CARDS ***
jeffy27dt1: folds 
BoyLoc0: raises $1.50 to $2.50
ZinePablo: folds 
coeeeelho: raises $8.72 to $11.22
Joe_Li7: folds 
BoyLoc0: folds 
Uncalled bet ($8.72) returned to coeeeelho
coeeeelho collected $6 from pot
*** SUMMARY ***
Total pot $6 | Rake $0 
Seat 5: Desverdi
Seat 1: BoyLoc0 folded before Flop
Seat 2: ZinePablo (button) folded before Flop (didn't bet)
Seat 3: coeeeelho (small blind) collected ($6)
Seat 4: Joe_Li7 (big blind) folded before Flop
Seat 6: jeffy27dt1 folded before Flop (didn't bet)



PokerStars Hand #254735479869:  Hold'em No Limit ($0.50/$1.00 USD) - 2025/02/06 17:00:14 WET [2025/02/06 12:00:14 ET]
Table 'Hypatia II' 6-max Seat #3 is the button
Seat 1: BoyLoc0 ($100 in chips) 
Seat 2: ZinePablo ($133.89 in chips) 
Seat 3: coeeeelho ($116.12 in chips) 
Seat 4: Joe_Li7 ($127.99 in chips) 
Seat 5: Desverdi ($32.65 in chips) 
Seat 6: jeffy27dt1 ($169.88 in chips) 
Joe_Li7: posts small blind $0.50
Desverdi: posts big blind $1
*** HOLE CARDS ***
jeffy27dt1: folds 
BoyLoc0: folds 
ZinePablo: folds 
coeeeelho: raises $1.20 to $2.20
Joe_Li7: folds 
Desverdi: calls $1.20
*** FLOP *** [Js 4s 9h]
Desverdi: bets $1
coeeeelho: raises $2.50 to $3.50
Desverdi: calls $2.50
*** TURN *** [Js 4s 9h] [7d]
Desverdi: checks 
coeeeelho: checks 
*** RIVER *** [Js 4s 9h 7d] [2h]
Desverdi: checks 
coeeeelho: checks 
*** SHOW DOWN ***
Desverdi: shows [9c Th] (a pair of Nines)
coeeeelho: mucks hand 
Desverdi collected $11.30 from pot
*** SUMMARY ***
Total pot $11.90 | Rake $0.60 
Board [Js 4s 9h 7d 2h]
Seat 1: BoyLoc0 folded before Flop (didn't bet)
Seat 2: ZinePablo folded before Flop (didn't bet)
Seat 3: coeeeelho (button) mucked
Seat 4: Joe_Li7 (small blind) folded before Flop
Seat 5: Desverdi (big blind) showed [9c Th] and won ($11.30) with a pair of Nines
Seat 6: jeffy27dt1 folded before Flop (didn't bet)



PokerStars Hand #254735491625:  Hold'em No Limit ($0.50/$1.00 USD) - 2025/02/06 17:01:13 WET [2025/02/06 12:01:13 ET]
Table 'Hypatia II' 6-max Seat #4 is the button
Seat 1: BoyLoc0 ($100 in chips) 
Seat 2: ZinePablo ($133.89 in chips) 
Seat 3: coeeeelho ($110.42 in chips) 
Seat 4: Joe_Li7 ($127.49 in chips) 
Seat 5: Desverdi ($38.25 in chips) 
Seat 6: jeffy27dt1 ($169.88 in chips) 
Desverdi: posts small blind $0.50
jeffy27dt1: posts big blind $1
*** HOLE CARDS ***
BoyLoc0: folds 
ZinePablo: folds 
coeeeelho: folds 
Joe_Li7: folds 
Desverdi: folds 
Uncalled bet ($0.50) returned to jeffy27dt1
jeffy27dt1 collected $1 from pot
jeffy27dt1: doesn't show hand 
*** SUMMARY ***
Total pot $1 | Rake $0 
Seat 1: BoyLoc0 folded before Flop (didn't bet)
Seat 2: ZinePablo folded before Flop (didn't bet)
Seat 3: coeeeelho folded before Flop (didn't bet)
Seat 4: Joe_Li7 (button) folded before Flop (didn't bet)
Seat 5: Desverdi (small blind) folded before Flop
Seat 6: jeffy27dt1 (big blind) collected ($1)



PokerStars Hand #254735496566:  Hold'em No Limit ($0.50/$1.00 USD) - 2025/02/06 17:01:35 WET [2025/02/06 12:01:35 ET]
Table 'Hypatia II' 6-max Seat #5 is the button
Seat 1: BoyLoc0 ($100 in chips) 
Seat 2: ZinePablo ($133.89 in chips) 
Seat 3: coeeeelho ($110.42 in chips) 
Seat 4: Joe_Li7 ($127.49 in chips) 
Seat 5: Desverdi ($37.75 in chips) 
Seat 6: jeffy27dt1 ($170.38 in chips) 
jeffy27dt1: posts small blind $0.50
BoyLoc0: posts big blind $1
*** HOLE CARDS ***
ZinePablo: folds 
coeeeelho: folds 
Joe_Li7: folds 
Desverdi: calls $1
jeffy27dt1: folds 
BoyLoc0: checks 
*** FLOP *** [7d Ts Jd]
BoyLoc0: checks 
Desverdi: checks 
*** TURN *** [7d Ts Jd] [Kd]
BoyLoc0: checks 
Desverdi: checks 
*** RIVER *** [7d Ts Jd Kd] [5c]
BoyLoc0: bets $3.57
Desverdi: folds 
Uncalled bet ($3.57) returned to BoyLoc0
BoyLoc0 collected $2.38 from pot
BoyLoc0: doesn't show hand 
*** SUMMARY ***
Total pot $2.50 | Rake $0.12 
Board [7d Ts Jd Kd 5c]
Seat 1: BoyLoc0 (big blind) collected ($2.38)
Seat 2: ZinePablo folded before Flop (didn't bet)
Seat 3: coeeeelho folded before Flop (didn't bet)
Seat 4: Joe_Li7 folded before Flop (didn't bet)
Seat 5: Desverdi (button) folded on the River
Seat 6: jeffy27dt1 (small blind) folded before Flop



PokerStars Hand #254735507922:  Hold'em No Limit ($0.50/$1.00 USD) - 2025/02/06 17:02:26 WET [2025/02/06 12:02:26 ET]
Table 'Hypatia II' 6-max Seat #6 is the button
Seat 1: BoyLoc0 ($101.38 in chips) 
Seat 2: ZinePablo ($133.89 in chips) 
Seat 3: coeeeelho ($110.42 in chips) 
Seat 4: Joe_Li7 ($127.49 in chips) 
Seat 5: Desverdi ($36.75 in chips) 
Seat 6: jeffy27dt1 ($169.88 in chips) 
BoyLoc0: posts small blind $0.50
ZinePablo: posts big blind $1
*** HOLE CARDS ***
coeeeelho: folds 
Joe_Li7: folds 
Desverdi: folds 
jeffy27dt1: raises $1.50 to $2.50
BoyLoc0: folds 
ZinePablo: folds 
Uncalled bet ($1.50) returned to jeffy27dt1
jeffy27dt1 collected $2.50 from pot
jeffy27dt1: doesn't show hand 
*** SUMMARY ***
Total pot $2.50 | Rake $0 
Seat 1: BoyLoc0 (small blind) folded before Flop
Seat 2: ZinePablo (big blind) folded before Flop
Seat 3: coeeeelho folded before Flop (didn't bet)
Seat 4: Joe_Li7 folded before Flop (didn't bet)
Seat 5: Desverdi folded before Flop (didn't bet)
Seat 6: jeffy27dt1 (button) collected ($2.50)



PokerStars Hand #254735512681:  Hold'em No Limit ($0.50/$1.00 USD) - 2025/02/06 17:02:47 WET [2025/02/06 12:02:47 ET]
Table 'Hypatia II' 6-max Seat #1 is the button
Seat 1: BoyLoc0 ($100.88 in chips) 
Seat 2: ZinePablo ($132.89 in chips) 
Seat 3: coeeeelho ($110.42 in chips) 
Seat 4: Joe_Li7 ($127.49 in chips) 
Seat 5: Desverdi ($36.75 in chips) 
Seat 6: jeffy27dt1 ($171.38 in chips) 
ZinePablo: posts small blind $0.50
coeeeelho: posts big blind $1
*** HOLE CARDS ***
Joe_Li7: folds 
Desverdi: folds 
jeffy27dt1: folds 
Joe_Li7 leaves the table
BoyLoc0: folds 
ZinePablo: folds 
Uncalled bet ($0.50) returned to coeeeelho
coeeeelho collected $1 from pot
*** SUMMARY ***
Total pot $1 | Rake $0 
Seat 1: BoyLoc0 (button) folded before Flop (didn't bet)
Seat 2: ZinePablo (small blind) folded before Flop
Seat 3: coeeeelho (big blind) collected ($1)
Seat 4: Joe_Li7 folded before Flop (didn't bet)
Seat 5: Desverdi folded before Flop (didn't bet)
Seat 6: jeffy27dt1 folded before Flop (didn't bet)



PokerStars Hand #254735515965:  Hold'em No Limit ($0.50/$1.00 USD) - 2025/02/06 17:03:02 WET [2025/02/06 12:03:02 ET]
Table 'Hypatia II' 6-max Seat #2 is the button
Seat 1: BoyLoc0 ($100.88 in chips) 
Seat 2: ZinePablo ($132.39 in chips) 
Seat 3: coeeeelho ($110.92 in chips) 
Seat 5: Desverdi ($36.75 in chips) 
Seat 6: jeffy27dt1 ($171.38 in chips) 
coeeeelho: posts small blind $0.50
Desverdi: posts big blind $1
*** HOLE CARDS ***
jeffy27dt1: folds 
BoyLoc0: folds 
fugitive-Ty3 joins the table at seat #4 
ZinePablo: raises $1.50 to $2.50
coeeeelho: folds 
Desverdi: calls $1.50
*** FLOP *** [9c Kd 2s]
Desverdi: bets $1
ZinePablo: raises $2 to $3
Desverdi: calls $2
*** TURN *** [9c Kd 2s] [Jc]
Desverdi: checks 
ZinePablo: bets $8.19
Desverdi: folds 
Uncalled bet ($8.19) returned to ZinePablo
ZinePablo collected $10.92 from pot
*** SUMMARY ***
Total pot $11.50 | Rake $0.58 
Board [9c Kd 2s Jc]
Seat 1: BoyLoc0 folded before Flop (didn't bet)
Seat 2: ZinePablo (button) collected ($10.92)
Seat 3: coeeeelho (small blind) folded before Flop
Seat 5: Desverdi (big blind) folded on the Turn
Seat 6: jeffy27dt1 folded before Flop (didn't bet)



PokerStars Hand #254735524453:  Hold'em No Limit ($0.50/$1.00 USD) - 2025/02/06 17:03:38 WET [2025/02/06 12:03:38 ET]
Table 'Hypatia II' 6-max Seat #3 is the button
Seat 4: fugitive-Ty3 ($100 in chips) is sitting out
Seat 1: BoyLoc0 ($100.88 in chips) 
Seat 2: ZinePablo ($137.81 in chips) 
Seat 3: coeeeelho ($110.42 in chips) 
Seat 5: Desverdi ($31.25 in chips) 
Seat 6: jeffy27dt1 ($171.38 in chips) 
Desverdi: posts small blind $0.50
jeffy27dt1: posts big blind $1
*** HOLE CARDS ***
BoyLoc0: folds 
ZinePablo: raises $1.50 to $2.50
coeeeelho: folds 
Desverdi: folds 
jeffy27dt1: folds 
Uncalled bet ($1.50) returned to ZinePablo
ZinePablo collected $2.50 from pot
*** SUMMARY ***
Total pot $2.50 | Rake $0 
Seat 4: fugitive-Ty3
Seat 1: BoyLoc0 folded before Flop (didn't bet)
Seat 2: ZinePablo collected ($2.50)
Seat 3: coeeeelho (button) folded before Flop (didn't bet)
Seat 5: Desverdi (small blind) folded before Flop
Seat 6: jeffy27dt1 (big blind) folded before Flop



PokerStars Hand #254735527227:  Hold'em No Limit ($0.50/$1.00 USD) - 2025/02/06 17:03:50 WET [2025/02/06 12:03:50 ET]
Table 'Hypatia II' 6-max Seat #5 is the button
Seat 4: fugitive-Ty3 ($100 in chips) is sitting out
Seat 1: BoyLoc0 ($100.88 in chips) 
Seat 2: ZinePablo ($139.31 in chips) 
Seat 3: coeeeelho ($110.42 in chips) 
Seat 5: Desverdi ($30.75 in chips) 
Seat 6: jeffy27dt1 ($170.38 in chips) 
jeffy27dt1: posts small blind $0.50
BoyLoc0: posts big blind $1
fugitive-Ty3: sits out 
*** HOLE CARDS ***
ZinePablo: folds 
coeeeelho: folds 
Desverdi: folds 
jeffy27dt1: folds 
Uncalled bet ($0.50) returned to BoyLoc0
BoyLoc0 collected $1 from pot
BoyLoc0: doesn't show hand 
*** SUMMARY ***
Total pot $1 | Rake $0 
Seat 4: fugitive-Ty3
Seat 1: BoyLoc0 (big blind) collected ($1)
Seat 2: ZinePablo folded before Flop (didn't bet)
Seat 3: coeeeelho folded before Flop (didn't bet)
Seat 5: Desverdi (button) folded before Flop (didn't bet)
Seat 6: jeffy27dt1 (small blind) folded before Flop



PokerStars Hand #254735529974:  Hold'em No Limit ($0.50/$1.00 USD) - 2025/02/06 17:04:01 WET [2025/02/06 12:04:01 ET]
Table 'Hypatia II' 6-max Seat #6 is the button
Seat 2: ZinePablo ($139.31 in chips) is sitting out
Seat 4: fugitive-Ty3 ($100 in chips) is sitting out
Seat 1: BoyLoc0 ($101.38 in chips) 
Seat 3: coeeeelho ($110.42 in chips) 
Seat 5: Desverdi ($30.75 in chips) 
Seat 6: jeffy27dt1 ($169.88 in chips) 
BoyLoc0: posts small blind $0.50
ZinePablo: is sitting out 
coeeeelho: posts big blind $1
fugitive-Ty3: sits out 
*** HOLE CARDS ***
Desverdi: folds 
ZinePablo leaves the table
jeffy27dt1: raises $1.50 to $2.50
BoyLoc0: folds 
coeeeelho: folds 
Uncalled bet ($1.50) returned to jeffy27dt1
jeffy27dt1 collected $2.50 from pot
jeffy27dt1: doesn't show hand 
*** SUMMARY ***
Total pot $2.50 | Rake $0 
Seat 2: ZinePablo
Seat 4: fugitive-Ty3
Seat 1: BoyLoc0 (small blind) folded before Flop
Seat 3: coeeeelho (big blind) folded before Flop
Seat 5: Desverdi folded before Flop (didn't bet)
Seat 6: jeffy27dt1 (button) collected ($2.50)



PokerStars Hand #254735532882:  Hold'em No Limit ($0.50/$1.00 USD) - 2025/02/06 17:04:14 WET [2025/02/06 12:04:14 ET]
Table 'Hypatia II' 6-max Seat #1 is the button
Seat 1: BoyLoc0 ($100.88 in chips) 
Seat 3: coeeeelho ($109.42 in chips) 
Seat 4: fugitive-Ty3 ($100 in chips) 
Seat 5: Desverdi ($30.75 in chips) 
Seat 6: jeffy27dt1 ($171.38 in chips) 
coeeeelho: posts small blind $0.50
fugitive-Ty3: posts big blind $1
*** HOLE CARDS ***
Desverdi: calls $1
jeffy27dt1: folds 
BoyLoc0: raises $3 to $4
coeeeelho: raises $11 to $15
fugitive-Ty3: folds 
Desverdi: folds 
BoyLoc0: calls $11
*** FLOP *** [9d 7h 6d]
coeeeelho: checks 
BoyLoc0: bets $10.03
coeeeelho: raises $84.39 to $94.42 and is all-in
BoyLoc0: folds 
Uncalled bet ($84.39) returned to coeeeelho
coeeeelho collected $49.56 from pot
*** SUMMARY ***
Total pot $52.06 | Rake $2.50 
Board [9d 7h 6d]
Seat 1: BoyLoc0 (button) folded on the Flop
Seat 3: coeeeelho (small blind) collected ($49.56)
Seat 4: fugitive-Ty3 (big blind) folded before Flop
Seat 5: Desverdi folded before Flop
Seat 6: jeffy27dt1 folded before Flop (didn't bet)



PokerStars Hand #254735546027:  Hold'em No Limit ($0.50/$1.00 USD) - 2025/02/06 17:05:10 WET [2025/02/06 12:05:10 ET]
Table 'Hypatia II' 6-max Seat #3 is the button
Seat 1: BoyLoc0 ($100 in chips) 
Seat 3: coeeeelho ($133.95 in chips) 
Seat 4: fugitive-Ty3 ($100 in chips) 
Seat 5: Desverdi ($29.75 in chips) 
Seat 6: jeffy27dt1 ($171.38 in chips) 
fugitive-Ty3: posts small blind $0.50
Desverdi: posts big blind $1
*** HOLE CARDS ***
jeffy27dt1: folds 
BoyLoc0: raises $1.50 to $2.50
coeeeelho: folds 
fugitive-Ty3: folds 
Desverdi: folds 
Uncalled bet ($1.50) returned to BoyLoc0
BoyLoc0 collected $2.50 from pot
BoyLoc0: doesn't show hand 
*** SUMMARY ***
Total pot $2.50 | Rake $0 
Seat 1: BoyLoc0 collected ($2.50)
Seat 3: coeeeelho (button) folded before Flop (didn't bet)
Seat 4: fugitive-Ty3 (small blind) folded before Flop
Seat 5: Desverdi (big blind) folded before Flop
Seat 6: jeffy27dt1 folded before Flop (didn't bet)



PokerStars Hand #254735550468:  Hold'em No Limit ($0.50/$1.00 USD) - 2025/02/06 17:05:29 WET [2025/02/06 12:05:29 ET]
Table 'Hypatia II' 6-max Seat #4 is the button
Seat 1: BoyLoc0 ($101.50 in chips) 
Seat 3: coeeeelho ($133.95 in chips) 
Seat 4: fugitive-Ty3 ($100 in chips) 
Seat 5: Desverdi ($28.75 in chips) 
Seat 6: jeffy27dt1 ($171.38 in chips) 
Desverdi: posts small blind $0.50
jeffy27dt1: posts big blind $1
*** HOLE CARDS ***
BoyLoc0: folds 
coeeeelho: folds 
fugitive-Ty3: folds 
Desverdi: calls $0.50
jeffy27dt1: checks 
*** FLOP *** [3h 9c 2d]
Desverdi: checks 
jeffy27dt1: checks 
*** TURN *** [3h 9c 2d] [6h]
Desverdi: checks 
jeffy27dt1: checks 
*** RIVER *** [3h 9c 2d 6h] [8h]
Desverdi: bets $2
jeffy27dt1: folds 
Uncalled bet ($2) returned to Desverdi
Desverdi collected $1.90 from pot
*** SUMMARY ***
Total pot $2 | Rake $0.10 
Board [3h 9c 2d 6h 8h]
Seat 1: BoyLoc0 folded before Flop (didn't bet)
Seat 3: coeeeelho folded before Flop (didn't bet)
Seat 4: fugitive-Ty3 (button) folded before Flop (didn't bet)
Seat 5: Desverdi (small blind) collected ($1.90)
Seat 6: jeffy27dt1 (big blind) folded on the River



PokerStars Hand #254735560944:  Hold'em No Limit ($0.50/$1.00 USD) - 2025/02/06 17:06:14 WET [2025/02/06 12:06:14 ET]
Table 'Hypatia II' 6-max Seat #5 is the button
Seat 1: BoyLoc0 ($101.50 in chips) 
Seat 3: coeeeelho ($133.95 in chips) 
Seat 4: fugitive-Ty3 ($100 in chips) 
Seat 5: Desverdi ($29.65 in chips) 
Seat 6: jeffy27dt1 ($170.38 in chips) 
jeffy27dt1: posts small blind $0.50
BoyLoc0: posts big blind $1
*** HOLE CARDS ***
coeeeelho: folds 
fugitive-Ty3: folds 
Desverdi: calls $1
jeffy27dt1: folds 
BoyLoc0: checks 
*** FLOP *** [4c 3d 4h]
BoyLoc0: checks 
Desverdi: bets $28.65 and is all-in
BoyLoc0: folds 
Uncalled bet ($28.65) returned to Desverdi
Desverdi collected $2.38 from pot
*** SUMMARY ***
Total pot $2.50 | Rake $0.12 
Board [4c 3d 4h]
Seat 1: BoyLoc0 (big blind) folded on the Flop
Seat 3: coeeeelho folded before Flop (didn't bet)
Seat 4: fugitive-Ty3 folded before Flop (didn't bet)
Seat 5: Desverdi (button) collected ($2.38)
Seat 6: jeffy27dt1 (small blind) folded before Flop



PokerStars Hand #254735566182:  Hold'em No Limit ($0.50/$1.00 USD) - 2025/02/06 17:06:36 WET [2025/02/06 12:06:36 ET]
Table 'Hypatia II' 6-max Seat #6 is the button
Seat 1: BoyLoc0 ($100.50 in chips) 
Seat 3: coeeeelho ($133.95 in chips) 
Seat 4: fugitive-Ty3 ($100 in chips) 
Seat 5: Desverdi ($31.03 in chips) 
Seat 6: jeffy27dt1 ($169.88 in chips) 
BoyLoc0: posts small blind $0.50
coeeeelho: posts big blind $1
*** HOLE CARDS ***
fugitive-Ty3: folds 
Desverdi: calls $1
jeffy27dt1: folds 
BoyLoc0: calls $0.50
coeeeelho: checks 
*** FLOP *** [Kh Td 9h]
BoyLoc0: checks 
coeeeelho: checks 
Desverdi: checks 
*** TURN *** [Kh Td 9h] [Qs]
BoyLoc0: checks 
coeeeelho: checks 
Desverdi: checks 
*** RIVER *** [Kh Td 9h Qs] [7h]
BoyLoc0: bets $4.28
steepfell joins the table at seat #2 
coeeeelho: folds 
Desverdi: folds 
Uncalled bet ($4.28) returned to BoyLoc0
BoyLoc0 collected $2.85 from pot
BoyLoc0: doesn't show hand 
*** SUMMARY ***
Total pot $3 | Rake $0.15 
Board [Kh Td 9h Qs 7h]
Seat 1: BoyLoc0 (small blind) collected ($2.85)
Seat 3: coeeeelho (big blind) folded on the River
Seat 4: fugitive-Ty3 folded before Flop (didn't bet)
Seat 5: Desverdi folded on the River
Seat 6: jeffy27dt1 (button) folded before Flop (didn't bet)



PokerStars Hand #254735575692:  Hold'em No Limit ($0.50/$1.00 USD) - 2025/02/06 17:07:16 WET [2025/02/06 12:07:16 ET]
Table 'Hypatia II' 6-max Seat #1 is the button
Seat 2: steepfell ($100 in chips) is sitting out
Seat 1: BoyLoc0 ($102.35 in chips) 
Seat 3: coeeeelho ($132.95 in chips) 
Seat 4: fugitive-Ty3 ($100 in chips) 
Seat 5: Desverdi ($30.03 in chips) 
Seat 6: jeffy27dt1 ($169.88 in chips) 
coeeeelho: posts small blind $0.50
fugitive-Ty3: posts big blind $1
*** HOLE CARDS ***
Desverdi: folds 
jeffy27dt1: folds 
BoyLoc0: folds 
coeeeelho: folds 
Uncalled bet ($0.50) returned to fugitive-Ty3
fugitive-Ty3 collected $1 from pot
fugitive-Ty3: doesn't show hand 
*** SUMMARY ***
Total pot $1 | Rake $0 
Seat 2: steepfell
Seat 1: BoyLoc0 (button) folded before Flop (didn't bet)
Seat 3: coeeeelho (small blind) folded before Flop
Seat 4: fugitive-Ty3 (big blind) collected ($1)
Seat 5: Desverdi folded before Flop (didn't bet)
Seat 6: jeffy27dt1 folded before Flop (didn't bet)



PokerStars Hand #254735579046:  Hold'em No Limit ($0.50/$1.00 USD) - 2025/02/06 17:07:31 WET [2025/02/06 12:07:31 ET]
Table 'Hypatia II' 6-max Seat #3 is the button
Seat 2: steepfell ($100 in chips) is sitting out
Seat 1: BoyLoc0 ($102.35 in chips) 
Seat 3: coeeeelho ($132.45 in chips) 
Seat 4: fugitive-Ty3 ($100.50 in chips) 
Seat 5: Desverdi ($30.03 in chips) 
Seat 6: jeffy27dt1 ($169.88 in chips) 
fugitive-Ty3: posts small blind $0.50
Desverdi: posts big blind $1
steepfell: sits out 
*** HOLE CARDS ***
jeffy27dt1: folds 
BoyLoc0: folds 
coeeeelho: folds 
fugitive-Ty3: folds 
Uncalled bet ($0.50) returned to Desverdi
Desverdi collected $1 from pot
*** SUMMARY ***
Total pot $1 | Rake $0 
Seat 2: steepfell
Seat 1: BoyLoc0 folded before Flop (didn't bet)
Seat 3: coeeeelho (button) folded before Flop (didn't bet)
Seat 4: fugitive-Ty3 (small blind) folded before Flop
Seat 5: Desverdi (big blind) collected ($1)
Seat 6: jeffy27dt1 folded before Flop (didn't bet)



PokerStars Hand #254735585384:  Hold'em No Limit ($0.50/$1.00 USD) - 2025/02/06 17:07:57 WET [2025/02/06 12:07:57 ET]
Table 'Hypatia II' 6-max Seat #4 is the button
Seat 2: steepfell ($100 in chips) is sitting out
Seat 1: BoyLoc0 ($102.35 in chips) 
Seat 3: coeeeelho ($132.45 in chips) 
Seat 4: fugitive-Ty3 ($100 in chips) 
Seat 5: Desverdi ($30.53 in chips) 
Seat 6: jeffy27dt1 ($169.88 in chips) 
Desverdi: posts small blind $0.50
jeffy27dt1: posts big blind $1
steepfell: sits out 
*** HOLE CARDS ***
BoyLoc0: raises $1.50 to $2.50
coeeeelho: folds 
fugitive-Ty3: folds 
Desverdi: calls $2
jeffy27dt1: calls $1.50
*** FLOP *** [Ts Kd Tc]
Desverdi: bets $1
jeffy27dt1: calls $1
BoyLoc0: calls $1
*** TURN *** [Ts Kd Tc] [7d]
Desverdi: bets $1
jeffy27dt1: raises $5 to $6
BoyLoc0: folds 
Desverdi: calls $5
*** RIVER *** [Ts Kd Tc 7d] [5c]
Desverdi: checks 
jeffy27dt1: bets $37.45
Desverdi: folds 
Uncalled bet ($37.45) returned to jeffy27dt1
jeffy27dt1 collected $21.38 from pot
jeffy27dt1: doesn't show hand 
*** SUMMARY ***
Total pot $22.50 | Rake $1.12 
Board [Ts Kd Tc 7d 5c]
Seat 2: steepfell
Seat 1: BoyLoc0 folded on the Turn
Seat 3: coeeeelho folded before Flop (didn't bet)
Seat 4: fugitive-Ty3 (button) folded before Flop (didn't bet)
Seat 5: Desverdi (small blind) folded on the River
Seat 6: jeffy27dt1 (big blind) collected ($21.38)



PokerStars Hand #254735601053:  Hold'em No Limit ($0.50/$1.00 USD) - 2025/02/06 17:09:04 WET [2025/02/06 12:09:04 ET]
Table 'Hypatia II' 6-max Seat #5 is the button
Seat 2: steepfell ($100 in chips) is sitting out
Seat 1: BoyLoc0 ($100 in chips) 
Seat 3: coeeeelho ($132.45 in chips) 
Seat 4: fugitive-Ty3 ($100 in chips) 
Seat 5: Desverdi ($21.03 in chips) 
Seat 6: jeffy27dt1 ($181.76 in chips) 
jeffy27dt1: posts small blind $0.50
BoyLoc0: posts big blind $1
steepfell: sits out 
*** HOLE CARDS ***
coeeeelho: folds 
fugitive-Ty3: raises $1.50 to $2.50
Desverdi: folds 
jeffy27dt1: folds 
BoyLoc0: calls $1.50
*** FLOP *** [3h 2d Ks]
BoyLoc0: checks 
fugitive-Ty3: bets $1.72
BoyLoc0: folds 
Uncalled bet ($1.72) returned to fugitive-Ty3
fugitive-Ty3 collected $5.22 from pot
fugitive-Ty3: doesn't show hand 
*** SUMMARY ***
Total pot $5.50 | Rake $0.28 
Board [3h 2d Ks]
Seat 2: steepfell
Seat 1: BoyLoc0 (big blind) folded on the Flop
Seat 3: coeeeelho folded before Flop (didn't bet)
Seat 4: fugitive-Ty3 collected ($5.22)
Seat 5: Desverdi (button) folded before Flop (didn't bet)
Seat 6: jeffy27dt1 (small blind) folded before Flop



PokerStars Hand #254735607755:  Hold'em No Limit ($0.50/$1.00 USD) - 2025/02/06 17:09:32 WET [2025/02/06 12:09:32 ET]
Table 'Hypatia II' 6-max Seat #6 is the button
Seat 1: BoyLoc0 ($100 in chips) 
Seat 2: steepfell ($100 in chips) 
Seat 3: coeeeelho ($132.45 in chips) 
Seat 4: fugitive-Ty3 ($102.72 in chips) 
Seat 5: Desverdi ($21.03 in chips) 
Seat 6: jeffy27dt1 ($181.26 in chips) 
BoyLoc0: posts small blind $0.50
steepfell: posts big blind $1
*** HOLE CARDS ***
coeeeelho: folds 
fugitive-Ty3: folds 
Desverdi: calls $1
jeffy27dt1: raises $2 to $3
BoyLoc0: folds 
steepfell: calls $2
Desverdi: calls $2
*** FLOP *** [6d 5h 2h]
steepfell: checks 
Desverdi: checks 
jeffy27dt1: checks 
*** TURN *** [6d 5h 2h] [8c]
steepfell: checks 
Desverdi: checks 
jeffy27dt1: checks 
*** RIVER *** [6d 5h 2h 8c] [8h]
steepfell: checks 
Desverdi: checks 
jeffy27dt1: checks 
*** SHOW DOWN ***
steepfell: shows [4d Ad] (a pair of Eights)
Desverdi: mucks hand 
jeffy27dt1: mucks hand 
steepfell collected $9.02 from pot
*** SUMMARY ***
Total pot $9.50 | Rake $0.48 
Board [6d 5h 2h 8c 8h]
Seat 1: BoyLoc0 (small blind) folded before Flop
Seat 2: steepfell (big blind) showed [4d Ad] and won ($9.02) with a pair of Eights
Seat 3: coeeeelho folded before Flop (didn't bet)
Seat 4: fugitive-Ty3 folded before Flop (didn't bet)
Seat 5: Desverdi mucked
Seat 6: jeffy27dt1 (button) mucked



PokerStars Hand #254735624212:  Hold'em No Limit ($0.50/$1.00 USD) - 2025/02/06 17:10:41 WET [2025/02/06 12:10:41 ET]
Table 'Hypatia II' 6-max Seat #1 is the button
Seat 1: BoyLoc0 ($100 in chips) 
Seat 2: steepfell ($106.02 in chips) 
Seat 3: coeeeelho ($132.45 in chips) 
Seat 4: fugitive-Ty3 ($102.72 in chips) 
Seat 5: Desverdi ($18.03 in chips) 
Seat 6: jeffy27dt1 ($178.26 in chips) 
steepfell: posts small blind $0.50
coeeeelho: posts big blind $1
*** HOLE CARDS ***
fugitive-Ty3: folds 
Desverdi: folds 
jeffy27dt1: folds 
BoyLoc0: raises $1.50 to $2.50
steepfell: folds 
coeeeelho: folds 
Uncalled bet ($1.50) returned to BoyLoc0
BoyLoc0 collected $2.50 from pot
BoyLoc0: doesn't show hand 
*** SUMMARY ***
Total pot $2.50 | Rake $0 
Seat 1: BoyLoc0 (button) collected ($2.50)
Seat 2: steepfell (small blind) folded before Flop
Seat 3: coeeeelho (big blind) folded before Flop
Seat 4: fugitive-Ty3 folded before Flop (didn't bet)
Seat 5: Desverdi folded before Flop (didn't bet)
Seat 6: jeffy27dt1 folded before Flop (didn't bet)



PokerStars Hand #254735629510:  Hold'em No Limit ($0.50/$1.00 USD) - 2025/02/06 17:11:03 WET [2025/02/06 12:11:03 ET]
Table 'Hypatia II' 6-max Seat #2 is the button
Seat 1: BoyLoc0 ($101.50 in chips) 
Seat 2: steepfell ($105.52 in chips) 
Seat 3: coeeeelho ($131.45 in chips) 
Seat 4: fugitive-Ty3 ($102.72 in chips) 
Seat 5: Desverdi ($18.03 in chips) 
Seat 6: jeffy27dt1 ($178.26 in chips) 
coeeeelho: posts small blind $0.50
fugitive-Ty3: posts big blind $1
*** HOLE CARDS ***
Desverdi: folds 
jeffy27dt1: folds 
BoyLoc0: folds 
steepfell: folds 
coeeeelho: raises $2 to $3
fugitive-Ty3: folds 
Uncalled bet ($2) returned to coeeeelho
coeeeelho collected $2 from pot
*** SUMMARY ***
Total pot $2 | Rake $0 
Seat 1: BoyLoc0 folded before Flop (didn't bet)
Seat 2: steepfell (button) folded before Flop (didn't bet)
Seat 3: coeeeelho (small blind) collected ($2)
Seat 4: fugitive-Ty3 (big blind) folded before Flop
Seat 5: Desverdi folded before Flop (didn't bet)
Seat 6: jeffy27dt1 folded before Flop (didn't bet)



PokerStars Hand #254735633553:  Hold'em No Limit ($0.50/$1.00 USD) - 2025/02/06 17:11:20 WET [2025/02/06 12:11:20 ET]
Table 'Hypatia II' 6-max Seat #3 is the button
Seat 1: BoyLoc0 ($101.50 in chips) 
Seat 2: steepfell ($105.52 in chips) 
Seat 3: coeeeelho ($132.45 in chips) 
Seat 4: fugitive-Ty3 ($101.72 in chips) 
Seat 5: Desverdi ($18.03 in chips) 
Seat 6: jeffy27dt1 ($178.26 in chips) 
fugitive-Ty3: posts small blind $0.50
Desverdi: posts big blind $1
*** HOLE CARDS ***
jeffy27dt1: raises $1.50 to $2.50
BoyLoc0: folds 
steepfell: folds 
coeeeelho: raises $5 to $7.50
fugitive-Ty3: folds 
Desverdi: folds 
jeffy27dt1: raises $14.50 to $22
coeeeelho: calls $14.50
*** FLOP *** [5d Qs 9c]
jeffy27dt1: bets $14.26
coeeeelho: calls $14.26
*** TURN *** [5d Qs 9c] [3c]
jeffy27dt1: bets $42
coeeeelho: raises $54.19 to $96.19 and is all-in
Desverdi leaves the table
jeffy27dt1: folds 
Uncalled bet ($54.19) returned to coeeeelho
coeeeelho collected $155.52 from pot
*** SUMMARY ***
Total pot $158.02 | Rake $2.50 
Board [5d Qs 9c 3c]
Seat 1: BoyLoc0 folded before Flop (didn't bet)
Seat 2: steepfell folded before Flop (didn't bet)
Seat 3: coeeeelho (button) collected ($155.52)
Seat 4: fugitive-Ty3 (small blind) folded before Flop
Seat 5: Desverdi (big blind) folded before Flop
Seat 6: jeffy27dt1 folded on the Turn



PokerStars Hand #254735660759:  Hold'em No Limit ($0.50/$1.00 USD) - 2025/02/06 17:13:11 WET [2025/02/06 12:13:11 ET]
Table 'Hypatia II' 6-max Seat #4 is the button
Seat 1: BoyLoc0 ($101.50 in chips) 
Seat 2: steepfell ($105.52 in chips) 
Seat 3: coeeeelho ($209.71 in chips) 
Seat 4: fugitive-Ty3 ($101.22 in chips) 
Seat 6: jeffy27dt1 ($100 in chips) 
jeffy27dt1: posts small blind $0.50
BoyLoc0: posts big blind $1
*** HOLE CARDS ***
steepfell: raises $1.50 to $2.50
coeeeelho: folds 
fugitive-Ty3: folds 
jeffy27dt1: folds 
BoyLoc0: folds 
Uncalled bet ($1.50) returned to steepfell
steepfell collected $2.50 from pot
steepfell: doesn't show hand 
*** SUMMARY ***
Total pot $2.50 | Rake $0 
Seat 1: BoyLoc0 (big blind) folded before Flop
Seat 2: steepfell collected ($2.50)
Seat 3: coeeeelho folded before Flop (didn't bet)
Seat 4: fugitive-Ty3 (button) folded before Flop (didn't bet)
Seat 6: jeffy27dt1 (small blind) folded before Flop



PokerStars Hand #254735664200:  Hold'em No Limit ($0.50/$1.00 USD) - 2025/02/06 17:13:25 WET [2025/02/06 12:13:25 ET]
Table 'Hypatia II' 6-max Seat #6 is the button
Seat 2: steepfell ($107.02 in chips) is sitting out
Seat 1: BoyLoc0 ($100.50 in chips) 
Seat 3: coeeeelho ($209.71 in chips) 
Seat 4: fugitive-Ty3 ($101.22 in chips) 
Seat 6: jeffy27dt1 ($100 in chips) 
BoyLoc0: posts small blind $0.50
steepfell: is sitting out 
coeeeelho: posts big blind $1
*** HOLE CARDS ***
steepfell leaves the table
fugitive-Ty3: raises $1.50 to $2.50
jeffy27dt1: folds 
BoyLoc0: folds 
coeeeelho: calls $1.50
*** FLOP *** [Ah 3c Jc]
coeeeelho: checks 
fugitive-Ty3: bets $1.72
coeeeelho: raises $4.30 to $6.02
fugitive-Ty3: calls $4.30
*** TURN *** [Ah 3c Jc] [Qd]
coeeeelho: checks 
fugitive-Ty3: bets $12.50
coeeeelho: folds 
Uncalled bet ($12.50) returned to fugitive-Ty3
fugitive-Ty3 collected $16.66 from pot
fugitive-Ty3: doesn't show hand 
*** SUMMARY ***
Total pot $17.54 | Rake $0.88 
Board [Ah 3c Jc Qd]
Seat 2: steepfell
Seat 1: BoyLoc0 (small blind) folded before Flop
Seat 3: coeeeelho (big blind) folded on the Turn
Seat 4: fugitive-Ty3 collected ($16.66)
Seat 6: jeffy27dt1 (button) folded before Flop (didn't bet)



