PokerStars Hand #254729772606:  Hold'em No Limit ($0.50/$1.00 USD) - 2025/02/06 4:02:24 WET [2025/02/05 23:02:24 ET]
Table 'Paeonia II' 6-max Seat #1 is the button
Seat 1: Virvia32 ($147.09 in chips) 
Seat 2: ImaPeppaPig ($100.50 in chips) 
Seat 6: joaquin612 ($139.76 in chips) 
ImaPeppaPig: posts small blind $0.50
joaquin612: posts big blind $1
*** HOLE CARDS ***
Virvia32: folds 
ImaPeppaPig: raises $2 to $3
joaquin612: folds 
Uncalled bet ($2) returned to ImaPeppaPig
ImaPeppaPig collected $2 from pot
ImaPeppaPig: doesn't show hand 
*** SUMMARY ***
Total pot $2 | Rake $0 
Seat 1: Virvia32 (button) folded before Flop (didn't bet)
Seat 2: ImaPeppaPig (small blind) collected ($2)
Seat 6: joaquin612 (big blind) folded before Flop



PokerStars Hand #254729773884:  Hold'em No Limit ($0.50/$1.00 USD) - 2025/02/06 4:02:36 WET [2025/02/05 23:02:36 ET]
Table 'Paeonia II' 6-max Seat #2 is the button
Seat 1: Virvia32 ($147.09 in chips) 
Seat 2: ImaPeppaPig ($101.50 in chips) 
Seat 6: joaquin612 ($138.76 in chips) 
joaquin612: posts small blind $0.50
Virvia32: posts big blind $1
*** HOLE CARDS ***
ImaPeppaPig: raises $1.50 to $2.50
joaquin612: folds 
Virvia32: folds 
Uncalled bet ($1.50) returned to ImaPeppaPig
ImaPeppaPig collected $2.50 from pot
ImaPeppaPig: doesn't show hand 
*** SUMMARY ***
Total pot $2.50 | Rake $0 
Seat 1: Virvia32 (big blind) folded before Flop
Seat 2: ImaPeppaPig (button) collected ($2.50)
Seat 6: joaquin612 (small blind) folded before Flop



PokerStars Hand #254729774789:  Hold'em No Limit ($0.50/$1.00 USD) - 2025/02/06 4:02:45 WET [2025/02/05 23:02:45 ET]
Table 'Paeonia II' 6-max Seat #6 is the button
Seat 1: Virvia32 ($146.09 in chips) 
Seat 2: ImaPeppaPig ($103 in chips) 
Seat 6: joaquin612 ($138.26 in chips) 
Virvia32: posts small blind $0.50
ImaPeppaPig: posts big blind $1
*** HOLE CARDS ***
joaquin612: folds 
Virvia32: folds 
Uncalled bet ($0.50) returned to ImaPeppaPig
ImaPeppaPig collected $1 from pot
ImaPeppaPig: doesn't show hand 
*** SUMMARY ***
Total pot $1 | Rake $0 
Seat 1: Virvia32 (small blind) folded before Flop
Seat 2: ImaPeppaPig (big blind) collected ($1)
Seat 6: joaquin612 (button) folded before Flop (didn't bet)



PokerStars Hand #254729775637:  Hold'em No Limit ($0.50/$1.00 USD) - 2025/02/06 4:02:53 WET [2025/02/05 23:02:53 ET]
Table 'Paeonia II' 6-max Seat #1 is the button
Seat 1: Virvia32 ($145.59 in chips) 
Seat 2: ImaPeppaPig ($103.50 in chips) 
Seat 6: joaquin612 ($138.26 in chips) 
ImaPeppaPig: posts small blind $0.50
joaquin612: posts big blind $1
*** HOLE CARDS ***
Virvia32: raises $1.50 to $2.50
ImaPeppaPig: raises $8.50 to $11
joaquin612: folds 
Virvia32: folds 
Uncalled bet ($8.50) returned to ImaPeppaPig
ImaPeppaPig collected $6 from pot
ImaPeppaPig: doesn't show hand 
*** SUMMARY ***
Total pot $6 | Rake $0 
Seat 1: Virvia32 (button) folded before Flop
Seat 2: ImaPeppaPig (small blind) collected ($6)
Seat 6: joaquin612 (big blind) folded before Flop



PokerStars Hand #254729776896:  Hold'em No Limit ($0.50/$1.00 USD) - 2025/02/06 4:03:04 WET [2025/02/05 23:03:04 ET]
Table 'Paeonia II' 6-max Seat #2 is the button
Seat 1: Virvia32 ($143.09 in chips) 
Seat 2: ImaPeppaPig ($107 in chips) 
Seat 6: joaquin612 ($137.26 in chips) 
joaquin612: posts small blind $0.50
Virvia32: posts big blind $1
*** HOLE CARDS ***
ImaPeppaPig: folds 
joaquin612: folds 
Uncalled bet ($0.50) returned to Virvia32
Virvia32 collected $1 from pot
Virvia32: doesn't show hand 
*** SUMMARY ***
Total pot $1 | Rake $0 
Seat 1: Virvia32 (big blind) collected ($1)
Seat 2: ImaPeppaPig (button) folded before Flop (didn't bet)
Seat 6: joaquin612 (small blind) folded before Flop



PokerStars Hand #254729777702:  Hold'em No Limit ($0.50/$1.00 USD) - 2025/02/06 4:03:12 WET [2025/02/05 23:03:12 ET]
Table 'Paeonia II' 6-max Seat #6 is the button
Seat 1: Virvia32 ($143.59 in chips) 
Seat 2: ImaPeppaPig ($107 in chips) 
Seat 6: joaquin612 ($136.76 in chips) 
Virvia32: posts small blind $0.50
ImaPeppaPig: posts big blind $1
*** HOLE CARDS ***
joaquin612: folds 
Virvia32: raises $2 to $3
joaquin612 leaves the table
ImaPeppaPig: raises $7 to $10
Virvia32: folds 
Uncalled bet ($7) returned to ImaPeppaPig
ImaPeppaPig collected $6 from pot
ImaPeppaPig: doesn't show hand 
*** SUMMARY ***
Total pot $6 | Rake $0 
Seat 1: Virvia32 (small blind) folded before Flop
Seat 2: ImaPeppaPig (big blind) collected ($6)
Seat 6: joaquin612 (button) folded before Flop (didn't bet)



PokerStars Hand #254729779915:  Hold'em No Limit ($0.50/$1.00 USD) - 2025/02/06 4:03:33 WET [2025/02/05 23:03:33 ET]
Table 'Paeonia II' 6-max Seat #2 is the button
Seat 1: Virvia32 ($140.59 in chips) 
Seat 2: ImaPeppaPig ($110 in chips) 
ImaPeppaPig: posts small blind $0.50
Virvia32: posts big blind $1
*** HOLE CARDS ***
ImaPeppaPig: raises $1.50 to $2.50
Virvia32: calls $1.50
*** FLOP *** [7s Tc 4c]
Virvia32: checks 
ImaPeppaPig: bets $2.47
Virvia32: calls $2.47
*** TURN *** [7s Tc 4c] [3s]
Virvia32: checks 
ImaPeppaPig: bets $9
Virvia32: calls $9
*** RIVER *** [7s Tc 4c 3s] [Ad]
Virvia32: checks 
ImaPeppaPig: bets $34.48
Virvia32: folds 
Uncalled bet ($34.48) returned to ImaPeppaPig
ImaPeppaPig collected $26.94 from pot
ImaPeppaPig: doesn't show hand 
*** SUMMARY ***
Total pot $27.94 | Rake $1 
Board [7s Tc 4c 3s Ad]
Seat 1: Virvia32 (big blind) folded on the River
Seat 2: ImaPeppaPig (button) (small blind) collected ($26.94)



PokerStars Hand #254729783632:  Hold'em No Limit ($0.50/$1.00 USD) - 2025/02/06 4:04:08 WET [2025/02/05 23:04:08 ET]
Table 'Paeonia II' 6-max Seat #1 is the button
Seat 1: Virvia32 ($126.62 in chips) 
Seat 2: ImaPeppaPig ($122.97 in chips) 
Virvia32: posts small blind $0.50
ImaPeppaPig: posts big blind $1
*** HOLE CARDS ***
Virvia32: raises $1.50 to $2.50
ImaPeppaPig: calls $1.50
*** FLOP *** [3d 5s Qd]
ImaPeppaPig: checks 
Virvia32: bets $1.19
ImaPeppaPig: folds 
Uncalled bet ($1.19) returned to Virvia32
Virvia32 collected $4.75 from pot
Virvia32: doesn't show hand 
*** SUMMARY ***
Total pot $5 | Rake $0.25 
Board [3d 5s Qd]
Seat 1: Virvia32 (button) (small blind) collected ($4.75)
Seat 2: ImaPeppaPig (big blind) folded on the Flop



PokerStars Hand #254729785883:  Hold'em No Limit ($0.50/$1.00 USD) - 2025/02/06 4:04:29 WET [2025/02/05 23:04:29 ET]
Table 'Paeonia II' 6-max Seat #2 is the button
Seat 1: Virvia32 ($128.87 in chips) 
Seat 2: ImaPeppaPig ($120.47 in chips) 
ImaPeppaPig: posts small blind $0.50
Virvia32: posts big blind $1
*** HOLE CARDS ***
ImaPeppaPig: folds 
Uncalled bet ($0.50) returned to Virvia32
Virvia32 collected $1 from pot
Virvia32: doesn't show hand 
*** SUMMARY ***
Total pot $1 | Rake $0 
Seat 1: Virvia32 (big blind) collected ($1)
Seat 2: ImaPeppaPig (button) (small blind) folded before Flop



PokerStars Hand #254729786530:  Hold'em No Limit ($0.50/$1.00 USD) - 2025/02/06 4:04:35 WET [2025/02/05 23:04:35 ET]
Table 'Paeonia II' 6-max Seat #1 is the button
Seat 1: Virvia32 ($129.37 in chips) 
Seat 2: ImaPeppaPig ($119.97 in chips) 
Virvia32: posts small blind $0.50
ImaPeppaPig: posts big blind $1
*** HOLE CARDS ***
Virvia32: raises $1.50 to $2.50
ImaPeppaPig: folds 
Uncalled bet ($1.50) returned to Virvia32
Virvia32 collected $2 from pot
Virvia32: doesn't show hand 
*** SUMMARY ***
Total pot $2 | Rake $0 
Seat 1: Virvia32 (button) (small blind) collected ($2)
Seat 2: ImaPeppaPig (big blind) folded before Flop



PokerStars Hand #254729788125:  Hold'em No Limit ($0.50/$1.00 USD) - 2025/02/06 4:04:50 WET [2025/02/05 23:04:50 ET]
Table 'Paeonia II' 6-max Seat #2 is the button
Seat 1: Virvia32 ($130.37 in chips) 
Seat 2: ImaPeppaPig ($118.97 in chips) 
ImaPeppaPig: posts small blind $0.50
Virvia32: posts big blind $1
*** HOLE CARDS ***
ImaPeppaPig: raises $1.50 to $2.50
Virvia32: calls $1.50
*** FLOP *** [7d 3s 4c]
Virvia32: checks 
ImaPeppaPig: bets $2.47
Virvia32: folds 
Uncalled bet ($2.47) returned to ImaPeppaPig
ImaPeppaPig collected $4.75 from pot
ImaPeppaPig: doesn't show hand 
*** SUMMARY ***
Total pot $5 | Rake $0.25 
Board [7d 3s 4c]
Seat 1: Virvia32 (big blind) folded on the Flop
Seat 2: ImaPeppaPig (button) (small blind) collected ($4.75)



PokerStars Hand #254729790638:  Hold'em No Limit ($0.50/$1.00 USD) - 2025/02/06 4:05:14 WET [2025/02/05 23:05:14 ET]
Table 'Paeonia II' 6-max Seat #1 is the button
Seat 1: Virvia32 ($127.87 in chips) 
Seat 2: ImaPeppaPig ($121.22 in chips) 
Virvia32: posts small blind $0.50
ImaPeppaPig: posts big blind $1
*** HOLE CARDS ***
Virvia32: raises $1.50 to $2.50
ImaPeppaPig: calls $1.50
*** FLOP *** [4s Td 6c]
ImaPeppaPig: checks 
Virvia32: checks 
*** TURN *** [4s Td 6c] [Ah]
ImaPeppaPig: checks 
Virvia32: checks 
*** RIVER *** [4s Td 6c Ah] [Ts]
ImaPeppaPig: checks 
Virvia32: bets $2.38
ImaPeppaPig: folds 
Uncalled bet ($2.38) returned to Virvia32
Virvia32 collected $4.75 from pot
Virvia32: doesn't show hand 
*** SUMMARY ***
Total pot $5 | Rake $0.25 
Board [4s Td 6c Ah Ts]
Seat 1: Virvia32 (button) (small blind) collected ($4.75)
Seat 2: ImaPeppaPig (big blind) folded on the River



PokerStars Hand #254729793175:  Hold'em No Limit ($0.50/$1.00 USD) - 2025/02/06 4:05:38 WET [2025/02/05 23:05:38 ET]
Table 'Paeonia II' 6-max Seat #2 is the button
Seat 1: Virvia32 ($130.12 in chips) 
Seat 2: ImaPeppaPig ($118.72 in chips) 
ImaPeppaPig: posts small blind $0.50
Virvia32: posts big blind $1
*** HOLE CARDS ***
ImaPeppaPig: raises $1.50 to $2.50
Virvia32: calls $1.50
*** FLOP *** [2d Ts 2s]
Virvia32: checks 
ImaPeppaPig: checks 
*** TURN *** [2d Ts 2s] [8h]
Virvia32: checks 
ImaPeppaPig: checks 
*** RIVER *** [2d Ts 2s 8h] [4c]
Virvia32: checks 
ImaPeppaPig: checks 
*** SHOW DOWN ***
Virvia32: shows [9s Ad] (a pair of Deuces)
ImaPeppaPig: shows [Ah Jd] (a pair of Deuces - Ace+Jack kicker)
ImaPeppaPig collected $4.75 from pot
*** SUMMARY ***
Total pot $5 | Rake $0.25 
Board [2d Ts 2s 8h 4c]
Seat 1: Virvia32 (big blind) showed [9s Ad] and lost with a pair of Deuces
Seat 2: ImaPeppaPig (button) (small blind) showed [Ah Jd] and won ($4.75) with a pair of Deuces



PokerStars Hand #254729796466:  Hold'em No Limit ($0.50/$1.00 USD) - 2025/02/06 4:06:08 WET [2025/02/05 23:06:08 ET]
Table 'Paeonia II' 6-max Seat #1 is the button
Seat 1: Virvia32 ($127.62 in chips) 
Seat 2: ImaPeppaPig ($120.97 in chips) 
Virvia32: posts small blind $0.50
ImaPeppaPig: posts big blind $1
*** HOLE CARDS ***
Virvia32: raises $1.50 to $2.50
ImaPeppaPig: folds 
Uncalled bet ($1.50) returned to Virvia32
Virvia32 collected $2 from pot
Virvia32: doesn't show hand 
*** SUMMARY ***
Total pot $2 | Rake $0 
Seat 1: Virvia32 (button) (small blind) collected ($2)
Seat 2: ImaPeppaPig (big blind) folded before Flop



PokerStars Hand #254729799198:  Hold'em No Limit ($0.50/$1.00 USD) - 2025/02/06 4:06:34 WET [2025/02/05 23:06:34 ET]
Table 'Paeonia II' 6-max Seat #2 is the button
Seat 1: Virvia32 ($128.62 in chips) 
Seat 2: ImaPeppaPig ($119.97 in chips) 
ImaPeppaPig: posts small blind $0.50
Virvia32: posts big blind $1
*** HOLE CARDS ***
ImaPeppaPig: raises $1.50 to $2.50
Virvia32: calls $1.50
*** FLOP *** [Js 2h Kc]
Virvia32: checks 
ImaPeppaPig: checks 
*** TURN *** [Js 2h Kc] [6c]
Virvia32: bets $6
ImaPeppaPig: folds 
Uncalled bet ($6) returned to Virvia32
Virvia32 collected $4.75 from pot
Virvia32: doesn't show hand 
*** SUMMARY ***
Total pot $5 | Rake $0.25 
Board [Js 2h Kc 6c]
Seat 1: Virvia32 (big blind) collected ($4.75)
Seat 2: ImaPeppaPig (button) (small blind) folded on the Turn



PokerStars Hand #254729802010:  Hold'em No Limit ($0.50/$1.00 USD) - 2025/02/06 4:07:01 WET [2025/02/05 23:07:01 ET]
Table 'Paeonia II' 6-max Seat #1 is the button
Seat 1: Virvia32 ($130.87 in chips) 
Seat 2: ImaPeppaPig ($117.47 in chips) 
Virvia32: posts small blind $0.50
ImaPeppaPig: posts big blind $1
*** HOLE CARDS ***
Virvia32: raises $1.50 to $2.50
ImaPeppaPig: raises $10.50 to $13
Virvia32: folds 
Uncalled bet ($10.50) returned to ImaPeppaPig
ImaPeppaPig collected $5 from pot
ImaPeppaPig: doesn't show hand 
*** SUMMARY ***
Total pot $5 | Rake $0 
Seat 1: Virvia32 (button) (small blind) folded before Flop
Seat 2: ImaPeppaPig (big blind) collected ($5)



PokerStars Hand #254729804423:  Hold'em No Limit ($0.50/$1.00 USD) - 2025/02/06 4:07:23 WET [2025/02/05 23:07:23 ET]
Table 'Paeonia II' 6-max Seat #2 is the button
Seat 1: Virvia32 ($128.37 in chips) 
Seat 2: ImaPeppaPig ($119.97 in chips) 
ImaPeppaPig: posts small blind $0.50
Virvia32: posts big blind $1
*** HOLE CARDS ***
ImaPeppaPig: raises $1.50 to $2.50
Virvia32: folds 
Uncalled bet ($1.50) returned to ImaPeppaPig
ImaPeppaPig collected $2 from pot
ImaPeppaPig: doesn't show hand 
*** SUMMARY ***
Total pot $2 | Rake $0 
Seat 1: Virvia32 (big blind) folded before Flop
Seat 2: ImaPeppaPig (button) (small blind) collected ($2)



PokerStars Hand #254729805281:  Hold'em No Limit ($0.50/$1.00 USD) - 2025/02/06 4:07:32 WET [2025/02/05 23:07:32 ET]
Table 'Paeonia II' 6-max Seat #1 is the button
Seat 1: Virvia32 ($127.37 in chips) 
Seat 2: ImaPeppaPig ($120.97 in chips) 
Virvia32: posts small blind $0.50
ImaPeppaPig: posts big blind $1
*** HOLE CARDS ***
Virvia32: raises $1.50 to $2.50
ImaPeppaPig: calls $1.50
*** FLOP *** [Jc 3s 4s]
ImaPeppaPig: checks 
Virvia32: bets $1.19
ImaPeppaPig: raises $5.42 to $6.61
Virvia32: calls $5.42
*** TURN *** [Jc 3s 4s] [8c]
ImaPeppaPig: checks 
Virvia32: bets $12.98
ImaPeppaPig: calls $12.98
*** RIVER *** [Jc 3s 4s 8c] [Ac]
ImaPeppaPig: checks 
Virvia32: checks 
*** SHOW DOWN ***
ImaPeppaPig: shows [5h 2h] (a straight, Ace to Five)
Virvia32: mucks hand 
ImaPeppaPig collected $43.18 from pot
*** SUMMARY ***
Total pot $44.18 | Rake $1 
Board [Jc 3s 4s 8c Ac]
Seat 1: Virvia32 (button) (small blind) mucked
Seat 2: ImaPeppaPig (big blind) showed [5h 2h] and won ($43.18) with a straight, Ace to Five



PokerStars Hand #254729810615:  Hold'em No Limit ($0.50/$1.00 USD) - 2025/02/06 4:08:22 WET [2025/02/05 23:08:22 ET]
Table 'Paeonia II' 6-max Seat #2 is the button
Seat 1: Virvia32 ($105.28 in chips) 
Seat 2: ImaPeppaPig ($142.06 in chips) 
ImaPeppaPig: posts small blind $0.50
Virvia32: posts big blind $1
*** HOLE CARDS ***
ImaPeppaPig: folds 
Uncalled bet ($0.50) returned to Virvia32
Virvia32 collected $1 from pot
Virvia32: doesn't show hand 
*** SUMMARY ***
Total pot $1 | Rake $0 
Seat 1: Virvia32 (big blind) collected ($1)
Seat 2: ImaPeppaPig (button) (small blind) folded before Flop



PokerStars Hand #254729811474:  Hold'em No Limit ($0.50/$1.00 USD) - 2025/02/06 4:08:31 WET [2025/02/05 23:08:31 ET]
Table 'Paeonia II' 6-max Seat #1 is the button
Seat 1: Virvia32 ($105.78 in chips) 
Seat 2: ImaPeppaPig ($141.56 in chips) 
Virvia32: posts small blind $0.50
ImaPeppaPig: posts big blind $1
*** HOLE CARDS ***
Virvia32: raises $1.50 to $2.50
ImaPeppaPig: folds 
Uncalled bet ($1.50) returned to Virvia32
Virvia32 collected $2 from pot
Virvia32: doesn't show hand 
*** SUMMARY ***
Total pot $2 | Rake $0 
Seat 1: Virvia32 (button) (small blind) collected ($2)
Seat 2: ImaPeppaPig (big blind) folded before Flop



PokerStars Hand #254729812844:  Hold'em No Limit ($0.50/$1.00 USD) - 2025/02/06 4:08:44 WET [2025/02/05 23:08:44 ET]
Table 'Paeonia II' 6-max Seat #2 is the button
Seat 1: Virvia32 ($106.78 in chips) 
Seat 2: ImaPeppaPig ($140.56 in chips) 
ImaPeppaPig: posts small blind $0.50
Virvia32: posts big blind $1
*** HOLE CARDS ***
ImaPeppaPig: folds 
Uncalled bet ($0.50) returned to Virvia32
Virvia32 collected $1 from pot
Virvia32: doesn't show hand 
*** SUMMARY ***
Total pot $1 | Rake $0 
Seat 1: Virvia32 (big blind) collected ($1)
Seat 2: ImaPeppaPig (button) (small blind) folded before Flop



PokerStars Hand #254729813414:  Hold'em No Limit ($0.50/$1.00 USD) - 2025/02/06 4:08:50 WET [2025/02/05 23:08:50 ET]
Table 'Paeonia II' 6-max Seat #1 is the button
Seat 1: Virvia32 ($107.28 in chips) 
Seat 2: ImaPeppaPig ($140.06 in chips) 
Virvia32: posts small blind $0.50
ImaPeppaPig: posts big blind $1
*** HOLE CARDS ***
Virvia32: raises $1.50 to $2.50
ImaPeppaPig: folds 
Uncalled bet ($1.50) returned to Virvia32
Virvia32 collected $2 from pot
Virvia32: doesn't show hand 
*** SUMMARY ***
Total pot $2 | Rake $0 
Seat 1: Virvia32 (button) (small blind) collected ($2)
Seat 2: ImaPeppaPig (big blind) folded before Flop



PokerStars Hand #254729815620:  Hold'em No Limit ($0.50/$1.00 USD) - 2025/02/06 4:09:10 WET [2025/02/05 23:09:10 ET]
Table 'Paeonia II' 6-max Seat #2 is the button
Seat 1: Virvia32 ($108.28 in chips) 
Seat 2: ImaPeppaPig ($139.06 in chips) 
ImaPeppaPig: posts small blind $0.50
Virvia32: posts big blind $1
*** HOLE CARDS ***
ImaPeppaPig: raises $1.50 to $2.50
Virvia32: folds 
Uncalled bet ($1.50) returned to ImaPeppaPig
ImaPeppaPig collected $2 from pot
ImaPeppaPig: doesn't show hand 
*** SUMMARY ***
Total pot $2 | Rake $0 
Seat 1: Virvia32 (big blind) folded before Flop
Seat 2: ImaPeppaPig (button) (small blind) collected ($2)



PokerStars Hand #254729816628:  Hold'em No Limit ($0.50/$1.00 USD) - 2025/02/06 4:09:20 WET [2025/02/05 23:09:20 ET]
Table 'Paeonia II' 6-max Seat #1 is the button
Seat 1: Virvia32 ($107.28 in chips) 
Seat 2: ImaPeppaPig ($140.06 in chips) 
Virvia32: posts small blind $0.50
ImaPeppaPig: posts big blind $1
*** HOLE CARDS ***
Virvia32: raises $1.50 to $2.50
ImaPeppaPig: calls $1.50
*** FLOP *** [5c 7s 3d]
ImaPeppaPig: checks 
Virvia32: checks 
*** TURN *** [5c 7s 3d] [5d]
ImaPeppaPig: bets $1.47
Virvia32: calls $1.47
*** RIVER *** [5c 7s 3d 5d] [Ad]
ImaPeppaPig: checks 
Virvia32: bets $9
ImaPeppaPig: folds 
Uncalled bet ($9) returned to Virvia32
Virvia32 collected $7.54 from pot
Virvia32: doesn't show hand 
*** SUMMARY ***
Total pot $7.94 | Rake $0.40 
Board [5c 7s 3d 5d Ad]
Seat 1: Virvia32 (button) (small blind) collected ($7.54)
Seat 2: ImaPeppaPig (big blind) folded on the River



PokerStars Hand #254729819545:  Hold'em No Limit ($0.50/$1.00 USD) - 2025/02/06 4:09:48 WET [2025/02/05 23:09:48 ET]
Table 'Paeonia II' 6-max Seat #2 is the button
Seat 1: Virvia32 ($110.85 in chips) 
Seat 2: ImaPeppaPig ($136.09 in chips) 
ImaPeppaPig: posts small blind $0.50
Virvia32: posts big blind $1
*** HOLE CARDS ***
ImaPeppaPig: raises $1.50 to $2.50
Virvia32: calls $1.50
*** FLOP *** [8d 3h 7c]
Virvia32: checks 
ImaPeppaPig: checks 
*** TURN *** [8d 3h 7c] [Ts]
Virvia32: checks 
ImaPeppaPig: checks 
*** RIVER *** [8d 3h 7c Ts] [3c]
Virvia32: checks 
ImaPeppaPig: checks 
*** SHOW DOWN ***
Virvia32: shows [7d 5c] (two pair, Sevens and Threes)
ImaPeppaPig: mucks hand 
Virvia32 collected $4.75 from pot
*** SUMMARY ***
Total pot $5 | Rake $0.25 
Board [8d 3h 7c Ts 3c]
Seat 1: Virvia32 (big blind) showed [7d 5c] and won ($4.75) with two pair, Sevens and Threes
Seat 2: ImaPeppaPig (button) (small blind) mucked



PokerStars Hand #254729822041:  Hold'em No Limit ($0.50/$1.00 USD) - 2025/02/06 4:10:13 WET [2025/02/05 23:10:13 ET]
Table 'Paeonia II' 6-max Seat #1 is the button
Seat 1: Virvia32 ($113.10 in chips) 
Seat 2: ImaPeppaPig ($133.59 in chips) 
Virvia32: posts small blind $0.50
ImaPeppaPig: posts big blind $1
*** HOLE CARDS ***
Virvia32: raises $1.50 to $2.50
ImaPeppaPig: folds 
Uncalled bet ($1.50) returned to Virvia32
Virvia32 collected $2 from pot
Virvia32: doesn't show hand 
*** SUMMARY ***
Total pot $2 | Rake $0 
Seat 1: Virvia32 (button) (small blind) collected ($2)
Seat 2: ImaPeppaPig (big blind) folded before Flop



PokerStars Hand #254729823057:  Hold'em No Limit ($0.50/$1.00 USD) - 2025/02/06 4:10:23 WET [2025/02/05 23:10:23 ET]
Table 'Paeonia II' 6-max Seat #2 is the button
Seat 1: Virvia32 ($114.10 in chips) 
Seat 2: ImaPeppaPig ($132.59 in chips) 
ImaPeppaPig: posts small blind $0.50
Virvia32: posts big blind $1
*** HOLE CARDS ***
ImaPeppaPig: raises $1.50 to $2.50
Virvia32: calls $1.50
*** FLOP *** [9d 6s Ks]
Virvia32: checks 
ImaPeppaPig: bets $2.47
Virvia32: calls $2.47
*** TURN *** [9d 6s Ks] [As]
Virvia32: checks 
ImaPeppaPig: bets $2.93
Virvia32: calls $2.93
*** RIVER *** [9d 6s Ks As] [3d]
Virvia32: checks 
ImaPeppaPig: bets $4.65
Virvia32: raises $20.35 to $25
ImaPeppaPig: calls $20.35
*** SHOW DOWN ***
Virvia32: shows [9s 5s] (a flush, Ace high)
ImaPeppaPig: mucks hand 
Virvia32 collected $64.80 from pot
*** SUMMARY ***
Total pot $65.80 | Rake $1 
Board [9d 6s Ks As 3d]
Seat 1: Virvia32 (big blind) showed [9s 5s] and won ($64.80) with a flush, Ace high
Seat 2: ImaPeppaPig (button) (small blind) mucked



PokerStars Hand #254729826591:  Hold'em No Limit ($0.50/$1.00 USD) - 2025/02/06 4:10:57 WET [2025/02/05 23:10:57 ET]
Table 'Paeonia II' 6-max Seat #1 is the button
Seat 1: Virvia32 ($146 in chips) 
Seat 2: ImaPeppaPig ($100 in chips) 
Virvia32: posts small blind $0.50
ImaPeppaPig: posts big blind $1
*** HOLE CARDS ***
Virvia32: raises $1.50 to $2.50
ImaPeppaPig: raises $10.50 to $13
Virvia32: folds 
Uncalled bet ($10.50) returned to ImaPeppaPig
ImaPeppaPig collected $5 from pot
ImaPeppaPig: doesn't show hand 
*** SUMMARY ***
Total pot $5 | Rake $0 
Seat 1: Virvia32 (button) (small blind) folded before Flop
Seat 2: ImaPeppaPig (big blind) collected ($5)



PokerStars Hand #254729828935:  Hold'em No Limit ($0.50/$1.00 USD) - 2025/02/06 4:11:20 WET [2025/02/05 23:11:20 ET]
Table 'Paeonia II' 6-max Seat #2 is the button
Seat 1: Virvia32 ($143.50 in chips) 
Seat 2: ImaPeppaPig ($102.50 in chips) 
ImaPeppaPig: posts small blind $0.50
Virvia32: posts big blind $1
*** HOLE CARDS ***
ImaPeppaPig: raises $1.50 to $2.50
Virvia32: calls $1.50
*** FLOP *** [Qd 3d Qh]
Virvia32: checks 
ImaPeppaPig: checks 
*** TURN *** [Qd 3d Qh] [Qs]
Virvia32: checks 
ImaPeppaPig: checks 
*** RIVER *** [Qd 3d Qh Qs] [5d]
Virvia32: checks 
ImaPeppaPig: checks 
*** SHOW DOWN ***
Virvia32: shows [Ac 8h] (three of a kind, Queens)
ImaPeppaPig: mucks hand 
Virvia32 collected $4.75 from pot
*** SUMMARY ***
Total pot $5 | Rake $0.25 
Board [Qd 3d Qh Qs 5d]
Seat 1: Virvia32 (big blind) showed [Ac 8h] and won ($4.75) with three of a kind, Queens
Seat 2: ImaPeppaPig (button) (small blind) mucked



PokerStars Hand #254729831476:  Hold'em No Limit ($0.50/$1.00 USD) - 2025/02/06 4:11:44 WET [2025/02/05 23:11:44 ET]
Table 'Paeonia II' 6-max Seat #1 is the button
Seat 1: Virvia32 ($145.75 in chips) 
Seat 2: ImaPeppaPig ($100 in chips) 
Virvia32: posts small blind $0.50
ImaPeppaPig: posts big blind $1
*** HOLE CARDS ***
Virvia32: raises $2 to $3
ImaPeppaPig: folds 
Uncalled bet ($2) returned to Virvia32
Virvia32 collected $2 from pot
Virvia32: doesn't show hand 
*** SUMMARY ***
Total pot $2 | Rake $0 
Seat 1: Virvia32 (button) (small blind) collected ($2)
Seat 2: ImaPeppaPig (big blind) folded before Flop



PokerStars Hand #254729832742:  Hold'em No Limit ($0.50/$1.00 USD) - 2025/02/06 4:11:56 WET [2025/02/05 23:11:56 ET]
Table 'Paeonia II' 6-max Seat #2 is the button
Seat 1: Virvia32 ($146.75 in chips) 
Seat 2: ImaPeppaPig ($100 in chips) 
ImaPeppaPig: posts small blind $0.50
Virvia32: posts big blind $1
*** HOLE CARDS ***
ImaPeppaPig: raises $1.50 to $2.50
Virvia32: folds 
Uncalled bet ($1.50) returned to ImaPeppaPig
ImaPeppaPig collected $2 from pot
ImaPeppaPig: doesn't show hand 
*** SUMMARY ***
Total pot $2 | Rake $0 
Seat 1: Virvia32 (big blind) folded before Flop
Seat 2: ImaPeppaPig (button) (small blind) collected ($2)



PokerStars Hand #254729833489:  Hold'em No Limit ($0.50/$1.00 USD) - 2025/02/06 4:12:03 WET [2025/02/05 23:12:03 ET]
Table 'Paeonia II' 6-max Seat #1 is the button
Seat 1: Virvia32 ($145.75 in chips) 
Seat 2: ImaPeppaPig ($101 in chips) 
Virvia32: posts small blind $0.50
ImaPeppaPig: posts big blind $1
*** HOLE CARDS ***
Virvia32: raises $2 to $3
ImaPeppaPig: folds 
Uncalled bet ($2) returned to Virvia32
Virvia32 collected $2 from pot
Virvia32: doesn't show hand 
*** SUMMARY ***
Total pot $2 | Rake $0 
Seat 1: Virvia32 (button) (small blind) collected ($2)
Seat 2: ImaPeppaPig (big blind) folded before Flop



PokerStars Hand #254729834379:  Hold'em No Limit ($0.50/$1.00 USD) - 2025/02/06 4:12:12 WET [2025/02/05 23:12:12 ET]
Table 'Paeonia II' 6-max Seat #2 is the button
Seat 1: Virvia32 ($146.75 in chips) 
Seat 2: ImaPeppaPig ($100 in chips) 
ImaPeppaPig: posts small blind $0.50
Virvia32: posts big blind $1
*** HOLE CARDS ***
ImaPeppaPig: raises $1 to $2
Virvia32: calls $1
*** FLOP *** [4h 6s 9c]
Virvia32: checks 
ImaPeppaPig: checks 
*** TURN *** [4h 6s 9c] [7s]
Virvia32: checks 
ImaPeppaPig: checks 
*** RIVER *** [4h 6s 9c 7s] [2h]
Virvia32: checks 
ImaPeppaPig: checks 
*** SHOW DOWN ***
Virvia32: shows [Td Ks] (high card King)
ImaPeppaPig: shows [Ad Th] (high card Ace)
ImaPeppaPig collected $3.80 from pot
*** SUMMARY ***
Total pot $4 | Rake $0.20 
Board [4h 6s 9c 7s 2h]
Seat 1: Virvia32 (big blind) showed [Td Ks] and lost with high card King
Seat 2: ImaPeppaPig (button) (small blind) showed [Ad Th] and won ($3.80) with high card Ace



PokerStars Hand #254729838088:  Hold'em No Limit ($0.50/$1.00 USD) - 2025/02/06 4:12:48 WET [2025/02/05 23:12:48 ET]
Table 'Paeonia II' 6-max Seat #1 is the button
Seat 1: Virvia32 ($144.75 in chips) 
Seat 2: ImaPeppaPig ($101.80 in chips) 
Virvia32: posts small blind $0.50
ImaPeppaPig: posts big blind $1
*** HOLE CARDS ***
citsoul joins the table at seat #4 
pr0tecto joins the table at seat #5 
Virvia32: raises $1.50 to $2.50
ImaPeppaPig: raises $10.50 to $13
steelNike joins the table at seat #6 
Virvia32: folds 
Uncalled bet ($10.50) returned to ImaPeppaPig
ImaPeppaPig collected $5 from pot
MaRKiToScoK joins the table at seat #3 
ImaPeppaPig: doesn't show hand 
*** SUMMARY ***
Total pot $5 | Rake $0 
Seat 1: Virvia32 (button) (small blind) folded before Flop
Seat 2: ImaPeppaPig (big blind) collected ($5)



PokerStars Hand #254729839495:  Hold'em No Limit ($0.50/$1.00 USD) - 2025/02/06 4:13:01 WET [2025/02/05 23:13:01 ET]
Table 'Paeonia II' 6-max Seat #1 is the button
Seat 5: pr0tecto ($100 in chips) is sitting out
Seat 6: steelNike ($10 in chips) is sitting out
Seat 1: Virvia32 ($142.25 in chips) 
Seat 2: ImaPeppaPig ($104.30 in chips) 
Seat 3: MaRKiToScoK ($100 in chips) 
Seat 4: citsoul ($100 in chips) 
ImaPeppaPig: posts small blind $0.50
MaRKiToScoK: posts big blind $1
citsoul: posts big blind $1
pr0tecto: sits out 
steelNike: sits out 
*** HOLE CARDS ***
citsoul: checks 
Virvia32: folds 
ImaPeppaPig: calls $0.50
MaRKiToScoK: checks 
*** FLOP *** [2c Ts Ks]
ImaPeppaPig: checks 
MaRKiToScoK: checks 
citsoul: checks 
*** TURN *** [2c Ts Ks] [6c]
ImaPeppaPig: bets $2.17
MaRKiToScoK: calls $2.17
citsoul: folds 
*** RIVER *** [2c Ts Ks 6c] [4h]
ImaPeppaPig: checks 
MaRKiToScoK: checks 
*** SHOW DOWN ***
ImaPeppaPig: shows [Jh Kd] (a pair of Kings)
MaRKiToScoK: mucks hand 
ImaPeppaPig collected $6.97 from pot
*** SUMMARY ***
Total pot $7.34 | Rake $0.37 
Board [2c Ts Ks 6c 4h]
Seat 5: pr0tecto
Seat 6: steelNike
Seat 1: Virvia32 (button) folded before Flop (didn't bet)
Seat 2: ImaPeppaPig (small blind) showed [Jh Kd] and won ($6.97) with a pair of Kings
Seat 3: MaRKiToScoK (big blind) mucked
Seat 4: citsoul folded on the Turn (didn't bet)



PokerStars Hand #254729844309:  Hold'em No Limit ($0.50/$1.00 USD) - 2025/02/06 4:13:47 WET [2025/02/05 23:13:47 ET]
Table 'Paeonia II' 6-max Seat #2 is the button
Seat 5: pr0tecto ($100 in chips) is sitting out
Seat 6: steelNike ($10 in chips) is sitting out
Seat 1: Virvia32 ($142.25 in chips) 
Seat 2: ImaPeppaPig ($108.10 in chips) 
Seat 3: MaRKiToScoK ($100 in chips) 
Seat 4: citsoul ($99 in chips) 
MaRKiToScoK: posts small blind $0.50
citsoul: posts big blind $1
pr0tecto: sits out 
steelNike: sits out 
*** HOLE CARDS ***
Virvia32: folds 
ImaPeppaPig: folds 
MaRKiToScoK: folds 
Uncalled bet ($0.50) returned to citsoul
citsoul collected $1 from pot
citsoul: doesn't show hand 
*** SUMMARY ***
Total pot $1 | Rake $0 
Seat 5: pr0tecto
Seat 6: steelNike
Seat 1: Virvia32 folded before Flop (didn't bet)
Seat 2: ImaPeppaPig (button) folded before Flop (didn't bet)
Seat 3: MaRKiToScoK (small blind) folded before Flop
Seat 4: citsoul (big blind) collected ($1)



PokerStars Hand #254729845408:  Hold'em No Limit ($0.50/$1.00 USD) - 2025/02/06 4:13:58 WET [2025/02/05 23:13:58 ET]
Table 'Paeonia II' 6-max Seat #3 is the button
Seat 6: steelNike ($10 in chips) is sitting out
Seat 1: Virvia32 ($142.25 in chips) 
Seat 2: ImaPeppaPig ($108.10 in chips) 
Seat 3: MaRKiToScoK ($100 in chips) 
Seat 4: citsoul ($99.50 in chips) 
Seat 5: pr0tecto ($100 in chips) 
citsoul: posts small blind $0.50
pr0tecto: posts big blind $1
steelNike: sits out 
*** HOLE CARDS ***
Virvia32: folds 
ImaPeppaPig: raises $1.50 to $2.50
MaRKiToScoK: folds 
citsoul: folds 
pr0tecto: folds 
Uncalled bet ($1.50) returned to ImaPeppaPig
ImaPeppaPig collected $2.50 from pot
ImaPeppaPig: doesn't show hand 
*** SUMMARY ***
Total pot $2.50 | Rake $0 
Seat 6: steelNike
Seat 1: Virvia32 folded before Flop (didn't bet)
Seat 2: ImaPeppaPig collected ($2.50)
Seat 3: MaRKiToScoK (button) folded before Flop (didn't bet)
Seat 4: citsoul (small blind) folded before Flop
Seat 5: pr0tecto (big blind) folded before Flop



PokerStars Hand #254729847067:  Hold'em No Limit ($0.50/$1.00 USD) - 2025/02/06 4:14:14 WET [2025/02/05 23:14:14 ET]
Table 'Paeonia II' 6-max Seat #4 is the button
Seat 1: Virvia32 ($142.25 in chips) 
Seat 2: ImaPeppaPig ($109.60 in chips) 
Seat 3: MaRKiToScoK ($100 in chips) 
Seat 4: citsoul ($99 in chips) 
Seat 5: pr0tecto ($99 in chips) 
Seat 6: steelNike ($10 in chips) 
pr0tecto: posts small blind $0.50
steelNike: posts big blind $1
*** HOLE CARDS ***
Virvia32 has timed out
Virvia32: folds 
ImaPeppaPig: raises $1.50 to $2.50
MaRKiToScoK: raises $5 to $7.50
citsoul: folds 
pr0tecto: folds 
steelNike: raises $2.50 to $10 and is all-in
ImaPeppaPig: folds 
MaRKiToScoK: calls $2.50
*** FLOP *** [2c Kh Ad]
*** TURN *** [2c Kh Ad] [4c]
*** RIVER *** [2c Kh Ad 4c] [Qd]
*** SHOW DOWN ***
steelNike: shows [Td Ts] (a pair of Tens)
MaRKiToScoK: shows [Jc Ah] (a pair of Aces)
MaRKiToScoK collected $21.85 from pot
*** SUMMARY ***
Total pot $23 | Rake $1.15 
Board [2c Kh Ad 4c Qd]
Seat 1: Virvia32 folded before Flop (didn't bet)
Seat 2: ImaPeppaPig folded before Flop
Seat 3: MaRKiToScoK showed [Jc Ah] and won ($21.85) with a pair of Aces
Seat 4: citsoul (button) folded before Flop (didn't bet)
Seat 5: pr0tecto (small blind) folded before Flop
Seat 6: steelNike (big blind) showed [Td Ts] and lost with a pair of Tens



PokerStars Hand #254729853164:  Hold'em No Limit ($0.50/$1.00 USD) - 2025/02/06 4:15:13 WET [2025/02/05 23:15:13 ET]
Table 'Paeonia II' 6-max Seat #5 is the button
Seat 1: Virvia32 ($142.25 in chips) 
Seat 2: ImaPeppaPig ($107.10 in chips) 
Seat 3: MaRKiToScoK ($111.85 in chips) 
Seat 4: citsoul ($99 in chips) 
Seat 5: pr0tecto ($100 in chips) 
Seat 6: steelNike ($10 in chips) 
steelNike: posts small blind $0.50
Virvia32: posts big blind $1
*** HOLE CARDS ***
ImaPeppaPig: folds 
MaRKiToScoK: folds 
citsoul: calls $1
pr0tecto: folds 
steelNike: folds 
Virvia32: raises $3 to $4
citsoul: calls $3
*** FLOP *** [Ks 2d 3c]
Virvia32: bets $4.04
citsoul: folds 
Uncalled bet ($4.04) returned to Virvia32
Virvia32 collected $8.08 from pot
Virvia32: doesn't show hand 
*** SUMMARY ***
Total pot $8.50 | Rake $0.42 
Board [Ks 2d 3c]
Seat 1: Virvia32 (big blind) collected ($8.08)
Seat 2: ImaPeppaPig folded before Flop (didn't bet)
Seat 3: MaRKiToScoK folded before Flop (didn't bet)
Seat 4: citsoul folded on the Flop
Seat 5: pr0tecto (button) folded before Flop (didn't bet)
Seat 6: steelNike (small blind) folded before Flop



PokerStars Hand #254729856466:  Hold'em No Limit ($0.50/$1.00 USD) - 2025/02/06 4:15:45 WET [2025/02/05 23:15:45 ET]
Table 'Paeonia II' 6-max Seat #6 is the button
Seat 1: Virvia32 ($146.33 in chips) 
Seat 2: ImaPeppaPig ($107.10 in chips) 
Seat 3: MaRKiToScoK ($111.85 in chips) 
Seat 4: citsoul ($95 in chips) 
Seat 5: pr0tecto ($100 in chips) 
Seat 6: steelNike ($100 in chips) 
Virvia32: posts small blind $0.50
ImaPeppaPig: posts big blind $1
*** HOLE CARDS ***
MaRKiToScoK: folds 
citsoul: folds 
pr0tecto: folds 
steelNike: raises $1.50 to $2.50
Virvia32: folds 
ImaPeppaPig: folds 
Uncalled bet ($1.50) returned to steelNike
steelNike collected $2.50 from pot
*** SUMMARY ***
Total pot $2.50 | Rake $0 
Seat 1: Virvia32 (small blind) folded before Flop
Seat 2: ImaPeppaPig (big blind) folded before Flop
Seat 3: MaRKiToScoK folded before Flop (didn't bet)
Seat 4: citsoul folded before Flop (didn't bet)
Seat 5: pr0tecto folded before Flop (didn't bet)
Seat 6: steelNike (button) collected ($2.50)



PokerStars Hand #254729858664:  Hold'em No Limit ($0.50/$1.00 USD) - 2025/02/06 4:16:06 WET [2025/02/05 23:16:06 ET]
Table 'Paeonia II' 6-max Seat #1 is the button
Seat 1: Virvia32 ($145.83 in chips) 
Seat 2: ImaPeppaPig ($106.10 in chips) 
Seat 3: MaRKiToScoK ($111.85 in chips) 
Seat 4: citsoul ($95 in chips) 
Seat 5: pr0tecto ($100 in chips) 
Seat 6: steelNike ($101.50 in chips) 
ImaPeppaPig: posts small blind $0.50
MaRKiToScoK: posts big blind $1
*** HOLE CARDS ***
citsoul: calls $1
pr0tecto: folds 
steelNike: calls $1
Virvia32: folds 
ImaPeppaPig: folds 
MaRKiToScoK: checks 
*** FLOP *** [7s 9d 7d]
MaRKiToScoK: checks 
citsoul: checks 
steelNike: checks 
*** TURN *** [7s 9d 7d] [8s]
MaRKiToScoK: checks 
citsoul: checks 
steelNike: checks 
*** RIVER *** [7s 9d 7d 8s] [Jd]
MaRKiToScoK: checks 
citsoul: checks 
steelNike: checks 
*** SHOW DOWN ***
MaRKiToScoK: shows [8c 5d] (two pair, Eights and Sevens)
citsoul: mucks hand 
steelNike: mucks hand 
MaRKiToScoK collected $3.32 from pot
*** SUMMARY ***
Total pot $3.50 | Rake $0.18 
Board [7s 9d 7d 8s Jd]
Seat 1: Virvia32 (button) folded before Flop (didn't bet)
Seat 2: ImaPeppaPig (small blind) folded before Flop
Seat 3: MaRKiToScoK (big blind) showed [8c 5d] and won ($3.32) with two pair, Eights and Sevens
Seat 4: citsoul mucked
Seat 5: pr0tecto folded before Flop (didn't bet)
Seat 6: steelNike mucked



PokerStars Hand #254729865430:  Hold'em No Limit ($0.50/$1.00 USD) - 2025/02/06 4:17:11 WET [2025/02/05 23:17:11 ET]
Table 'Paeonia II' 6-max Seat #2 is the button
Seat 1: Virvia32 ($145.83 in chips) 
Seat 2: ImaPeppaPig ($105.60 in chips) 
Seat 3: MaRKiToScoK ($114.17 in chips) 
Seat 4: citsoul ($94 in chips) 
Seat 5: pr0tecto ($100 in chips) 
Seat 6: steelNike ($100.50 in chips) 
MaRKiToScoK: posts small blind $0.50
citsoul: posts big blind $1
*** HOLE CARDS ***
pr0tecto: folds 
steelNike: folds 
Virvia32: folds 
ImaPeppaPig: raises $1.50 to $2.50
MaRKiToScoK: folds 
citsoul: folds 
Uncalled bet ($1.50) returned to ImaPeppaPig
ImaPeppaPig collected $2.50 from pot
ImaPeppaPig: doesn't show hand 
*** SUMMARY ***
Total pot $2.50 | Rake $0 
Seat 1: Virvia32 folded before Flop (didn't bet)
Seat 2: ImaPeppaPig (button) collected ($2.50)
Seat 3: MaRKiToScoK (small blind) folded before Flop
Seat 4: citsoul (big blind) folded before Flop
Seat 5: pr0tecto folded before Flop (didn't bet)
Seat 6: steelNike folded before Flop (didn't bet)



PokerStars Hand #254729866678:  Hold'em No Limit ($0.50/$1.00 USD) - 2025/02/06 4:17:24 WET [2025/02/05 23:17:24 ET]
Table 'Paeonia II' 6-max Seat #3 is the button
Seat 1: Virvia32 ($145.83 in chips) 
Seat 2: ImaPeppaPig ($107.10 in chips) 
Seat 3: MaRKiToScoK ($113.67 in chips) 
Seat 4: citsoul ($93 in chips) 
Seat 5: pr0tecto ($100 in chips) 
Seat 6: steelNike ($100.50 in chips) 
citsoul: posts small blind $0.50
pr0tecto: posts big blind $1
*** HOLE CARDS ***
steelNike: folds 
Virvia32 has timed out
Virvia32: folds 
ImaPeppaPig: raises $1.50 to $2.50
MaRKiToScoK: folds 
citsoul: calls $2
pr0tecto: folds 
*** FLOP *** [7s 3s 4s]
citsoul: checks 
ImaPeppaPig: bets $1.77
citsoul: calls $1.77
*** TURN *** [7s 3s 4s] [Qc]
citsoul: checks 
ImaPeppaPig: bets $2.81
citsoul: calls $2.81
*** RIVER *** [7s 3s 4s Qc] [Td]
citsoul: checks 
ImaPeppaPig: bets $12
citsoul: calls $12
*** SHOW DOWN ***
ImaPeppaPig: shows [7h Th] (two pair, Tens and Sevens)
citsoul: mucks hand 
ImaPeppaPig collected $37.20 from pot
*** SUMMARY ***
Total pot $39.16 | Rake $1.96 
Board [7s 3s 4s Qc Td]
Seat 1: Virvia32 folded before Flop (didn't bet)
Seat 2: ImaPeppaPig showed [7h Th] and won ($37.20) with two pair, Tens and Sevens
Seat 3: MaRKiToScoK (button) folded before Flop (didn't bet)
Seat 4: citsoul (small blind) mucked
Seat 5: pr0tecto (big blind) folded before Flop
Seat 6: steelNike folded before Flop (didn't bet)



PokerStars Hand #254729872391:  Hold'em No Limit ($0.50/$1.00 USD) - 2025/02/06 4:18:20 WET [2025/02/05 23:18:20 ET]
Table 'Paeonia II' 6-max Seat #4 is the button
Seat 1: Virvia32 ($145.83 in chips) 
Seat 2: ImaPeppaPig ($125.22 in chips) 
Seat 3: MaRKiToScoK ($113.67 in chips) 
Seat 4: citsoul ($73.92 in chips) 
Seat 5: pr0tecto ($99 in chips) 
Seat 6: steelNike ($100.50 in chips) 
pr0tecto: posts small blind $0.50
steelNike: posts big blind $1
*** HOLE CARDS ***
Virvia32: raises $1.50 to $2.50
ImaPeppaPig: folds 
MaRKiToScoK: folds 
citsoul: folds 
pr0tecto: folds 
steelNike: calls $1.50
*** FLOP *** [Qh 4s Ac]
steelNike: checks 
Virvia32: bets $1.31
steelNike: folds 
Uncalled bet ($1.31) returned to Virvia32
Virvia32 collected $5.22 from pot
Virvia32: doesn't show hand 
*** SUMMARY ***
Total pot $5.50 | Rake $0.28 
Board [Qh 4s Ac]
Seat 1: Virvia32 collected ($5.22)
Seat 2: ImaPeppaPig folded before Flop (didn't bet)
Seat 3: MaRKiToScoK folded before Flop (didn't bet)
Seat 4: citsoul (button) folded before Flop (didn't bet)
Seat 5: pr0tecto (small blind) folded before Flop
Seat 6: steelNike (big blind) folded on the Flop



PokerStars Hand #254729874961:  Hold'em No Limit ($0.50/$1.00 USD) - 2025/02/06 4:18:45 WET [2025/02/05 23:18:45 ET]
Table 'Paeonia II' 6-max Seat #5 is the button
Seat 1: Virvia32 ($148.55 in chips) 
Seat 2: ImaPeppaPig ($125.22 in chips) 
Seat 3: MaRKiToScoK ($113.67 in chips) 
Seat 4: citsoul ($73.92 in chips) 
Seat 5: pr0tecto ($100 in chips) 
Seat 6: steelNike ($98 in chips) 
steelNike: posts small blind $0.50
Virvia32: posts big blind $1
*** HOLE CARDS ***
ImaPeppaPig: folds 
MaRKiToScoK: folds 
citsoul: raises $1 to $2
pr0tecto: folds 
steelNike: folds 
Virvia32: folds 
Uncalled bet ($1) returned to citsoul
citsoul collected $2.50 from pot
citsoul: doesn't show hand 
*** SUMMARY ***
Total pot $2.50 | Rake $0 
Seat 1: Virvia32 (big blind) folded before Flop
Seat 2: ImaPeppaPig folded before Flop (didn't bet)
Seat 3: MaRKiToScoK folded before Flop (didn't bet)
Seat 4: citsoul collected ($2.50)
Seat 5: pr0tecto (button) folded before Flop (didn't bet)
Seat 6: steelNike (small blind) folded before Flop



PokerStars Hand #254729877361:  Hold'em No Limit ($0.50/$1.00 USD) - 2025/02/06 4:19:10 WET [2025/02/05 23:19:10 ET]
Table 'Paeonia II' 6-max Seat #6 is the button
Seat 1: Virvia32 ($147.55 in chips) 
Seat 2: ImaPeppaPig ($125.22 in chips) 
Seat 3: MaRKiToScoK ($113.67 in chips) 
Seat 4: citsoul ($75.42 in chips) 
Seat 5: pr0tecto ($100 in chips) 
Seat 6: steelNike ($97.50 in chips) 
Virvia32: posts small blind $0.50
ImaPeppaPig: posts big blind $1
*** HOLE CARDS ***
MaRKiToScoK: raises $1 to $2
citsoul: calls $2
pr0tecto: folds 
steelNike: folds 
Virvia32: folds 
ImaPeppaPig: calls $1
*** FLOP *** [5c 8d 2c]
ImaPeppaPig: checks 
MaRKiToScoK: checks 
citsoul: bets $6.18
ImaPeppaPig: folds 
MaRKiToScoK: calls $6.18
*** TURN *** [5c 8d 2c] [4h]
MaRKiToScoK: checks 
citsoul: checks 
*** RIVER *** [5c 8d 2c 4h] [6h]
MaRKiToScoK: bets $17.92
citsoul: calls $17.92
*** SHOW DOWN ***
MaRKiToScoK: shows [6d 6s] (three of a kind, Sixes)
citsoul: mucks hand 
MaRKiToScoK collected $52.20 from pot
*** SUMMARY ***
Total pot $54.70 | Rake $2.50 
Board [5c 8d 2c 4h 6h]
Seat 1: Virvia32 (small blind) folded before Flop
Seat 2: ImaPeppaPig (big blind) folded on the Flop
Seat 3: MaRKiToScoK showed [6d 6s] and won ($52.20) with three of a kind, Sixes
Seat 4: citsoul mucked
Seat 5: pr0tecto folded before Flop (didn't bet)
Seat 6: steelNike (button) folded before Flop (didn't bet)



PokerStars Hand #254729882364:  Hold'em No Limit ($0.50/$1.00 USD) - 2025/02/06 4:20:00 WET [2025/02/05 23:20:00 ET]
Table 'Paeonia II' 6-max Seat #1 is the button
Seat 1: Virvia32 ($147.05 in chips) 
Seat 2: ImaPeppaPig ($123.22 in chips) 
Seat 3: MaRKiToScoK ($139.77 in chips) 
Seat 4: citsoul ($49.32 in chips) 
Seat 5: pr0tecto ($100 in chips) 
Seat 6: steelNike ($97.50 in chips) 
ImaPeppaPig: posts small blind $0.50
MaRKiToScoK: posts big blind $1
*** HOLE CARDS ***
citsoul: raises $2.50 to $3.50
pr0tecto: folds 
steelNike: folds 
Virvia32: folds 
ImaPeppaPig: folds 
MaRKiToScoK: folds 
Uncalled bet ($2.50) returned to citsoul
citsoul collected $2.50 from pot
citsoul: doesn't show hand 
*** SUMMARY ***
Total pot $2.50 | Rake $0 
Seat 1: Virvia32 (button) folded before Flop (didn't bet)
Seat 2: ImaPeppaPig (small blind) folded before Flop
Seat 3: MaRKiToScoK (big blind) folded before Flop
Seat 4: citsoul collected ($2.50)
Seat 5: pr0tecto folded before Flop (didn't bet)
Seat 6: steelNike folded before Flop (didn't bet)



PokerStars Hand #254729884364:  Hold'em No Limit ($0.50/$1.00 USD) - 2025/02/06 4:20:19 WET [2025/02/05 23:20:19 ET]
Table 'Paeonia II' 6-max Seat #2 is the button
Seat 1: Virvia32 ($147.05 in chips) 
Seat 2: ImaPeppaPig ($122.72 in chips) 
Seat 3: MaRKiToScoK ($138.77 in chips) 
Seat 4: citsoul ($50.82 in chips) 
Seat 5: pr0tecto ($100 in chips) 
Seat 6: steelNike ($97.50 in chips) 
MaRKiToScoK: posts small blind $0.50
citsoul: posts big blind $1
*** HOLE CARDS ***
pr0tecto: folds 
steelNike: folds 
Virvia32: folds 
ImaPeppaPig: folds 
MaRKiToScoK: raises $1.50 to $2.50
citsoul: calls $1.50
*** FLOP *** [8d Ts 5c]
MaRKiToScoK: checks 
citsoul: checks 
*** TURN *** [8d Ts 5c] [Ah]
MaRKiToScoK: bets $1.57
citsoul: calls $1.57
*** RIVER *** [8d Ts 5c Ah] [As]
MaRKiToScoK: checks 
citsoul: bets $3.87
MaRKiToScoK: folds 
Uncalled bet ($3.87) returned to citsoul
citsoul collected $7.73 from pot
citsoul: doesn't show hand 
*** SUMMARY ***
Total pot $8.14 | Rake $0.41 
Board [8d Ts 5c Ah As]
Seat 1: Virvia32 folded before Flop (didn't bet)
Seat 2: ImaPeppaPig (button) folded before Flop (didn't bet)
Seat 3: MaRKiToScoK (small blind) folded on the River
Seat 4: citsoul (big blind) collected ($7.73)
Seat 5: pr0tecto folded before Flop (didn't bet)
Seat 6: steelNike folded before Flop (didn't bet)



PokerStars Hand #254729887822:  Hold'em No Limit ($0.50/$1.00 USD) - 2025/02/06 4:20:54 WET [2025/02/05 23:20:54 ET]
Table 'Paeonia II' 6-max Seat #3 is the button
Seat 1: Virvia32 ($147.05 in chips) 
Seat 2: ImaPeppaPig ($122.72 in chips) 
Seat 3: MaRKiToScoK ($134.70 in chips) 
Seat 4: citsoul ($54.48 in chips) 
Seat 5: pr0tecto ($100 in chips) 
Seat 6: steelNike ($97.50 in chips) 
citsoul: posts small blind $0.50
pr0tecto: posts big blind $1
*** HOLE CARDS ***
steelNike: folds 
Virvia32: raises $1.50 to $2.50
ImaPeppaPig: folds 
MaRKiToScoK: folds 
citsoul: calls $2
pr0tecto: folds 
*** FLOP *** [5c 9d 2s]
citsoul: checks 
Virvia32: bets $1.43
citsoul: raises $1.43 to $2.86
Virvia32: calls $1.43
*** TURN *** [5c 9d 2s] [Qd]
citsoul: checks 
Virvia32: checks 
*** RIVER *** [5c 9d 2s Qd] [7h]
citsoul: checks 
Virvia32: checks 
*** SHOW DOWN ***
citsoul: shows [2h 3h] (a pair of Deuces)
Virvia32: mucks hand 
citsoul collected $11.13 from pot
*** SUMMARY ***
Total pot $11.72 | Rake $0.59 
Board [5c 9d 2s Qd 7h]
Seat 1: Virvia32 mucked
Seat 2: ImaPeppaPig folded before Flop (didn't bet)
Seat 3: MaRKiToScoK (button) folded before Flop (didn't bet)
Seat 4: citsoul (small blind) showed [2h 3h] and won ($11.13) with a pair of Deuces
Seat 5: pr0tecto (big blind) folded before Flop
Seat 6: steelNike folded before Flop (didn't bet)



PokerStars Hand #254729891456:  Hold'em No Limit ($0.50/$1.00 USD) - 2025/02/06 4:21:30 WET [2025/02/05 23:21:30 ET]
Table 'Paeonia II' 6-max Seat #4 is the button
Seat 1: Virvia32 ($141.69 in chips) 
Seat 2: ImaPeppaPig ($122.72 in chips) 
Seat 3: MaRKiToScoK ($134.70 in chips) 
Seat 4: citsoul ($60.25 in chips) 
Seat 5: pr0tecto ($99 in chips) 
Seat 6: steelNike ($97.50 in chips) 
pr0tecto: posts small blind $0.50
steelNike: posts big blind $1
*** HOLE CARDS ***
Virvia32: folds 
ImaPeppaPig: folds 
MaRKiToScoK: raises $1.20 to $2.20
citsoul: folds 
pr0tecto: folds 
steelNike: calls $1.20
*** FLOP *** [Th 4h Ah]
steelNike: checks 
MaRKiToScoK: bets $1.17
steelNike: calls $1.17
*** TURN *** [Th 4h Ah] [Jd]
steelNike: checks 
MaRKiToScoK: checks 
*** RIVER *** [Th 4h Ah Jd] [2c]
steelNike: checks 
MaRKiToScoK: bets $6.88
steelNike: calls $6.88
*** SHOW DOWN ***
MaRKiToScoK: shows [Qh Ac] (a pair of Aces)
steelNike: shows [As Qc] (a pair of Aces)
steelNike collected $9.98 from pot
MaRKiToScoK collected $9.97 from pot
*** SUMMARY ***
Total pot $21 | Rake $1.05 
Board [Th 4h Ah Jd 2c]
Seat 1: Virvia32 folded before Flop (didn't bet)
Seat 2: ImaPeppaPig folded before Flop (didn't bet)
Seat 3: MaRKiToScoK showed [Qh Ac] and won ($9.97) with a pair of Aces
Seat 4: citsoul (button) folded before Flop (didn't bet)
Seat 5: pr0tecto (small blind) folded before Flop
Seat 6: steelNike (big blind) showed [As Qc] and won ($9.98) with a pair of Aces



PokerStars Hand #254729897314:  Hold'em No Limit ($0.50/$1.00 USD) - 2025/02/06 4:22:27 WET [2025/02/05 23:22:27 ET]
Table 'Paeonia II' 6-max Seat #5 is the button
Seat 1: Virvia32 ($141.69 in chips) 
Seat 2: ImaPeppaPig ($122.72 in chips) 
Seat 3: MaRKiToScoK ($134.42 in chips) 
Seat 4: citsoul ($60.25 in chips) 
Seat 5: pr0tecto ($100 in chips) 
Seat 6: steelNike ($97.23 in chips) 
steelNike: posts small blind $0.50
Virvia32: posts big blind $1
*** HOLE CARDS ***
ImaPeppaPig: raises $1.50 to $2.50
MaRKiToScoK: folds 
citsoul: folds 
pr0tecto: folds 
steelNike: folds 
Virvia32: calls $1.50
*** FLOP *** [3d Jd 6d]
Virvia32: checks 
ImaPeppaPig: bets $1.62
Virvia32: calls $1.62
*** TURN *** [3d Jd 6d] [Ad]
Virvia32: checks 
ImaPeppaPig: checks 
*** RIVER *** [3d Jd 6d Ad] [Kh]
Virvia32: bets $2.08
ImaPeppaPig: calls $2.08
*** SHOW DOWN ***
Virvia32: shows [Js Kc] (two pair, Kings and Jacks)
ImaPeppaPig: shows [As Td] (a flush, Ace high)
ImaPeppaPig collected $12.26 from pot
*** SUMMARY ***
Total pot $12.90 | Rake $0.64 
Board [3d Jd 6d Ad Kh]
Seat 1: Virvia32 (big blind) showed [Js Kc] and lost with two pair, Kings and Jacks
Seat 2: ImaPeppaPig showed [As Td] and won ($12.26) with a flush, Ace high
Seat 3: MaRKiToScoK folded before Flop (didn't bet)
Seat 4: citsoul folded before Flop (didn't bet)
Seat 5: pr0tecto (button) folded before Flop (didn't bet)
Seat 6: steelNike (small blind) folded before Flop



PokerStars Hand #254729901292:  Hold'em No Limit ($0.50/$1.00 USD) - 2025/02/06 4:23:07 WET [2025/02/05 23:23:07 ET]
Table 'Paeonia II' 6-max Seat #6 is the button
Seat 1: Virvia32 ($135.49 in chips) 
Seat 2: ImaPeppaPig ($128.78 in chips) 
Seat 3: MaRKiToScoK ($134.42 in chips) 
Seat 4: citsoul ($60.25 in chips) 
Seat 5: pr0tecto ($100 in chips) 
Seat 6: steelNike ($96.73 in chips) 
Virvia32: posts small blind $0.50
ImaPeppaPig: posts big blind $1
*** HOLE CARDS ***
MaRKiToScoK: folds 
citsoul: raises $2.50 to $3.50
pr0tecto: folds 
steelNike: folds 
Virvia32: folds 
ImaPeppaPig: raises $9.50 to $13
citsoul: calls $9.50
*** FLOP *** [Js Kd 5c]
ImaPeppaPig: bets $4
citsoul: calls $4
*** TURN *** [Js Kd 5c] [Qs]
ImaPeppaPig: bets $10.16
citsoul: calls $10.16
*** RIVER *** [Js Kd 5c Qs] [8h]
ImaPeppaPig: bets $66.97
citsoul: calls $33.09 and is all-in
Uncalled bet ($33.88) returned to ImaPeppaPig
*** SHOW DOWN ***
ImaPeppaPig: shows [Ks Kc] (three of a kind, Kings)
citsoul: shows [2c 2s] (a pair of Deuces)
ImaPeppaPig collected $118.50 from pot
*** SUMMARY ***
Total pot $121 | Rake $2.50 
Board [Js Kd 5c Qs 8h]
Seat 1: Virvia32 (small blind) folded before Flop
Seat 2: ImaPeppaPig (big blind) showed [Ks Kc] and won ($118.50) with three of a kind, Kings
Seat 3: MaRKiToScoK folded before Flop (didn't bet)
Seat 4: citsoul showed [2c 2s] and lost with a pair of Deuces
Seat 5: pr0tecto folded before Flop (didn't bet)
Seat 6: steelNike (button) folded before Flop (didn't bet)



PokerStars Hand #254729905851:  Hold'em No Limit ($0.50/$1.00 USD) - 2025/02/06 4:23:53 WET [2025/02/05 23:23:53 ET]
Table 'Paeonia II' 6-max Seat #1 is the button
Seat 4: citsoul ($0 in chips) is sitting out
Seat 1: Virvia32 ($134.99 in chips) 
Seat 2: ImaPeppaPig ($187.03 in chips) 
Seat 3: MaRKiToScoK ($134.42 in chips) 
Seat 5: pr0tecto ($100 in chips) 
Seat 6: steelNike ($96.73 in chips) 
ImaPeppaPig: posts small blind $0.50
MaRKiToScoK: posts big blind $1
*** HOLE CARDS ***
pr0tecto: folds 
steelNike: raises $1.30 to $2.30
Virvia32: folds 
ImaPeppaPig: folds 
MaRKiToScoK: folds 
Uncalled bet ($1.30) returned to steelNike
steelNike collected $2.50 from pot
*** SUMMARY ***
Total pot $2.50 | Rake $0 
Seat 4: citsoul
Seat 1: Virvia32 (button) folded before Flop (didn't bet)
Seat 2: ImaPeppaPig (small blind) folded before Flop
Seat 3: MaRKiToScoK (big blind) folded before Flop
Seat 5: pr0tecto folded before Flop (didn't bet)
Seat 6: steelNike collected ($2.50)



PokerStars Hand #254729907468:  Hold'em No Limit ($0.50/$1.00 USD) - 2025/02/06 4:24:09 WET [2025/02/05 23:24:09 ET]
Table 'Paeonia II' 6-max Seat #2 is the button
Seat 1: Virvia32 ($134.99 in chips) 
Seat 2: ImaPeppaPig ($186.53 in chips) 
Seat 3: MaRKiToScoK ($133.42 in chips) 
Seat 4: citsoul ($40 in chips) 
Seat 5: pr0tecto ($100 in chips) 
Seat 6: steelNike ($98.23 in chips) 
MaRKiToScoK: posts small blind $0.50
citsoul: posts big blind $1
*** HOLE CARDS ***
pr0tecto: folds 
steelNike: folds 
Virvia32: raises $1.50 to $2.50
ImaPeppaPig: raises $5.50 to $8
MaRKiToScoK: folds 
citsoul: calls $7
Virvia32: folds 
*** FLOP *** [3d 2h 7h]
citsoul: bets $32 and is all-in
ImaPeppaPig: calls $32
*** TURN *** [3d 2h 7h] [Ks]
*** RIVER *** [3d 2h 7h Ks] [5d]
*** SHOW DOWN ***
citsoul: shows [8d 8h] (a pair of Eights)
ImaPeppaPig: shows [9d 9h] (a pair of Nines)
ImaPeppaPig collected $80.50 from pot
*** SUMMARY ***
Total pot $83 | Rake $2.50 
Board [3d 2h 7h Ks 5d]
Seat 1: Virvia32 folded before Flop
Seat 2: ImaPeppaPig (button) showed [9d 9h] and won ($80.50) with a pair of Nines
Seat 3: MaRKiToScoK (small blind) folded before Flop
Seat 4: citsoul (big blind) showed [8d 8h] and lost with a pair of Eights
Seat 5: pr0tecto folded before Flop (didn't bet)
Seat 6: steelNike folded before Flop (didn't bet)



PokerStars Hand #254729911875:  Hold'em No Limit ($0.50/$1.00 USD) - 2025/02/06 4:24:53 WET [2025/02/05 23:24:53 ET]
Table 'Paeonia II' 6-max Seat #3 is the button
Seat 4: citsoul ($0 in chips) is sitting out
Seat 1: Virvia32 ($132.49 in chips) 
Seat 2: ImaPeppaPig ($227.03 in chips) 
Seat 3: MaRKiToScoK ($132.92 in chips) 
Seat 5: pr0tecto ($100 in chips) 
Seat 6: steelNike ($98.23 in chips) 
pr0tecto: posts small blind $0.50
steelNike: posts big blind $1
*** HOLE CARDS ***
Virvia32: raises $1.50 to $2.50
ImaPeppaPig: raises $5.50 to $8
MaRKiToScoK: folds 
citsoul leaves the table
pr0tecto: folds 
steelNike: folds 
Virvia32: calls $5.50
*** FLOP *** [4h 4c Kd]
Virvia32: checks 
ImaPeppaPig: bets $5
Virvia32: folds 
Uncalled bet ($5) returned to ImaPeppaPig
ImaPeppaPig collected $16.62 from pot
ImaPeppaPig: doesn't show hand 
*** SUMMARY ***
Total pot $17.50 | Rake $0.88 
Board [4h 4c Kd]
Seat 4: citsoul
Seat 1: Virvia32 folded on the Flop
Seat 2: ImaPeppaPig collected ($16.62)
Seat 3: MaRKiToScoK (button) folded before Flop (didn't bet)
Seat 5: pr0tecto (small blind) folded before Flop
Seat 6: steelNike (big blind) folded before Flop



PokerStars Hand #254729914326:  Hold'em No Limit ($0.50/$1.00 USD) - 2025/02/06 4:25:18 WET [2025/02/05 23:25:18 ET]
Table 'Paeonia II' 6-max Seat #5 is the button
Seat 1: Virvia32 ($124.49 in chips) is sitting out
Seat 2: ImaPeppaPig ($235.65 in chips) 
Seat 3: MaRKiToScoK ($132.92 in chips) 
Seat 5: pr0tecto ($99.50 in chips) 
Seat 6: steelNike ($97.23 in chips) 
steelNike: posts small blind $0.50
Virvia32: is sitting out 
ImaPeppaPig: posts big blind $1
*** HOLE CARDS ***
MaRKiToScoK: raises $1.20 to $2.20
pr0tecto: folds 
steelNike: folds 
Virvia32 leaves the table
ImaPeppaPig: folds 
Uncalled bet ($1.20) returned to MaRKiToScoK
MaRKiToScoK collected $2.50 from pot
*** SUMMARY ***
Total pot $2.50 | Rake $0 
Seat 1: Virvia32
Seat 2: ImaPeppaPig (big blind) folded before Flop
Seat 3: MaRKiToScoK collected ($2.50)
Seat 5: pr0tecto (button) folded before Flop (didn't bet)
Seat 6: steelNike (small blind) folded before Flop



PokerStars Hand #254729597646:  Hold'em No Limit ($0.50/$1.00 USD) - 2025/02/06 3:36:12 WET [2025/02/05 22:36:12 ET]
Table 'Paeonia II' 6-max Seat #1 is the button
Seat 1: joaquin612 ($103 in chips) 
Seat 2: camilinho UC ($10 in chips) 
joaquin612: posts small blind $0.50
camilinho UC: posts big blind $1
*** HOLE CARDS ***
joaquin612: folds 
Uncalled bet ($0.50) returned to camilinho UC
camilinho UC collected $1 from pot
camilinho UC: doesn't show hand 
*** SUMMARY ***
Total pot $1 | Rake $0 
Seat 1: joaquin612 (button) (small blind) folded before Flop
Seat 2: camilinho UC (big blind) collected ($1)



PokerStars Hand #254729598920:  Hold'em No Limit ($0.50/$1.00 USD) - 2025/02/06 3:36:22 WET [2025/02/05 22:36:22 ET]
Table 'Paeonia II' 6-max Seat #2 is the button
Seat 1: joaquin612 ($102.50 in chips) 
Seat 2: camilinho UC ($10.50 in chips) 
camilinho UC: posts small blind $0.50
joaquin612: posts big blind $1
*** HOLE CARDS ***
camilinho UC: raises $9.50 to $10.50 and is all-in
joaquin612: calls $9.50
joaquin612 has timed out
*** FLOP *** [9s 4d Js]
*** TURN *** [9s 4d Js] [As]
*** RIVER *** [9s 4d Js As] [7s]
*** SHOW DOWN ***
joaquin612: shows [Kh Th] (high card Ace)
camilinho UC: shows [Ah 3c] (a pair of Aces)
camilinho UC collected $20 from pot
*** SUMMARY ***
Total pot $21 | Rake $1 
Board [9s 4d Js As 7s]
Seat 1: joaquin612 (big blind) showed [Kh Th] and lost with high card Ace
Seat 2: camilinho UC (button) (small blind) showed [Ah 3c] and won ($20) with a pair of Aces



PokerStars Hand #254729602567:  Hold'em No Limit ($0.50/$1.00 USD) - 2025/02/06 3:36:51 WET [2025/02/05 22:36:51 ET]
Table 'Paeonia II' 6-max Seat #1 is the button
Seat 1: joaquin612 ($100 in chips) 
Seat 2: camilinho UC ($20 in chips) 
joaquin612: posts small blind $0.50
camilinho UC: posts big blind $1
*** HOLE CARDS ***
joaquin612: calls $0.50
camilinho UC: checks 
*** FLOP *** [Jd Td 4h]
camilinho UC: checks 
joaquin612: checks 
*** TURN *** [Jd Td 4h] [Jh]
camilinho UC: bets $1
joaquin612: folds 
Uncalled bet ($1) returned to camilinho UC
camilinho UC collected $1.90 from pot
camilinho UC: doesn't show hand 
*** SUMMARY ***
Total pot $2 | Rake $0.10 
Board [Jd Td 4h Jh]
Seat 1: joaquin612 (button) (small blind) folded on the Turn
Seat 2: camilinho UC (big blind) collected ($1.90)



PokerStars Hand #254729605320:  Hold'em No Limit ($0.50/$1.00 USD) - 2025/02/06 3:37:14 WET [2025/02/05 22:37:14 ET]
Table 'Paeonia II' 6-max Seat #2 is the button
Seat 1: joaquin612 ($100 in chips) 
Seat 2: camilinho UC ($20.90 in chips) 
camilinho UC: posts small blind $0.50
joaquin612: posts big blind $1
*** HOLE CARDS ***
camilinho UC: calls $0.50
joaquin612: raises $4 to $5
camilinho UC: folds 
Uncalled bet ($4) returned to joaquin612
joaquin612 collected $2 from pot
joaquin612: doesn't show hand 
*** SUMMARY ***
Total pot $2 | Rake $0 
Seat 1: joaquin612 (big blind) collected ($2)
Seat 2: camilinho UC (button) (small blind) folded before Flop



PokerStars Hand #254729606622:  Hold'em No Limit ($0.50/$1.00 USD) - 2025/02/06 3:37:25 WET [2025/02/05 22:37:25 ET]
Table 'Paeonia II' 6-max Seat #1 is the button
Seat 1: joaquin612 ($101 in chips) 
Seat 2: camilinho UC ($19.90 in chips) 
joaquin612: posts small blind $0.50
camilinho UC: posts big blind $1
*** HOLE CARDS ***
joaquin612: calls $0.50
camilinho UC: checks 
*** FLOP *** [8d 9c Kd]
camilinho UC: checks 
joaquin612: bets $1.43
camilinho UC: calls $1.43
*** TURN *** [8d 9c Kd] [Jh]
camilinho UC: checks 
joaquin612: checks 
*** RIVER *** [8d 9c Kd Jh] [7d]
7bekon7 joins the table at seat #3 
camilinho UC: checks 
Virvia32 joins the table at seat #4 
joaquin612: bets $4
camilinho UC: folds 
Uncalled bet ($4) returned to joaquin612
joaquin612 collected $4.62 from pot
joaquin612: doesn't show hand 
*** SUMMARY ***
Total pot $4.86 | Rake $0.24 
Board [8d 9c Kd Jh 7d]
Seat 1: joaquin612 (button) (small blind) collected ($4.62)
Seat 2: camilinho UC (big blind) folded on the River



PokerStars Hand #254729634310:  Hold'em No Limit ($0.50/$1.00 USD) - 2025/02/06 3:41:12 WET [2025/02/05 22:41:12 ET]
Table 'Paeonia II' 6-max Seat #1 is the button
Seat 2: camilinho UC ($0 in chips) is sitting out
Seat 1: joaquin612 ($101.69 in chips) 
Seat 3: 7bekon7 ($104.51 in chips) 
Seat 4: Virvia32 ($117.89 in chips) 
Seat 5: ShizA210 ($5.76 in chips) 
Seat 6: iTrustU21 ($98.50 in chips) 
7bekon7: posts small blind $0.50
Virvia32: posts big blind $1
*** HOLE CARDS ***
ShizA210: calls $1
iTrustU21: folds 
iTrustU21 leaves the table
joaquin612: folds 
camilinho UC leaves the table
7bekon7: raises $5 to $6
Virvia32: folds 
ShizA210: folds 
Uncalled bet ($5) returned to 7bekon7
7bekon7 collected $3 from pot
7bekon7: doesn't show hand 
*** SUMMARY ***
Total pot $3 | Rake $0 
Seat 2: camilinho UC
Seat 1: joaquin612 (button) folded before Flop (didn't bet)
Seat 3: 7bekon7 (small blind) collected ($3)
Seat 4: Virvia32 (big blind) folded before Flop
Seat 5: ShizA210 folded before Flop
Seat 6: iTrustU21 folded before Flop (didn't bet)



PokerStars Hand #254729638368:  Hold'em No Limit ($0.50/$1.00 USD) - 2025/02/06 3:41:46 WET [2025/02/05 22:41:46 ET]
Table 'Paeonia II' 6-max Seat #3 is the button
Seat 1: joaquin612 ($101.69 in chips) 
Seat 3: 7bekon7 ($106.51 in chips) 
Seat 4: Virvia32 ($116.89 in chips) 
Seat 5: ShizA210 ($4.76 in chips) 
Virvia32: posts small blind $0.50
ShizA210: posts big blind $1
*** HOLE CARDS ***
joaquin612: folds 
7bekon7: raises $3 to $4
Virvia32: calls $3.50
ShizA210: calls $3
*** FLOP *** [7d Qh 9h]
Virvia32: checks 
ShizA210: bets $0.76 and is all-in
7bekon7: calls $0.76
Virvia32: calls $0.76
*** TURN *** [7d Qh 9h] [Kd]
Virvia32: checks 
7bekon7: checks 
*** RIVER *** [7d Qh 9h Kd] [9s]
Virvia32: bets $10.18
7bekon7: folds 
Uncalled bet ($10.18) returned to Virvia32
*** SHOW DOWN ***
Virvia32: shows [Ad 9d] (three of a kind, Nines)
ShizA210: shows [Jc Qs] (two pair, Queens and Nines)
Virvia32 collected $13.57 from pot
*** SUMMARY ***
Total pot $14.28 | Rake $0.71 
Board [7d Qh 9h Kd 9s]
Seat 1: joaquin612 folded before Flop (didn't bet)
Seat 3: 7bekon7 (button) folded on the River
Seat 4: Virvia32 (small blind) showed [Ad 9d] and won ($13.57) with three of a kind, Nines
Seat 5: ShizA210 (big blind) showed [Jc Qs] and lost with two pair, Queens and Nines



PokerStars Hand #254729646773:  Hold'em No Limit ($0.50/$1.00 USD) - 2025/02/06 3:42:56 WET [2025/02/05 22:42:56 ET]
Table 'Paeonia II' 6-max Seat #4 is the button
Seat 5: ShizA210 ($0 in chips) is sitting out
Seat 1: joaquin612 ($101.69 in chips) 
Seat 3: 7bekon7 ($101.75 in chips) 
Seat 4: Virvia32 ($125.70 in chips) 
joaquin612: posts small blind $0.50
7bekon7: posts big blind $1
*** HOLE CARDS ***
Virvia32: folds 
joaquin612: folds 
Uncalled bet ($0.50) returned to 7bekon7
7bekon7 collected $1 from pot
7bekon7: doesn't show hand 
*** SUMMARY ***
Total pot $1 | Rake $0 
Seat 5: ShizA210
Seat 1: joaquin612 (small blind) folded before Flop
Seat 3: 7bekon7 (big blind) collected ($1)
Seat 4: Virvia32 (button) folded before Flop (didn't bet)



PokerStars Hand #254729648120:  Hold'em No Limit ($0.50/$1.00 USD) - 2025/02/06 3:43:08 WET [2025/02/05 22:43:08 ET]
Table 'Paeonia II' 6-max Seat #1 is the button
Seat 5: ShizA210 ($0 in chips) is sitting out
Seat 1: joaquin612 ($101.19 in chips) 
Seat 3: 7bekon7 ($102.25 in chips) 
Seat 4: Virvia32 ($125.70 in chips) 
7bekon7: posts small blind $0.50
Virvia32: posts big blind $1
*** HOLE CARDS ***
joaquin612: raises $1.50 to $2.50
7bekon7: folds 
Virvia32: folds 
Uncalled bet ($1.50) returned to joaquin612
joaquin612 collected $2.50 from pot
joaquin612: doesn't show hand 
*** SUMMARY ***
Total pot $2.50 | Rake $0 
Seat 5: ShizA210
Seat 1: joaquin612 (button) collected ($2.50)
Seat 3: 7bekon7 (small blind) folded before Flop
Seat 4: Virvia32 (big blind) folded before Flop



PokerStars Hand #254729660781:  Hold'em No Limit ($0.50/$1.00 USD) - 2025/02/06 3:44:56 WET [2025/02/05 22:44:56 ET]
Table 'Paeonia II' 6-max Seat #6 is the button
Seat 5: ShizA210 ($0 in chips) is sitting out
Seat 1: Virvia32 ($124.70 in chips) 
Seat 6: joaquin612 ($102.69 in chips) 
joaquin612: posts small blind $0.50
Virvia32: posts big blind $1
*** HOLE CARDS ***
joaquin612: folds 
Uncalled bet ($0.50) returned to Virvia32
Virvia32 collected $1 from pot
Virvia32: doesn't show hand 
*** SUMMARY ***
Total pot $1 | Rake $0 
Seat 5: ShizA210
Seat 1: Virvia32 (big blind) collected ($1)
Seat 6: joaquin612 (button) (small blind) folded before Flop



PokerStars Hand #254729662530:  Hold'em No Limit ($0.50/$1.00 USD) - 2025/02/06 3:45:11 WET [2025/02/05 22:45:11 ET]
Table 'Paeonia II' 6-max Seat #1 is the button
Seat 5: ShizA210 ($0 in chips) is sitting out
Seat 1: Virvia32 ($125.20 in chips) 
Seat 6: joaquin612 ($102.19 in chips) 
Virvia32: posts small blind $0.50
joaquin612: posts big blind $1
*** HOLE CARDS ***
Virvia32: raises $2 to $3
joaquin612: calls $2
*** FLOP *** [Qh Kd 3s]
joaquin612: checks 
Virvia32: bets $1.43
joaquin612: folds 
Uncalled bet ($1.43) returned to Virvia32
Virvia32 collected $5.70 from pot
Virvia32: doesn't show hand 
*** SUMMARY ***
Total pot $6 | Rake $0.30 
Board [Qh Kd 3s]
Seat 5: ShizA210
Seat 1: Virvia32 (button) (small blind) collected ($5.70)
Seat 6: joaquin612 (big blind) folded on the Flop



PokerStars Hand #254729665533:  Hold'em No Limit ($0.50/$1.00 USD) - 2025/02/06 3:45:36 WET [2025/02/05 22:45:36 ET]
Table 'Paeonia II' 6-max Seat #6 is the button
Seat 5: ShizA210 ($0 in chips) is sitting out
Seat 1: Virvia32 ($127.90 in chips) 
Seat 6: joaquin612 ($100 in chips) 
joaquin612: posts small blind $0.50
Virvia32: posts big blind $1
*** HOLE CARDS ***
joaquin612: calls $0.50
Virvia32: raises $2 to $3
ShizA210 leaves the table
joaquin612: folds 
Uncalled bet ($2) returned to Virvia32
Virvia32 collected $2 from pot
Virvia32: doesn't show hand 
*** SUMMARY ***
Total pot $2 | Rake $0 
Seat 5: ShizA210
Seat 1: Virvia32 (big blind) collected ($2)
Seat 6: joaquin612 (button) (small blind) folded before Flop



PokerStars Hand #254729667200:  Hold'em No Limit ($0.50/$1.00 USD) - 2025/02/06 3:45:50 WET [2025/02/05 22:45:50 ET]
Table 'Paeonia II' 6-max Seat #1 is the button
Seat 1: Virvia32 ($128.90 in chips) 
Seat 6: joaquin612 ($100 in chips) 
Virvia32: posts small blind $0.50
joaquin612: posts big blind $1
*** HOLE CARDS ***
Virvia32: raises $1.50 to $2.50
joaquin612: calls $1.50
*** FLOP *** [2d 3c 7h]
joaquin612: checks 
Virvia32: checks 
*** TURN *** [2d 3c 7h] [6s]
joaquin612: checks 
Virvia32: checks 
*** RIVER *** [2d 3c 7h 6s] [Jh]
joaquin612: bets $3.56
Virvia32: folds 
Uncalled bet ($3.56) returned to joaquin612
joaquin612 collected $4.75 from pot
joaquin612: doesn't show hand 
*** SUMMARY ***
Total pot $5 | Rake $0.25 
Board [2d 3c 7h 6s Jh]
Seat 1: Virvia32 (button) (small blind) folded on the River
Seat 6: joaquin612 (big blind) collected ($4.75)



PokerStars Hand #254729670780:  Hold'em No Limit ($0.50/$1.00 USD) - 2025/02/06 3:46:21 WET [2025/02/05 22:46:21 ET]
Table 'Paeonia II' 6-max Seat #6 is the button
Seat 1: Virvia32 ($126.40 in chips) 
Seat 6: joaquin612 ($102.25 in chips) 
joaquin612: posts small blind $0.50
Virvia32: posts big blind $1
*** HOLE CARDS ***
joaquin612: folds 
Uncalled bet ($0.50) returned to Virvia32
Virvia32 collected $1 from pot
Virvia32: doesn't show hand 
*** SUMMARY ***
Total pot $1 | Rake $0 
Seat 1: Virvia32 (big blind) collected ($1)
Seat 6: joaquin612 (button) (small blind) folded before Flop



PokerStars Hand #254729671910:  Hold'em No Limit ($0.50/$1.00 USD) - 2025/02/06 3:46:31 WET [2025/02/05 22:46:31 ET]
Table 'Paeonia II' 6-max Seat #1 is the button
Seat 1: Virvia32 ($126.90 in chips) 
Seat 6: joaquin612 ($101.75 in chips) 
Virvia32: posts small blind $0.50
joaquin612: posts big blind $1
*** HOLE CARDS ***
Virvia32: raises $1.50 to $2.50
joaquin612: calls $1.50
*** FLOP *** [7d 9s 6d]
joaquin612: checks 
Virvia32: checks 
*** TURN *** [7d 9s 6d] [Tc]
joaquin612: checks 
Virvia32: bets $2.38
joaquin612: folds 
Uncalled bet ($2.38) returned to Virvia32
Virvia32 collected $4.75 from pot
Virvia32: doesn't show hand 
*** SUMMARY ***
Total pot $5 | Rake $0.25 
Board [7d 9s 6d Tc]
Seat 1: Virvia32 (button) (small blind) collected ($4.75)
Seat 6: joaquin612 (big blind) folded on the Turn



PokerStars Hand #254729676571:  Hold'em No Limit ($0.50/$1.00 USD) - 2025/02/06 3:47:12 WET [2025/02/05 22:47:12 ET]
Table 'Paeonia II' 6-max Seat #6 is the button
Seat 1: Virvia32 ($129.15 in chips) 
Seat 6: joaquin612 ($100 in chips) 
joaquin612: posts small blind $0.50
Virvia32: posts big blind $1
*** HOLE CARDS ***
joaquin612: calls $0.50
Virvia32: raises $2 to $3
joaquin612: folds 
Uncalled bet ($2) returned to Virvia32
Virvia32 collected $2 from pot
Virvia32: doesn't show hand 
*** SUMMARY ***
Total pot $2 | Rake $0 
Seat 1: Virvia32 (big blind) collected ($2)
Seat 6: joaquin612 (button) (small blind) folded before Flop



PokerStars Hand #254729678429:  Hold'em No Limit ($0.50/$1.00 USD) - 2025/02/06 3:47:28 WET [2025/02/05 22:47:28 ET]
Table 'Paeonia II' 6-max Seat #1 is the button
Seat 1: Virvia32 ($130.15 in chips) 
Seat 6: joaquin612 ($100 in chips) 
Virvia32: posts small blind $0.50
joaquin612: posts big blind $1
*** HOLE CARDS ***
Virvia32: raises $2 to $3
joaquin612: raises $7 to $10
Virvia32: calls $7
*** FLOP *** [5c 6c 2s]
joaquin612: bets $6.27
Virvia32: raises $8.73 to $15
joaquin612: raises $19.50 to $34.50
Virvia32: raises $85.65 to $120.15 and is all-in
joaquin612: folds 
Uncalled bet ($85.65) returned to Virvia32
Virvia32 collected $88 from pot
Virvia32: doesn't show hand 
*** SUMMARY ***
Total pot $89 | Rake $1 
Board [5c 6c 2s]
Seat 1: Virvia32 (button) (small blind) collected ($88)
Seat 6: joaquin612 (big blind) folded on the Flop



PokerStars Hand #254729687608:  Hold'em No Limit ($0.50/$1.00 USD) - 2025/02/06 3:48:47 WET [2025/02/05 22:48:47 ET]
Table 'Paeonia II' 6-max Seat #6 is the button
Seat 1: Virvia32 ($173.65 in chips) 
Seat 6: joaquin612 ($100 in chips) 
joaquin612: posts small blind $0.50
Virvia32: posts big blind $1
*** HOLE CARDS ***
joaquin612: raises $1.50 to $2.50
Virvia32: folds 
Uncalled bet ($1.50) returned to joaquin612
joaquin612 collected $2 from pot
joaquin612: doesn't show hand 
*** SUMMARY ***
Total pot $2 | Rake $0 
Seat 1: Virvia32 (big blind) folded before Flop
Seat 6: joaquin612 (button) (small blind) collected ($2)



PokerStars Hand #254729689012:  Hold'em No Limit ($0.50/$1.00 USD) - 2025/02/06 3:49:00 WET [2025/02/05 22:49:00 ET]
Table 'Paeonia II' 6-max Seat #1 is the button
Seat 1: Virvia32 ($172.65 in chips) 
Seat 6: joaquin612 ($101 in chips) 
Virvia32: posts small blind $0.50
joaquin612: posts big blind $1
*** HOLE CARDS ***
Virvia32: calls $0.50
joaquin612: checks 
*** FLOP *** [Jd 8d Kd]
joaquin612: checks 
Virvia32: bets $1
joaquin612: folds 
Uncalled bet ($1) returned to Virvia32
Virvia32 collected $1.90 from pot
Virvia32: doesn't show hand 
*** SUMMARY ***
Total pot $2 | Rake $0.10 
Board [Jd 8d Kd]
Seat 1: Virvia32 (button) (small blind) collected ($1.90)
Seat 6: joaquin612 (big blind) folded on the Flop



PokerStars Hand #254729692180:  Hold'em No Limit ($0.50/$1.00 USD) - 2025/02/06 3:49:27 WET [2025/02/05 22:49:27 ET]
Table 'Paeonia II' 6-max Seat #6 is the button
Seat 1: Virvia32 ($173.55 in chips) 
Seat 6: joaquin612 ($100 in chips) 
joaquin612: posts small blind $0.50
Virvia32: posts big blind $1
*** HOLE CARDS ***
joaquin612: raises $1.50 to $2.50
Virvia32: calls $1.50
*** FLOP *** [Ac 9s 6c]
Virvia32: checks 
joaquin612: bets $2.38
Virvia32: calls $2.38
*** TURN *** [Ac 9s 6c] [Th]
Virvia32: checks 
joaquin612: bets $13.91
Virvia32: folds 
Uncalled bet ($13.91) returned to joaquin612
joaquin612 collected $9.27 from pot
joaquin612: doesn't show hand 
*** SUMMARY ***
Total pot $9.76 | Rake $0.49 
Board [Ac 9s 6c Th]
Seat 1: Virvia32 (big blind) folded on the Turn
Seat 6: joaquin612 (button) (small blind) collected ($9.27)



PokerStars Hand #254729696065:  Hold'em No Limit ($0.50/$1.00 USD) - 2025/02/06 3:50:02 WET [2025/02/05 22:50:02 ET]
Table 'Paeonia II' 6-max Seat #1 is the button
Seat 1: Virvia32 ($168.67 in chips) 
Seat 6: joaquin612 ($104.39 in chips) 
Virvia32: posts small blind $0.50
joaquin612: posts big blind $1
*** HOLE CARDS ***
Virvia32: calls $0.50
joaquin612: checks 
*** FLOP *** [Qh 5d 8c]
joaquin612: bets $1.05
Virvia32: calls $1.05
*** TURN *** [Qh 5d 8c] [8s]
joaquin612: bets $2.93
Virvia32: calls $2.93
*** RIVER *** [Qh 5d 8c 8s] [5h]
joaquin612: checks 
Virvia32: bets $16
joaquin612: folds 
Uncalled bet ($16) returned to Virvia32
Virvia32 collected $9.46 from pot
Virvia32: doesn't show hand 
*** SUMMARY ***
Total pot $9.96 | Rake $0.50 
Board [Qh 5d 8c 8s 5h]
Seat 1: Virvia32 (button) (small blind) collected ($9.46)
Seat 6: joaquin612 (big blind) folded on the River



PokerStars Hand #254729700238:  Hold'em No Limit ($0.50/$1.00 USD) - 2025/02/06 3:50:38 WET [2025/02/05 22:50:38 ET]
Table 'Paeonia II' 6-max Seat #6 is the button
Seat 1: Virvia32 ($173.15 in chips) 
Seat 6: joaquin612 ($100 in chips) 
joaquin612: posts small blind $0.50
Virvia32: posts big blind $1
*** HOLE CARDS ***
joaquin612: folds 
Uncalled bet ($0.50) returned to Virvia32
Virvia32 collected $1 from pot
Virvia32: doesn't show hand 
*** SUMMARY ***
Total pot $1 | Rake $0 
Seat 1: Virvia32 (big blind) collected ($1)
Seat 6: joaquin612 (button) (small blind) folded before Flop



PokerStars Hand #254729700816:  Hold'em No Limit ($0.50/$1.00 USD) - 2025/02/06 3:50:43 WET [2025/02/05 22:50:43 ET]
Table 'Paeonia II' 6-max Seat #1 is the button
Seat 1: Virvia32 ($173.65 in chips) 
Seat 6: joaquin612 ($100 in chips) 
Virvia32: posts small blind $0.50
joaquin612: posts big blind $1
*** HOLE CARDS ***
ImaPeppaPig joins the table at seat #2 
Virvia32: raises $1.50 to $2.50
joaquin612: calls $1.50
*** FLOP *** [Qd 6s Ad]
joaquin612: checks 
Virvia32: bets $1.19
joaquin612: folds 
Uncalled bet ($1.19) returned to Virvia32
Virvia32 collected $4.75 from pot
Virvia32: doesn't show hand 
*** SUMMARY ***
Total pot $5 | Rake $0.25 
Board [Qd 6s Ad]
Seat 1: Virvia32 (button) (small blind) collected ($4.75)
Seat 6: joaquin612 (big blind) folded on the Flop



PokerStars Hand #254729702933:  Hold'em No Limit ($0.50/$1.00 USD) - 2025/02/06 3:51:01 WET [2025/02/05 22:51:01 ET]
Table 'Paeonia II' 6-max Seat #6 is the button
Seat 1: Virvia32 ($175.90 in chips) 
Seat 2: ImaPeppaPig ($100 in chips) 
Seat 6: joaquin612 ($100 in chips) 
Virvia32: posts small blind $0.50
ImaPeppaPig: posts big blind $1
*** HOLE CARDS ***
joaquin612: folds 
Virvia32: raises $1.50 to $2.50
ImaPeppaPig: folds 
Uncalled bet ($1.50) returned to Virvia32
Virvia32 collected $2 from pot
Virvia32: doesn't show hand 
*** SUMMARY ***
Total pot $2 | Rake $0 
Seat 1: Virvia32 (small blind) collected ($2)
Seat 2: ImaPeppaPig (big blind) folded before Flop
Seat 6: joaquin612 (button) folded before Flop (didn't bet)



PokerStars Hand #254729704203:  Hold'em No Limit ($0.50/$1.00 USD) - 2025/02/06 3:51:12 WET [2025/02/05 22:51:12 ET]
Table 'Paeonia II' 6-max Seat #1 is the button
Seat 1: Virvia32 ($176.90 in chips) 
Seat 2: ImaPeppaPig ($100 in chips) 
Seat 6: joaquin612 ($100 in chips) 
ImaPeppaPig: posts small blind $0.50
joaquin612: posts big blind $1
*** HOLE CARDS ***
Virvia32: raises $1 to $2
ImaPeppaPig: folds 
joaquin612: calls $1
*** FLOP *** [3h 2s 6h]
joaquin612: checks 
Virvia32: checks 
*** TURN *** [3h 2s 6h] [9h]
joaquin612: bets $1.41
Virvia32: raises $3.55 to $4.96
joaquin612: calls $3.55
*** RIVER *** [3h 2s 6h 9h] [8h]
joaquin612: checks 
Virvia32: checks 
*** SHOW DOWN ***
joaquin612: shows [3s 4c] (a pair of Threes)
Virvia32: shows [9c 8s] (two pair, Nines and Eights)
Virvia32 collected $13.70 from pot
*** SUMMARY ***
Total pot $14.42 | Rake $0.72 
Board [3h 2s 6h 9h 8h]
Seat 1: Virvia32 (button) showed [9c 8s] and won ($13.70) with two pair, Nines and Eights
Seat 2: ImaPeppaPig (small blind) folded before Flop
Seat 6: joaquin612 (big blind) showed [3s 4c] and lost with a pair of Threes



PokerStars Hand #254729710255:  Hold'em No Limit ($0.50/$1.00 USD) - 2025/02/06 3:52:05 WET [2025/02/05 22:52:05 ET]
Table 'Paeonia II' 6-max Seat #2 is the button
Seat 1: Virvia32 ($183.64 in chips) 
Seat 2: ImaPeppaPig ($100 in chips) 
Seat 6: joaquin612 ($100 in chips) 
joaquin612: posts small blind $0.50
Virvia32: posts big blind $1
*** HOLE CARDS ***
ImaPeppaPig: raises $1.50 to $2.50
joaquin612: folds 
Virvia32: calls $1.50
*** FLOP *** [Th 3c 5s]
Virvia32: checks 
ImaPeppaPig: bets $2.71
Virvia32: folds 
Uncalled bet ($2.71) returned to ImaPeppaPig
ImaPeppaPig collected $5.22 from pot
ImaPeppaPig: doesn't show hand 
*** SUMMARY ***
Total pot $5.50 | Rake $0.28 
Board [Th 3c 5s]
Seat 1: Virvia32 (big blind) folded on the Flop
Seat 2: ImaPeppaPig (button) collected ($5.22)
Seat 6: joaquin612 (small blind) folded before Flop



PokerStars Hand #254729712161:  Hold'em No Limit ($0.50/$1.00 USD) - 2025/02/06 3:52:22 WET [2025/02/05 22:52:22 ET]
Table 'Paeonia II' 6-max Seat #6 is the button
Seat 1: Virvia32 ($181.14 in chips) 
Seat 2: ImaPeppaPig ($102.72 in chips) 
Seat 6: joaquin612 ($100 in chips) 
Virvia32: posts small blind $0.50
ImaPeppaPig: posts big blind $1
*** HOLE CARDS ***
joaquin612: raises $1.50 to $2.50
Virvia32: folds 
ImaPeppaPig: folds 
Uncalled bet ($1.50) returned to joaquin612
joaquin612 collected $2.50 from pot
joaquin612: doesn't show hand 
*** SUMMARY ***
Total pot $2.50 | Rake $0 
Seat 1: Virvia32 (small blind) folded before Flop
Seat 2: ImaPeppaPig (big blind) folded before Flop
Seat 6: joaquin612 (button) collected ($2.50)



PokerStars Hand #254729713215:  Hold'em No Limit ($0.50/$1.00 USD) - 2025/02/06 3:52:31 WET [2025/02/05 22:52:31 ET]
Table 'Paeonia II' 6-max Seat #1 is the button
Seat 1: Virvia32 ($180.64 in chips) 
Seat 2: ImaPeppaPig ($101.72 in chips) 
Seat 6: joaquin612 ($101.50 in chips) 
ImaPeppaPig: posts small blind $0.50
joaquin612: posts big blind $1
*** HOLE CARDS ***
Virvia32: raises $1.50 to $2.50
ImaPeppaPig: folds 
joaquin612: calls $1.50
*** FLOP *** [Kc 6s 9c]
joaquin612: checks 
Virvia32: checks 
*** TURN *** [Kc 6s 9c] [5d]
joaquin612: checks 
Virvia32: checks 
*** RIVER *** [Kc 6s 9c 5d] [4s]
joaquin612: bets $2.61
Virvia32: calls $2.61
*** SHOW DOWN ***
joaquin612: shows [Kh 7s] (a pair of Kings)
Virvia32: mucks hand 
joaquin612 collected $10.18 from pot
*** SUMMARY ***
Total pot $10.72 | Rake $0.54 
Board [Kc 6s 9c 5d 4s]
Seat 1: Virvia32 (button) mucked
Seat 2: ImaPeppaPig (small blind) folded before Flop
Seat 6: joaquin612 (big blind) showed [Kh 7s] and won ($10.18) with a pair of Kings



PokerStars Hand #254729716997:  Hold'em No Limit ($0.50/$1.00 USD) - 2025/02/06 3:53:05 WET [2025/02/05 22:53:05 ET]
Table 'Paeonia II' 6-max Seat #2 is the button
Seat 1: Virvia32 ($175.53 in chips) 
Seat 2: ImaPeppaPig ($101.22 in chips) 
Seat 6: joaquin612 ($106.57 in chips) 
joaquin612: posts small blind $0.50
Virvia32: posts big blind $1
*** HOLE CARDS ***
ImaPeppaPig: folds 
joaquin612: raises $2 to $3
Virvia32: folds 
Uncalled bet ($2) returned to joaquin612
joaquin612 collected $2 from pot
joaquin612: doesn't show hand 
*** SUMMARY ***
Total pot $2 | Rake $0 
Seat 1: Virvia32 (big blind) folded before Flop
Seat 2: ImaPeppaPig (button) folded before Flop (didn't bet)
Seat 6: joaquin612 (small blind) collected ($2)



PokerStars Hand #254729718204:  Hold'em No Limit ($0.50/$1.00 USD) - 2025/02/06 3:53:15 WET [2025/02/05 22:53:15 ET]
Table 'Paeonia II' 6-max Seat #6 is the button
Seat 1: Virvia32 ($174.53 in chips) 
Seat 2: ImaPeppaPig ($101.22 in chips) 
Seat 6: joaquin612 ($107.57 in chips) 
Virvia32: posts small blind $0.50
ImaPeppaPig: posts big blind $1
*** HOLE CARDS ***
joaquin612: folds 
Virvia32: raises $2 to $3
ImaPeppaPig: folds 
Uncalled bet ($2) returned to Virvia32
Virvia32 collected $2 from pot
Virvia32: doesn't show hand 
*** SUMMARY ***
Total pot $2 | Rake $0 
Seat 1: Virvia32 (small blind) collected ($2)
Seat 2: ImaPeppaPig (big blind) folded before Flop
Seat 6: joaquin612 (button) folded before Flop (didn't bet)



PokerStars Hand #254729719323:  Hold'em No Limit ($0.50/$1.00 USD) - 2025/02/06 3:53:25 WET [2025/02/05 22:53:25 ET]
Table 'Paeonia II' 6-max Seat #1 is the button
Seat 1: Virvia32 ($175.53 in chips) 
Seat 2: ImaPeppaPig ($100.22 in chips) 
Seat 6: joaquin612 ($107.57 in chips) 
ImaPeppaPig: posts small blind $0.50
joaquin612: posts big blind $1
*** HOLE CARDS ***
Virvia32: folds 
ImaPeppaPig: folds 
Uncalled bet ($0.50) returned to joaquin612
joaquin612 collected $1 from pot
joaquin612: doesn't show hand 
*** SUMMARY ***
Total pot $1 | Rake $0 
Seat 1: Virvia32 (button) folded before Flop (didn't bet)
Seat 2: ImaPeppaPig (small blind) folded before Flop
Seat 6: joaquin612 (big blind) collected ($1)



PokerStars Hand #254729721007:  Hold'em No Limit ($0.50/$1.00 USD) - 2025/02/06 3:53:41 WET [2025/02/05 22:53:41 ET]
Table 'Paeonia II' 6-max Seat #2 is the button
Seat 1: Virvia32 ($175.53 in chips) 
Seat 2: ImaPeppaPig ($100 in chips) 
Seat 6: joaquin612 ($108.07 in chips) 
joaquin612: posts small blind $0.50
Virvia32: posts big blind $1
*** HOLE CARDS ***
ImaPeppaPig: folds 
joaquin612: raises $2 to $3
Virvia32: calls $2
*** FLOP *** [9h 3s 8h]
joaquin612: checks 
Virvia32: bets $2.85
joaquin612: folds 
Uncalled bet ($2.85) returned to Virvia32
Virvia32 collected $5.70 from pot
Virvia32: doesn't show hand 
*** SUMMARY ***
Total pot $6 | Rake $0.30 
Board [9h 3s 8h]
Seat 1: Virvia32 (big blind) collected ($5.70)
Seat 2: ImaPeppaPig (button) folded before Flop (didn't bet)
Seat 6: joaquin612 (small blind) folded on the Flop



PokerStars Hand #254729724827:  Hold'em No Limit ($0.50/$1.00 USD) - 2025/02/06 3:54:15 WET [2025/02/05 22:54:15 ET]
Table 'Paeonia II' 6-max Seat #6 is the button
Seat 1: Virvia32 ($178.23 in chips) 
Seat 2: ImaPeppaPig ($100 in chips) 
Seat 6: joaquin612 ($105.07 in chips) 
Virvia32: posts small blind $0.50
ImaPeppaPig: posts big blind $1
*** HOLE CARDS ***
joaquin612: folds 
Virvia32: raises $1.50 to $2.50
ImaPeppaPig: raises $6.50 to $9
Virvia32 is connected 
Virvia32: folds 
Uncalled bet ($6.50) returned to ImaPeppaPig
ImaPeppaPig collected $5 from pot
ImaPeppaPig: doesn't show hand 
*** SUMMARY ***
Total pot $5 | Rake $0 
Seat 1: Virvia32 (small blind) folded before Flop
Seat 2: ImaPeppaPig (big blind) collected ($5)
Seat 6: joaquin612 (button) folded before Flop (didn't bet)



PokerStars Hand #254729727366:  Hold'em No Limit ($0.50/$1.00 USD) - 2025/02/06 3:54:37 WET [2025/02/05 22:54:37 ET]
Table 'Paeonia II' 6-max Seat #1 is the button
Seat 1: Virvia32 ($175.73 in chips) 
Seat 2: ImaPeppaPig ($102.50 in chips) 
Seat 6: joaquin612 ($105.07 in chips) 
ImaPeppaPig: posts small blind $0.50
joaquin612: posts big blind $1
*** HOLE CARDS ***
Virvia32: raises $1 to $2
ImaPeppaPig: folds 
joaquin612: folds 
Uncalled bet ($1) returned to Virvia32
Virvia32 collected $2.50 from pot
Virvia32: doesn't show hand 
*** SUMMARY ***
Total pot $2.50 | Rake $0 
Seat 1: Virvia32 (button) collected ($2.50)
Seat 2: ImaPeppaPig (small blind) folded before Flop
Seat 6: joaquin612 (big blind) folded before Flop



PokerStars Hand #254729728662:  Hold'em No Limit ($0.50/$1.00 USD) - 2025/02/06 3:54:49 WET [2025/02/05 22:54:49 ET]
Table 'Paeonia II' 6-max Seat #2 is the button
Seat 1: Virvia32 ($177.23 in chips) 
Seat 2: ImaPeppaPig ($102 in chips) 
Seat 6: joaquin612 ($104.07 in chips) 
joaquin612: posts small blind $0.50
Virvia32: posts big blind $1
*** HOLE CARDS ***
ImaPeppaPig: raises $1 to $2
joaquin612: raises $8 to $10
Virvia32: folds 
ImaPeppaPig: folds 
Uncalled bet ($8) returned to joaquin612
joaquin612 collected $5 from pot
joaquin612: doesn't show hand 
*** SUMMARY ***
Total pot $5 | Rake $0 
Seat 1: Virvia32 (big blind) folded before Flop
Seat 2: ImaPeppaPig (button) folded before Flop
Seat 6: joaquin612 (small blind) collected ($5)



PokerStars Hand #254729730634:  Hold'em No Limit ($0.50/$1.00 USD) - 2025/02/06 3:55:07 WET [2025/02/05 22:55:07 ET]
Table 'Paeonia II' 6-max Seat #6 is the button
Seat 1: Virvia32 ($176.23 in chips) 
Seat 2: ImaPeppaPig ($100 in chips) 
Seat 6: joaquin612 ($107.07 in chips) 
Virvia32: posts small blind $0.50
ImaPeppaPig: posts big blind $1
*** HOLE CARDS ***
joaquin612: raises $1.50 to $2.50
Virvia32: folds 
ImaPeppaPig: folds 
Uncalled bet ($1.50) returned to joaquin612
joaquin612 collected $2.50 from pot
joaquin612: doesn't show hand 
*** SUMMARY ***
Total pot $2.50 | Rake $0 
Seat 1: Virvia32 (small blind) folded before Flop
Seat 2: ImaPeppaPig (big blind) folded before Flop
Seat 6: joaquin612 (button) collected ($2.50)



PokerStars Hand #254729731546:  Hold'em No Limit ($0.50/$1.00 USD) - 2025/02/06 3:55:16 WET [2025/02/05 22:55:16 ET]
Table 'Paeonia II' 6-max Seat #1 is the button
Seat 1: Virvia32 ($175.73 in chips) 
Seat 2: ImaPeppaPig ($100 in chips) 
Seat 6: joaquin612 ($108.57 in chips) 
ImaPeppaPig: posts small blind $0.50
joaquin612: posts big blind $1
*** HOLE CARDS ***
Virvia32: folds 
ImaPeppaPig: raises $2 to $3
joaquin612: calls $2
*** FLOP *** [As Kc Qh]
ImaPeppaPig: checks 
joaquin612: checks 
*** TURN *** [As Kc Qh] [7d]
ImaPeppaPig: checks 
joaquin612: checks 
*** RIVER *** [As Kc Qh 7d] [Ks]
ImaPeppaPig: bets $1
joaquin612: calls $1
*** SHOW DOWN ***
ImaPeppaPig: shows [5c 4c] (a pair of Kings)
joaquin612: shows [5d Qd] (two pair, Kings and Queens)
joaquin612 collected $7.60 from pot
*** SUMMARY ***
Total pot $8 | Rake $0.40 
Board [As Kc Qh 7d Ks]
Seat 1: Virvia32 (button) folded before Flop (didn't bet)
Seat 2: ImaPeppaPig (small blind) showed [5c 4c] and lost with a pair of Kings
Seat 6: joaquin612 (big blind) showed [5d Qd] and won ($7.60) with two pair, Kings and Queens



PokerStars Hand #254729736064:  Hold'em No Limit ($0.50/$1.00 USD) - 2025/02/06 3:56:05 WET [2025/02/05 22:56:05 ET]
Table 'Paeonia II' 6-max Seat #2 is the button
Seat 1: Virvia32 ($175.73 in chips) 
Seat 2: ImaPeppaPig ($100 in chips) 
Seat 6: joaquin612 ($112.17 in chips) 
joaquin612: posts small blind $0.50
Virvia32: posts big blind $1
*** HOLE CARDS ***
ImaPeppaPig: folds 
joaquin612: raises $2 to $3
Virvia32: calls $2
*** FLOP *** [Qs Ts Jd]
joaquin612: bets $4.28
Virvia32: calls $4.28
*** TURN *** [Qs Ts Jd] [Tc]
joaquin612: bets $10.37
Virvia32: calls $10.37
*** RIVER *** [Qs Ts Jd Tc] [Kd]
joaquin612: bets $9
Virvia32: calls $9
*** SHOW DOWN ***
joaquin612: shows [Kh Ah] (a straight, Ten to Ace)
Virvia32: shows [As 6s] (a straight, Ten to Ace)
joaquin612 collected $26.15 from pot
Virvia32 collected $26.15 from pot
*** SUMMARY ***
Total pot $53.30 | Rake $1 
Board [Qs Ts Jd Tc Kd]
Seat 1: Virvia32 (big blind) showed [As 6s] and won ($26.15) with a straight, Ten to Ace
Seat 2: ImaPeppaPig (button) folded before Flop (didn't bet)
Seat 6: joaquin612 (small blind) showed [Kh Ah] and won ($26.15) with a straight, Ten to Ace



PokerStars Hand #254729740841:  Hold'em No Limit ($0.50/$1.00 USD) - 2025/02/06 3:56:56 WET [2025/02/05 22:56:56 ET]
Table 'Paeonia II' 6-max Seat #6 is the button
Seat 1: Virvia32 ($175.23 in chips) 
Seat 2: ImaPeppaPig ($100 in chips) 
Seat 6: joaquin612 ($111.67 in chips) 
Virvia32: posts small blind $0.50
ImaPeppaPig: posts big blind $1
*** HOLE CARDS ***
joaquin612: raises $1.50 to $2.50
Virvia32: folds 
ImaPeppaPig: raises $9.50 to $12
joaquin612: calls $9.50
*** FLOP *** [7c Ts 6d]
ImaPeppaPig: checks 
joaquin612: checks 
*** TURN *** [7c Ts 6d] [7d]
ImaPeppaPig: bets $16
CashfishT joins the table at seat #3 
joaquin612: folds 
Uncalled bet ($16) returned to ImaPeppaPig
ImaPeppaPig collected $23.50 from pot
ImaPeppaPig: doesn't show hand 
*** SUMMARY ***
Total pot $24.50 | Rake $1 
Board [7c Ts 6d 7d]
Seat 1: Virvia32 (small blind) folded before Flop
Seat 2: ImaPeppaPig (big blind) collected ($23.50)
Seat 6: joaquin612 (button) folded on the Turn



PokerStars Hand #254729746529:  Hold'em No Limit ($0.50/$1.00 USD) - 2025/02/06 3:57:58 WET [2025/02/05 22:57:58 ET]
Table 'Paeonia II' 6-max Seat #1 is the button
Seat 3: CashfishT ($104.27 in chips) is sitting out
Seat 1: Virvia32 ($174.73 in chips) 
Seat 2: ImaPeppaPig ($111.50 in chips) 
Seat 6: joaquin612 ($100 in chips) 
ImaPeppaPig: posts small blind $0.50
joaquin612: posts big blind $1
*** HOLE CARDS ***
Virvia32: folds 
ImaPeppaPig: raises $2 to $3
CashfishT leaves the table
joaquin612: calls $2
*** FLOP *** [8s Jh 3d]
ImaPeppaPig: checks 
joaquin612: bets $1.88
ImaPeppaPig: folds 
Uncalled bet ($1.88) returned to joaquin612
joaquin612 collected $5.70 from pot
joaquin612: doesn't show hand 
*** SUMMARY ***
Total pot $6 | Rake $0.30 
Board [8s Jh 3d]
Seat 3: CashfishT
Seat 1: Virvia32 (button) folded before Flop (didn't bet)
Seat 2: ImaPeppaPig (small blind) folded on the Flop
Seat 6: joaquin612 (big blind) collected ($5.70)



PokerStars Hand #254729748125:  Hold'em No Limit ($0.50/$1.00 USD) - 2025/02/06 3:58:15 WET [2025/02/05 22:58:15 ET]
Table 'Paeonia II' 6-max Seat #2 is the button
Seat 1: Virvia32 ($174.73 in chips) 
Seat 2: ImaPeppaPig ($108.50 in chips) 
Seat 6: joaquin612 ($102.70 in chips) 
joaquin612: posts small blind $0.50
Virvia32: posts big blind $1
*** HOLE CARDS ***
ImaPeppaPig: folds 
joaquin612: raises $2 to $3
Virvia32: calls $2
*** FLOP *** [Th 8h Ad]
joaquin612: bets $1.88
Virvia32: folds 
Uncalled bet ($1.88) returned to joaquin612
joaquin612 collected $5.70 from pot
joaquin612: doesn't show hand 
*** SUMMARY ***
Total pot $6 | Rake $0.30 
Board [Th 8h Ad]
Seat 1: Virvia32 (big blind) folded on the Flop
Seat 2: ImaPeppaPig (button) folded before Flop (didn't bet)
Seat 6: joaquin612 (small blind) collected ($5.70)



PokerStars Hand #254729750209:  Hold'em No Limit ($0.50/$1.00 USD) - 2025/02/06 3:58:38 WET [2025/02/05 22:58:38 ET]
Table 'Paeonia II' 6-max Seat #6 is the button
Seat 1: Virvia32 ($171.73 in chips) 
Seat 2: ImaPeppaPig ($108.50 in chips) 
Seat 6: joaquin612 ($105.40 in chips) 
Virvia32: posts small blind $0.50
ImaPeppaPig: posts big blind $1
*** HOLE CARDS ***
joaquin612: raises $1.50 to $2.50
Virvia32: folds 
ImaPeppaPig: calls $1.50
*** FLOP *** [Kd 2d 8h]
ImaPeppaPig: checks 
joaquin612: bets $2.61
ImaPeppaPig: folds 
Uncalled bet ($2.61) returned to joaquin612
joaquin612 collected $5.22 from pot
joaquin612: doesn't show hand 
*** SUMMARY ***
Total pot $5.50 | Rake $0.28 
Board [Kd 2d 8h]
Seat 1: Virvia32 (small blind) folded before Flop
Seat 2: ImaPeppaPig (big blind) folded on the Flop
Seat 6: joaquin612 (button) collected ($5.22)



PokerStars Hand #254729753674:  Hold'em No Limit ($0.50/$1.00 USD) - 2025/02/06 3:59:16 WET [2025/02/05 22:59:16 ET]
Table 'Paeonia II' 6-max Seat #1 is the button
Seat 1: Virvia32 ($171.23 in chips) 
Seat 2: ImaPeppaPig ($106 in chips) 
Seat 6: joaquin612 ($108.12 in chips) 
ImaPeppaPig: posts small blind $0.50
joaquin612: posts big blind $1
*** HOLE CARDS ***
Virvia32: raises $1 to $2
ImaPeppaPig: raises $8 to $10
joaquin612: raises $14 to $24
Virvia32: folds 
ImaPeppaPig: folds 
Uncalled bet ($14) returned to joaquin612
joaquin612 collected $22 from pot
joaquin612: doesn't show hand 
*** SUMMARY ***
Total pot $22 | Rake $0 
Seat 1: Virvia32 (button) folded before Flop
Seat 2: ImaPeppaPig (small blind) folded before Flop
Seat 6: joaquin612 (big blind) collected ($22)



PokerStars Hand #254729755733:  Hold'em No Limit ($0.50/$1.00 USD) - 2025/02/06 3:59:38 WET [2025/02/05 22:59:38 ET]
Table 'Paeonia II' 6-max Seat #2 is the button
Seat 1: Virvia32 ($169.23 in chips) 
Seat 2: ImaPeppaPig ($100 in chips) 
Seat 6: joaquin612 ($120.12 in chips) 
joaquin612: posts small blind $0.50
Virvia32: posts big blind $1
*** HOLE CARDS ***
ImaPeppaPig: folds 
joaquin612: raises $2 to $3
Virvia32: calls $2
*** FLOP *** [3s 4d Jh]
joaquin612: checks 
Virvia32: bets $2.85
joaquin612: calls $2.85
*** TURN *** [3s 4d Jh] [7c]
joaquin612: checks 
Virvia32: bets $5.56
joaquin612: calls $5.56
*** RIVER *** [3s 4d Jh 7c] [8d]
joaquin612: checks 
Virvia32: checks 
*** SHOW DOWN ***
joaquin612: shows [9h 9s] (a pair of Nines)
Virvia32: mucks hand 
joaquin612 collected $21.82 from pot
*** SUMMARY ***
Total pot $22.82 | Rake $1 
Board [3s 4d Jh 7c 8d]
Seat 1: Virvia32 (big blind) mucked
Seat 2: ImaPeppaPig (button) folded before Flop (didn't bet)
Seat 6: joaquin612 (small blind) showed [9h 9s] and won ($21.82) with a pair of Nines



PokerStars Hand #254729762704:  Hold'em No Limit ($0.50/$1.00 USD) - 2025/02/06 4:00:52 WET [2025/02/05 23:00:52 ET]
Table 'Paeonia II' 6-max Seat #6 is the button
Seat 1: Virvia32 ($157.82 in chips) 
Seat 2: ImaPeppaPig ($100 in chips) 
Seat 6: joaquin612 ($130.53 in chips) 
Virvia32: posts small blind $0.50
ImaPeppaPig: posts big blind $1
*** HOLE CARDS ***
joaquin612: folds 
Virvia32: folds 
Uncalled bet ($0.50) returned to ImaPeppaPig
ImaPeppaPig collected $1 from pot
ImaPeppaPig: doesn't show hand 
*** SUMMARY ***
Total pot $1 | Rake $0 
Seat 1: Virvia32 (small blind) folded before Flop
Seat 2: ImaPeppaPig (big blind) collected ($1)
Seat 6: joaquin612 (button) folded before Flop (didn't bet)



PokerStars Hand #254729763942:  Hold'em No Limit ($0.50/$1.00 USD) - 2025/02/06 4:01:03 WET [2025/02/05 23:01:03 ET]
Table 'Paeonia II' 6-max Seat #1 is the button
Seat 1: Virvia32 ($157.32 in chips) 
Seat 2: ImaPeppaPig ($100.50 in chips) 
Seat 6: joaquin612 ($130.53 in chips) 
ImaPeppaPig: posts small blind $0.50
joaquin612: posts big blind $1
*** HOLE CARDS ***
Virvia32: raises $1 to $2
ImaPeppaPig: folds 
joaquin612: calls $1
*** FLOP *** [2s Ks 2d]
joaquin612: checks 
Virvia32: bets $1.07
joaquin612: calls $1.07
*** TURN *** [2s Ks 2d] [2c]
joaquin612: bets $1
Virvia32: raises $4.16 to $5.16
joaquin612: calls $4.16
*** RIVER *** [2s Ks 2d 2c] [4h]
joaquin612: bets $2
Virvia32: calls $2
*** SHOW DOWN ***
joaquin612: shows [9s Kc] (a full house, Deuces full of Kings)
Virvia32: mucks hand 
joaquin612 collected $19.96 from pot
*** SUMMARY ***
Total pot $20.96 | Rake $1 
Board [2s Ks 2d 2c 4h]
Seat 1: Virvia32 (button) mucked
Seat 2: ImaPeppaPig (small blind) folded before Flop
Seat 6: joaquin612 (big blind) showed [9s Kc] and won ($19.96) with a full house, Deuces full of Kings



PokerStars Hand #254729770938:  Hold'em No Limit ($0.50/$1.00 USD) - 2025/02/06 4:02:09 WET [2025/02/05 23:02:09 ET]
Table 'Paeonia II' 6-max Seat #2 is the button
Seat 1: Virvia32 ($147.09 in chips) 
Seat 2: ImaPeppaPig ($100 in chips) 
Seat 6: joaquin612 ($140.26 in chips) 
joaquin612: posts small blind $0.50
Virvia32: posts big blind $1
*** HOLE CARDS ***
ImaPeppaPig: folds 
joaquin612: folds 
Uncalled bet ($0.50) returned to Virvia32
Virvia32 collected $1 from pot
Virvia32: doesn't show hand 
*** SUMMARY ***
Total pot $1 | Rake $0 
Seat 1: Virvia32 (big blind) collected ($1)
Seat 2: ImaPeppaPig (button) folded before Flop (didn't bet)
Seat 6: joaquin612 (small blind) folded before Flop



PokerStars Hand #254729771830:  Hold'em No Limit ($0.50/$1.00 USD) - 2025/02/06 4:02:17 WET [2025/02/05 23:02:17 ET]
Table 'Paeonia II' 6-max Seat #6 is the button
Seat 1: Virvia32 ($147.59 in chips) 
Seat 2: ImaPeppaPig ($100 in chips) 
Seat 6: joaquin612 ($139.76 in chips) 
Virvia32: posts small blind $0.50
ImaPeppaPig: posts big blind $1
*** HOLE CARDS ***
joaquin612: folds 
Virvia32: folds 
Uncalled bet ($0.50) returned to ImaPeppaPig
ImaPeppaPig collected $1 from pot
ImaPeppaPig: doesn't show hand 
*** SUMMARY ***
Total pot $1 | Rake $0 
Seat 1: Virvia32 (small blind) folded before Flop
Seat 2: ImaPeppaPig (big blind) collected ($1)
Seat 6: joaquin612 (button) folded before Flop (didn't bet)



PokerStars Hand #254729611825:  Hold'em No Limit ($0.50/$1.00 USD) - 2025/02/06 3:38:08 WET [2025/02/05 22:38:08 ET]
Table 'Paeonia II' 6-max Seat #1 is the button
Seat 4: Virvia32 ($100 in chips) is sitting out
Seat 1: joaquin612 ($103.19 in chips) 
Seat 2: camilinho UC ($17.47 in chips) 
Seat 3: 7bekon7 ($100 in chips) 
camilinho UC: posts small blind $0.50
7bekon7: posts big blind $1
Virvia32: sits out 
*** HOLE CARDS ***
joaquin612: folds 
camilinho UC: raises $1 to $2
7bekon7: calls $1
*** FLOP *** [Jc 5h As]
camilinho UC: bets $1.90
7bekon7: calls $1.90
*** TURN *** [Jc 5h As] [2h]
camilinho UC: checks 
iTrustU21 joins the table at seat #6 
7bekon7: checks 
*** RIVER *** [Jc 5h As 2h] [8d]
ShizA210 joins the table at seat #5 
ShizA210 is disconnected 
camilinho UC: checks 
7bekon7: checks 
*** SHOW DOWN ***
camilinho UC: shows [7h Th] (high card Ace)
7bekon7: shows [6h 5d] (a pair of Fives)
7bekon7 collected $7.41 from pot
*** SUMMARY ***
Total pot $7.80 | Rake $0.39 
Board [Jc 5h As 2h 8d]
Seat 4: Virvia32
Seat 1: joaquin612 (button) folded before Flop (didn't bet)
Seat 2: camilinho UC (small blind) showed [7h Th] and lost with high card Ace
Seat 3: 7bekon7 (big blind) showed [6h 5d] and won ($7.41) with a pair of Fives



PokerStars Hand #254729616079:  Hold'em No Limit ($0.50/$1.00 USD) - 2025/02/06 3:38:43 WET [2025/02/05 22:38:43 ET]
Table 'Paeonia II' 6-max Seat #2 is the button
Seat 6: iTrustU21 ($100 in chips) is sitting out
Seat 1: joaquin612 ($103.19 in chips) 
Seat 2: camilinho UC ($13.57 in chips) 
Seat 3: 7bekon7 ($103.51 in chips) 
Seat 4: Virvia32 ($100 in chips) 
Seat 5: ShizA210 ($10 in chips) 
7bekon7: posts small blind $0.50
Virvia32: posts big blind $1
ShizA210: posts big blind $1
iTrustU21: sits out 
*** HOLE CARDS ***
ShizA210: checks 
joaquin612: folds 
camilinho UC: folds 
7bekon7: folds 
Virvia32: checks 
*** FLOP *** [9h Ks Ac]
Virvia32: checks 
ShizA210: bets $1
Virvia32: calls $1
*** TURN *** [9h Ks Ac] [9c]
Virvia32: checks 
ShizA210: bets $2.14
Virvia32: raises $4.86 to $7
ShizA210: folds 
Uncalled bet ($4.86) returned to Virvia32
Virvia32 collected $8.34 from pot
Virvia32: doesn't show hand 
*** SUMMARY ***
Total pot $8.78 | Rake $0.44 
Board [9h Ks Ac 9c]
Seat 6: iTrustU21
Seat 1: joaquin612 folded before Flop (didn't bet)
Seat 2: camilinho UC (button) folded before Flop (didn't bet)
Seat 3: 7bekon7 (small blind) folded before Flop
Seat 4: Virvia32 (big blind) collected ($8.34)
Seat 5: ShizA210 folded on the Turn



PokerStars Hand #254729621813:  Hold'em No Limit ($0.50/$1.00 USD) - 2025/02/06 3:39:30 WET [2025/02/05 22:39:30 ET]
Table 'Paeonia II' 6-max Seat #3 is the button
Seat 6: iTrustU21 ($100 in chips) is sitting out
Seat 1: joaquin612 ($103.19 in chips) 
Seat 2: camilinho UC ($13.57 in chips) 
Seat 3: 7bekon7 ($103.01 in chips) 
Seat 4: Virvia32 ($104.20 in chips) 
Seat 5: ShizA210 ($5.86 in chips) 
Virvia32: posts small blind $0.50
ShizA210: posts big blind $1
iTrustU21: sits out 
*** HOLE CARDS ***
joaquin612: folds 
camilinho UC: folds 
7bekon7: folds 
Virvia32: raises $6 to $7
ShizA210: folds 
Uncalled bet ($6) returned to Virvia32
Virvia32 collected $2 from pot
Virvia32: doesn't show hand 
*** SUMMARY ***
Total pot $2 | Rake $0 
Seat 6: iTrustU21
Seat 1: joaquin612 folded before Flop (didn't bet)
Seat 2: camilinho UC folded before Flop (didn't bet)
Seat 3: 7bekon7 (button) folded before Flop (didn't bet)
Seat 4: Virvia32 (small blind) collected ($2)
Seat 5: ShizA210 (big blind) folded before Flop



PokerStars Hand #254729624418:  Hold'em No Limit ($0.50/$1.00 USD) - 2025/02/06 3:39:52 WET [2025/02/05 22:39:52 ET]
Table 'Paeonia II' 6-max Seat #4 is the button
Seat 1: joaquin612 ($103.19 in chips) 
Seat 2: camilinho UC ($13.57 in chips) 
Seat 3: 7bekon7 ($103.01 in chips) 
Seat 4: Virvia32 ($105.20 in chips) 
Seat 5: ShizA210 ($4.86 in chips) 
Seat 6: iTrustU21 ($100 in chips) 
ShizA210: posts small blind $0.50
iTrustU21: posts big blind $1
*** HOLE CARDS ***
joaquin612: folds 
camilinho UC: folds 
7bekon7: folds 
Virvia32: folds 
ShizA210: calls $0.50
iTrustU21: checks 
*** FLOP *** [2d Ts 8s]
ShizA210: bets $1
iTrustU21: folds 
Uncalled bet ($1) returned to ShizA210
ShizA210 collected $1.90 from pot
*** SUMMARY ***
Total pot $2 | Rake $0.10 
Board [2d Ts 8s]
Seat 1: joaquin612 folded before Flop (didn't bet)
Seat 2: camilinho UC folded before Flop (didn't bet)
Seat 3: 7bekon7 folded before Flop (didn't bet)
Seat 4: Virvia32 (button) folded before Flop (didn't bet)
Seat 5: ShizA210 (small blind) collected ($1.90)
Seat 6: iTrustU21 (big blind) folded on the Flop



PokerStars Hand #254729627444:  Hold'em No Limit ($0.50/$1.00 USD) - 2025/02/06 3:40:16 WET [2025/02/05 22:40:16 ET]
Table 'Paeonia II' 6-max Seat #5 is the button
Seat 1: joaquin612 ($103.19 in chips) 
Seat 2: camilinho UC ($13.57 in chips) 
Seat 3: 7bekon7 ($103.01 in chips) 
Seat 4: Virvia32 ($105.20 in chips) 
Seat 5: ShizA210 ($5.76 in chips) 
Seat 6: iTrustU21 ($99 in chips) 
iTrustU21: posts small blind $0.50
joaquin612: posts big blind $1
*** HOLE CARDS ***
camilinho UC: folds 
7bekon7: raises $1.25 to $2.25
Virvia32: folds 
ShizA210: folds 
iTrustU21: folds 
joaquin612: folds 
Uncalled bet ($1.25) returned to 7bekon7
7bekon7 collected $2.50 from pot
7bekon7: doesn't show hand 
*** SUMMARY ***
Total pot $2.50 | Rake $0 
Seat 1: joaquin612 (big blind) folded before Flop
Seat 2: camilinho UC folded before Flop (didn't bet)
Seat 3: 7bekon7 collected ($2.50)
Seat 4: Virvia32 folded before Flop (didn't bet)
Seat 5: ShizA210 (button) folded before Flop (didn't bet)
Seat 6: iTrustU21 (small blind) folded before Flop



PokerStars Hand #254729630333:  Hold'em No Limit ($0.50/$1.00 USD) - 2025/02/06 3:40:39 WET [2025/02/05 22:40:39 ET]
Table 'Paeonia II' 6-max Seat #6 is the button
Seat 1: joaquin612 ($102.19 in chips) 
Seat 2: camilinho UC ($13.57 in chips) 
Seat 3: 7bekon7 ($104.51 in chips) 
Seat 4: Virvia32 ($105.20 in chips) 
Seat 5: ShizA210 ($5.76 in chips) 
Seat 6: iTrustU21 ($98.50 in chips) 
joaquin612: posts small blind $0.50
camilinho UC: posts big blind $1
*** HOLE CARDS ***
7bekon7: folds 
Virvia32: raises $1.50 to $2.50
ShizA210: folds 
iTrustU21: folds 
joaquin612: folds 
camilinho UC: calls $1.50
*** FLOP *** [Tc 3h 7h]
camilinho UC: checks 
Virvia32: bets $2.61
camilinho UC: calls $2.61
*** TURN *** [Tc 3h 7h] [Qd]
camilinho UC: checks 
Virvia32: bets $2.55
camilinho UC: calls $2.55
*** RIVER *** [Tc 3h 7h Qd] [7s]
camilinho UC: bets $5.91 and is all-in
Virvia32: calls $5.91
*** SHOW DOWN ***
camilinho UC: shows [9d 8c] (a pair of Sevens)
Virvia32: shows [Qs Qh] (a full house, Queens full of Sevens)
Virvia32 collected $26.26 from pot
*** SUMMARY ***
Total pot $27.64 | Rake $1.38 
Board [Tc 3h 7h Qd 7s]
Seat 1: joaquin612 (small blind) folded before Flop
Seat 2: camilinho UC (big blind) showed [9d 8c] and lost with a pair of Sevens
Seat 3: 7bekon7 folded before Flop (didn't bet)
Seat 4: Virvia32 showed [Qs Qh] and won ($26.26) with a full house, Queens full of Sevens
Seat 5: ShizA210 folded before Flop (didn't bet)
Seat 6: iTrustU21 (button) folded before Flop (didn't bet)



