PokerStars Hand #254736572109:  Hold'em No Limit ($0.50/$1.00 USD) - 2025/02/06 18:13:49 WET [2025/02/06 13:13:49 ET]
Table 'Carlova II' 6-max Seat #6 is the button
Seat 1: paramourx ($112.68 in chips) 
Seat 2: SorinS28 ($101.70 in chips) 
Seat 3: worker0k ($100 in chips) 
Seat 4: z00mba ($105.56 in chips) 
Seat 5: DONK129 ($83.55 in chips) 
Seat 6: Nice S.P. ($100 in chips) 
paramourx: posts small blind $0.50
SorinS28: posts big blind $1
*** HOLE CARDS ***
worker0k: folds 
z00mba: folds 
DONK129: raises $2.50 to $3.50
Nice S.P.: folds 
paramourx: folds 
SorinS28: folds 
Uncalled bet ($2.50) returned to DONK129
DONK129 collected $2.50 from pot
DONK129: doesn't show hand 
*** SUMMARY ***
Total pot $2.50 | Rake $0 
Seat 1: paramourx (small blind) folded before Flop
Seat 2: SorinS28 (big blind) folded before Flop
Seat 3: worker0k folded before Flop (didn't bet)
Seat 4: z00mba folded before Flop (didn't bet)
Seat 5: DONK129 collected ($2.50)
Seat 6: Nice S.P. (button) folded before Flop (didn't bet)



PokerStars Hand #254736575610:  Hold'em No Limit ($0.50/$1.00 USD) - 2025/02/06 18:14:02 WET [2025/02/06 13:14:02 ET]
Table 'Carlova II' 6-max Seat #1 is the button
Seat 1: paramourx ($112.18 in chips) 
Seat 2: SorinS28 ($100.70 in chips) 
Seat 3: worker0k ($100 in chips) 
Seat 4: z00mba ($105.56 in chips) 
Seat 5: DONK129 ($85.05 in chips) 
Seat 6: Nice S.P. ($100 in chips) 
SorinS28: posts small blind $0.50
worker0k: posts big blind $1
*** HOLE CARDS ***
z00mba: folds 
DONK129: raises $1 to $2
Nice S.P.: folds 
paramourx: raises $4.50 to $6.50
SorinS28: folds 
worker0k: folds 
DONK129: calls $4.50
*** FLOP *** [5h 3h 7d]
DONK129: checks 
paramourx: checks 
*** TURN *** [5h 3h 7d] [2h]
DONK129: checks 
paramourx: checks 
*** RIVER *** [5h 3h 7d 2h] [3s]
DONK129: checks 
paramourx: checks 
*** SHOW DOWN ***
DONK129: shows [4s 8s] (a pair of Threes)
paramourx: shows [Kh Qc] (a pair of Threes - King kicker)
paramourx collected $13.78 from pot
*** SUMMARY ***
Total pot $14.50 | Rake $0.72 
Board [5h 3h 7d 2h 3s]
Seat 1: paramourx (button) showed [Kh Qc] and won ($13.78) with a pair of Threes
Seat 2: SorinS28 (small blind) folded before Flop
Seat 3: worker0k (big blind) folded before Flop
Seat 4: z00mba folded before Flop (didn't bet)
Seat 5: DONK129 showed [4s 8s] and lost with a pair of Threes
Seat 6: Nice S.P. folded before Flop (didn't bet)



PokerStars Hand #254736587385:  Hold'em No Limit ($0.50/$1.00 USD) - 2025/02/06 18:14:46 WET [2025/02/06 13:14:46 ET]
Table 'Carlova II' 6-max Seat #2 is the button
Seat 1: paramourx ($119.46 in chips) 
Seat 2: SorinS28 ($100.20 in chips) 
Seat 3: worker0k ($100 in chips) 
Seat 4: z00mba ($105.56 in chips) 
Seat 5: DONK129 ($78.55 in chips) 
Seat 6: Nice S.P. ($100 in chips) 
worker0k: posts small blind $0.50
z00mba: posts big blind $1
*** HOLE CARDS ***
DONK129: folds 
Nice S.P.: folds 
paramourx: folds 
SorinS28: folds 
worker0k: folds 
Uncalled bet ($0.50) returned to z00mba
z00mba collected $1 from pot
z00mba: doesn't show hand 
*** SUMMARY ***
Total pot $1 | Rake $0 
Seat 1: paramourx folded before Flop (didn't bet)
Seat 2: SorinS28 (button) folded before Flop (didn't bet)
Seat 3: worker0k (small blind) folded before Flop
Seat 4: z00mba (big blind) collected ($1)
Seat 5: DONK129 folded before Flop (didn't bet)
Seat 6: Nice S.P. folded before Flop (didn't bet)



PokerStars Hand #254736589801:  Hold'em No Limit ($0.50/$1.00 USD) - 2025/02/06 18:14:55 WET [2025/02/06 13:14:55 ET]
Table 'Carlova II' 6-max Seat #3 is the button
Seat 1: paramourx ($119.46 in chips) 
Seat 2: SorinS28 ($100.20 in chips) 
Seat 3: worker0k ($100 in chips) 
Seat 4: z00mba ($106.06 in chips) 
Seat 5: DONK129 ($78.55 in chips) 
Seat 6: Nice S.P. ($100 in chips) 
z00mba: posts small blind $0.50
DONK129: posts big blind $1
*** HOLE CARDS ***
Nice S.P.: folds 
paramourx: raises $2 to $3
SorinS28: raises $6 to $9
worker0k: folds 
z00mba: folds 
DONK129: calls $8
paramourx: folds 
*** FLOP *** [5h Td 7c]
DONK129: checks 
SorinS28: checks 
*** TURN *** [5h Td 7c] [Jh]
DONK129: bets $8.21
SorinS28: folds 
Uncalled bet ($8.21) returned to DONK129
DONK129 collected $20.42 from pot
DONK129: doesn't show hand 
*** SUMMARY ***
Total pot $21.50 | Rake $1.08 
Board [5h Td 7c Jh]
Seat 1: paramourx folded before Flop
Seat 2: SorinS28 folded on the Turn
Seat 3: worker0k (button) folded before Flop (didn't bet)
Seat 4: z00mba (small blind) folded before Flop
Seat 5: DONK129 (big blind) collected ($20.42)
Seat 6: Nice S.P. folded before Flop (didn't bet)



PokerStars Hand #254736606051:  Hold'em No Limit ($0.50/$1.00 USD) - 2025/02/06 18:15:55 WET [2025/02/06 13:15:55 ET]
Table 'Carlova II' 6-max Seat #4 is the button
Seat 1: paramourx ($116.46 in chips) 
Seat 2: SorinS28 ($100 in chips) 
Seat 3: worker0k ($100 in chips) 
Seat 4: z00mba ($105.56 in chips) 
Seat 5: DONK129 ($89.97 in chips) 
Seat 6: Nice S.P. ($100 in chips) 
DONK129: posts small blind $0.50
Nice S.P.: posts big blind $1
*** HOLE CARDS ***
paramourx: folds 
SorinS28: folds 
worker0k: raises $1 to $2
z00mba: folds 
DONK129: folds 
Nice S.P.: folds 
Uncalled bet ($1) returned to worker0k
worker0k collected $2.50 from pot
*** SUMMARY ***
Total pot $2.50 | Rake $0 
Seat 1: paramourx folded before Flop (didn't bet)
Seat 2: SorinS28 folded before Flop (didn't bet)
Seat 3: worker0k collected ($2.50)
Seat 4: z00mba (button) folded before Flop (didn't bet)
Seat 5: DONK129 (small blind) folded before Flop
Seat 6: Nice S.P. (big blind) folded before Flop



PokerStars Hand #254736609636:  Hold'em No Limit ($0.50/$1.00 USD) - 2025/02/06 18:16:09 WET [2025/02/06 13:16:09 ET]
Table 'Carlova II' 6-max Seat #5 is the button
Seat 1: paramourx ($116.46 in chips) 
Seat 2: SorinS28 ($100 in chips) 
Seat 3: worker0k ($101.50 in chips) 
Seat 4: z00mba ($105.56 in chips) 
Seat 5: DONK129 ($89.47 in chips) 
Seat 6: Nice S.P. ($100 in chips) 
Nice S.P.: posts small blind $0.50
paramourx: posts big blind $1
*** HOLE CARDS ***
SorinS28: folds 
worker0k: folds 
z00mba: raises $1.50 to $2.50
DONK129: raises $4.50 to $7
Nice S.P.: folds 
paramourx: raises $15 to $22
z00mba: folds 
DONK129: calls $15
*** FLOP *** [2s 6d Qd]
paramourx: checks 
DONK129: bets $67.47 and is all-in
paramourx: calls $67.47
*** TURN *** [2s 6d Qd] [3h]
*** RIVER *** [2s 6d Qd 3h] [4h]
*** SHOW DOWN ***
paramourx: shows [Th Td] (a pair of Tens)
DONK129: shows [7h 6h] (a pair of Sixes)
paramourx collected $179.44 from pot
*** SUMMARY ***
Total pot $181.94 | Rake $2.50 
Board [2s 6d Qd 3h 4h]
Seat 1: paramourx (big blind) showed [Th Td] and won ($179.44) with a pair of Tens
Seat 2: SorinS28 folded before Flop (didn't bet)
Seat 3: worker0k folded before Flop (didn't bet)
Seat 4: z00mba folded before Flop
Seat 5: DONK129 (button) showed [7h 6h] and lost with a pair of Sixes
Seat 6: Nice S.P. (small blind) folded before Flop



PokerStars Hand #254736627453:  Hold'em No Limit ($0.50/$1.00 USD) - 2025/02/06 18:17:15 WET [2025/02/06 13:17:15 ET]
Table 'Carlova II' 6-max Seat #6 is the button
Seat 5: DONK129 ($0 in chips) is sitting out
Seat 1: paramourx ($206.43 in chips) 
Seat 2: SorinS28 ($100 in chips) 
Seat 3: worker0k ($101.50 in chips) 
Seat 4: z00mba ($103.06 in chips) 
Seat 6: Nice S.P. ($100 in chips) 
paramourx: posts small blind $0.50
SorinS28: posts big blind $1
*** HOLE CARDS ***
worker0k: folds 
z00mba: folds 
DONK129 leaves the table
Nice S.P.: raises $1 to $2
paramourx: folds 
SorinS28: calls $1
*** FLOP *** [3s 8s 3d]
SorinS28: checks 
worker0k leaves the table
Nice S.P.: bets $1.41
SorinS28: folds 
Uncalled bet ($1.41) returned to Nice S.P.
Nice S.P. collected $4.28 from pot
Nice S.P.: doesn't show hand 
*** SUMMARY ***
Total pot $4.50 | Rake $0.22 
Board [3s 8s 3d]
Seat 5: DONK129
Seat 1: paramourx (small blind) folded before Flop
Seat 2: SorinS28 (big blind) folded on the Flop
Seat 3: worker0k folded before Flop (didn't bet)
Seat 4: z00mba folded before Flop (didn't bet)
Seat 6: Nice S.P. (button) collected ($4.28)



PokerStars Hand #254736635537:  Hold'em No Limit ($0.50/$1.00 USD) - 2025/02/06 18:17:46 WET [2025/02/06 13:17:46 ET]
Table 'Carlova II' 6-max Seat #1 is the button
Seat 4: z00mba ($103.06 in chips) is sitting out
Seat 1: paramourx ($205.93 in chips) 
Seat 2: SorinS28 ($100 in chips) 
Seat 6: Nice S.P. ($102.28 in chips) 
SorinS28: posts small blind $0.50
z00mba: is sitting out 
Nice S.P.: posts big blind $1
*** HOLE CARDS ***
paramourx: folds 
SorinS28: raises $2 to $3
z00mba leaves the table
Nice S.P.: calls $2
*** FLOP *** [5s 6s 5d]
SorinS28: checks 
Nice S.P.: checks 
*** TURN *** [5s 6s 5d] [6c]
SorinS28: checks 
Nice S.P.: checks 
*** RIVER *** [5s 6s 5d 6c] [5h]
SorinS28: checks 
Nice S.P.: checks 
*** SHOW DOWN ***
SorinS28: shows [7s 2s] (a full house, Fives full of Sixes)
Nice S.P.: shows [As 8d] (a full house, Fives full of Sixes)
SorinS28 collected $2.85 from pot
Nice S.P. collected $2.85 from pot
*** SUMMARY ***
Total pot $6 | Rake $0.30 
Board [5s 6s 5d 6c 5h]
Seat 4: z00mba
Seat 1: paramourx (button) folded before Flop (didn't bet)
Seat 2: SorinS28 (small blind) showed [7s 2s] and won ($2.85) with a full house, Fives full of Sixes
Seat 6: Nice S.P. (big blind) showed [As 8d] and won ($2.85) with a full house, Fives full of Sixes



