PokerStars Hand #254737922144:  Hold'em No Limit ($0.50/$1.00 USD) - 2025/02/06 19:36:05 WET [2025/02/06 14:36:05 ET]
Table 'Ithaka II' 6-max Seat #1 is the button
Seat 1: laloo246 ($100 in chips) 
Seat 3: MAO_DZEDYN_S ($100 in chips) 
Seat 4: coeeeelho ($100 in chips) 
MAO_DZEDYN_S: posts small blind $0.50
coeeeelho: posts big blind $1
*** HOLE CARDS ***
laloo246: folds 
MAO_DZEDYN_S: folds 
Uncalled bet ($0.50) returned to coeeeelho
coeeeelho collected $1 from pot
*** SUMMARY ***
Total pot $1 | Rake $0 
Seat 1: laloo246 (button) folded before Flop (didn't bet)
Seat 3: MAO_DZEDYN_S (small blind) folded before Flop
Seat 4: coeeeelho (big blind) collected ($1)



PokerStars Hand #254737927282:  Hold'em No Limit ($0.50/$1.00 USD) - 2025/02/06 19:36:23 WET [2025/02/06 14:36:23 ET]
Table 'Ithaka II' 6-max Seat #4 is the button
Seat 1: laloo246 ($100 in chips) is sitting out
Seat 3: MAO_DZEDYN_S ($100 in chips) 
Seat 4: coeeeelho ($100.50 in chips) 
coeeeelho: posts small blind $0.50
laloo246: is sitting out 
MAO_DZEDYN_S: posts big blind $1
*** HOLE CARDS ***
laloo246 leaves the table
coeeeelho: folds 
Uncalled bet ($0.50) returned to MAO_DZEDYN_S
MAO_DZEDYN_S collected $1 from pot
MAO_DZEDYN_S: doesn't show hand 
*** SUMMARY ***
Total pot $1 | Rake $0 
Seat 1: laloo246
Seat 3: MAO_DZEDYN_S (big blind) collected ($1)
Seat 4: coeeeelho (button) (small blind) folded before Flop



