PokerStars Hand #254737497376:  Hold'em No Limit ($0.50/$1.00 USD) - 2025/02/06 19:11:09 WET [2025/02/06 14:11:09 ET]
Table 'Hugo' 6-max Seat #3 is the button
Seat 1: antey89 ($80 in chips) 
Seat 3: paramourx ($100 in chips) 
Seat 4: z00mba ($100 in chips) 
Seat 5: Palacios777 ($100 in chips) 
Seat 6: davefromfl ($80 in chips) 
z00mba: posts small blind $0.50
Palacios777: posts big blind $1
*** HOLE CARDS ***
davefromfl has timed out
davefromfl: folds 
antey89: folds 
paramourx: folds 
z00mba: raises $2 to $3
Palacios777: folds 
Uncalled bet ($2) returned to z00mba
z00mba collected $2 from pot
z00mba: doesn't show hand 
*** SUMMARY ***
Total pot $2 | Rake $0 
Seat 1: antey89 folded before Flop (didn't bet)
Seat 3: paramourx (button) folded before Flop (didn't bet)
Seat 4: z00mba (small blind) collected ($2)
Seat 5: Palacios777 (big blind) folded before Flop
Seat 6: davefromfl folded before Flop (didn't bet)



PokerStars Hand #254737503224:  Hold'em No Limit ($0.50/$1.00 USD) - 2025/02/06 19:11:30 WET [2025/02/06 14:11:30 ET]
Table 'Hugo' 6-max Seat #4 is the button
Seat 1: antey89 ($100 in chips) 
Seat 3: paramourx ($100 in chips) 
Seat 4: z00mba ($101 in chips) 
Seat 5: Palacios777 ($100 in chips) 
Seat 6: davefromfl ($80 in chips) 
Palacios777: posts small blind $0.50
davefromfl: posts big blind $1
*** HOLE CARDS ***
Y_19 joins the table at seat #2 
antey89: folds 
paramourx: folds 
z00mba: folds 
Palacios777: raises $1.50 to $2.50
davefromfl: calls $1.50
*** FLOP *** [6h 5s Th]
Palacios777: checks 
davefromfl: checks 
*** TURN *** [6h 5s Th] [4d]
Palacios777: checks 
davefromfl: checks 
*** RIVER *** [6h 5s Th 4d] [3d]
Palacios777: bets $1.50
davefromfl: folds 
Uncalled bet ($1.50) returned to Palacios777
Palacios777 collected $4.75 from pot
Palacios777: doesn't show hand 
*** SUMMARY ***
Total pot $5 | Rake $0.25 
Board [6h 5s Th 4d 3d]
Seat 1: antey89 folded before Flop (didn't bet)
Seat 3: paramourx folded before Flop (didn't bet)
Seat 4: z00mba (button) folded before Flop (didn't bet)
Seat 5: Palacios777 (small blind) collected ($4.75)
Seat 6: davefromfl (big blind) folded on the River



PokerStars Hand #254737514909:  Hold'em No Limit ($0.50/$1.00 USD) - 2025/02/06 19:12:12 WET [2025/02/06 14:12:12 ET]
Table 'Hugo' 6-max Seat #5 is the button
Seat 2: Y_19 ($100 in chips) is sitting out
Seat 1: antey89 ($100 in chips) 
Seat 3: paramourx ($100 in chips) 
Seat 4: z00mba ($101 in chips) 
Seat 5: Palacios777 ($102.25 in chips) 
Seat 6: davefromfl ($77.50 in chips) 
davefromfl: posts small blind $0.50
antey89: posts big blind $1
Y_19: sits out 
*** HOLE CARDS ***
paramourx: folds 
z00mba: raises $1.50 to $2.50
Palacios777: folds 
davefromfl: folds 
antey89: folds 
Uncalled bet ($1.50) returned to z00mba
z00mba collected $2.50 from pot
z00mba: doesn't show hand 
*** SUMMARY ***
Total pot $2.50 | Rake $0 
Seat 2: Y_19
Seat 1: antey89 (big blind) folded before Flop
Seat 3: paramourx folded before Flop (didn't bet)
Seat 4: z00mba collected ($2.50)
Seat 5: Palacios777 (button) folded before Flop (didn't bet)
Seat 6: davefromfl (small blind) folded before Flop



PokerStars Hand #254737521258:  Hold'em No Limit ($0.50/$1.00 USD) - 2025/02/06 19:12:34 WET [2025/02/06 14:12:34 ET]
Table 'Hugo' 6-max Seat #6 is the button
Seat 1: antey89 ($100 in chips) 
Seat 2: Y_19 ($100 in chips) 
Seat 3: paramourx ($100 in chips) 
Seat 4: z00mba ($102.50 in chips) 
Seat 5: Palacios777 ($102.25 in chips) 
Seat 6: davefromfl ($77 in chips) 
antey89: posts small blind $0.50
Y_19: posts big blind $1
*** HOLE CARDS ***
paramourx: folds 
z00mba: folds 
Palacios777: raises $1.20 to $2.20
davefromfl: folds 
antey89: folds 
Y_19: folds 
Uncalled bet ($1.20) returned to Palacios777
Palacios777 collected $2.50 from pot
Palacios777: doesn't show hand 
*** SUMMARY ***
Total pot $2.50 | Rake $0 
Seat 1: antey89 (small blind) folded before Flop
Seat 2: Y_19 (big blind) folded before Flop
Seat 3: paramourx folded before Flop (didn't bet)
Seat 4: z00mba folded before Flop (didn't bet)
Seat 5: Palacios777 collected ($2.50)
Seat 6: davefromfl (button) folded before Flop (didn't bet)



PokerStars Hand #254737526936:  Hold'em No Limit ($0.50/$1.00 USD) - 2025/02/06 19:12:54 WET [2025/02/06 14:12:54 ET]
Table 'Hugo' 6-max Seat #1 is the button
Seat 1: antey89 ($100 in chips) 
Seat 2: Y_19 ($100 in chips) 
Seat 3: paramourx ($100 in chips) 
Seat 4: z00mba ($102.50 in chips) 
Seat 5: Palacios777 ($103.75 in chips) 
Seat 6: davefromfl ($77 in chips) 
Y_19: posts small blind $0.50
paramourx: posts big blind $1
*** HOLE CARDS ***
z00mba: folds 
Palacios777: folds 
davefromfl: calls $1
antey89: raises $2.50 to $3.50
Y_19: folds 
paramourx: folds 
davefromfl: calls $2.50
*** FLOP *** [4d 9h 9d]
davefromfl: checks 
antey89: bets $2.67
davefromfl: folds 
Uncalled bet ($2.67) returned to antey89
antey89 collected $8.08 from pot
antey89: doesn't show hand 
*** SUMMARY ***
Total pot $8.50 | Rake $0.42 
Board [4d 9h 9d]
Seat 1: antey89 (button) collected ($8.08)
Seat 2: Y_19 (small blind) folded before Flop
Seat 3: paramourx (big blind) folded before Flop
Seat 4: z00mba folded before Flop (didn't bet)
Seat 5: Palacios777 folded before Flop (didn't bet)
Seat 6: davefromfl folded on the Flop



PokerStars Hand #254737542636:  Hold'em No Limit ($0.50/$1.00 USD) - 2025/02/06 19:13:50 WET [2025/02/06 14:13:50 ET]
Table 'Hugo' 6-max Seat #2 is the button
Seat 1: antey89 ($104.58 in chips) 
Seat 2: Y_19 ($100 in chips) 
Seat 3: paramourx ($100 in chips) 
Seat 4: z00mba ($102.50 in chips) 
Seat 5: Palacios777 ($103.75 in chips) 
Seat 6: davefromfl ($73.50 in chips) 
paramourx: posts small blind $0.50
z00mba: posts big blind $1
*** HOLE CARDS ***
Palacios777: raises $1.20 to $2.20
davefromfl: folds 
antey89: folds 
Y_19: folds 
paramourx: folds 
z00mba: folds 
Uncalled bet ($1.20) returned to Palacios777
Palacios777 collected $2.50 from pot
Palacios777: doesn't show hand 
*** SUMMARY ***
Total pot $2.50 | Rake $0 
Seat 1: antey89 folded before Flop (didn't bet)
Seat 2: Y_19 (button) folded before Flop (didn't bet)
Seat 3: paramourx (small blind) folded before Flop
Seat 4: z00mba (big blind) folded before Flop
Seat 5: Palacios777 collected ($2.50)
Seat 6: davefromfl folded before Flop (didn't bet)



PokerStars Hand #254737548452:  Hold'em No Limit ($0.50/$1.00 USD) - 2025/02/06 19:14:11 WET [2025/02/06 14:14:11 ET]
Table 'Hugo' 6-max Seat #3 is the button
Seat 1: antey89 ($104.58 in chips) 
Seat 2: Y_19 ($100 in chips) 
Seat 3: paramourx ($100 in chips) 
Seat 4: z00mba ($101.50 in chips) 
Seat 5: Palacios777 ($105.25 in chips) 
Seat 6: davefromfl ($73.50 in chips) 
z00mba: posts small blind $0.50
Palacios777: posts big blind $1
*** HOLE CARDS ***
davefromfl: calls $1
antey89: folds 
Y_19: folds 
paramourx: folds 
z00mba: folds 
Palacios777: raises $2.50 to $3.50
davefromfl: calls $2.50
*** FLOP *** [As Tc 2s]
Palacios777: bets $2.35
davefromfl: folds 
Uncalled bet ($2.35) returned to Palacios777
Palacios777 collected $7.12 from pot
Palacios777: doesn't show hand 
*** SUMMARY ***
Total pot $7.50 | Rake $0.38 
Board [As Tc 2s]
Seat 1: antey89 folded before Flop (didn't bet)
Seat 2: Y_19 folded before Flop (didn't bet)
Seat 3: paramourx (button) folded before Flop (didn't bet)
Seat 4: z00mba (small blind) folded before Flop
Seat 5: Palacios777 (big blind) collected ($7.12)
Seat 6: davefromfl folded on the Flop



PokerStars Hand #254737561742:  Hold'em No Limit ($0.50/$1.00 USD) - 2025/02/06 19:14:57 WET [2025/02/06 14:14:57 ET]
Table 'Hugo' 6-max Seat #4 is the button
Seat 1: antey89 ($104.58 in chips) 
Seat 2: Y_19 ($100 in chips) 
Seat 3: paramourx ($100 in chips) 
Seat 4: z00mba ($101 in chips) 
Seat 5: Palacios777 ($108.87 in chips) 
Seat 6: davefromfl ($70 in chips) 
Palacios777: posts small blind $0.50
davefromfl: posts big blind $1
*** HOLE CARDS ***
antey89: folds 
Y_19: raises $1.23 to $2.23
paramourx: raises $5.27 to $7.50
z00mba: folds 
Palacios777: folds 
davefromfl: folds 
Y_19: folds 
Uncalled bet ($5.27) returned to paramourx
davefromfl leaves the table
paramourx collected $5.96 from pot
paramourx: doesn't show hand 
*** SUMMARY ***
Total pot $5.96 | Rake $0 
Seat 1: antey89 folded before Flop (didn't bet)
Seat 2: Y_19 folded before Flop
Seat 3: paramourx collected ($5.96)
Seat 4: z00mba (button) folded before Flop (didn't bet)
Seat 5: Palacios777 (small blind) folded before Flop
Seat 6: davefromfl (big blind) folded before Flop



PokerStars Hand #254737568317:  Hold'em No Limit ($0.50/$1.00 USD) - 2025/02/06 19:15:20 WET [2025/02/06 14:15:20 ET]
Table 'Hugo' 6-max Seat #5 is the button
Seat 1: antey89 ($104.58 in chips) 
Seat 2: Y_19 ($100 in chips) 
Seat 3: paramourx ($103.73 in chips) 
Seat 4: z00mba ($101 in chips) 
Seat 5: Palacios777 ($108.37 in chips) 
antey89: posts small blind $0.50
Y_19: posts big blind $1
*** HOLE CARDS ***
paramourx: folds 
z00mba: raises $1.50 to $2.50
Palacios777: folds 
antey89: folds 
Y_19: calls $1.50
*** FLOP *** [Qd Jd Kh]
Y_19: checks 
z00mba: checks 
*** TURN *** [Qd Jd Kh] [Kd]
Y_19: checks 
coeeeelho joins the table at seat #6 
z00mba: checks 
*** RIVER *** [Qd Jd Kh Kd] [8h]
Y_19: checks 
z00mba: checks 
*** SHOW DOWN ***
Y_19: shows [3s As] (a pair of Kings)
z00mba: mucks hand 
Y_19 collected $5.22 from pot
*** SUMMARY ***
Total pot $5.50 | Rake $0.28 
Board [Qd Jd Kh Kd 8h]
Seat 1: antey89 (small blind) folded before Flop
Seat 2: Y_19 (big blind) showed [3s As] and won ($5.22) with a pair of Kings
Seat 3: paramourx folded before Flop (didn't bet)
Seat 4: z00mba mucked
Seat 5: Palacios777 (button) folded before Flop (didn't bet)



PokerStars Hand #254737583849:  Hold'em No Limit ($0.50/$1.00 USD) - 2025/02/06 19:16:16 WET [2025/02/06 14:16:16 ET]
Table 'Hugo' 6-max Seat #1 is the button
Seat 6: coeeeelho ($100 in chips) is sitting out
Seat 1: antey89 ($104.08 in chips) 
Seat 2: Y_19 ($102.72 in chips) 
Seat 3: paramourx ($103.73 in chips) 
Seat 4: z00mba ($100 in chips) 
Seat 5: Palacios777 ($108.37 in chips) 
Y_19: posts small blind $0.50
paramourx: posts big blind $1
coeeeelho: sits out 
*** HOLE CARDS ***
z00mba: folds 
Palacios777: raises $1.20 to $2.20
antey89: folds 
Y_19: folds 
paramourx: folds 
Uncalled bet ($1.20) returned to Palacios777
Palacios777 collected $2.50 from pot
Palacios777: doesn't show hand 
*** SUMMARY ***
Total pot $2.50 | Rake $0 
Seat 6: coeeeelho
Seat 1: antey89 (button) folded before Flop (didn't bet)
Seat 2: Y_19 (small blind) folded before Flop
Seat 3: paramourx (big blind) folded before Flop
Seat 4: z00mba folded before Flop (didn't bet)
Seat 5: Palacios777 collected ($2.50)



PokerStars Hand #254737588588:  Hold'em No Limit ($0.50/$1.00 USD) - 2025/02/06 19:16:32 WET [2025/02/06 14:16:32 ET]
Table 'Hugo' 6-max Seat #2 is the button
Seat 4: z00mba ($100 in chips) is sitting out
Seat 5: Palacios777 ($109.87 in chips) is sitting out
Seat 1: antey89 ($104.08 in chips) 
Seat 2: Y_19 ($102.22 in chips) 
Seat 3: paramourx ($102.73 in chips) 
Seat 6: coeeeelho ($100 in chips) 
paramourx: posts small blind $0.50
z00mba: is sitting out 
Palacios777: is sitting out 
coeeeelho: posts big blind $1
*** HOLE CARDS ***
antey89: folds 
Y_19: folds 
paramourx: folds 
Uncalled bet ($0.50) returned to coeeeelho
z00mba leaves the table
coeeeelho collected $1 from pot
*** SUMMARY ***
Total pot $1 | Rake $0 
Seat 4: z00mba
Seat 5: Palacios777
Seat 1: antey89 folded before Flop (didn't bet)
Seat 2: Y_19 (button) folded before Flop (didn't bet)
Seat 3: paramourx (small blind) folded before Flop
Seat 6: coeeeelho (big blind) collected ($1)



PokerStars Hand #254737590612:  Hold'em No Limit ($0.50/$1.00 USD) - 2025/02/06 19:16:40 WET [2025/02/06 14:16:40 ET]
Table 'Hugo' 6-max Seat #3 is the button
Seat 5: Palacios777 ($109.87 in chips) is sitting out
Seat 1: antey89 ($104.08 in chips) 
Seat 2: Y_19 ($102.22 in chips) 
Seat 3: paramourx ($102.23 in chips) 
antey89: posts small blind $0.50
Y_19: posts big blind $1
*** HOLE CARDS ***
paramourx: folds 
paramourx leaves the table
antey89: folds 
Uncalled bet ($0.50) returned to Y_19
Y_19 collected $1 from pot
Y_19: doesn't show hand 
*** SUMMARY ***
Total pot $1 | Rake $0 
Seat 5: Palacios777
Seat 1: antey89 (small blind) folded before Flop
Seat 2: Y_19 (big blind) collected ($1)
Seat 3: paramourx (button) folded before Flop (didn't bet)



