PokerStars Hand #254731464327:  Hold'em No Limit ($0.50/$1.00 USD) - 2025/02/06 9:49:21 WET [2025/02/06 4:49:21 ET]
Table 'Danae II' 6-max Seat #2 is the button
Seat 3: Amara2009 ($0 in chips) is sitting out
Seat 6: Punzzzer ($101.50 in chips) is sitting out
Seat 1: taeone1 ($100 in chips) 
Seat 2: Flix2204 ($216.34 in chips) 
Seat 4: B1GBankroll ($103.26 in chips) 
B1GBankroll: posts small blind $0.50
Punzzzer: is sitting out 
taeone1: posts big blind $1
*** HOLE CARDS ***
Flix2204: folds 
Punzzzer leaves the table
B1GBankroll: folds 
Uncalled bet ($0.50) returned to taeone1
taeone1 collected $1 from pot
taeone1: doesn't show hand 
*** SUMMARY ***
Total pot $1 | Rake $0 
Seat 3: Amara2009
Seat 6: Punzzzer
Seat 1: taeone1 (big blind) collected ($1)
Seat 2: Flix2204 (button) folded before Flop (didn't bet)
Seat 4: B1GBankroll (small blind) folded before Flop



PokerStars Hand #254731465733:  Hold'em No Limit ($0.50/$1.00 USD) - 2025/02/06 9:49:35 WET [2025/02/06 4:49:35 ET]
Table 'Danae II' 6-max Seat #1 is the button
Seat 2: Flix2204 ($216.34 in chips) is sitting out
Seat 3: Amara2009 ($0 in chips) is sitting out
Seat 1: taeone1 ($100.50 in chips) 
Seat 4: B1GBankroll ($102.76 in chips) 
taeone1: posts small blind $0.50
Flix2204: is sitting out 
B1GBankroll: posts big blind $1
*** HOLE CARDS ***
taeone1: raises $1 to $2
Flix2204 leaves the table
B1GBankroll: calls $1
*** FLOP *** [7s 4d Th]
B1GBankroll: checks 
taeone1: bets $3.80
B1GBankroll: folds 
Uncalled bet ($3.80) returned to taeone1
taeone1 collected $3.80 from pot
taeone1: doesn't show hand 
*** SUMMARY ***
Total pot $4 | Rake $0.20 
Board [7s 4d Th]
Seat 2: Flix2204
Seat 3: Amara2009
Seat 1: taeone1 (button) (small blind) collected ($3.80)
Seat 4: B1GBankroll (big blind) folded on the Flop



PokerStars Hand #254731468992:  Hold'em No Limit ($0.50/$1.00 USD) - 2025/02/06 9:50:06 WET [2025/02/06 4:50:06 ET]
Table 'Danae II' 6-max Seat #4 is the button
Seat 3: Amara2009 ($0 in chips) is sitting out
Seat 1: taeone1 ($102.30 in chips) 
Seat 4: B1GBankroll ($100.76 in chips) 
B1GBankroll: posts small blind $0.50
taeone1: posts big blind $1
*** HOLE CARDS ***
B1GBankroll: raises $1.50 to $2.50
taeone1: folds 
Uncalled bet ($1.50) returned to B1GBankroll
B1GBankroll collected $2 from pot
B1GBankroll: doesn't show hand 
*** SUMMARY ***
Total pot $2 | Rake $0 
Seat 3: Amara2009
Seat 1: taeone1 (big blind) folded before Flop
Seat 4: B1GBankroll (button) (small blind) collected ($2)



