PokerStars Hand #254740299177:  Hold'em No Limit ($0.50/$1.00 USD) - 2025/02/06 21:49:10 WET [2025/02/06 16:49:10 ET]
Table 'Thoas II' 6-max Seat #3 is the button
Seat 3: Aleqseuka ($100 in chips) 
Seat 4: YeeesMan ($100 in chips) 
Aleqseuka: posts small blind $0.50
YeeesMan: posts big blind $1
*** HOLE CARDS ***
Aleqseuka: raises $1.50 to $2.50
pr0tecto joins the table at seat #2 
Mcknight888 joins the table at seat #1 
Mcknight888 is disconnected 
nastja336 joins the table at seat #6 
YeeesMan: folds 
Uncalled bet ($1.50) returned to Aleqseuka
Alinyr joins the table at seat #5 
Aleqseuka collected $2 from pot
Aleqseuka: doesn't show hand 
*** SUMMARY ***
Total pot $2 | Rake $0 
Seat 3: Aleqseuka (button) (small blind) collected ($2)
Seat 4: YeeesMan (big blind) folded before Flop



PokerStars Hand #254740303097:  Hold'em No Limit ($0.50/$1.00 USD) - 2025/02/06 21:49:23 WET [2025/02/06 16:49:23 ET]
Table 'Thoas II' 6-max Seat #3 is the button
Seat 2: pr0tecto ($100 in chips) is sitting out
Seat 6: nastja336 ($100 in chips) is sitting out
Seat 1: Mcknight888 ($100 in chips) 
Seat 3: Aleqseuka ($101 in chips) 
Seat 4: YeeesMan ($100 in chips) 
Seat 5: Alinyr ($100 in chips) 
YeeesMan: posts small blind $0.50
Alinyr: posts big blind $1
nastja336: sits out 
Mcknight888: posts big blind $1
pr0tecto: sits out 
*** HOLE CARDS ***
Mcknight888: checks 
Aleqseuka: raises $3 to $4
YeeesMan: folds 
Alinyr: folds 
Mcknight888: folds 
Uncalled bet ($3) returned to Aleqseuka
Aleqseuka collected $3.50 from pot
Aleqseuka: doesn't show hand 
*** SUMMARY ***
Total pot $3.50 | Rake $0 
Seat 2: pr0tecto
Seat 6: nastja336
Seat 1: Mcknight888 folded before Flop (didn't bet)
Seat 3: Aleqseuka (button) collected ($3.50)
Seat 4: YeeesMan (small blind) folded before Flop
Seat 5: Alinyr (big blind) folded before Flop



PokerStars Hand #254740307943:  Hold'em No Limit ($0.50/$1.00 USD) - 2025/02/06 21:49:39 WET [2025/02/06 16:49:39 ET]
Table 'Thoas II' 6-max Seat #4 is the button
Seat 2: pr0tecto ($100 in chips) is sitting out
Seat 1: Mcknight888 ($99 in chips) 
Seat 3: Aleqseuka ($103.50 in chips) 
Seat 4: YeeesMan ($100 in chips) 
Seat 5: Alinyr ($100 in chips) 
Seat 6: nastja336 ($100 in chips) 
Alinyr: posts small blind $0.50
nastja336: posts big blind $1
pr0tecto: sits out 
*** HOLE CARDS ***
Mcknight888: folds 
Aleqseuka: folds 
YeeesMan: folds 
Alinyr: raises $2 to $3
nastja336: folds 
Uncalled bet ($2) returned to Alinyr
Alinyr collected $2 from pot
Alinyr: doesn't show hand 
*** SUMMARY ***
Total pot $2 | Rake $0 
Seat 2: pr0tecto
Seat 1: Mcknight888 folded before Flop (didn't bet)
Seat 3: Aleqseuka folded before Flop (didn't bet)
Seat 4: YeeesMan (button) folded before Flop (didn't bet)
Seat 5: Alinyr (small blind) collected ($2)
Seat 6: nastja336 (big blind) folded before Flop



PokerStars Hand #254740312512:  Hold'em No Limit ($0.50/$1.00 USD) - 2025/02/06 21:49:55 WET [2025/02/06 16:49:55 ET]
Table 'Thoas II' 6-max Seat #5 is the button
Seat 2: pr0tecto ($100 in chips) is sitting out
Seat 1: Mcknight888 ($99 in chips) 
Seat 3: Aleqseuka ($103.50 in chips) 
Seat 4: YeeesMan ($100 in chips) 
Seat 5: Alinyr ($101 in chips) 
Seat 6: nastja336 ($100 in chips) 
nastja336: posts small blind $0.50
Mcknight888: posts big blind $1
pr0tecto: sits out 
*** HOLE CARDS ***
Aleqseuka: folds 
YeeesMan: folds 
Alinyr: raises $1.50 to $2.50
nastja336: raises $9.50 to $12
Mcknight888: folds 
Alinyr: calls $9.50
*** FLOP *** [Kh Ts Th]
nastja336: checks 
Alinyr: checks 
*** TURN *** [Kh Ts Th] [2d]
nastja336: bets $7.84
Alinyr: calls $7.84
*** RIVER *** [Kh Ts Th 2d] [Jh]
nastja336: bets $9.75
Alinyr: folds 
Uncalled bet ($9.75) returned to nastja336
nastja336 collected $38.65 from pot
nastja336: doesn't show hand 
*** SUMMARY ***
Total pot $40.68 | Rake $2.03 
Board [Kh Ts Th 2d Jh]
Seat 2: pr0tecto
Seat 1: Mcknight888 (big blind) folded before Flop
Seat 3: Aleqseuka folded before Flop (didn't bet)
Seat 4: YeeesMan folded before Flop (didn't bet)
Seat 5: Alinyr (button) folded on the River
Seat 6: nastja336 (small blind) collected ($38.65)



PokerStars Hand #254740347584:  Hold'em No Limit ($0.50/$1.00 USD) - 2025/02/06 21:51:53 WET [2025/02/06 16:51:53 ET]
Table 'Thoas II' 6-max Seat #6 is the button
Seat 1: Mcknight888 ($98 in chips) 
Seat 2: pr0tecto ($100 in chips) 
Seat 3: Aleqseuka ($103.50 in chips) 
Seat 4: YeeesMan ($100 in chips) 
Seat 5: Alinyr ($100 in chips) 
Seat 6: nastja336 ($118.81 in chips) 
Mcknight888: posts small blind $0.50
pr0tecto: posts big blind $1
*** HOLE CARDS ***
Aleqseuka: folds 
YeeesMan: folds 
Alinyr: raises $1.28 to $2.28
nastja336: folds 
Mcknight888: folds 
pr0tecto: folds 
Uncalled bet ($1.28) returned to Alinyr
Alinyr collected $2.50 from pot
Alinyr: doesn't show hand 
*** SUMMARY ***
Total pot $2.50 | Rake $0 
Seat 1: Mcknight888 (small blind) folded before Flop
Seat 2: pr0tecto (big blind) folded before Flop
Seat 3: Aleqseuka folded before Flop (didn't bet)
Seat 4: YeeesMan folded before Flop (didn't bet)
Seat 5: Alinyr collected ($2.50)
Seat 6: nastja336 (button) folded before Flop (didn't bet)



PokerStars Hand #254740465914:  Hold'em No Limit ($0.50/$1.00 USD) - 2025/02/06 22:00:02 WET [2025/02/06 17:00:02 ET]
Table 'Thoas II' 6-max Seat #6 is the button
Seat 1: Mcknight888 ($130.24 in chips) 
Seat 2: Bejondeiala ($100 in chips) 
Seat 5: franbasualdo10 ($14.23 in chips) 
Seat 6: MaikonAll ($100 in chips) 
Mcknight888: posts small blind $0.50
Bejondeiala: posts big blind $1
*** HOLE CARDS ***
franbasualdo10: folds 
MaikonAll: folds 
Mcknight888: folds 
Uncalled bet ($0.50) returned to Bejondeiala
Bejondeiala collected $1 from pot
Bejondeiala: doesn't show hand 
*** SUMMARY ***
Total pot $1 | Rake $0 
Seat 1: Mcknight888 (small blind) folded before Flop
Seat 2: Bejondeiala (big blind) collected ($1)
Seat 5: franbasualdo10 folded before Flop (didn't bet)
Seat 6: MaikonAll (button) folded before Flop (didn't bet)



PokerStars Hand #254740469177:  Hold'em No Limit ($0.50/$1.00 USD) - 2025/02/06 22:00:17 WET [2025/02/06 17:00:17 ET]
Table 'Thoas II' 6-max Seat #1 is the button
Seat 1: Mcknight888 ($129.74 in chips) 
Seat 2: Bejondeiala ($100.50 in chips) 
Seat 5: franbasualdo10 ($14.23 in chips) 
Seat 6: MaikonAll ($100 in chips) 
Bejondeiala: posts small blind $0.50
franbasualdo10: posts big blind $1
*** HOLE CARDS ***
MaikonAll: folds 
Mcknight888: folds 
Bejondeiala: raises $1 to $2
franbasualdo10: folds 
Uncalled bet ($1) returned to Bejondeiala
Bejondeiala collected $2 from pot
Bejondeiala: doesn't show hand 
*** SUMMARY ***
Total pot $2 | Rake $0 
Seat 1: Mcknight888 (button) folded before Flop (didn't bet)
Seat 2: Bejondeiala (small blind) collected ($2)
Seat 5: franbasualdo10 (big blind) folded before Flop
Seat 6: MaikonAll folded before Flop (didn't bet)



PokerStars Hand #254740473864:  Hold'em No Limit ($0.50/$1.00 USD) - 2025/02/06 22:00:38 WET [2025/02/06 17:00:38 ET]
Table 'Thoas II' 6-max Seat #2 is the button
Seat 1: Mcknight888 ($129.74 in chips) 
Seat 2: Bejondeiala ($101.50 in chips) 
Seat 5: franbasualdo10 ($13.23 in chips) 
Seat 6: MaikonAll ($100 in chips) 
franbasualdo10: posts small blind $0.50
MaikonAll: posts big blind $1
*** HOLE CARDS ***
Mcknight888: folds 
Bejondeiala: folds 
franbasualdo10: raises $1 to $2
MaikonAll: folds 
Uncalled bet ($1) returned to franbasualdo10
franbasualdo10 collected $2 from pot
*** SUMMARY ***
Total pot $2 | Rake $0 
Seat 1: Mcknight888 folded before Flop (didn't bet)
Seat 2: Bejondeiala (button) folded before Flop (didn't bet)
Seat 5: franbasualdo10 (small blind) collected ($2)
Seat 6: MaikonAll (big blind) folded before Flop



PokerStars Hand #254740479840:  Hold'em No Limit ($0.50/$1.00 USD) - 2025/02/06 22:01:03 WET [2025/02/06 17:01:03 ET]
Table 'Thoas II' 6-max Seat #5 is the button
Seat 1: Mcknight888 ($129.74 in chips) 
Seat 2: Bejondeiala ($101.50 in chips) 
Seat 5: franbasualdo10 ($14.23 in chips) 
Seat 6: MaikonAll ($100 in chips) 
MaikonAll: posts small blind $0.50
Mcknight888: posts big blind $1
*** HOLE CARDS ***
Bejondeiala: raises $1.10 to $2.10
franbasualdo10: calls $2.10
MaikonAll: folds 
Mcknight888: calls $1.10
*** FLOP *** [5h Ac Jc]
Mcknight888: checks 
Bejondeiala: bets $2.26
nastja336 joins the table at seat #4 
PokerShadow100 joins the table at seat #3 
PokerShadow100 is disconnected 
franbasualdo10: calls $2.26
Mcknight888: calls $2.26
*** TURN *** [5h Ac Jc] [9s]
Mcknight888: checks 
Bejondeiala: bets $11.68
franbasualdo10: folds 
Mcknight888: folds 
Uncalled bet ($11.68) returned to Bejondeiala
Bejondeiala collected $12.90 from pot
Bejondeiala: doesn't show hand 
*** SUMMARY ***
Total pot $13.58 | Rake $0.68 
Board [5h Ac Jc 9s]
Seat 1: Mcknight888 (big blind) folded on the Turn
Seat 2: Bejondeiala collected ($12.90)
Seat 5: franbasualdo10 (button) folded on the Turn
Seat 6: MaikonAll (small blind) folded before Flop



PokerStars Hand #254740496200:  Hold'em No Limit ($0.50/$1.00 USD) - 2025/02/06 22:02:04 WET [2025/02/06 17:02:04 ET]
Table 'Thoas II' 6-max Seat #6 is the button
Seat 4: nastja336 ($113.43 in chips) is sitting out
Seat 1: Mcknight888 ($125.38 in chips) 
Seat 2: Bejondeiala ($110.04 in chips) 
Seat 3: PokerShadow100 ($51.92 in chips) 
Seat 5: franbasualdo10 ($9.87 in chips) 
Seat 6: MaikonAll ($100 in chips) 
Mcknight888: posts small blind $0.50
Bejondeiala: posts big blind $1
PokerShadow100: posts big blind $1
nastja336: sits out 
*** HOLE CARDS ***
PokerShadow100: checks 
franbasualdo10: raises $2 to $3
MaikonAll: raises $7 to $10
Mcknight888: folds 
Bejondeiala: folds 
PokerShadow100: folds 
franbasualdo10: calls $6.87 and is all-in
Uncalled bet ($0.13) returned to MaikonAll
*** FLOP *** [6c Jc 7s]
*** TURN *** [6c Jc 7s] [2d]
*** RIVER *** [6c Jc 7s 2d] [2h]
*** SHOW DOWN ***
franbasualdo10: shows [9c Qc] (a pair of Deuces)
MaikonAll: shows [9h 9s] (two pair, Nines and Deuces)
MaikonAll collected $21.13 from pot
*** SUMMARY ***
Total pot $22.24 | Rake $1.11 
Board [6c Jc 7s 2d 2h]
Seat 4: nastja336
Seat 1: Mcknight888 (small blind) folded before Flop
Seat 2: Bejondeiala (big blind) folded before Flop
Seat 3: PokerShadow100 folded before Flop (didn't bet)
Seat 5: franbasualdo10 showed [9c Qc] and lost with a pair of Deuces
Seat 6: MaikonAll (button) showed [9h 9s] and won ($21.13) with two pair, Nines and Deuces



PokerStars Hand #254740506902:  Hold'em No Limit ($0.50/$1.00 USD) - 2025/02/06 22:02:42 WET [2025/02/06 17:02:42 ET]
Table 'Thoas II' 6-max Seat #1 is the button
Seat 4: nastja336 ($113.43 in chips) is sitting out
Seat 5: franbasualdo10 ($0 in chips) is sitting out
Seat 1: Mcknight888 ($124.88 in chips) 
Seat 2: Bejondeiala ($109.04 in chips) 
Seat 3: PokerShadow100 ($50.92 in chips) 
Seat 6: MaikonAll ($111.26 in chips) 
Bejondeiala: posts small blind $0.50
PokerShadow100: posts big blind $1
nastja336: sits out 
*** HOLE CARDS ***
MaikonAll: raises $1.30 to $2.30
franbasualdo10 leaves the table
Mcknight888: folds 
Bejondeiala: folds 
PokerShadow100: folds 
Uncalled bet ($1.30) returned to MaikonAll
MaikonAll collected $2.50 from pot
MaikonAll: doesn't show hand 
BoyLoc0 joins the table at seat #5 
*** SUMMARY ***
Total pot $2.50 | Rake $0 
Seat 4: nastja336
Seat 5: franbasualdo10
Seat 1: Mcknight888 (button) folded before Flop (didn't bet)
Seat 2: Bejondeiala (small blind) folded before Flop
Seat 3: PokerShadow100 (big blind) folded before Flop
Seat 6: MaikonAll collected ($2.50)



PokerStars Hand #254740511151:  Hold'em No Limit ($0.50/$1.00 USD) - 2025/02/06 22:02:57 WET [2025/02/06 17:02:57 ET]
Table 'Thoas II' 6-max Seat #2 is the button
Seat 5: BoyLoc0 ($100 in chips) is sitting out
Seat 1: Mcknight888 ($124.88 in chips) 
Seat 2: Bejondeiala ($108.54 in chips) 
Seat 3: PokerShadow100 ($49.92 in chips) 
Seat 4: nastja336 ($113.43 in chips) 
Seat 6: MaikonAll ($112.76 in chips) 
PokerShadow100: posts small blind $0.50
nastja336: posts big blind $1
BoyLoc0: sits out 
*** HOLE CARDS ***
MaikonAll: raises $1.30 to $2.30
Mcknight888: folds 
Bejondeiala: folds 
PokerShadow100: calls $1.80
nastja336: folds 
*** FLOP *** [Td 6h 2c]
PokerShadow100: checks 
MaikonAll: bets $1.33
PokerShadow100: folds 
Uncalled bet ($1.33) returned to MaikonAll
MaikonAll collected $5.32 from pot
MaikonAll: doesn't show hand 
*** SUMMARY ***
Total pot $5.60 | Rake $0.28 
Board [Td 6h 2c]
Seat 5: BoyLoc0
Seat 1: Mcknight888 folded before Flop (didn't bet)
Seat 2: Bejondeiala (button) folded before Flop (didn't bet)
Seat 3: PokerShadow100 (small blind) folded on the Flop
Seat 4: nastja336 (big blind) folded before Flop
Seat 6: MaikonAll collected ($5.32)



PokerStars Hand #254740524948:  Hold'em No Limit ($0.50/$1.00 USD) - 2025/02/06 22:03:45 WET [2025/02/06 17:03:45 ET]
Table 'Thoas II' 6-max Seat #3 is the button
Seat 1: Mcknight888 ($124.88 in chips) 
Seat 2: Bejondeiala ($108.54 in chips) 
Seat 3: PokerShadow100 ($47.62 in chips) 
Seat 4: nastja336 ($112.43 in chips) 
Seat 5: BoyLoc0 ($100 in chips) 
Seat 6: MaikonAll ($115.78 in chips) 
nastja336: posts small blind $0.50
BoyLoc0: posts big blind $1
*** HOLE CARDS ***
MaikonAll: folds 
Mcknight888: calls $1
Bejondeiala: folds 
PokerShadow100: calls $1
nastja336: folds 
BoyLoc0: checks 
*** FLOP *** [As Ac 2c]
BoyLoc0: checks 
Mcknight888: checks 
PokerShadow100: checks 
*** TURN *** [As Ac 2c] [7c]
BoyLoc0: checks 
Mcknight888: bets $2
PokerShadow100: folds 
BoyLoc0: folds 
Uncalled bet ($2) returned to Mcknight888
Mcknight888 collected $3.32 from pot
*** SUMMARY ***
Total pot $3.50 | Rake $0.18 
Board [As Ac 2c 7c]
Seat 1: Mcknight888 collected ($3.32)
Seat 2: Bejondeiala folded before Flop (didn't bet)
Seat 3: PokerShadow100 (button) folded on the Turn
Seat 4: nastja336 (small blind) folded before Flop
Seat 5: BoyLoc0 (big blind) folded on the Turn
Seat 6: MaikonAll folded before Flop (didn't bet)



PokerStars Hand #254740534795:  Hold'em No Limit ($0.50/$1.00 USD) - 2025/02/06 22:04:19 WET [2025/02/06 17:04:19 ET]
Table 'Thoas II' 6-max Seat #4 is the button
Seat 1: Mcknight888 ($127.20 in chips) 
Seat 2: Bejondeiala ($108.54 in chips) 
Seat 3: PokerShadow100 ($46.62 in chips) 
Seat 4: nastja336 ($111.93 in chips) 
Seat 5: BoyLoc0 ($100 in chips) 
Seat 6: MaikonAll ($115.78 in chips) 
BoyLoc0: posts small blind $0.50
MaikonAll: posts big blind $1
*** HOLE CARDS ***
Mcknight888: folds 
Bejondeiala: folds 
PokerShadow100: calls $1
nastja336: raises $3 to $4
BoyLoc0: folds 
MaikonAll: folds 
PokerShadow100: folds 
Uncalled bet ($3) returned to nastja336
nastja336 collected $3.50 from pot
nastja336: doesn't show hand 
*** SUMMARY ***
Total pot $3.50 | Rake $0 
Seat 1: Mcknight888 folded before Flop (didn't bet)
Seat 2: Bejondeiala folded before Flop (didn't bet)
Seat 3: PokerShadow100 folded before Flop
Seat 4: nastja336 (button) collected ($3.50)
Seat 5: BoyLoc0 (small blind) folded before Flop
Seat 6: MaikonAll (big blind) folded before Flop



PokerStars Hand #254740539970:  Hold'em No Limit ($0.50/$1.00 USD) - 2025/02/06 22:04:37 WET [2025/02/06 17:04:37 ET]
Table 'Thoas II' 6-max Seat #5 is the button
Seat 1: Mcknight888 ($127.20 in chips) 
Seat 2: Bejondeiala ($108.54 in chips) 
Seat 3: PokerShadow100 ($45.62 in chips) 
Seat 4: nastja336 ($114.43 in chips) 
Seat 5: BoyLoc0 ($100 in chips) 
Seat 6: MaikonAll ($114.78 in chips) 
MaikonAll: posts small blind $0.50
Mcknight888: posts big blind $1
*** HOLE CARDS ***
Bejondeiala: folds 
PokerShadow100: folds 
nastja336: folds 
BoyLoc0: raises $1.50 to $2.50
MaikonAll: folds 
Mcknight888: calls $1.50
*** FLOP *** [6c 7c Ad]
Mcknight888: checks 
BoyLoc0: bets $1.72
Mcknight888: calls $1.72
*** TURN *** [6c 7c Ad] [Kh]
Mcknight888: checks 
BoyLoc0: bets $6.37
Mcknight888: folds 
Uncalled bet ($6.37) returned to BoyLoc0
BoyLoc0 collected $8.49 from pot
BoyLoc0: doesn't show hand 
*** SUMMARY ***
Total pot $8.94 | Rake $0.45 
Board [6c 7c Ad Kh]
Seat 1: Mcknight888 (big blind) folded on the Turn
Seat 2: Bejondeiala folded before Flop (didn't bet)
Seat 3: PokerShadow100 folded before Flop (didn't bet)
Seat 4: nastja336 folded before Flop (didn't bet)
Seat 5: BoyLoc0 (button) collected ($8.49)
Seat 6: MaikonAll (small blind) folded before Flop



PokerStars Hand #254740552950:  Hold'em No Limit ($0.50/$1.00 USD) - 2025/02/06 22:05:22 WET [2025/02/06 17:05:22 ET]
Table 'Thoas II' 6-max Seat #6 is the button
Seat 1: Mcknight888 ($122.98 in chips) 
Seat 2: Bejondeiala ($108.54 in chips) 
Seat 3: PokerShadow100 ($45.62 in chips) 
Seat 4: nastja336 ($114.43 in chips) 
Seat 5: BoyLoc0 ($104.27 in chips) 
Seat 6: MaikonAll ($114.28 in chips) 
Mcknight888: posts small blind $0.50
Bejondeiala: posts big blind $1
*** HOLE CARDS ***
PokerShadow100: calls $1
nastja336: raises $4 to $5
BoyLoc0: folds 
MaikonAll: folds 
Mcknight888: folds 
Bejondeiala: folds 
PokerShadow100: folds 
Uncalled bet ($4) returned to nastja336
nastja336 collected $3.50 from pot
nastja336: doesn't show hand 
*** SUMMARY ***
Total pot $3.50 | Rake $0 
Seat 1: Mcknight888 (small blind) folded before Flop
Seat 2: Bejondeiala (big blind) folded before Flop
Seat 3: PokerShadow100 folded before Flop
Seat 4: nastja336 collected ($3.50)
Seat 5: BoyLoc0 folded before Flop (didn't bet)
Seat 6: MaikonAll (button) folded before Flop (didn't bet)



PokerStars Hand #254740558721:  Hold'em No Limit ($0.50/$1.00 USD) - 2025/02/06 22:05:42 WET [2025/02/06 17:05:42 ET]
Table 'Thoas II' 6-max Seat #1 is the button
Seat 1: Mcknight888 ($122.48 in chips) 
Seat 2: Bejondeiala ($107.54 in chips) 
Seat 3: PokerShadow100 ($44.62 in chips) 
Seat 4: nastja336 ($116.93 in chips) 
Seat 5: BoyLoc0 ($104.27 in chips) 
Seat 6: MaikonAll ($114.28 in chips) 
Bejondeiala: posts small blind $0.50
PokerShadow100: posts big blind $1
*** HOLE CARDS ***
nastja336: folds 
BoyLoc0: folds 
MaikonAll: folds 
Mcknight888: folds 
Bejondeiala: raises $2 to $3
PokerShadow100: calls $2
*** FLOP *** [5c 8s 3c]
Bejondeiala: bets $2
PokerShadow100: folds 
Uncalled bet ($2) returned to Bejondeiala
Bejondeiala collected $5.70 from pot
Bejondeiala: doesn't show hand 
*** SUMMARY ***
Total pot $6 | Rake $0.30 
Board [5c 8s 3c]
Seat 1: Mcknight888 (button) folded before Flop (didn't bet)
Seat 2: Bejondeiala (small blind) collected ($5.70)
Seat 3: PokerShadow100 (big blind) folded on the Flop
Seat 4: nastja336 folded before Flop (didn't bet)
Seat 5: BoyLoc0 folded before Flop (didn't bet)
Seat 6: MaikonAll folded before Flop (didn't bet)



PokerStars Hand #254740568491:  Hold'em No Limit ($0.50/$1.00 USD) - 2025/02/06 22:06:16 WET [2025/02/06 17:06:16 ET]
Table 'Thoas II' 6-max Seat #2 is the button
Seat 1: Mcknight888 ($122.48 in chips) 
Seat 2: Bejondeiala ($110.24 in chips) 
Seat 3: PokerShadow100 ($41.62 in chips) 
Seat 4: nastja336 ($116.93 in chips) 
Seat 5: BoyLoc0 ($104.27 in chips) 
Seat 6: MaikonAll ($114.28 in chips) 
PokerShadow100: posts small blind $0.50
nastja336: posts big blind $1
*** HOLE CARDS ***
BoyLoc0: raises $1.50 to $2.50
MaikonAll: folds 
Mcknight888: folds 
Bejondeiala: folds 
PokerShadow100: folds 
nastja336: folds 
Uncalled bet ($1.50) returned to BoyLoc0
BoyLoc0 collected $2.50 from pot
BoyLoc0: doesn't show hand 
*** SUMMARY ***
Total pot $2.50 | Rake $0 
Seat 1: Mcknight888 folded before Flop (didn't bet)
Seat 2: Bejondeiala (button) folded before Flop (didn't bet)
Seat 3: PokerShadow100 (small blind) folded before Flop
Seat 4: nastja336 (big blind) folded before Flop
Seat 5: BoyLoc0 collected ($2.50)
Seat 6: MaikonAll folded before Flop (didn't bet)



PokerStars Hand #254740575766:  Hold'em No Limit ($0.50/$1.00 USD) - 2025/02/06 22:06:40 WET [2025/02/06 17:06:40 ET]
Table 'Thoas II' 6-max Seat #3 is the button
Seat 1: Mcknight888 ($122.48 in chips) 
Seat 2: Bejondeiala ($110.24 in chips) 
Seat 3: PokerShadow100 ($41.12 in chips) 
Seat 4: nastja336 ($115.93 in chips) 
Seat 5: BoyLoc0 ($105.77 in chips) 
Seat 6: MaikonAll ($114.28 in chips) 
nastja336: posts small blind $0.50
BoyLoc0: posts big blind $1
*** HOLE CARDS ***
MaikonAll: folds 
Mcknight888: calls $1
Bejondeiala: folds 
PokerShadow100: calls $1
nastja336: folds 
BoyLoc0: checks 
*** FLOP *** [6c 2h Ts]
BoyLoc0: checks 
Mcknight888: checks 
PokerShadow100: checks 
*** TURN *** [6c 2h Ts] [Qh]
BoyLoc0: checks 
Mcknight888: checks 
PokerShadow100: checks 
*** RIVER *** [6c 2h Ts Qh] [Qd]
BoyLoc0: checks 
Mcknight888: checks 
PokerShadow100: checks 
*** SHOW DOWN ***
BoyLoc0: shows [4c Jh] (a pair of Queens)
Mcknight888: shows [8c 8s] (two pair, Queens and Eights)
PokerShadow100: mucks hand 
Mcknight888 collected $3.32 from pot
*** SUMMARY ***
Total pot $3.50 | Rake $0.18 
Board [6c 2h Ts Qh Qd]
Seat 1: Mcknight888 showed [8c 8s] and won ($3.32) with two pair, Queens and Eights
Seat 2: Bejondeiala folded before Flop (didn't bet)
Seat 3: PokerShadow100 (button) mucked
Seat 4: nastja336 (small blind) folded before Flop
Seat 5: BoyLoc0 (big blind) showed [4c Jh] and lost with a pair of Queens
Seat 6: MaikonAll folded before Flop (didn't bet)



PokerStars Hand #254740590315:  Hold'em No Limit ($0.50/$1.00 USD) - 2025/02/06 22:07:31 WET [2025/02/06 17:07:31 ET]
Table 'Thoas II' 6-max Seat #4 is the button
Seat 1: Mcknight888 ($124.80 in chips) 
Seat 2: Bejondeiala ($110.24 in chips) 
Seat 3: PokerShadow100 ($40.12 in chips) 
Seat 4: nastja336 ($115.43 in chips) 
Seat 5: BoyLoc0 ($104.77 in chips) 
Seat 6: MaikonAll ($114.28 in chips) 
BoyLoc0: posts small blind $0.50
MaikonAll: posts big blind $1
*** HOLE CARDS ***
Mcknight888: folds 
Bejondeiala: folds 
PokerShadow100: folds 
nastja336: folds 
BoyLoc0: folds 
Uncalled bet ($0.50) returned to MaikonAll
MaikonAll collected $1 from pot
MaikonAll: doesn't show hand 
*** SUMMARY ***
Total pot $1 | Rake $0 
Seat 1: Mcknight888 folded before Flop (didn't bet)
Seat 2: Bejondeiala folded before Flop (didn't bet)
Seat 3: PokerShadow100 folded before Flop (didn't bet)
Seat 4: nastja336 (button) folded before Flop (didn't bet)
Seat 5: BoyLoc0 (small blind) folded before Flop
Seat 6: MaikonAll (big blind) collected ($1)



PokerStars Hand #254740596282:  Hold'em No Limit ($0.50/$1.00 USD) - 2025/02/06 22:07:51 WET [2025/02/06 17:07:51 ET]
Table 'Thoas II' 6-max Seat #5 is the button
Seat 1: Mcknight888 ($124.80 in chips) 
Seat 2: Bejondeiala ($110.24 in chips) 
Seat 3: PokerShadow100 ($40.12 in chips) 
Seat 4: nastja336 ($115.43 in chips) 
Seat 5: BoyLoc0 ($104.27 in chips) 
Seat 6: MaikonAll ($114.78 in chips) 
MaikonAll: posts small blind $0.50
Mcknight888: posts big blind $1
*** HOLE CARDS ***
Bejondeiala: raises $1.10 to $2.10
PokerShadow100: folds 
nastja336: folds 
BoyLoc0: folds 
MaikonAll: folds 
Mcknight888: folds 
Uncalled bet ($1.10) returned to Bejondeiala
Bejondeiala collected $2.50 from pot
Bejondeiala: doesn't show hand 
*** SUMMARY ***
Total pot $2.50 | Rake $0 
Seat 1: Mcknight888 (big blind) folded before Flop
Seat 2: Bejondeiala collected ($2.50)
Seat 3: PokerShadow100 folded before Flop (didn't bet)
Seat 4: nastja336 folded before Flop (didn't bet)
Seat 5: BoyLoc0 (button) folded before Flop (didn't bet)
Seat 6: MaikonAll (small blind) folded before Flop



PokerStars Hand #254740605545:  Hold'em No Limit ($0.50/$1.00 USD) - 2025/02/06 22:08:24 WET [2025/02/06 17:08:24 ET]
Table 'Thoas II' 6-max Seat #6 is the button
Seat 1: Mcknight888 ($123.80 in chips) 
Seat 2: Bejondeiala ($111.74 in chips) 
Seat 3: PokerShadow100 ($40.12 in chips) 
Seat 4: nastja336 ($115.43 in chips) 
Seat 5: BoyLoc0 ($104.27 in chips) 
Seat 6: MaikonAll ($114.28 in chips) 
Mcknight888: posts small blind $0.50
Bejondeiala: posts big blind $1
*** HOLE CARDS ***
PokerShadow100: calls $1
nastja336: folds 
BoyLoc0: folds 
MaikonAll: raises $3 to $4
Mcknight888: folds 
Bejondeiala: folds 
PokerShadow100: folds 
Uncalled bet ($3) returned to MaikonAll
MaikonAll collected $3.50 from pot
MaikonAll: doesn't show hand 
*** SUMMARY ***
Total pot $3.50 | Rake $0 
Seat 1: Mcknight888 (small blind) folded before Flop
Seat 2: Bejondeiala (big blind) folded before Flop
Seat 3: PokerShadow100 folded before Flop
Seat 4: nastja336 folded before Flop (didn't bet)
Seat 5: BoyLoc0 folded before Flop (didn't bet)
Seat 6: MaikonAll (button) collected ($3.50)



PokerStars Hand #254740616968:  Hold'em No Limit ($0.50/$1.00 USD) - 2025/02/06 22:09:03 WET [2025/02/06 17:09:03 ET]
Table 'Thoas II' 6-max Seat #1 is the button
Seat 1: Mcknight888 ($123.30 in chips) 
Seat 2: Bejondeiala ($110.74 in chips) 
Seat 3: PokerShadow100 ($39.12 in chips) 
Seat 4: nastja336 ($115.43 in chips) 
Seat 5: BoyLoc0 ($104.27 in chips) 
Seat 6: MaikonAll ($116.78 in chips) 
Bejondeiala: posts small blind $0.50
PokerShadow100: posts big blind $1
*** HOLE CARDS ***
nastja336: folds 
BoyLoc0: raises $1.50 to $2.50
MaikonAll: folds 
Mcknight888: folds 
Bejondeiala: folds 
PokerShadow100: calls $1.50
*** FLOP *** [4s 5c 6c]
PokerShadow100: checks 
BoyLoc0: checks 
*** TURN *** [4s 5c 6c] [3c]
PokerShadow100: checks 
BoyLoc0: checks 
*** RIVER *** [4s 5c 6c 3c] [Jh]
PokerShadow100: bets $3
BoyLoc0: folds 
Uncalled bet ($3) returned to PokerShadow100
PokerShadow100 collected $5.22 from pot
*** SUMMARY ***
Total pot $5.50 | Rake $0.28 
Board [4s 5c 6c 3c Jh]
Seat 1: Mcknight888 (button) folded before Flop (didn't bet)
Seat 2: Bejondeiala (small blind) folded before Flop
Seat 3: PokerShadow100 (big blind) collected ($5.22)
Seat 4: nastja336 folded before Flop (didn't bet)
Seat 5: BoyLoc0 folded on the River
Seat 6: MaikonAll folded before Flop (didn't bet)



PokerStars Hand #254740638976:  Hold'em No Limit ($0.50/$1.00 USD) - 2025/02/06 22:10:19 WET [2025/02/06 17:10:19 ET]
Table 'Thoas II' 6-max Seat #2 is the button
Seat 1: Mcknight888 ($123.30 in chips) 
Seat 2: Bejondeiala ($110.24 in chips) 
Seat 3: PokerShadow100 ($41.84 in chips) 
Seat 4: nastja336 ($115.43 in chips) 
Seat 5: BoyLoc0 ($101.77 in chips) 
Seat 6: MaikonAll ($116.78 in chips) 
PokerShadow100: posts small blind $0.50
nastja336: posts big blind $1
*** HOLE CARDS ***
BoyLoc0: folds 
MaikonAll: raises $1.30 to $2.30
Mcknight888: folds 
Bejondeiala: folds 
PokerShadow100: calls $1.80
nastja336: folds 
*** FLOP *** [Ad 2d 4h]
PokerShadow100: bets $2
MaikonAll: calls $2
*** TURN *** [Ad 2d 4h] [7h]
PokerShadow100: checks 
MaikonAll: bets $6.84
PokerShadow100: calls $6.84
*** RIVER *** [Ad 2d 4h 7h] [Qc]
PokerShadow100: checks 
MaikonAll: checks 
*** SHOW DOWN ***
PokerShadow100: shows [8d 8c] (a pair of Eights)
MaikonAll: shows [Jd Qd] (a pair of Queens)
MaikonAll collected $22.12 from pot
*** SUMMARY ***
Total pot $23.28 | Rake $1.16 
Board [Ad 2d 4h 7h Qc]
Seat 1: Mcknight888 folded before Flop (didn't bet)
Seat 2: Bejondeiala (button) folded before Flop (didn't bet)
Seat 3: PokerShadow100 (small blind) showed [8d 8c] and lost with a pair of Eights
Seat 4: nastja336 (big blind) folded before Flop
Seat 5: BoyLoc0 folded before Flop (didn't bet)
Seat 6: MaikonAll showed [Jd Qd] and won ($22.12) with a pair of Queens



PokerStars Hand #254740664750:  Hold'em No Limit ($0.50/$1.00 USD) - 2025/02/06 22:11:48 WET [2025/02/06 17:11:48 ET]
Table 'Thoas II' 6-max Seat #3 is the button
Seat 1: Mcknight888 ($123.30 in chips) 
Seat 2: Bejondeiala ($110.24 in chips) 
Seat 3: PokerShadow100 ($30.70 in chips) 
Seat 4: nastja336 ($114.43 in chips) 
Seat 5: BoyLoc0 ($101.77 in chips) 
Seat 6: MaikonAll ($127.76 in chips) 
nastja336: posts small blind $0.50
BoyLoc0: posts big blind $1
*** HOLE CARDS ***
MaikonAll: folds 
Mcknight888: folds 
Bejondeiala: raises $1.10 to $2.10
PokerShadow100: calls $2.10
nastja336: folds 
BoyLoc0: folds 
*** FLOP *** [5s 3d 7h]
Bejondeiala: bets $1.90
PokerShadow100: calls $1.90
*** TURN *** [5s 3d 7h] [Ad]
Bejondeiala: checks 
PokerShadow100: bets $5
Bejondeiala: folds 
Uncalled bet ($5) returned to PokerShadow100
PokerShadow100 collected $9.02 from pot
*** SUMMARY ***
Total pot $9.50 | Rake $0.48 
Board [5s 3d 7h Ad]
Seat 1: Mcknight888 folded before Flop (didn't bet)
Seat 2: Bejondeiala folded on the Turn
Seat 3: PokerShadow100 (button) collected ($9.02)
Seat 4: nastja336 (small blind) folded before Flop
Seat 5: BoyLoc0 (big blind) folded before Flop
Seat 6: MaikonAll folded before Flop (didn't bet)



PokerStars Hand #254740678754:  Hold'em No Limit ($0.50/$1.00 USD) - 2025/02/06 22:12:36 WET [2025/02/06 17:12:36 ET]
Table 'Thoas II' 6-max Seat #4 is the button
Seat 1: Mcknight888 ($123.30 in chips) 
Seat 2: Bejondeiala ($106.24 in chips) 
Seat 3: PokerShadow100 ($35.72 in chips) 
Seat 4: nastja336 ($113.93 in chips) 
Seat 5: BoyLoc0 ($100.77 in chips) 
Seat 6: MaikonAll ($127.76 in chips) 
BoyLoc0: posts small blind $0.50
MaikonAll: posts big blind $1
*** HOLE CARDS ***
Mcknight888: calls $1
Bejondeiala: folds 
PokerShadow100: folds 
nastja336: folds 
BoyLoc0: calls $0.50
MaikonAll: checks 
*** FLOP *** [Kh 3h Ah]
BoyLoc0: checks 
MaikonAll: checks 
Mcknight888: checks 
*** TURN *** [Kh 3h Ah] [Ts]
BoyLoc0: checks 
MaikonAll: checks 
Mcknight888: checks 
*** RIVER *** [Kh 3h Ah Ts] [7s]
BoyLoc0: checks 
MaikonAll: bets $2.14
Mcknight888: folds 
BoyLoc0: folds 
Uncalled bet ($2.14) returned to MaikonAll
MaikonAll collected $2.85 from pot
MaikonAll: doesn't show hand 
*** SUMMARY ***
Total pot $3 | Rake $0.15 
Board [Kh 3h Ah Ts 7s]
Seat 1: Mcknight888 folded on the River
Seat 2: Bejondeiala folded before Flop (didn't bet)
Seat 3: PokerShadow100 folded before Flop (didn't bet)
Seat 4: nastja336 (button) folded before Flop (didn't bet)
Seat 5: BoyLoc0 (small blind) folded on the River
Seat 6: MaikonAll (big blind) collected ($2.85)



PokerStars Hand #254740707924:  Hold'em No Limit ($0.50/$1.00 USD) - 2025/02/06 22:14:16 WET [2025/02/06 17:14:16 ET]
Table 'Thoas II' 6-max Seat #5 is the button
Seat 1: Mcknight888 ($122.30 in chips) 
Seat 2: Bejondeiala ($106.24 in chips) 
Seat 3: PokerShadow100 ($35.72 in chips) 
Seat 4: nastja336 ($113.93 in chips) 
Seat 5: BoyLoc0 ($100 in chips) 
Seat 6: MaikonAll ($129.61 in chips) 
MaikonAll: posts small blind $0.50
Mcknight888: posts big blind $1
*** HOLE CARDS ***
Bejondeiala: folds 
PokerShadow100: calls $1
nastja336: raises $3 to $4
BoyLoc0: folds 
MaikonAll: folds 
Mcknight888: folds 
PokerShadow100: calls $3
*** FLOP *** [7d 2s Jh]
PokerShadow100: bets $3
nastja336: calls $3
*** TURN *** [7d 2s Jh] [8c]
PokerShadow100: bets $3
nastja336: calls $3
*** RIVER *** [7d 2s Jh 8c] [Js]
PokerShadow100: bets $3
nastja336: calls $3
*** SHOW DOWN ***
PokerShadow100: shows [Ac 7h] (two pair, Jacks and Sevens)
nastja336: mucks hand 
PokerShadow100 collected $26.12 from pot
*** SUMMARY ***
Total pot $27.50 | Rake $1.38 
Board [7d 2s Jh 8c Js]
Seat 1: Mcknight888 (big blind) folded before Flop
Seat 2: Bejondeiala folded before Flop (didn't bet)
Seat 3: PokerShadow100 showed [Ac 7h] and won ($26.12) with two pair, Jacks and Sevens
Seat 4: nastja336 mucked
Seat 5: BoyLoc0 (button) folded before Flop (didn't bet)
Seat 6: MaikonAll (small blind) folded before Flop



PokerStars Hand #254740724390:  Hold'em No Limit ($0.50/$1.00 USD) - 2025/02/06 22:15:13 WET [2025/02/06 17:15:13 ET]
Table 'Thoas II' 6-max Seat #6 is the button
Seat 1: Mcknight888 ($121.30 in chips) 
Seat 2: Bejondeiala ($106.24 in chips) 
Seat 3: PokerShadow100 ($48.84 in chips) 
Seat 4: nastja336 ($100.93 in chips) 
Seat 5: BoyLoc0 ($100 in chips) 
Seat 6: MaikonAll ($129.11 in chips) 
Mcknight888: posts small blind $0.50
Bejondeiala: posts big blind $1
*** HOLE CARDS ***
PokerShadow100: calls $1
nastja336: raises $3 to $4
BoyLoc0: calls $4
MaikonAll: folds 
Mcknight888: folds 
Bejondeiala: folds 
PokerShadow100: folds 
*** FLOP *** [5s 8h Jh]
nastja336: checks 
BoyLoc0: bets $3.29
nastja336: raises $6.58 to $9.87
BoyLoc0: folds 
Uncalled bet ($6.58) returned to nastja336
nastja336 collected $16.23 from pot
nastja336: doesn't show hand 
*** SUMMARY ***
Total pot $17.08 | Rake $0.85 
Board [5s 8h Jh]
Seat 1: Mcknight888 (small blind) folded before Flop
Seat 2: Bejondeiala (big blind) folded before Flop
Seat 3: PokerShadow100 folded before Flop
Seat 4: nastja336 collected ($16.23)
Seat 5: BoyLoc0 folded on the Flop
Seat 6: MaikonAll (button) folded before Flop (didn't bet)



PokerStars Hand #254740743557:  Hold'em No Limit ($0.50/$1.00 USD) - 2025/02/06 22:16:19 WET [2025/02/06 17:16:19 ET]
Table 'Thoas II' 6-max Seat #1 is the button
Seat 1: Mcknight888 ($120.80 in chips) 
Seat 2: Bejondeiala ($105.24 in chips) 
Seat 3: PokerShadow100 ($47.84 in chips) 
Seat 4: nastja336 ($109.87 in chips) 
Seat 5: BoyLoc0 ($100 in chips) 
Seat 6: MaikonAll ($129.11 in chips) 
Bejondeiala: posts small blind $0.50
PokerShadow100: posts big blind $1
*** HOLE CARDS ***
nastja336: folds 
BoyLoc0: folds 
MaikonAll: raises $1.30 to $2.30
Mcknight888: calls $2.30
Bejondeiala: folds 
PokerShadow100: folds 
*** FLOP *** [4s 2s 3d]
MaikonAll: checks 
Mcknight888: checks 
*** TURN *** [4s 2s 3d] [5h]
MaikonAll: checks 
Mcknight888: bets $5.80
MaikonAll: folds 
Uncalled bet ($5.80) returned to Mcknight888
Mcknight888 collected $5.80 from pot
*** SUMMARY ***
Total pot $6.10 | Rake $0.30 
Board [4s 2s 3d 5h]
Seat 1: Mcknight888 (button) collected ($5.80)
Seat 2: Bejondeiala (small blind) folded before Flop
Seat 3: PokerShadow100 (big blind) folded before Flop
Seat 4: nastja336 folded before Flop (didn't bet)
Seat 5: BoyLoc0 folded before Flop (didn't bet)
Seat 6: MaikonAll folded on the Turn



PokerStars Hand #254740759760:  Hold'em No Limit ($0.50/$1.00 USD) - 2025/02/06 22:17:15 WET [2025/02/06 17:17:15 ET]
Table 'Thoas II' 6-max Seat #2 is the button
Seat 1: Mcknight888 ($124.30 in chips) 
Seat 2: Bejondeiala ($104.74 in chips) 
Seat 3: PokerShadow100 ($46.84 in chips) 
Seat 4: nastja336 ($109.87 in chips) 
Seat 5: BoyLoc0 ($100 in chips) 
Seat 6: MaikonAll ($126.81 in chips) 
PokerShadow100: posts small blind $0.50
nastja336: posts big blind $1
*** HOLE CARDS ***
BoyLoc0: folds 
MaikonAll: folds 
Mcknight888: folds 
Bejondeiala: folds 
PokerShadow100: calls $0.50
nastja336: checks 
*** FLOP *** [9s 3d 8d]
PokerShadow100: checks 
nastja336: checks 
*** TURN *** [9s 3d 8d] [Jh]
PokerShadow100: checks 
nastja336: checks 
*** RIVER *** [9s 3d 8d Jh] [As]
PokerShadow100: checks 
nastja336: bets $1
PokerShadow100: calls $1
*** SHOW DOWN ***
nastja336: shows [4h Ac] (a pair of Aces)
PokerShadow100: mucks hand 
nastja336 collected $3.80 from pot
*** SUMMARY ***
Total pot $4 | Rake $0.20 
Board [9s 3d 8d Jh As]
Seat 1: Mcknight888 folded before Flop (didn't bet)
Seat 2: Bejondeiala (button) folded before Flop (didn't bet)
Seat 3: PokerShadow100 (small blind) mucked
Seat 4: nastja336 (big blind) showed [4h Ac] and won ($3.80) with a pair of Aces
Seat 5: BoyLoc0 folded before Flop (didn't bet)
Seat 6: MaikonAll folded before Flop (didn't bet)



PokerStars Hand #254740771721:  Hold'em No Limit ($0.50/$1.00 USD) - 2025/02/06 22:17:56 WET [2025/02/06 17:17:56 ET]
Table 'Thoas II' 6-max Seat #3 is the button
Seat 1: Mcknight888 ($124.30 in chips) 
Seat 2: Bejondeiala ($104.74 in chips) 
Seat 3: PokerShadow100 ($44.84 in chips) 
Seat 4: nastja336 ($111.67 in chips) 
Seat 5: BoyLoc0 ($100 in chips) 
Seat 6: MaikonAll ($126.81 in chips) 
nastja336: posts small blind $0.50
BoyLoc0: posts big blind $1
*** HOLE CARDS ***
MaikonAll: folds 
Mcknight888: folds 
Bejondeiala: folds 
PokerShadow100: calls $1
nastja336: folds 
BoyLoc0: raises $4 to $5
PokerShadow100: calls $4
*** FLOP *** [6c 5s 7h]
BoyLoc0: checks 
PokerShadow100: bets $4
BoyLoc0: calls $4
*** TURN *** [6c 5s 7h] [8s]
BoyLoc0: checks 
PokerShadow100: checks 
*** RIVER *** [6c 5s 7h 8s] [9s]
BoyLoc0: checks 
PokerShadow100: checks 
*** SHOW DOWN ***
BoyLoc0: shows [9h Kh] (a straight, Five to Nine)
PokerShadow100: shows [Ah As] (a straight, Five to Nine)
BoyLoc0 collected $8.79 from pot
PokerShadow100 collected $8.79 from pot
*** SUMMARY ***
Total pot $18.50 | Rake $0.92 
Board [6c 5s 7h 8s 9s]
Seat 1: Mcknight888 folded before Flop (didn't bet)
Seat 2: Bejondeiala folded before Flop (didn't bet)
Seat 3: PokerShadow100 (button) showed [Ah As] and won ($8.79) with a straight, Five to Nine
Seat 4: nastja336 (small blind) folded before Flop
Seat 5: BoyLoc0 (big blind) showed [9h Kh] and won ($8.79) with a straight, Five to Nine
Seat 6: MaikonAll folded before Flop (didn't bet)



PokerStars Hand #254740789742:  Hold'em No Limit ($0.50/$1.00 USD) - 2025/02/06 22:18:59 WET [2025/02/06 17:18:59 ET]
Table 'Thoas II' 6-max Seat #4 is the button
Seat 1: Mcknight888 ($124.30 in chips) 
Seat 2: Bejondeiala ($104.74 in chips) 
Seat 3: PokerShadow100 ($44.63 in chips) 
Seat 4: nastja336 ($111.17 in chips) 
Seat 5: BoyLoc0 ($100 in chips) 
Seat 6: MaikonAll ($126.81 in chips) 
BoyLoc0: posts small blind $0.50
MaikonAll: posts big blind $1
*** HOLE CARDS ***
Mcknight888: folds 
Bejondeiala: raises $1.10 to $2.10
PokerShadow100: calls $2.10
nastja336: folds 
BoyLoc0: folds 
MaikonAll: calls $1.10
*** FLOP *** [Ts 5c 3s]
MaikonAll: checks 
Bejondeiala: bets $2.26
PokerShadow100: calls $2.26
MaikonAll: folds 
*** TURN *** [Ts 5c 3s] [7c]
Bejondeiala: bets $8.06
PokerShadow100: calls $8.06
*** RIVER *** [Ts 5c 3s 7c] [9c]
Bejondeiala: checks 
PokerShadow100: checks 
*** SHOW DOWN ***
Bejondeiala: shows [Ah 4h] (high card Ace)
PokerShadow100: shows [Jh Js] (a pair of Jacks)
PokerShadow100 collected $26.07 from pot
*** SUMMARY ***
Total pot $27.44 | Rake $1.37 
Board [Ts 5c 3s 7c 9c]
Seat 1: Mcknight888 folded before Flop (didn't bet)
Seat 2: Bejondeiala showed [Ah 4h] and lost with high card Ace
Seat 3: PokerShadow100 showed [Jh Js] and won ($26.07) with a pair of Jacks
Seat 4: nastja336 (button) folded before Flop (didn't bet)
Seat 5: BoyLoc0 (small blind) folded before Flop
Seat 6: MaikonAll (big blind) folded on the Flop



PokerStars Hand #254740814579:  Hold'em No Limit ($0.50/$1.00 USD) - 2025/02/06 22:20:27 WET [2025/02/06 17:20:27 ET]
Table 'Thoas II' 6-max Seat #5 is the button
Seat 1: Mcknight888 ($124.30 in chips) 
Seat 2: Bejondeiala ($100 in chips) 
Seat 3: PokerShadow100 ($58.28 in chips) 
Seat 4: nastja336 ($111.17 in chips) 
Seat 5: BoyLoc0 ($100 in chips) 
Seat 6: MaikonAll ($124.71 in chips) 
MaikonAll: posts small blind $0.50
Mcknight888: posts big blind $1
*** HOLE CARDS ***
Bejondeiala: folds 
PokerShadow100: calls $1
nastja336: folds 
BoyLoc0: raises $3 to $4
MaikonAll: folds 
Mcknight888: folds 
PokerShadow100: folds 
Uncalled bet ($3) returned to BoyLoc0
BoyLoc0 collected $3.50 from pot
BoyLoc0: doesn't show hand 
*** SUMMARY ***
Total pot $3.50 | Rake $0 
Seat 1: Mcknight888 (big blind) folded before Flop
Seat 2: Bejondeiala folded before Flop (didn't bet)
Seat 3: PokerShadow100 folded before Flop
Seat 4: nastja336 folded before Flop (didn't bet)
Seat 5: BoyLoc0 (button) collected ($3.50)
Seat 6: MaikonAll (small blind) folded before Flop



PokerStars Hand #254740820737:  Hold'em No Limit ($0.50/$1.00 USD) - 2025/02/06 22:20:48 WET [2025/02/06 17:20:48 ET]
Table 'Thoas II' 6-max Seat #6 is the button
Seat 1: Mcknight888 ($123.30 in chips) 
Seat 2: Bejondeiala ($100 in chips) 
Seat 3: PokerShadow100 ($57.28 in chips) 
Seat 4: nastja336 ($111.17 in chips) 
Seat 5: BoyLoc0 ($102.50 in chips) 
Seat 6: MaikonAll ($124.21 in chips) 
Mcknight888: posts small blind $0.50
Bejondeiala: posts big blind $1
*** HOLE CARDS ***
PokerShadow100: calls $1
nastja336: folds 
BoyLoc0: folds 
MaikonAll: raises $3 to $4
Mcknight888: folds 
Bejondeiala: raises $11 to $15
PokerShadow100: folds 
MaikonAll: folds 
Uncalled bet ($11) returned to Bejondeiala
Bejondeiala collected $9.50 from pot
Bejondeiala: doesn't show hand 
*** SUMMARY ***
Total pot $9.50 | Rake $0 
Seat 1: Mcknight888 (small blind) folded before Flop
Seat 2: Bejondeiala (big blind) collected ($9.50)
Seat 3: PokerShadow100 folded before Flop
Seat 4: nastja336 folded before Flop (didn't bet)
Seat 5: BoyLoc0 folded before Flop (didn't bet)
Seat 6: MaikonAll (button) folded before Flop



PokerStars Hand #254740831522:  Hold'em No Limit ($0.50/$1.00 USD) - 2025/02/06 22:21:26 WET [2025/02/06 17:21:26 ET]
Table 'Thoas II' 6-max Seat #1 is the button
Seat 1: Mcknight888 ($122.80 in chips) 
Seat 2: Bejondeiala ($105.50 in chips) 
Seat 3: PokerShadow100 ($56.28 in chips) 
Seat 4: nastja336 ($111.17 in chips) 
Seat 5: BoyLoc0 ($102.50 in chips) 
Seat 6: MaikonAll ($120.21 in chips) 
Bejondeiala: posts small blind $0.50
PokerShadow100: posts big blind $1
*** HOLE CARDS ***
nastja336: raises $1.50 to $2.50
BoyLoc0: folds 
MaikonAll: folds 
Mcknight888: folds 
Bejondeiala: folds 
PokerShadow100: folds 
Uncalled bet ($1.50) returned to nastja336
nastja336 collected $2.50 from pot
nastja336: doesn't show hand 
*** SUMMARY ***
Total pot $2.50 | Rake $0 
Seat 1: Mcknight888 (button) folded before Flop (didn't bet)
Seat 2: Bejondeiala (small blind) folded before Flop
Seat 3: PokerShadow100 (big blind) folded before Flop
Seat 4: nastja336 collected ($2.50)
Seat 5: BoyLoc0 folded before Flop (didn't bet)
Seat 6: MaikonAll folded before Flop (didn't bet)



PokerStars Hand #254740843502:  Hold'em No Limit ($0.50/$1.00 USD) - 2025/02/06 22:22:08 WET [2025/02/06 17:22:08 ET]
Table 'Thoas II' 6-max Seat #2 is the button
Seat 1: Mcknight888 ($122.80 in chips) 
Seat 2: Bejondeiala ($105 in chips) 
Seat 3: PokerShadow100 ($55.28 in chips) 
Seat 4: nastja336 ($112.67 in chips) 
Seat 5: BoyLoc0 ($102.50 in chips) 
Seat 6: MaikonAll ($120.21 in chips) 
PokerShadow100: posts small blind $0.50
nastja336: posts big blind $1
*** HOLE CARDS ***
BoyLoc0: raises $1.50 to $2.50
MaikonAll: folds 
Mcknight888: folds 
Bejondeiala: folds 
PokerShadow100: folds 
nastja336: folds 
Uncalled bet ($1.50) returned to BoyLoc0
BoyLoc0 collected $2.50 from pot
BoyLoc0: doesn't show hand 
*** SUMMARY ***
Total pot $2.50 | Rake $0 
Seat 1: Mcknight888 folded before Flop (didn't bet)
Seat 2: Bejondeiala (button) folded before Flop (didn't bet)
Seat 3: PokerShadow100 (small blind) folded before Flop
Seat 4: nastja336 (big blind) folded before Flop
Seat 5: BoyLoc0 collected ($2.50)
Seat 6: MaikonAll folded before Flop (didn't bet)



PokerStars Hand #254740848307:  Hold'em No Limit ($0.50/$1.00 USD) - 2025/02/06 22:22:26 WET [2025/02/06 17:22:26 ET]
Table 'Thoas II' 6-max Seat #3 is the button
Seat 1: Mcknight888 ($122.80 in chips) 
Seat 2: Bejondeiala ($105 in chips) 
Seat 3: PokerShadow100 ($54.78 in chips) 
Seat 4: nastja336 ($111.67 in chips) 
Seat 5: BoyLoc0 ($104 in chips) 
Seat 6: MaikonAll ($120.21 in chips) 
nastja336: posts small blind $0.50
BoyLoc0: posts big blind $1
*** HOLE CARDS ***
MaikonAll: folds 
Mcknight888: folds 
Bejondeiala: folds 
PokerShadow100: calls $1
nastja336: folds 
BoyLoc0: checks 
*** FLOP *** [2c 5c Kc]
BoyLoc0: checks 
PokerShadow100: checks 
*** TURN *** [2c 5c Kc] [7h]
BoyLoc0: checks 
PokerShadow100: bets $2
BoyLoc0: folds 
Uncalled bet ($2) returned to PokerShadow100
PokerShadow100 collected $2.38 from pot
*** SUMMARY ***
Total pot $2.50 | Rake $0.12 
Board [2c 5c Kc 7h]
Seat 1: Mcknight888 folded before Flop (didn't bet)
Seat 2: Bejondeiala folded before Flop (didn't bet)
Seat 3: PokerShadow100 (button) collected ($2.38)
Seat 4: nastja336 (small blind) folded before Flop
Seat 5: BoyLoc0 (big blind) folded on the Turn
Seat 6: MaikonAll folded before Flop (didn't bet)



PokerStars Hand #254740863375:  Hold'em No Limit ($0.50/$1.00 USD) - 2025/02/06 22:23:19 WET [2025/02/06 17:23:19 ET]
Table 'Thoas II' 6-max Seat #4 is the button
Seat 1: Mcknight888 ($122.80 in chips) 
Seat 2: Bejondeiala ($105 in chips) 
Seat 3: PokerShadow100 ($56.16 in chips) 
Seat 4: nastja336 ($111.17 in chips) 
Seat 5: BoyLoc0 ($103 in chips) 
Seat 6: MaikonAll ($120.21 in chips) 
BoyLoc0: posts small blind $0.50
MaikonAll: posts big blind $1
*** HOLE CARDS ***
Mcknight888: folds 
Bejondeiala: folds 
PokerShadow100: folds 
nastja336: raises $1.50 to $2.50
BoyLoc0: raises $7.50 to $10
MaikonAll: folds 
nastja336: raises $15 to $25
BoyLoc0: raises $78 to $103 and is all-in
nastja336: calls $78
*** FLOP *** [7c 8d 4c]
*** TURN *** [7c 8d 4c] [Kh]
*** RIVER *** [7c 8d 4c Kh] [6s]
*** SHOW DOWN ***
BoyLoc0: shows [Ks Kd] (three of a kind, Kings)
nastja336: shows [Ac Ad] (a pair of Aces)
BoyLoc0 collected $204.50 from pot
*** SUMMARY ***
Total pot $207 | Rake $2.50 
Board [7c 8d 4c Kh 6s]
Seat 1: Mcknight888 folded before Flop (didn't bet)
Seat 2: Bejondeiala folded before Flop (didn't bet)
Seat 3: PokerShadow100 folded before Flop (didn't bet)
Seat 4: nastja336 (button) showed [Ac Ad] and lost with a pair of Aces
Seat 5: BoyLoc0 (small blind) showed [Ks Kd] and won ($204.50) with three of a kind, Kings
Seat 6: MaikonAll (big blind) folded before Flop



PokerStars Hand #254740876407:  Hold'em No Limit ($0.50/$1.00 USD) - 2025/02/06 22:24:06 WET [2025/02/06 17:24:06 ET]
Table 'Thoas II' 6-max Seat #5 is the button
Seat 1: Mcknight888 ($122.80 in chips) 
Seat 2: Bejondeiala ($105 in chips) 
Seat 3: PokerShadow100 ($56.16 in chips) 
Seat 4: nastja336 ($100 in chips) 
Seat 5: BoyLoc0 ($204.50 in chips) 
Seat 6: MaikonAll ($119.21 in chips) 
MaikonAll: posts small blind $0.50
Mcknight888: posts big blind $1
*** HOLE CARDS ***
Bejondeiala: folds 
PokerShadow100: calls $1
nastja336: raises $4 to $5
BoyLoc0: folds 
MaikonAll: folds 
Mcknight888: folds 
PokerShadow100: calls $4
*** FLOP *** [Jd 2h 4c]
PokerShadow100: checks 
nastja336: bets $5.46
PokerShadow100: folds 
Uncalled bet ($5.46) returned to nastja336
nastja336 collected $10.92 from pot
nastja336: doesn't show hand 
*** SUMMARY ***
Total pot $11.50 | Rake $0.58 
Board [Jd 2h 4c]
Seat 1: Mcknight888 (big blind) folded before Flop
Seat 2: Bejondeiala folded before Flop (didn't bet)
Seat 3: PokerShadow100 folded on the Flop
Seat 4: nastja336 collected ($10.92)
Seat 5: BoyLoc0 (button) folded before Flop (didn't bet)
Seat 6: MaikonAll (small blind) folded before Flop



PokerStars Hand #254740887175:  Hold'em No Limit ($0.50/$1.00 USD) - 2025/02/06 22:24:45 WET [2025/02/06 17:24:45 ET]
Table 'Thoas II' 6-max Seat #6 is the button
Seat 1: Mcknight888 ($121.80 in chips) 
Seat 2: Bejondeiala ($105 in chips) 
Seat 3: PokerShadow100 ($51.16 in chips) 
Seat 4: nastja336 ($105.92 in chips) 
Seat 5: BoyLoc0 ($204.50 in chips) 
Seat 6: MaikonAll ($118.71 in chips) 
Mcknight888: posts small blind $0.50
Bejondeiala: posts big blind $1
*** HOLE CARDS ***
PokerShadow100: calls $1
nastja336: folds 
BoyLoc0: folds 
MaikonAll: folds 
Mcknight888: calls $0.50
Bejondeiala: checks 
*** FLOP *** [Kc 6h 6s]
Mcknight888: bets $2
Bejondeiala: folds 
PokerShadow100: folds 
Uncalled bet ($2) returned to Mcknight888
Mcknight888 collected $2.85 from pot
*** SUMMARY ***
Total pot $3 | Rake $0.15 
Board [Kc 6h 6s]
Seat 1: Mcknight888 (small blind) collected ($2.85)
Seat 2: Bejondeiala (big blind) folded on the Flop
Seat 3: PokerShadow100 folded on the Flop
Seat 4: nastja336 folded before Flop (didn't bet)
Seat 5: BoyLoc0 folded before Flop (didn't bet)
Seat 6: MaikonAll (button) folded before Flop (didn't bet)



PokerStars Hand #254740900252:  Hold'em No Limit ($0.50/$1.00 USD) - 2025/02/06 22:25:32 WET [2025/02/06 17:25:32 ET]
Table 'Thoas II' 6-max Seat #1 is the button
Seat 1: Mcknight888 ($123.65 in chips) 
Seat 2: Bejondeiala ($104 in chips) 
Seat 3: PokerShadow100 ($50.16 in chips) 
Seat 4: nastja336 ($105.92 in chips) 
Seat 5: BoyLoc0 ($204.50 in chips) 
Seat 6: MaikonAll ($118.71 in chips) 
Bejondeiala: posts small blind $0.50
PokerShadow100: posts big blind $1
*** HOLE CARDS ***
nastja336: raises $1.50 to $2.50
BoyLoc0: folds 
MaikonAll: raises $5.50 to $8
Mcknight888: folds 
Bejondeiala: folds 
PokerShadow100: folds 
nastja336: folds 
Uncalled bet ($5.50) returned to MaikonAll
MaikonAll collected $6.50 from pot
MaikonAll: doesn't show hand 
*** SUMMARY ***
Total pot $6.50 | Rake $0 
Seat 1: Mcknight888 (button) folded before Flop (didn't bet)
Seat 2: Bejondeiala (small blind) folded before Flop
Seat 3: PokerShadow100 (big blind) folded before Flop
Seat 4: nastja336 folded before Flop
Seat 5: BoyLoc0 folded before Flop (didn't bet)
Seat 6: MaikonAll collected ($6.50)



PokerStars Hand #254740910452:  Hold'em No Limit ($0.50/$1.00 USD) - 2025/02/06 22:26:09 WET [2025/02/06 17:26:09 ET]
Table 'Thoas II' 6-max Seat #2 is the button
Seat 1: Mcknight888 ($123.65 in chips) 
Seat 2: Bejondeiala ($103.50 in chips) 
Seat 3: PokerShadow100 ($49.16 in chips) 
Seat 4: nastja336 ($103.42 in chips) 
Seat 5: BoyLoc0 ($204.50 in chips) 
Seat 6: MaikonAll ($122.71 in chips) 
PokerShadow100: posts small blind $0.50
nastja336: posts big blind $1
*** HOLE CARDS ***
BoyLoc0: folds 
MaikonAll: folds 
Mcknight888: calls $1
Bejondeiala: folds 
PokerShadow100: calls $0.50
nastja336: checks 
*** FLOP *** [9s 6s 5h]
PokerShadow100: checks 
nastja336: checks 
Mcknight888: checks 
*** TURN *** [9s 6s 5h] [7s]
PokerShadow100: checks 
nastja336: checks 
Mcknight888: checks 
*** RIVER *** [9s 6s 5h 7s] [5d]
PokerShadow100: checks 
nastja336: checks 
Mcknight888: checks 
*** SHOW DOWN ***
PokerShadow100: shows [Js 4d] (a pair of Fives)
nastja336: shows [6h Ks] (two pair, Sixes and Fives)
Mcknight888: mucks hand 
nastja336 collected $2.85 from pot
*** SUMMARY ***
Total pot $3 | Rake $0.15 
Board [9s 6s 5h 7s 5d]
Seat 1: Mcknight888 mucked
Seat 2: Bejondeiala (button) folded before Flop (didn't bet)
Seat 3: PokerShadow100 (small blind) showed [Js 4d] and lost with a pair of Fives
Seat 4: nastja336 (big blind) showed [6h Ks] and won ($2.85) with two pair, Sixes and Fives
Seat 5: BoyLoc0 folded before Flop (didn't bet)
Seat 6: MaikonAll folded before Flop (didn't bet)



PokerStars Hand #254740921388:  Hold'em No Limit ($0.50/$1.00 USD) - 2025/02/06 22:26:48 WET [2025/02/06 17:26:48 ET]
Table 'Thoas II' 6-max Seat #3 is the button
Seat 1: Mcknight888 ($122.65 in chips) 
Seat 2: Bejondeiala ($103.50 in chips) 
Seat 3: PokerShadow100 ($48.16 in chips) 
Seat 4: nastja336 ($105.27 in chips) 
Seat 5: BoyLoc0 ($204.50 in chips) 
Seat 6: MaikonAll ($122.71 in chips) 
nastja336: posts small blind $0.50
BoyLoc0: posts big blind $1
*** HOLE CARDS ***
MaikonAll: folds 
Mcknight888: folds 
Bejondeiala: folds 
PokerShadow100: folds 
nastja336: raises $2 to $3
BoyLoc0: folds 
Uncalled bet ($2) returned to nastja336
nastja336 collected $2 from pot
nastja336: doesn't show hand 
*** SUMMARY ***
Total pot $2 | Rake $0 
Seat 1: Mcknight888 folded before Flop (didn't bet)
Seat 2: Bejondeiala folded before Flop (didn't bet)
Seat 3: PokerShadow100 (button) folded before Flop (didn't bet)
Seat 4: nastja336 (small blind) collected ($2)
Seat 5: BoyLoc0 (big blind) folded before Flop
Seat 6: MaikonAll folded before Flop (didn't bet)



PokerStars Hand #254740926243:  Hold'em No Limit ($0.50/$1.00 USD) - 2025/02/06 22:27:06 WET [2025/02/06 17:27:06 ET]
Table 'Thoas II' 6-max Seat #4 is the button
Seat 1: Mcknight888 ($122.65 in chips) 
Seat 2: Bejondeiala ($103.50 in chips) 
Seat 3: PokerShadow100 ($48.16 in chips) 
Seat 4: nastja336 ($106.27 in chips) 
Seat 5: BoyLoc0 ($203.50 in chips) 
Seat 6: MaikonAll ($122.71 in chips) 
BoyLoc0: posts small blind $0.50
MaikonAll: posts big blind $1
*** HOLE CARDS ***
Mcknight888: calls $1
Bejondeiala: folds 
PokerShadow100: calls $1
nastja336: raises $3 to $4
BoyLoc0: folds 
MaikonAll: folds 
Mcknight888: calls $3
PokerShadow100: calls $3
*** FLOP *** [Qh Tc 4s]
Mcknight888: checks 
PokerShadow100: checks 
nastja336: bets $4.23
Mcknight888: calls $4.23
PokerShadow100: folds 
*** TURN *** [Qh Tc 4s] [6d]
Mcknight888: bets $10.43
nastja336: folds 
Uncalled bet ($10.43) returned to Mcknight888
Mcknight888 collected $20.86 from pot
*** SUMMARY ***
Total pot $21.96 | Rake $1.10 
Board [Qh Tc 4s 6d]
Seat 1: Mcknight888 collected ($20.86)
Seat 2: Bejondeiala folded before Flop (didn't bet)
Seat 3: PokerShadow100 folded on the Flop
Seat 4: nastja336 (button) folded on the Turn
Seat 5: BoyLoc0 (small blind) folded before Flop
Seat 6: MaikonAll (big blind) folded before Flop



PokerStars Hand #254740947111:  Hold'em No Limit ($0.50/$1.00 USD) - 2025/02/06 22:28:22 WET [2025/02/06 17:28:22 ET]
Table 'Thoas II' 6-max Seat #5 is the button
Seat 1: Mcknight888 ($135.28 in chips) 
Seat 2: Bejondeiala ($103.50 in chips) 
Seat 3: PokerShadow100 ($44.16 in chips) 
Seat 4: nastja336 ($100 in chips) 
Seat 5: BoyLoc0 ($203 in chips) 
Seat 6: MaikonAll ($121.71 in chips) 
MaikonAll: posts small blind $0.50
Mcknight888: posts big blind $1
*** HOLE CARDS ***
Bejondeiala: folds 
PokerShadow100: folds 
nastja336: folds 
BoyLoc0: raises $1.50 to $2.50
MaikonAll: folds 
Mcknight888: folds 
Uncalled bet ($1.50) returned to BoyLoc0
BoyLoc0 collected $2.50 from pot
BoyLoc0: doesn't show hand 
*** SUMMARY ***
Total pot $2.50 | Rake $0 
Seat 1: Mcknight888 (big blind) folded before Flop
Seat 2: Bejondeiala folded before Flop (didn't bet)
Seat 3: PokerShadow100 folded before Flop (didn't bet)
Seat 4: nastja336 folded before Flop (didn't bet)
Seat 5: BoyLoc0 (button) collected ($2.50)
Seat 6: MaikonAll (small blind) folded before Flop



PokerStars Hand #254740951887:  Hold'em No Limit ($0.50/$1.00 USD) - 2025/02/06 22:28:40 WET [2025/02/06 17:28:40 ET]
Table 'Thoas II' 6-max Seat #6 is the button
Seat 1: Mcknight888 ($134.28 in chips) 
Seat 2: Bejondeiala ($103.50 in chips) 
Seat 3: PokerShadow100 ($44.16 in chips) 
Seat 4: nastja336 ($100 in chips) 
Seat 5: BoyLoc0 ($204.50 in chips) 
Seat 6: MaikonAll ($121.21 in chips) 
Mcknight888: posts small blind $0.50
Bejondeiala: posts big blind $1
*** HOLE CARDS ***
PokerShadow100: calls $1
nastja336: folds 
BoyLoc0: folds 
MaikonAll: raises $3 to $4
Mcknight888: folds 
Bejondeiala: folds 
PokerShadow100: calls $3
*** FLOP *** [9d 3c As]
PokerShadow100: checks 
MaikonAll: bets $2.25
PokerShadow100: folds 
Uncalled bet ($2.25) returned to MaikonAll
MaikonAll collected $9.02 from pot
MaikonAll: doesn't show hand 
*** SUMMARY ***
Total pot $9.50 | Rake $0.48 
Board [9d 3c As]
Seat 1: Mcknight888 (small blind) folded before Flop
Seat 2: Bejondeiala (big blind) folded before Flop
Seat 3: PokerShadow100 folded on the Flop
Seat 4: nastja336 folded before Flop (didn't bet)
Seat 5: BoyLoc0 folded before Flop (didn't bet)
Seat 6: MaikonAll (button) collected ($9.02)



PokerStars Hand #254740964506:  Hold'em No Limit ($0.50/$1.00 USD) - 2025/02/06 22:29:26 WET [2025/02/06 17:29:26 ET]
Table 'Thoas II' 6-max Seat #1 is the button
Seat 1: Mcknight888 ($133.78 in chips) 
Seat 2: Bejondeiala ($102.50 in chips) 
Seat 3: PokerShadow100 ($40.16 in chips) 
Seat 4: nastja336 ($100 in chips) 
Seat 5: BoyLoc0 ($204.50 in chips) 
Seat 6: MaikonAll ($126.23 in chips) 
Bejondeiala: posts small blind $0.50
PokerShadow100: posts big blind $1
*** HOLE CARDS ***
nastja336: raises $1.50 to $2.50
BoyLoc0: folds 
MaikonAll: folds 
Mcknight888: folds 
Bejondeiala: folds 
PokerShadow100: folds 
Uncalled bet ($1.50) returned to nastja336
nastja336 collected $2.50 from pot
nastja336: doesn't show hand 
*** SUMMARY ***
Total pot $2.50 | Rake $0 
Seat 1: Mcknight888 (button) folded before Flop (didn't bet)
Seat 2: Bejondeiala (small blind) folded before Flop
Seat 3: PokerShadow100 (big blind) folded before Flop
Seat 4: nastja336 collected ($2.50)
Seat 5: BoyLoc0 folded before Flop (didn't bet)
Seat 6: MaikonAll folded before Flop (didn't bet)



PokerStars Hand #254740972737:  Hold'em No Limit ($0.50/$1.00 USD) - 2025/02/06 22:29:55 WET [2025/02/06 17:29:55 ET]
Table 'Thoas II' 6-max Seat #2 is the button
Seat 1: Mcknight888 ($133.78 in chips) 
Seat 2: Bejondeiala ($102 in chips) 
Seat 3: PokerShadow100 ($39.16 in chips) 
Seat 4: nastja336 ($101.50 in chips) 
Seat 5: BoyLoc0 ($204.50 in chips) 
Seat 6: MaikonAll ($126.23 in chips) 
PokerShadow100: posts small blind $0.50
nastja336: posts big blind $1
*** HOLE CARDS ***
BoyLoc0: raises $1.50 to $2.50
MaikonAll: folds 
Mcknight888: folds 
Bejondeiala: folds 
PokerShadow100: calls $2
nastja336: folds 
*** FLOP *** [Ah 7s Ks]
PokerShadow100: checks 
BoyLoc0: bets $1.88
PokerShadow100: calls $1.88
*** TURN *** [Ah 7s Ks] [Tc]
PokerShadow100: checks 
BoyLoc0: bets $6.95
PokerShadow100: calls $6.95
*** RIVER *** [Ah 7s Ks Tc] [9c]
PokerShadow100: checks 
BoyLoc0: checks 
*** SHOW DOWN ***
PokerShadow100: shows [Jd Kc] (a pair of Kings)
BoyLoc0: shows [As 3s] (a pair of Aces)
BoyLoc0 collected $22.48 from pot
*** SUMMARY ***
Total pot $23.66 | Rake $1.18 
Board [Ah 7s Ks Tc 9c]
Seat 1: Mcknight888 folded before Flop (didn't bet)
Seat 2: Bejondeiala (button) folded before Flop (didn't bet)
Seat 3: PokerShadow100 (small blind) showed [Jd Kc] and lost with a pair of Kings
Seat 4: nastja336 (big blind) folded before Flop
Seat 5: BoyLoc0 showed [As 3s] and won ($22.48) with a pair of Aces
Seat 6: MaikonAll folded before Flop (didn't bet)



PokerStars Hand #254740984819:  Hold'em No Limit ($0.50/$1.00 USD) - 2025/02/06 22:30:39 WET [2025/02/06 17:30:39 ET]
Table 'Thoas II' 6-max Seat #3 is the button
Seat 1: Mcknight888 ($133.78 in chips) 
Seat 2: Bejondeiala ($102 in chips) 
Seat 3: PokerShadow100 ($27.83 in chips) 
Seat 4: nastja336 ($100.50 in chips) 
Seat 5: BoyLoc0 ($215.65 in chips) 
Seat 6: MaikonAll ($126.23 in chips) 
nastja336: posts small blind $0.50
BoyLoc0: posts big blind $1
*** HOLE CARDS ***
MaikonAll: folds 
Mcknight888: folds 
Bejondeiala: folds 
PokerShadow100: calls $1
nastja336: folds 
BoyLoc0: checks 
*** FLOP *** [3h 2h Qd]
BoyLoc0: checks 
PokerShadow100: bets $3
BoyLoc0: calls $3
*** TURN *** [3h 2h Qd] [Td]
BoyLoc0: checks 
PokerShadow100: bets $5
BoyLoc0: folds 
Uncalled bet ($5) returned to PokerShadow100
PokerShadow100 collected $8.08 from pot
*** SUMMARY ***
Total pot $8.50 | Rake $0.42 
Board [3h 2h Qd Td]
Seat 1: Mcknight888 folded before Flop (didn't bet)
Seat 2: Bejondeiala folded before Flop (didn't bet)
Seat 3: PokerShadow100 (button) collected ($8.08)
Seat 4: nastja336 (small blind) folded before Flop
Seat 5: BoyLoc0 (big blind) folded on the Turn
Seat 6: MaikonAll folded before Flop (didn't bet)



PokerStars Hand #254740997554:  Hold'em No Limit ($0.50/$1.00 USD) - 2025/02/06 22:31:25 WET [2025/02/06 17:31:25 ET]
Table 'Thoas II' 6-max Seat #4 is the button
Seat 1: Mcknight888 ($133.78 in chips) 
Seat 2: Bejondeiala ($102 in chips) 
Seat 3: PokerShadow100 ($31.91 in chips) 
Seat 4: nastja336 ($100 in chips) 
Seat 5: BoyLoc0 ($211.65 in chips) 
Seat 6: MaikonAll ($126.23 in chips) 
BoyLoc0: posts small blind $0.50
MaikonAll: posts big blind $1
*** HOLE CARDS ***
Mcknight888: folds 
Bejondeiala: folds 
PokerShadow100: calls $1
nastja336: raises $3 to $4
BoyLoc0: raises $10 to $14
MaikonAll: folds 
PokerShadow100: raises $10 to $24
nastja336: folds 
BoyLoc0: raises $10 to $34
PokerShadow100: calls $7.91 and is all-in
Uncalled bet ($2.09) returned to BoyLoc0
*** FLOP *** [Js 9s 6c]
*** TURN *** [Js 9s 6c] [Jh]
*** RIVER *** [Js 9s 6c Jh] [Ts]
*** SHOW DOWN ***
BoyLoc0: shows [Kd Jd] (three of a kind, Jacks)
PokerShadow100: shows [Kh Ks] (two pair, Kings and Jacks)
BoyLoc0 collected $66.32 from pot
*** SUMMARY ***
Total pot $68.82 | Rake $2.50 
Board [Js 9s 6c Jh Ts]
Seat 1: Mcknight888 folded before Flop (didn't bet)
Seat 2: Bejondeiala folded before Flop (didn't bet)
Seat 3: PokerShadow100 showed [Kh Ks] and lost with two pair, Kings and Jacks
Seat 4: nastja336 (button) folded before Flop
Seat 5: BoyLoc0 (small blind) showed [Kd Jd] and won ($66.32) with three of a kind, Jacks
Seat 6: MaikonAll (big blind) folded before Flop



PokerStars Hand #254741009213:  Hold'em No Limit ($0.50/$1.00 USD) - 2025/02/06 22:32:07 WET [2025/02/06 17:32:07 ET]
Table 'Thoas II' 6-max Seat #5 is the button
Seat 3: PokerShadow100 ($0 in chips) is sitting out
Seat 1: Mcknight888 ($133.78 in chips) 
Seat 2: Bejondeiala ($102 in chips) 
Seat 4: nastja336 ($100 in chips) 
Seat 5: BoyLoc0 ($246.06 in chips) 
Seat 6: MaikonAll ($125.23 in chips) 
MaikonAll: posts small blind $0.50
Mcknight888: posts big blind $1
*** HOLE CARDS ***
Bejondeiala: folds 
PokerShadow100 is disconnected 
nastja336: folds 
BoyLoc0: raises $1.50 to $2.50
nastja336 leaves the table
MaikonAll: raises $8.50 to $11
Mcknight888: folds 
BoyLoc0: folds 
Uncalled bet ($8.50) returned to MaikonAll
MaikonAll collected $6 from pot
MaikonAll: doesn't show hand 
*** SUMMARY ***
Total pot $6 | Rake $0 
Seat 3: PokerShadow100
Seat 1: Mcknight888 (big blind) folded before Flop
Seat 2: Bejondeiala folded before Flop (didn't bet)
Seat 4: nastja336 folded before Flop (didn't bet)
Seat 5: BoyLoc0 (button) folded before Flop
Seat 6: MaikonAll (small blind) collected ($6)



PokerStars Hand #254741019071:  Hold'em No Limit ($0.50/$1.00 USD) - 2025/02/06 22:32:42 WET [2025/02/06 17:32:42 ET]
Table 'Thoas II' 6-max Seat #6 is the button
Seat 3: PokerShadow100 ($0 in chips) is sitting out
Seat 1: Mcknight888 ($132.78 in chips) 
Seat 2: Bejondeiala ($102 in chips) 
Seat 5: BoyLoc0 ($243.56 in chips) 
Seat 6: MaikonAll ($128.73 in chips) 
Mcknight888: posts small blind $0.50
Bejondeiala: posts big blind $1
*** HOLE CARDS ***
BoyLoc0: raises $1.50 to $2.50
J0SHB0SH joins the table at seat #4 
MaikonAll: folds 
Mcknight888: folds 
Bejondeiala: calls $1.50
*** FLOP *** [8c 4h 3s]
Bejondeiala: checks 
BoyLoc0: bets $7.83
Bejondeiala: folds 
Uncalled bet ($7.83) returned to BoyLoc0
BoyLoc0 collected $5.22 from pot
BoyLoc0: doesn't show hand 
*** SUMMARY ***
Total pot $5.50 | Rake $0.28 
Board [8c 4h 3s]
Seat 3: PokerShadow100
Seat 1: Mcknight888 (small blind) folded before Flop
Seat 2: Bejondeiala (big blind) folded on the Flop
Seat 5: BoyLoc0 collected ($5.22)
Seat 6: MaikonAll (button) folded before Flop (didn't bet)



PokerStars Hand #254741032085:  Hold'em No Limit ($0.50/$1.00 USD) - 2025/02/06 22:33:29 WET [2025/02/06 17:33:29 ET]
Table 'Thoas II' 6-max Seat #1 is the button
Seat 3: PokerShadow100 ($0 in chips) is sitting out
Seat 1: Mcknight888 ($132.28 in chips) 
Seat 2: Bejondeiala ($100 in chips) 
Seat 4: J0SHB0SH ($100 in chips) 
Seat 5: BoyLoc0 ($246.28 in chips) 
Seat 6: MaikonAll ($128.73 in chips) 
Bejondeiala: posts small blind $0.50
J0SHB0SH: posts big blind $1
*** HOLE CARDS ***
BoyLoc0: folds 
MaikonAll: folds 
Mcknight888: folds 
Bejondeiala: folds 
Uncalled bet ($0.50) returned to J0SHB0SH
J0SHB0SH collected $1 from pot
J0SHB0SH: doesn't show hand 
*** SUMMARY ***
Total pot $1 | Rake $0 
Seat 3: PokerShadow100
Seat 1: Mcknight888 (button) folded before Flop (didn't bet)
Seat 2: Bejondeiala (small blind) folded before Flop
Seat 4: J0SHB0SH (big blind) collected ($1)
Seat 5: BoyLoc0 folded before Flop (didn't bet)
Seat 6: MaikonAll folded before Flop (didn't bet)



PokerStars Hand #254741036240:  Hold'em No Limit ($0.50/$1.00 USD) - 2025/02/06 22:33:44 WET [2025/02/06 17:33:44 ET]
Table 'Thoas II' 6-max Seat #2 is the button
Seat 3: PokerShadow100 ($0 in chips) is sitting out
Seat 1: Mcknight888 ($132.28 in chips) 
Seat 2: Bejondeiala ($100 in chips) 
Seat 4: J0SHB0SH ($100.50 in chips) 
Seat 5: BoyLoc0 ($246.28 in chips) 
Seat 6: MaikonAll ($128.73 in chips) 
J0SHB0SH: posts small blind $0.50
BoyLoc0: posts big blind $1
*** HOLE CARDS ***
MaikonAll: folds 
Mcknight888: calls $1
Bejondeiala: folds 
J0SHB0SH: folds 
BoyLoc0: raises $4 to $5
Mcknight888: calls $4
*** FLOP *** [Jd 4c Qh]
BoyLoc0: checks 
Mcknight888: checks 
*** TURN *** [Jd 4c Qh] [Ts]
BoyLoc0: checks 
Mcknight888: checks 
*** RIVER *** [Jd 4c Qh Ts] [9c]
BoyLoc0: bets $3.29
Mcknight888: folds 
Uncalled bet ($3.29) returned to BoyLoc0
BoyLoc0 collected $9.98 from pot
BoyLoc0: doesn't show hand 
*** SUMMARY ***
Total pot $10.50 | Rake $0.52 
Board [Jd 4c Qh Ts 9c]
Seat 3: PokerShadow100
Seat 1: Mcknight888 folded on the River
Seat 2: Bejondeiala (button) folded before Flop (didn't bet)
Seat 4: J0SHB0SH (small blind) folded before Flop
Seat 5: BoyLoc0 (big blind) collected ($9.98)
Seat 6: MaikonAll folded before Flop (didn't bet)



PokerStars Hand #254741049209:  Hold'em No Limit ($0.50/$1.00 USD) - 2025/02/06 22:34:31 WET [2025/02/06 17:34:31 ET]
Table 'Thoas II' 6-max Seat #4 is the button
Seat 3: PokerShadow100 ($0 in chips) is sitting out
Seat 1: Mcknight888 ($127.28 in chips) 
Seat 2: Bejondeiala ($100 in chips) 
Seat 4: J0SHB0SH ($100 in chips) 
Seat 5: BoyLoc0 ($251.26 in chips) 
Seat 6: MaikonAll ($128.73 in chips) 
BoyLoc0: posts small blind $0.50
MaikonAll: posts big blind $1
*** HOLE CARDS ***
Mcknight888: calls $1
Bejondeiala: folds 
J0SHB0SH: folds 
BoyLoc0: calls $0.50
MaikonAll: checks 
*** FLOP *** [Ad 8d 9c]
BoyLoc0: checks 
MaikonAll: checks 
Mcknight888: checks 
*** TURN *** [Ad 8d 9c] [6c]
BoyLoc0: checks 
MaikonAll: checks 
Mcknight888: bets $2.85
BoyLoc0: folds 
MaikonAll: folds 
Uncalled bet ($2.85) returned to Mcknight888
Mcknight888 collected $2.85 from pot
*** SUMMARY ***
Total pot $3 | Rake $0.15 
Board [Ad 8d 9c 6c]
Seat 3: PokerShadow100
Seat 1: Mcknight888 collected ($2.85)
Seat 2: Bejondeiala folded before Flop (didn't bet)
Seat 4: J0SHB0SH (button) folded before Flop (didn't bet)
Seat 5: BoyLoc0 (small blind) folded on the Turn
Seat 6: MaikonAll (big blind) folded on the Turn



PokerStars Hand #254741306815:  Hold'em No Limit ($0.50/$1.00 USD) - 2025/02/06 22:50:17 WET [2025/02/06 17:50:17 ET]
Table 'Thoas II' 6-max Seat #6 is the button
Seat 1: YeeesMan ($100.50 in chips) 
Seat 3: coeeeelho ($100 in chips) 
Seat 4: J0SHB0SH ($102.72 in chips) 
Seat 5: BoyLoc0 ($237.47 in chips) 
Seat 6: MaikonAll ($127.77 in chips) 
YeeesMan: posts small blind $0.50
coeeeelho: posts big blind $1
*** HOLE CARDS ***
J0SHB0SH: folds 
BoyLoc0: folds 
MaikonAll: raises $1.50 to $2.50
YeeesMan: folds 
coeeeelho: folds 
Uncalled bet ($1.50) returned to MaikonAll
MaikonAll collected $2.50 from pot
MaikonAll: doesn't show hand 
*** SUMMARY ***
Total pot $2.50 | Rake $0 
Seat 1: YeeesMan (small blind) folded before Flop
Seat 3: coeeeelho (big blind) folded before Flop
Seat 4: J0SHB0SH folded before Flop (didn't bet)
Seat 5: BoyLoc0 folded before Flop (didn't bet)
Seat 6: MaikonAll (button) collected ($2.50)



PokerStars Hand #254741312752:  Hold'em No Limit ($0.50/$1.00 USD) - 2025/02/06 22:50:39 WET [2025/02/06 17:50:39 ET]
Table 'Thoas II' 6-max Seat #1 is the button
Seat 1: YeeesMan ($100 in chips) 
Seat 3: coeeeelho ($100 in chips) 
Seat 4: J0SHB0SH ($102.72 in chips) 
Seat 5: BoyLoc0 ($237.47 in chips) 
Seat 6: MaikonAll ($129.27 in chips) 
coeeeelho: posts small blind $0.50
J0SHB0SH: posts big blind $1
*** HOLE CARDS ***
BoyLoc0: folds 
MaikonAll: raises $1.30 to $2.30
YeeesMan: raises $5.70 to $8
tinkode22 joins the table at seat #2 
tinkode22 is disconnected 
coeeeelho: folds 
J0SHB0SH: folds 
MaikonAll: raises $13 to $21
YeeesMan: folds 
Uncalled bet ($13) returned to MaikonAll
MaikonAll collected $17.50 from pot
MaikonAll: doesn't show hand 
*** SUMMARY ***
Total pot $17.50 | Rake $0 
Seat 1: YeeesMan (button) folded before Flop
Seat 3: coeeeelho (small blind) folded before Flop
Seat 4: J0SHB0SH (big blind) folded before Flop
Seat 5: BoyLoc0 folded before Flop (didn't bet)
Seat 6: MaikonAll collected ($17.50)



PokerStars Hand #254741327911:  Hold'em No Limit ($0.50/$1.00 USD) - 2025/02/06 22:51:35 WET [2025/02/06 17:51:35 ET]
Table 'Thoas II' 6-max Seat #3 is the button
Seat 2: tinkode22 ($34.91 in chips) is sitting out
Seat 1: YeeesMan ($100 in chips) 
Seat 3: coeeeelho ($100 in chips) 
Seat 4: J0SHB0SH ($101.72 in chips) 
Seat 5: BoyLoc0 ($237.47 in chips) 
Seat 6: MaikonAll ($138.77 in chips) 
J0SHB0SH: posts small blind $0.50
BoyLoc0: posts big blind $1
tinkode22: sits out 
*** HOLE CARDS ***
MaikonAll: raises $1.30 to $2.30
YeeesMan: folds 
coeeeelho: folds 
J0SHB0SH: folds 
BoyLoc0: folds 
Uncalled bet ($1.30) returned to MaikonAll
MaikonAll collected $2.50 from pot
MaikonAll: doesn't show hand 
*** SUMMARY ***
Total pot $2.50 | Rake $0 
Seat 2: tinkode22
Seat 1: YeeesMan folded before Flop (didn't bet)
Seat 3: coeeeelho (button) folded before Flop (didn't bet)
Seat 4: J0SHB0SH (small blind) folded before Flop
Seat 5: BoyLoc0 (big blind) folded before Flop
Seat 6: MaikonAll collected ($2.50)



PokerStars Hand #254741332670:  Hold'em No Limit ($0.50/$1.00 USD) - 2025/02/06 22:51:53 WET [2025/02/06 17:51:53 ET]
Table 'Thoas II' 6-max Seat #4 is the button
Seat 1: YeeesMan ($100 in chips) 
Seat 2: tinkode22 ($34.91 in chips) 
Seat 3: coeeeelho ($100 in chips) 
Seat 4: J0SHB0SH ($101.22 in chips) 
Seat 5: BoyLoc0 ($236.47 in chips) 
Seat 6: MaikonAll ($140.27 in chips) 
BoyLoc0: posts small blind $0.50
MaikonAll: posts big blind $1
tinkode22: posts big blind $1
*** HOLE CARDS ***
YeeesMan: folds 
tinkode22: checks 
coeeeelho: folds 
J0SHB0SH: folds 
BoyLoc0: folds 
MaikonAll: checks 
*** FLOP *** [Ks 5h Ad]
MaikonAll: checks 
tinkode22: bets $1
MaikonAll: folds 
Uncalled bet ($1) returned to tinkode22
tinkode22 collected $2.38 from pot
*** SUMMARY ***
Total pot $2.50 | Rake $0.12 
Board [Ks 5h Ad]
Seat 1: YeeesMan folded before Flop (didn't bet)
Seat 2: tinkode22 collected ($2.38)
Seat 3: coeeeelho folded before Flop (didn't bet)
Seat 4: J0SHB0SH (button) folded before Flop (didn't bet)
Seat 5: BoyLoc0 (small blind) folded before Flop
Seat 6: MaikonAll (big blind) folded on the Flop



PokerStars Hand #254741348758:  Hold'em No Limit ($0.50/$1.00 USD) - 2025/02/06 22:52:54 WET [2025/02/06 17:52:54 ET]
Table 'Thoas II' 6-max Seat #5 is the button
Seat 1: YeeesMan ($100 in chips) 
Seat 2: tinkode22 ($36.29 in chips) 
Seat 3: coeeeelho ($100 in chips) 
Seat 4: J0SHB0SH ($101.22 in chips) 
Seat 5: BoyLoc0 ($235.97 in chips) 
Seat 6: MaikonAll ($139.27 in chips) 
MaikonAll: posts small blind $0.50
YeeesMan: posts big blind $1
*** HOLE CARDS ***
tinkode22: calls $1
coeeeelho: folds 
J0SHB0SH: folds 
BoyLoc0: folds 
MaikonAll: raises $3 to $4
YeeesMan: folds 
tinkode22: folds 
Uncalled bet ($3) returned to MaikonAll
MaikonAll collected $3 from pot
MaikonAll: doesn't show hand 
*** SUMMARY ***
Total pot $3 | Rake $0 
Seat 1: YeeesMan (big blind) folded before Flop
Seat 2: tinkode22 folded before Flop
Seat 3: coeeeelho folded before Flop (didn't bet)
Seat 4: J0SHB0SH folded before Flop (didn't bet)
Seat 5: BoyLoc0 (button) folded before Flop (didn't bet)
Seat 6: MaikonAll (small blind) collected ($3)



PokerStars Hand #254741358146:  Hold'em No Limit ($0.50/$1.00 USD) - 2025/02/06 22:53:29 WET [2025/02/06 17:53:29 ET]
Table 'Thoas II' 6-max Seat #6 is the button
Seat 1: YeeesMan ($100 in chips) 
Seat 2: tinkode22 ($35.29 in chips) 
Seat 3: coeeeelho ($100 in chips) 
Seat 4: J0SHB0SH ($101.22 in chips) 
Seat 5: BoyLoc0 ($235.97 in chips) 
Seat 6: MaikonAll ($141.27 in chips) 
YeeesMan: posts small blind $0.50
tinkode22: posts big blind $1
*** HOLE CARDS ***
coeeeelho: raises $1.20 to $2.20
J0SHB0SH: folds 
BoyLoc0: raises $5.30 to $7.50
MaikonAll: folds 
YeeesMan: folds 
tinkode22: folds 
coeeeelho: calls $5.30
*** FLOP *** [Ah Ad Qh]
coeeeelho: checks 
BoyLoc0: checks 
*** TURN *** [Ah Ad Qh] [3h]
coeeeelho: checks 
BoyLoc0: checks 
*** RIVER *** [Ah Ad Qh 3h] [4d]
coeeeelho: checks 
BoyLoc0: bets $11.76
coeeeelho: folds 
Uncalled bet ($11.76) returned to BoyLoc0
BoyLoc0 collected $15.68 from pot
BoyLoc0: doesn't show hand 
*** SUMMARY ***
Total pot $16.50 | Rake $0.82 
Board [Ah Ad Qh 3h 4d]
Seat 1: YeeesMan (small blind) folded before Flop
Seat 2: tinkode22 (big blind) folded before Flop
Seat 3: coeeeelho folded on the River
Seat 4: J0SHB0SH folded before Flop (didn't bet)
Seat 5: BoyLoc0 collected ($15.68)
Seat 6: MaikonAll (button) folded before Flop (didn't bet)



PokerStars Hand #254741375508:  Hold'em No Limit ($0.50/$1.00 USD) - 2025/02/06 22:54:35 WET [2025/02/06 17:54:35 ET]
Table 'Thoas II' 6-max Seat #1 is the button
Seat 1: YeeesMan ($100 in chips) 
Seat 2: tinkode22 ($34.29 in chips) 
Seat 3: coeeeelho ($100 in chips) 
Seat 4: J0SHB0SH ($101.22 in chips) 
Seat 5: BoyLoc0 ($244.15 in chips) 
Seat 6: MaikonAll ($141.27 in chips) 
tinkode22: posts small blind $0.50
coeeeelho: posts big blind $1
*** HOLE CARDS ***
J0SHB0SH: folds 
BoyLoc0: folds 
MaikonAll: folds 
YeeesMan: raises $1.50 to $2.50
tinkode22: folds 
coeeeelho: folds 
Uncalled bet ($1.50) returned to YeeesMan
YeeesMan collected $2.50 from pot
YeeesMan: doesn't show hand 
*** SUMMARY ***
Total pot $2.50 | Rake $0 
Seat 1: YeeesMan (button) collected ($2.50)
Seat 2: tinkode22 (small blind) folded before Flop
Seat 3: coeeeelho (big blind) folded before Flop
Seat 4: J0SHB0SH folded before Flop (didn't bet)
Seat 5: BoyLoc0 folded before Flop (didn't bet)
Seat 6: MaikonAll folded before Flop (didn't bet)



PokerStars Hand #254741381497:  Hold'em No Limit ($0.50/$1.00 USD) - 2025/02/06 22:54:58 WET [2025/02/06 17:54:58 ET]
Table 'Thoas II' 6-max Seat #2 is the button
Seat 1: YeeesMan ($101.50 in chips) 
Seat 2: tinkode22 ($33.79 in chips) 
Seat 3: coeeeelho ($100 in chips) 
Seat 4: J0SHB0SH ($101.22 in chips) 
Seat 5: BoyLoc0 ($244.15 in chips) 
Seat 6: MaikonAll ($141.27 in chips) 
coeeeelho: posts small blind $0.50
J0SHB0SH: posts big blind $1
*** HOLE CARDS ***
BoyLoc0: folds 
MaikonAll: folds 
YeeesMan: folds 
tinkode22: calls $1
coeeeelho: folds 
J0SHB0SH: checks 
*** FLOP *** [3h 8d 5s]
J0SHB0SH: checks 
tinkode22: checks 
*** TURN *** [3h 8d 5s] [Jh]
J0SHB0SH: bets $1.57
tinkode22: calls $1.57
*** RIVER *** [3h 8d 5s Jh] [4d]
J0SHB0SH: bets $1.77
tinkode22: calls $1.77
*** SHOW DOWN ***
J0SHB0SH: shows [2h Jc] (a pair of Jacks)
tinkode22: mucks hand 
J0SHB0SH collected $8.72 from pot
*** SUMMARY ***
Total pot $9.18 | Rake $0.46 
Board [3h 8d 5s Jh 4d]
Seat 1: YeeesMan folded before Flop (didn't bet)
Seat 2: tinkode22 (button) mucked
Seat 3: coeeeelho (small blind) folded before Flop
Seat 4: J0SHB0SH (big blind) showed [2h Jc] and won ($8.72) with a pair of Jacks
Seat 5: BoyLoc0 folded before Flop (didn't bet)
Seat 6: MaikonAll folded before Flop (didn't bet)



PokerStars Hand #254741394929:  Hold'em No Limit ($0.50/$1.00 USD) - 2025/02/06 22:56:05 WET [2025/02/06 17:56:05 ET]
Table 'Thoas II' 6-max Seat #3 is the button
Seat 5: BoyLoc0 ($244.15 in chips) is sitting out
Seat 1: YeeesMan ($101.50 in chips) 
Seat 2: tinkode22 ($29.45 in chips) 
Seat 3: coeeeelho ($100 in chips) 
Seat 4: J0SHB0SH ($105.60 in chips) 
Seat 6: MaikonAll ($141.27 in chips) 
J0SHB0SH: posts small blind $0.50
BoyLoc0: is sitting out 
MaikonAll: posts big blind $1
*** HOLE CARDS ***
BoyLoc0 leaves the table
YeeesMan: raises $1.50 to $2.50
tinkode22: folds 
coeeeelho: folds 
J0SHB0SH: folds 
MaikonAll: folds 
Uncalled bet ($1.50) returned to YeeesMan
YeeesMan collected $2.50 from pot
YeeesMan: doesn't show hand 
*** SUMMARY ***
Total pot $2.50 | Rake $0 
Seat 5: BoyLoc0
Seat 1: YeeesMan collected ($2.50)
Seat 2: tinkode22 folded before Flop (didn't bet)
Seat 3: coeeeelho (button) folded before Flop (didn't bet)
Seat 4: J0SHB0SH (small blind) folded before Flop
Seat 6: MaikonAll (big blind) folded before Flop



PokerStars Hand #254741066466:  Hold'em No Limit ($0.50/$1.00 USD) - 2025/02/06 22:35:33 WET [2025/02/06 17:35:33 ET]
Table 'Thoas II' 6-max Seat #5 is the button
Seat 3: PokerShadow100 ($0 in chips) is sitting out
Seat 1: Mcknight888 ($129.13 in chips) 
Seat 2: Bejondeiala ($100 in chips) 
Seat 4: J0SHB0SH ($100 in chips) 
Seat 5: BoyLoc0 ($250.26 in chips) 
Seat 6: MaikonAll ($127.73 in chips) 
MaikonAll: posts small blind $0.50
Mcknight888: posts big blind $1
*** HOLE CARDS ***
Bejondeiala: folds 
J0SHB0SH: folds 
BoyLoc0: raises $1.50 to $2.50
MaikonAll: folds 
Mcknight888: folds 
Uncalled bet ($1.50) returned to BoyLoc0
BoyLoc0 collected $2.50 from pot
BoyLoc0: doesn't show hand 
*** SUMMARY ***
Total pot $2.50 | Rake $0 
Seat 3: PokerShadow100
Seat 1: Mcknight888 (big blind) folded before Flop
Seat 2: Bejondeiala folded before Flop (didn't bet)
Seat 4: J0SHB0SH folded before Flop (didn't bet)
Seat 5: BoyLoc0 (button) collected ($2.50)
Seat 6: MaikonAll (small blind) folded before Flop



PokerStars Hand #254741075073:  Hold'em No Limit ($0.50/$1.00 USD) - 2025/02/06 22:36:04 WET [2025/02/06 17:36:04 ET]
Table 'Thoas II' 6-max Seat #6 is the button
Seat 3: PokerShadow100 ($0 in chips) is sitting out
Seat 1: Mcknight888 ($128.13 in chips) 
Seat 2: Bejondeiala ($100 in chips) 
Seat 4: J0SHB0SH ($100 in chips) 
Seat 5: BoyLoc0 ($251.76 in chips) 
Seat 6: MaikonAll ($127.23 in chips) 
Mcknight888: posts small blind $0.50
Bejondeiala: posts big blind $1
*** HOLE CARDS ***
J0SHB0SH: folds 
BoyLoc0: raises $1.50 to $2.50
MaikonAll: folds 
Mcknight888: calls $2
Bejondeiala: raises $10 to $12.50
BoyLoc0: calls $10
Mcknight888: folds 
*** FLOP *** [Kc 2d 4s]
Bejondeiala: bets $9.14
BoyLoc0: calls $9.14
*** TURN *** [Kc 2d 4s] [Jh]
Bejondeiala: bets $21.75
BoyLoc0: calls $21.75
*** RIVER *** [Kc 2d 4s Jh] [9d]
Bejondeiala: bets $56.61 and is all-in
BoyLoc0: folds 
Uncalled bet ($56.61) returned to Bejondeiala
Bejondeiala collected $86.78 from pot
Bejondeiala: doesn't show hand 
*** SUMMARY ***
Total pot $89.28 | Rake $2.50 
Board [Kc 2d 4s Jh 9d]
Seat 3: PokerShadow100
Seat 1: Mcknight888 (small blind) folded before Flop
Seat 2: Bejondeiala (big blind) collected ($86.78)
Seat 4: J0SHB0SH folded before Flop (didn't bet)
Seat 5: BoyLoc0 folded on the River
Seat 6: MaikonAll (button) folded before Flop (didn't bet)



PokerStars Hand #254741106236:  Hold'em No Limit ($0.50/$1.00 USD) - 2025/02/06 22:37:57 WET [2025/02/06 17:37:57 ET]
Table 'Thoas II' 6-max Seat #1 is the button
Seat 3: PokerShadow100 ($0 in chips) is sitting out
Seat 1: Mcknight888 ($125.63 in chips) 
Seat 2: Bejondeiala ($143.39 in chips) 
Seat 4: J0SHB0SH ($100 in chips) 
Seat 5: BoyLoc0 ($208.37 in chips) 
Seat 6: MaikonAll ($127.23 in chips) 
Bejondeiala: posts small blind $0.50
J0SHB0SH: posts big blind $1
*** HOLE CARDS ***
BoyLoc0: folds 
MaikonAll: folds 
Mcknight888: folds 
Bejondeiala: raises $2 to $3
J0SHB0SH: folds 
Uncalled bet ($2) returned to Bejondeiala
Bejondeiala collected $2 from pot
Bejondeiala: doesn't show hand 
*** SUMMARY ***
Total pot $2 | Rake $0 
Seat 3: PokerShadow100
Seat 1: Mcknight888 (button) folded before Flop (didn't bet)
Seat 2: Bejondeiala (small blind) collected ($2)
Seat 4: J0SHB0SH (big blind) folded before Flop
Seat 5: BoyLoc0 folded before Flop (didn't bet)
Seat 6: MaikonAll folded before Flop (didn't bet)



PokerStars Hand #254741194808:  Hold'em No Limit ($0.50/$1.00 USD) - 2025/02/06 22:43:22 WET [2025/02/06 17:43:22 ET]
Table 'Thoas II' 6-max Seat #5 is the button
Seat 1: Mcknight888 ($127.01 in chips) is sitting out
Seat 2: Bejondeiala ($153.48 in chips) is sitting out
Seat 3: coeeeelho ($100 in chips) 
Seat 4: J0SHB0SH ($100 in chips) 
Seat 5: BoyLoc0 ($212.67 in chips) 
Seat 6: MaikonAll ($117.66 in chips) 
MaikonAll: posts small blind $0.50
Bejondeiala: is sitting out 
coeeeelho: posts big blind $1
*** HOLE CARDS ***
J0SHB0SH: folds 
BoyLoc0: raises $1.50 to $2.50
Bejondeiala leaves the table
MaikonAll: raises $8.50 to $11
coeeeelho: folds 
BoyLoc0: folds 
Uncalled bet ($8.50) returned to MaikonAll
MaikonAll collected $6 from pot
MaikonAll: doesn't show hand 
*** SUMMARY ***
Total pot $6 | Rake $0 
Seat 1: Mcknight888
Seat 2: Bejondeiala
Seat 3: coeeeelho (big blind) folded before Flop
Seat 4: J0SHB0SH folded before Flop (didn't bet)
Seat 5: BoyLoc0 (button) folded before Flop
Seat 6: MaikonAll (small blind) collected ($6)



PokerStars Hand #254741200344:  Hold'em No Limit ($0.50/$1.00 USD) - 2025/02/06 22:43:42 WET [2025/02/06 17:43:42 ET]
Table 'Thoas II' 6-max Seat #6 is the button
Seat 1: Mcknight888 ($127.01 in chips) is sitting out
Seat 3: coeeeelho ($100 in chips) 
Seat 4: J0SHB0SH ($100 in chips) 
Seat 5: BoyLoc0 ($210.17 in chips) 
Seat 6: MaikonAll ($121.16 in chips) 
coeeeelho: posts small blind $0.50
J0SHB0SH: posts big blind $1
*** HOLE CARDS ***
jonny3097 joins the table at seat #2 
BoyLoc0: raises $1.50 to $2.50
jonny3097 is disconnected 
MaikonAll: folds 
coeeeelho: folds 
J0SHB0SH: raises $9.50 to $12
BoyLoc0: folds 
Uncalled bet ($9.50) returned to J0SHB0SH
J0SHB0SH collected $5.50 from pot
J0SHB0SH: doesn't show hand 
*** SUMMARY ***
Total pot $5.50 | Rake $0 
Seat 1: Mcknight888
Seat 3: coeeeelho (small blind) folded before Flop
Seat 4: J0SHB0SH (big blind) collected ($5.50)
Seat 5: BoyLoc0 folded before Flop
Seat 6: MaikonAll (button) folded before Flop (didn't bet)



PokerStars Hand #254741203591:  Hold'em No Limit ($0.50/$1.00 USD) - 2025/02/06 22:43:55 WET [2025/02/06 17:43:55 ET]
Table 'Thoas II' 6-max Seat #3 is the button
Seat 1: Mcknight888 ($127.01 in chips) is sitting out
Seat 2: jonny3097 ($39.21 in chips) 
Seat 3: coeeeelho ($100 in chips) 
Seat 4: J0SHB0SH ($103 in chips) 
Seat 5: BoyLoc0 ($207.67 in chips) 
Seat 6: MaikonAll ($121.16 in chips) 
J0SHB0SH: posts small blind $0.50
BoyLoc0: posts big blind $1
jonny3097: posts big blind $1
*** HOLE CARDS ***
MaikonAll: raises $2 to $3
jonny3097: calls $2
coeeeelho: folds 
J0SHB0SH: folds 
BoyLoc0: calls $2
*** FLOP *** [Jc 3d 7h]
BoyLoc0: checks 
MaikonAll: bets $6.76
jonny3097: calls $6.76
BoyLoc0: folds 
*** TURN *** [Jc 3d 7h] [2c]
MaikonAll: bets $10.94
jonny3097: folds 
Uncalled bet ($10.94) returned to MaikonAll
MaikonAll collected $21.87 from pot
MaikonAll: doesn't show hand 
*** SUMMARY ***
Total pot $23.02 | Rake $1.15 
Board [Jc 3d 7h 2c]
Seat 1: Mcknight888
Seat 2: jonny3097 folded on the Turn
Seat 3: coeeeelho (button) folded before Flop (didn't bet)
Seat 4: J0SHB0SH (small blind) folded before Flop
Seat 5: BoyLoc0 (big blind) folded on the Flop
Seat 6: MaikonAll collected ($21.87)



PokerStars Hand #254741221920:  Hold'em No Limit ($0.50/$1.00 USD) - 2025/02/06 22:45:02 WET [2025/02/06 17:45:02 ET]
Table 'Thoas II' 6-max Seat #4 is the button
Seat 1: Mcknight888 ($127.01 in chips) is sitting out
Seat 2: jonny3097 ($29.45 in chips) 
Seat 3: coeeeelho ($100 in chips) 
Seat 4: J0SHB0SH ($102.50 in chips) 
Seat 5: BoyLoc0 ($204.67 in chips) 
Seat 6: MaikonAll ($133.27 in chips) 
BoyLoc0: posts small blind $0.50
MaikonAll: posts big blind $1
*** HOLE CARDS ***
jonny3097: folds 
coeeeelho: folds 
J0SHB0SH: folds 
BoyLoc0: folds 
Uncalled bet ($0.50) returned to MaikonAll
MaikonAll collected $1 from pot
MaikonAll: doesn't show hand 
*** SUMMARY ***
Total pot $1 | Rake $0 
Seat 1: Mcknight888
Seat 2: jonny3097 folded before Flop (didn't bet)
Seat 3: coeeeelho folded before Flop (didn't bet)
Seat 4: J0SHB0SH (button) folded before Flop (didn't bet)
Seat 5: BoyLoc0 (small blind) folded before Flop
Seat 6: MaikonAll (big blind) collected ($1)



PokerStars Hand #254741225115:  Hold'em No Limit ($0.50/$1.00 USD) - 2025/02/06 22:45:14 WET [2025/02/06 17:45:14 ET]
Table 'Thoas II' 6-max Seat #5 is the button
Seat 1: Mcknight888 ($127.01 in chips) is sitting out
Seat 2: jonny3097 ($29.45 in chips) 
Seat 3: coeeeelho ($100 in chips) 
Seat 4: J0SHB0SH ($102.50 in chips) 
Seat 5: BoyLoc0 ($204.17 in chips) 
Seat 6: MaikonAll ($133.77 in chips) 
MaikonAll: posts small blind $0.50
jonny3097: posts big blind $1
*** HOLE CARDS ***
coeeeelho: folds 
J0SHB0SH: folds 
BoyLoc0: folds 
MaikonAll: folds 
Uncalled bet ($0.50) returned to jonny3097
jonny3097 collected $1 from pot
*** SUMMARY ***
Total pot $1 | Rake $0 
Seat 1: Mcknight888
Seat 2: jonny3097 (big blind) collected ($1)
Seat 3: coeeeelho folded before Flop (didn't bet)
Seat 4: J0SHB0SH folded before Flop (didn't bet)
Seat 5: BoyLoc0 (button) folded before Flop (didn't bet)
Seat 6: MaikonAll (small blind) folded before Flop



PokerStars Hand #254741228974:  Hold'em No Limit ($0.50/$1.00 USD) - 2025/02/06 22:45:28 WET [2025/02/06 17:45:28 ET]
Table 'Thoas II' 6-max Seat #6 is the button
Seat 1: Mcknight888 ($127.01 in chips) is sitting out
Seat 3: coeeeelho ($100 in chips) is sitting out
Seat 2: jonny3097 ($29.95 in chips) 
Seat 4: J0SHB0SH ($102.50 in chips) 
Seat 5: BoyLoc0 ($204.17 in chips) 
Seat 6: MaikonAll ($133.27 in chips) 
jonny3097: posts small blind $0.50
coeeeelho: is sitting out 
J0SHB0SH: posts big blind $1
*** HOLE CARDS ***
BoyLoc0: folds 
MaikonAll: raises $1.50 to $2.50
jonny3097: calls $2
J0SHB0SH: calls $1.50
*** FLOP *** [4s 7s 8h]
jonny3097: bets $2
J0SHB0SH: folds 
MaikonAll: calls $2
*** TURN *** [4s 7s 8h] [Ac]
jonny3097: bets $3
MaikonAll: calls $3
*** RIVER *** [4s 7s 8h Ac] [8d]
jonny3097: bets $16.62
MaikonAll: folds 
Uncalled bet ($16.62) returned to jonny3097
jonny3097 collected $16.40 from pot
*** SUMMARY ***
Total pot $17.50 | Rake $1.10 
Board [4s 7s 8h Ac 8d]
Seat 1: Mcknight888
Seat 3: coeeeelho
Seat 2: jonny3097 (small blind) collected ($16.40)
Seat 4: J0SHB0SH (big blind) folded on the Flop
Seat 5: BoyLoc0 folded before Flop (didn't bet)
Seat 6: MaikonAll (button) folded on the River



PokerStars Hand #254741246630:  Hold'em No Limit ($0.50/$1.00 USD) - 2025/02/06 22:46:33 WET [2025/02/06 17:46:33 ET]
Table 'Thoas II' 6-max Seat #2 is the button
Seat 1: Mcknight888 ($127.01 in chips) is sitting out
Seat 3: coeeeelho ($100 in chips) is sitting out
Seat 2: jonny3097 ($38.85 in chips) 
Seat 4: J0SHB0SH ($100 in chips) 
Seat 5: BoyLoc0 ($204.17 in chips) 
Seat 6: MaikonAll ($125.77 in chips) 
J0SHB0SH: posts small blind $0.50
BoyLoc0: posts big blind $1
*** HOLE CARDS ***
MaikonAll: raises $1.30 to $2.30
jonny3097: folds 
J0SHB0SH: folds 
BoyLoc0: folds 
Uncalled bet ($1.30) returned to MaikonAll
MaikonAll collected $2.50 from pot
MaikonAll: doesn't show hand 
*** SUMMARY ***
Total pot $2.50 | Rake $0 
Seat 1: Mcknight888
Seat 3: coeeeelho
Seat 2: jonny3097 (button) folded before Flop (didn't bet)
Seat 4: J0SHB0SH (small blind) folded before Flop
Seat 5: BoyLoc0 (big blind) folded before Flop
Seat 6: MaikonAll collected ($2.50)



PokerStars Hand #254741251049:  Hold'em No Limit ($0.50/$1.00 USD) - 2025/02/06 22:46:49 WET [2025/02/06 17:46:49 ET]
Table 'Thoas II' 6-max Seat #4 is the button
Seat 1: Mcknight888 ($127.01 in chips) is sitting out
Seat 3: coeeeelho ($100 in chips) is sitting out
Seat 2: jonny3097 ($38.85 in chips) 
Seat 4: J0SHB0SH ($100 in chips) 
Seat 5: BoyLoc0 ($203.17 in chips) 
Seat 6: MaikonAll ($127.27 in chips) 
BoyLoc0: posts small blind $0.50
MaikonAll: posts big blind $1
coeeeelho: sits out 
*** HOLE CARDS ***
jonny3097: calls $1
J0SHB0SH: folds 
BoyLoc0: calls $0.50
MaikonAll: raises $4.50 to $5.50
jonny3097: calls $4.50
BoyLoc0: calls $4.50
*** FLOP *** [Ah 5d Th]
BoyLoc0: checks 
MaikonAll: checks 
jonny3097: checks 
*** TURN *** [Ah 5d Th] [9c]
BoyLoc0: checks 
MaikonAll: checks 
jonny3097: checks 
*** RIVER *** [Ah 5d Th 9c] [8c]
BoyLoc0: bets $11.76
MaikonAll: folds 
jonny3097: raises $11.76 to $23.52
BoyLoc0: calls $11.76
*** SHOW DOWN ***
jonny3097: shows [Jh 9h] (a pair of Nines)
BoyLoc0: shows [5s 5h] (three of a kind, Fives)
BoyLoc0 collected $62.54 from pot
*** SUMMARY ***
Total pot $63.54 | Rake $1 
Board [Ah 5d Th 9c 8c]
Seat 1: Mcknight888
Seat 3: coeeeelho
Seat 2: jonny3097 showed [Jh 9h] and lost with a pair of Nines
Seat 4: J0SHB0SH (button) folded before Flop (didn't bet)
Seat 5: BoyLoc0 (small blind) showed [5s 5h] and won ($62.54) with three of a kind, Fives
Seat 6: MaikonAll (big blind) folded on the River



PokerStars Hand #254741272748:  Hold'em No Limit ($0.50/$1.00 USD) - 2025/02/06 22:48:09 WET [2025/02/06 17:48:09 ET]
Table 'Thoas II' 6-max Seat #5 is the button
Seat 1: Mcknight888 ($127.01 in chips) is sitting out
Seat 3: coeeeelho ($100 in chips) is sitting out
Seat 2: jonny3097 ($9.83 in chips) 
Seat 4: J0SHB0SH ($100 in chips) 
Seat 5: BoyLoc0 ($236.69 in chips) 
Seat 6: MaikonAll ($121.77 in chips) 
MaikonAll: posts small blind $0.50
jonny3097: posts big blind $1
coeeeelho: sits out 
*** HOLE CARDS ***
J0SHB0SH: folds 
BoyLoc0: raises $1 to $2
MaikonAll: folds 
jonny3097: calls $1
*** FLOP *** [Ah Ac 8d]
jonny3097: checks 
BoyLoc0: bets $1.41
jonny3097: folds 
Uncalled bet ($1.41) returned to BoyLoc0
BoyLoc0 collected $4.28 from pot
Mcknight888 leaves the table
BoyLoc0: doesn't show hand 
*** SUMMARY ***
Total pot $4.50 | Rake $0.22 
Board [Ah Ac 8d]
Seat 1: Mcknight888
Seat 3: coeeeelho
Seat 2: jonny3097 (big blind) folded on the Flop
Seat 4: J0SHB0SH folded before Flop (didn't bet)
Seat 5: BoyLoc0 (button) collected ($4.28)
Seat 6: MaikonAll (small blind) folded before Flop



PokerStars Hand #254741279385:  Hold'em No Limit ($0.50/$1.00 USD) - 2025/02/06 22:48:34 WET [2025/02/06 17:48:34 ET]
Table 'Thoas II' 6-max Seat #6 is the button
Seat 2: jonny3097 ($7.83 in chips) 
Seat 3: coeeeelho ($100 in chips) 
Seat 4: J0SHB0SH ($100 in chips) 
Seat 5: BoyLoc0 ($238.97 in chips) 
Seat 6: MaikonAll ($121.27 in chips) 
jonny3097: posts small blind $0.50
coeeeelho: posts big blind $1
*** HOLE CARDS ***
J0SHB0SH: folds 
BoyLoc0: folds 
MaikonAll: raises $1.50 to $2.50
jonny3097: raises $1.50 to $4
coeeeelho: folds 
YeeesMan joins the table at seat #1 
MaikonAll: raises $8 to $12
jonny3097: calls $3.83 and is all-in
Uncalled bet ($4.17) returned to MaikonAll
*** FLOP *** [5d 7s 2h]
*** TURN *** [5d 7s 2h] [6c]
*** RIVER *** [5d 7s 2h 6c] [Qd]
*** SHOW DOWN ***
jonny3097: shows [Js Ad] (high card Ace)
MaikonAll: shows [Qc Qs] (three of a kind, Queens)
MaikonAll collected $15.83 from pot
*** SUMMARY ***
Total pot $16.66 | Rake $0.83 
Board [5d 7s 2h 6c Qd]
Seat 2: jonny3097 (small blind) showed [Js Ad] and lost with high card Ace
Seat 3: coeeeelho (big blind) folded before Flop
Seat 4: J0SHB0SH folded before Flop (didn't bet)
Seat 5: BoyLoc0 folded before Flop (didn't bet)
Seat 6: MaikonAll (button) showed [Qc Qs] and won ($15.83) with three of a kind, Queens



PokerStars Hand #254741288403:  Hold'em No Limit ($0.50/$1.00 USD) - 2025/02/06 22:49:07 WET [2025/02/06 17:49:07 ET]
Table 'Thoas II' 6-max Seat #3 is the button
Seat 1: YeeesMan ($100 in chips) is sitting out
Seat 2: jonny3097 ($0 in chips) is sitting out
Seat 3: coeeeelho ($100 in chips) 
Seat 4: J0SHB0SH ($100 in chips) 
Seat 5: BoyLoc0 ($238.97 in chips) 
Seat 6: MaikonAll ($129.27 in chips) 
J0SHB0SH: posts small blind $0.50
BoyLoc0: posts big blind $1
YeeesMan: sits out 
*** HOLE CARDS ***
MaikonAll: raises $1.30 to $2.30
jonny3097 leaves the table
coeeeelho: folds 
J0SHB0SH: folds 
BoyLoc0: folds 
Uncalled bet ($1.30) returned to MaikonAll
MaikonAll collected $2.50 from pot
MaikonAll: doesn't show hand 
*** SUMMARY ***
Total pot $2.50 | Rake $0 
Seat 1: YeeesMan
Seat 2: jonny3097
Seat 3: coeeeelho (button) folded before Flop (didn't bet)
Seat 4: J0SHB0SH (small blind) folded before Flop
Seat 5: BoyLoc0 (big blind) folded before Flop
Seat 6: MaikonAll collected ($2.50)



PokerStars Hand #254741293389:  Hold'em No Limit ($0.50/$1.00 USD) - 2025/02/06 22:49:26 WET [2025/02/06 17:49:26 ET]
Table 'Thoas II' 6-max Seat #4 is the button
Seat 1: YeeesMan ($100 in chips) is sitting out
Seat 3: coeeeelho ($100 in chips) 
Seat 4: J0SHB0SH ($100 in chips) 
Seat 5: BoyLoc0 ($237.97 in chips) 
Seat 6: MaikonAll ($130.77 in chips) 
BoyLoc0: posts small blind $0.50
MaikonAll: posts big blind $1
YeeesMan: sits out 
*** HOLE CARDS ***
coeeeelho: folds 
J0SHB0SH: raises $1.50 to $2.50
BoyLoc0: folds 
Mcknight888 joins the table at seat #2 
Mcknight888 is disconnected 
MaikonAll: calls $1.50
*** FLOP *** [7s Qh Jc]
MaikonAll: checks 
J0SHB0SH: bets $3.92
Mcknight888 leaves the table
Mcknight888 joins the table at seat #2 
Mcknight888 is disconnected 
MaikonAll: folds 
Uncalled bet ($3.92) returned to J0SHB0SH
J0SHB0SH collected $5.22 from pot
J0SHB0SH: doesn't show hand 
*** SUMMARY ***
Total pot $5.50 | Rake $0.28 
Board [7s Qh Jc]
Seat 1: YeeesMan
Seat 3: coeeeelho folded before Flop (didn't bet)
Seat 4: J0SHB0SH (button) collected ($5.22)
Seat 5: BoyLoc0 (small blind) folded before Flop
Seat 6: MaikonAll (big blind) folded on the Flop



PokerStars Hand #254741304499:  Hold'em No Limit ($0.50/$1.00 USD) - 2025/02/06 22:50:08 WET [2025/02/06 17:50:08 ET]
Table 'Thoas II' 6-max Seat #5 is the button
Seat 2: Mcknight888 ($127.01 in chips) is sitting out
Seat 1: YeeesMan ($100 in chips) 
Seat 3: coeeeelho ($100 in chips) 
Seat 4: J0SHB0SH ($102.72 in chips) 
Seat 5: BoyLoc0 ($237.47 in chips) 
Seat 6: MaikonAll ($128.27 in chips) 
MaikonAll: posts small blind $0.50
YeeesMan: posts big blind $1
Mcknight888: sits out 
*** HOLE CARDS ***
coeeeelho: folds 
J0SHB0SH: folds 
BoyLoc0: folds 
MaikonAll: folds 
Uncalled bet ($0.50) returned to YeeesMan
YeeesMan collected $1 from pot
YeeesMan: doesn't show hand 
Mcknight888 leaves the table
*** SUMMARY ***
Total pot $1 | Rake $0 
Seat 2: Mcknight888
Seat 1: YeeesMan (big blind) collected ($1)
Seat 3: coeeeelho folded before Flop (didn't bet)
Seat 4: J0SHB0SH folded before Flop (didn't bet)
Seat 5: BoyLoc0 (button) folded before Flop (didn't bet)
Seat 6: MaikonAll (small blind) folded before Flop



PokerStars Hand #254741397737:  Hold'em No Limit ($0.50/$1.00 USD) - 2025/02/06 22:56:20 WET [2025/02/06 17:56:20 ET]
Table 'Thoas II' 6-max Seat #4 is the button
Seat 1: YeeesMan ($103 in chips) 
Seat 2: tinkode22 ($29.45 in chips) 
Seat 3: coeeeelho ($100 in chips) 
Seat 4: J0SHB0SH ($105.10 in chips) 
Seat 6: MaikonAll ($140.27 in chips) 
MaikonAll: posts small blind $0.50
YeeesMan: posts big blind $1
*** HOLE CARDS ***
z00mba joins the table at seat #5 
tinkode22: folds 
coeeeelho: raises $1.20 to $2.20
J0SHB0SH: folds 
MaikonAll: folds 
YeeesMan: calls $1.20
*** FLOP *** [Tc 7c 4s]
YeeesMan: checks 
coeeeelho: checks 
*** TURN *** [Tc 7c 4s] [Ac]
YeeesMan: checks 
coeeeelho: bets $2.33
YeeesMan: folds 
Uncalled bet ($2.33) returned to coeeeelho
coeeeelho collected $4.66 from pot
*** SUMMARY ***
Total pot $4.90 | Rake $0.24 
Board [Tc 7c 4s Ac]
Seat 1: YeeesMan (big blind) folded on the Turn
Seat 2: tinkode22 folded before Flop (didn't bet)
Seat 3: coeeeelho collected ($4.66)
Seat 4: J0SHB0SH (button) folded before Flop (didn't bet)
Seat 6: MaikonAll (small blind) folded before Flop



PokerStars Hand #254741410298:  Hold'em No Limit ($0.50/$1.00 USD) - 2025/02/06 22:57:24 WET [2025/02/06 17:57:24 ET]
Table 'Thoas II' 6-max Seat #6 is the button
Seat 5: z00mba ($100 in chips) is sitting out
Seat 1: YeeesMan ($100.80 in chips) 
Seat 2: tinkode22 ($29.45 in chips) 
Seat 3: coeeeelho ($102.46 in chips) 
Seat 4: J0SHB0SH ($105.10 in chips) 
Seat 6: MaikonAll ($139.77 in chips) 
YeeesMan: posts small blind $0.50
tinkode22: posts big blind $1
z00mba: sits out 
*** HOLE CARDS ***
coeeeelho: folds 
J0SHB0SH: raises $1.50 to $2.50
MaikonAll: calls $2.50
YeeesMan: raises $10.50 to $13
tinkode22: folds 
J0SHB0SH: folds 
MaikonAll: calls $10.50
*** FLOP *** [2d 4c 5h]
YeeesMan: bets $21.02
MaikonAll: folds 
Uncalled bet ($21.02) returned to YeeesMan
YeeesMan collected $28.02 from pot
YeeesMan: doesn't show hand 
*** SUMMARY ***
Total pot $29.50 | Rake $1.48 
Board [2d 4c 5h]
Seat 5: z00mba
Seat 1: YeeesMan (small blind) collected ($28.02)
Seat 2: tinkode22 (big blind) folded before Flop
Seat 3: coeeeelho folded before Flop (didn't bet)
Seat 4: J0SHB0SH folded before Flop
Seat 6: MaikonAll (button) folded on the Flop



PokerStars Hand #254741423129:  Hold'em No Limit ($0.50/$1.00 USD) - 2025/02/06 22:58:31 WET [2025/02/06 17:58:31 ET]
Table 'Thoas II' 6-max Seat #1 is the button
Seat 5: z00mba ($100 in chips) is sitting out
Seat 1: YeeesMan ($115.82 in chips) 
Seat 2: tinkode22 ($28.45 in chips) 
Seat 3: coeeeelho ($102.46 in chips) 
Seat 4: J0SHB0SH ($102.60 in chips) 
Seat 6: MaikonAll ($126.77 in chips) 
tinkode22: posts small blind $0.50
coeeeelho: posts big blind $1
z00mba: sits out 
*** HOLE CARDS ***
J0SHB0SH: raises $1 to $2
MaikonAll: folds 
YeeesMan: folds 
tinkode22: folds 
coeeeelho: raises $8 to $10
J0SHB0SH: folds 
Uncalled bet ($8) returned to coeeeelho
coeeeelho collected $4.50 from pot
*** SUMMARY ***
Total pot $4.50 | Rake $0 
Seat 5: z00mba
Seat 1: YeeesMan (button) folded before Flop (didn't bet)
Seat 2: tinkode22 (small blind) folded before Flop
Seat 3: coeeeelho (big blind) collected ($4.50)
Seat 4: J0SHB0SH folded before Flop
Seat 6: MaikonAll folded before Flop (didn't bet)



PokerStars Hand #254741426952:  Hold'em No Limit ($0.50/$1.00 USD) - 2025/02/06 22:58:50 WET [2025/02/06 17:58:50 ET]
Table 'Thoas II' 6-max Seat #2 is the button
Seat 5: z00mba ($100 in chips) is sitting out
Seat 1: YeeesMan ($115.82 in chips) 
Seat 2: tinkode22 ($27.95 in chips) 
Seat 3: coeeeelho ($104.96 in chips) 
Seat 4: J0SHB0SH ($100.60 in chips) 
Seat 6: MaikonAll ($126.77 in chips) 
coeeeelho: posts small blind $0.50
J0SHB0SH: posts big blind $1
z00mba: sits out 
*** HOLE CARDS ***
MaikonAll: raises $1.30 to $2.30
YeeesMan: folds 
tinkode22: calls $2.30
coeeeelho: folds 
J0SHB0SH: calls $1.30
*** FLOP *** [3c 5c Qh]
J0SHB0SH: checks 
MaikonAll: checks 
tinkode22: checks 
*** TURN *** [3c 5c Qh] [9h]
J0SHB0SH: checks 
MaikonAll: bets $5.27
tinkode22: calls $5.27
J0SHB0SH: folds 
*** RIVER *** [3c 5c Qh 9h] [2c]
MaikonAll: checks 
tinkode22: bets $20.38 and is all-in
MaikonAll: folds 
Uncalled bet ($20.38) returned to tinkode22
tinkode22 collected $17.04 from pot
*** SUMMARY ***
Total pot $17.94 | Rake $0.90 
Board [3c 5c Qh 9h 2c]
Seat 5: z00mba
Seat 1: YeeesMan folded before Flop (didn't bet)
Seat 2: tinkode22 (button) collected ($17.04)
Seat 3: coeeeelho (small blind) folded before Flop
Seat 4: J0SHB0SH (big blind) folded on the Turn
Seat 6: MaikonAll folded on the River



PokerStars Hand #254741446685:  Hold'em No Limit ($0.50/$1.00 USD) - 2025/02/06 23:00:31 WET [2025/02/06 18:00:31 ET]
Table 'Thoas II' 6-max Seat #3 is the button
Seat 1: YeeesMan ($115.82 in chips) 
Seat 2: tinkode22 ($37.42 in chips) 
Seat 3: coeeeelho ($104.46 in chips) 
Seat 4: J0SHB0SH ($100 in chips) 
Seat 5: z00mba ($100 in chips) 
Seat 6: MaikonAll ($119.20 in chips) 
J0SHB0SH: posts small blind $0.50
z00mba: posts big blind $1
*** HOLE CARDS ***
MaikonAll: raises $1.30 to $2.30
YeeesMan: folds 
tinkode22: calls $2.30
coeeeelho: folds 
J0SHB0SH: folds 
z00mba: folds 
*** FLOP *** [Jc 8c 6c]
MaikonAll: checks 
tinkode22: checks 
*** TURN *** [Jc 8c 6c] [Ks]
MaikonAll: bets $1.45
tinkode22: folds 
Uncalled bet ($1.45) returned to MaikonAll
MaikonAll collected $5.80 from pot
MaikonAll: doesn't show hand 
*** SUMMARY ***
Total pot $6.10 | Rake $0.30 
Board [Jc 8c 6c Ks]
Seat 1: YeeesMan folded before Flop (didn't bet)
Seat 2: tinkode22 folded on the Turn
Seat 3: coeeeelho (button) folded before Flop (didn't bet)
Seat 4: J0SHB0SH (small blind) folded before Flop
Seat 5: z00mba (big blind) folded before Flop
Seat 6: MaikonAll collected ($5.80)



PokerStars Hand #254741458329:  Hold'em No Limit ($0.50/$1.00 USD) - 2025/02/06 23:01:22 WET [2025/02/06 18:01:22 ET]
Table 'Thoas II' 6-max Seat #4 is the button
Seat 1: YeeesMan ($115.82 in chips) 
Seat 2: tinkode22 ($35.12 in chips) 
Seat 3: coeeeelho ($104.46 in chips) 
Seat 4: J0SHB0SH ($100 in chips) 
Seat 5: z00mba ($100 in chips) 
Seat 6: MaikonAll ($122.70 in chips) 
z00mba: posts small blind $0.50
MaikonAll: posts big blind $1
*** HOLE CARDS ***
YeeesMan: folds 
tinkode22: calls $1
coeeeelho: folds 
J0SHB0SH: folds 
z00mba: calls $0.50
MaikonAll: checks 
*** FLOP *** [4c 8c 6c]
z00mba: checks 
MaikonAll: checks 
tinkode22: bets $1
z00mba: folds 
MaikonAll: calls $1
*** TURN *** [4c 8c 6c] [2c]
MaikonAll: checks 
tinkode22: bets $3
MaikonAll: calls $3
*** RIVER *** [4c 8c 6c 2c] [7d]
MaikonAll: checks 
tinkode22: bets $5
MaikonAll: calls $5
*** SHOW DOWN ***
tinkode22: shows [6s As] (a pair of Sixes)
MaikonAll: shows [2d Qc] (a flush, Queen high)
MaikonAll collected $19.95 from pot
*** SUMMARY ***
Total pot $21 | Rake $1.05 
Board [4c 8c 6c 2c 7d]
Seat 1: YeeesMan folded before Flop (didn't bet)
Seat 2: tinkode22 showed [6s As] and lost with a pair of Sixes
Seat 3: coeeeelho folded before Flop (didn't bet)
Seat 4: J0SHB0SH (button) folded before Flop (didn't bet)
Seat 5: z00mba (small blind) folded on the Flop
Seat 6: MaikonAll (big blind) showed [2d Qc] and won ($19.95) with a flush, Queen high



PokerStars Hand #254741486077:  Hold'em No Limit ($0.50/$1.00 USD) - 2025/02/06 23:03:12 WET [2025/02/06 18:03:12 ET]
Table 'Thoas II' 6-max Seat #5 is the button
Seat 1: YeeesMan ($115.82 in chips) is sitting out
Seat 2: tinkode22 ($25.12 in chips) 
Seat 3: coeeeelho ($104.46 in chips) 
Seat 4: J0SHB0SH ($100 in chips) 
Seat 5: z00mba ($100 in chips) 
Seat 6: MaikonAll ($132.65 in chips) 
MaikonAll: posts small blind $0.50
YeeesMan: is sitting out 
tinkode22: posts big blind $1
*** HOLE CARDS ***
YeeesMan leaves the table
JUANS2 joins the table at seat #1 
coeeeelho: raises $1.20 to $2.20
J0SHB0SH: folds 
z00mba: folds 
MaikonAll: folds 
tinkode22: folds 
Uncalled bet ($1.20) returned to coeeeelho
coeeeelho collected $2.50 from pot
*** SUMMARY ***
Total pot $2.50 | Rake $0 
Seat 1: YeeesMan
Seat 2: tinkode22 (big blind) folded before Flop
Seat 3: coeeeelho collected ($2.50)
Seat 4: J0SHB0SH folded before Flop (didn't bet)
Seat 5: z00mba (button) folded before Flop (didn't bet)
Seat 6: MaikonAll (small blind) folded before Flop



PokerStars Hand #254741496055:  Hold'em No Limit ($0.50/$1.00 USD) - 2025/02/06 23:03:51 WET [2025/02/06 18:03:51 ET]
Table 'Thoas II' 6-max Seat #6 is the button
Seat 1: JUANS2 ($100 in chips) is sitting out
Seat 2: tinkode22 ($24.12 in chips) 
Seat 3: coeeeelho ($105.96 in chips) 
Seat 4: J0SHB0SH ($100 in chips) 
Seat 5: z00mba ($100 in chips) 
Seat 6: MaikonAll ($132.15 in chips) 
tinkode22: posts small blind $0.50
coeeeelho: posts big blind $1
*** HOLE CARDS ***
J0SHB0SH: folds 
z00mba: folds 
MaikonAll: folds 
tinkode22: calls $0.50
coeeeelho: raises $3.20 to $4.20
tinkode22: folds 
Uncalled bet ($3.20) returned to coeeeelho
coeeeelho collected $2 from pot
*** SUMMARY ***
Total pot $2 | Rake $0 
Seat 1: JUANS2
Seat 2: tinkode22 (small blind) folded before Flop
Seat 3: coeeeelho (big blind) collected ($2)
Seat 4: J0SHB0SH folded before Flop (didn't bet)
Seat 5: z00mba folded before Flop (didn't bet)
Seat 6: MaikonAll (button) folded before Flop (didn't bet)



PokerStars Hand #254741503273:  Hold'em No Limit ($0.50/$1.00 USD) - 2025/02/06 23:04:19 WET [2025/02/06 18:04:19 ET]
Table 'Thoas II' 6-max Seat #2 is the button
Seat 1: JUANS2 ($100 in chips) is sitting out
Seat 2: tinkode22 ($23.12 in chips) 
Seat 3: coeeeelho ($106.96 in chips) 
Seat 4: J0SHB0SH ($100 in chips) 
Seat 5: z00mba ($100 in chips) 
Seat 6: MaikonAll ($132.15 in chips) 
coeeeelho: posts small blind $0.50
J0SHB0SH: posts big blind $1
JUANS2: sits out 
*** HOLE CARDS ***
z00mba: folds 
MaikonAll: folds 
tinkode22: folds 
coeeeelho: raises $2 to $3
J0SHB0SH: calls $2
*** FLOP *** [Qs As Qc]
coeeeelho: bets $1.88
J0SHB0SH: calls $1.88
*** TURN *** [Qs As Qc] [3d]
coeeeelho: bets $4.63
J0SHB0SH: raises $11.37 to $16
coeeeelho: folds 
Uncalled bet ($11.37) returned to J0SHB0SH
J0SHB0SH collected $18.07 from pot
J0SHB0SH: doesn't show hand 
*** SUMMARY ***
Total pot $19.02 | Rake $0.95 
Board [Qs As Qc 3d]
Seat 1: JUANS2
Seat 2: tinkode22 (button) folded before Flop (didn't bet)
Seat 3: coeeeelho (small blind) folded on the Turn
Seat 4: J0SHB0SH (big blind) collected ($18.07)
Seat 5: z00mba folded before Flop (didn't bet)
Seat 6: MaikonAll folded before Flop (didn't bet)



PokerStars Hand #254741519206:  Hold'em No Limit ($0.50/$1.00 USD) - 2025/02/06 23:05:21 WET [2025/02/06 18:05:21 ET]
Table 'Thoas II' 6-max Seat #3 is the button
Seat 1: JUANS2 ($100 in chips) is sitting out
Seat 2: tinkode22 ($23.12 in chips) 
Seat 3: coeeeelho ($100 in chips) 
Seat 4: J0SHB0SH ($108.56 in chips) 
Seat 5: z00mba ($100 in chips) 
Seat 6: MaikonAll ($132.15 in chips) 
J0SHB0SH: posts small blind $0.50
z00mba: posts big blind $1
JUANS2: sits out 
*** HOLE CARDS ***
MaikonAll: folds 
tinkode22: calls $1
coeeeelho: folds 
J0SHB0SH: folds 
z00mba: checks 
*** FLOP *** [3d 7s 2s]
z00mba: checks 
tinkode22: bets $2
z00mba: folds 
Uncalled bet ($2) returned to tinkode22
tinkode22 collected $2.38 from pot
*** SUMMARY ***
Total pot $2.50 | Rake $0.12 
Board [3d 7s 2s]
Seat 1: JUANS2
Seat 2: tinkode22 collected ($2.38)
Seat 3: coeeeelho (button) folded before Flop (didn't bet)
Seat 4: J0SHB0SH (small blind) folded before Flop
Seat 5: z00mba (big blind) folded on the Flop
Seat 6: MaikonAll folded before Flop (didn't bet)



PokerStars Hand #254741526236:  Hold'em No Limit ($0.50/$1.00 USD) - 2025/02/06 23:05:49 WET [2025/02/06 18:05:49 ET]
Table 'Thoas II' 6-max Seat #4 is the button
Seat 6: MaikonAll ($132.15 in chips) is sitting out
Seat 1: JUANS2 ($100 in chips) 
Seat 2: tinkode22 ($24.50 in chips) 
Seat 3: coeeeelho ($100 in chips) 
Seat 4: J0SHB0SH ($108.06 in chips) 
Seat 5: z00mba ($100 in chips) 
z00mba: posts small blind $0.50
MaikonAll: is sitting out 
JUANS2: posts big blind $1
*** HOLE CARDS ***
tinkode22: calls $1
coeeeelho: raises $3.20 to $4.20
J0SHB0SH: folds 
MaikonAll leaves the table
z00mba: folds 
JUANS2: calls $3.20
tinkode22: calls $3.20
*** FLOP *** [5c Qh 7d]
JUANS2: checks 
tinkode22: checks 
coeeeelho: bets $3
JUANS2: calls $3
Yigz708 joins the table at seat #6 
tinkode22: raises $5 to $8
coeeeelho: folds 
JUANS2: folds 
Uncalled bet ($5) returned to tinkode22
tinkode22 collected $21 from pot
*** SUMMARY ***
Total pot $22.10 | Rake $1.10 
Board [5c Qh 7d]
Seat 6: MaikonAll
Seat 1: JUANS2 (big blind) folded on the Flop
Seat 2: tinkode22 collected ($21)
Seat 3: coeeeelho folded on the Flop
Seat 4: J0SHB0SH (button) folded before Flop (didn't bet)
Seat 5: z00mba (small blind) folded before Flop



PokerStars Hand #254741543369:  Hold'em No Limit ($0.50/$1.00 USD) - 2025/02/06 23:06:55 WET [2025/02/06 18:06:55 ET]
Table 'Thoas II' 6-max Seat #5 is the button
Seat 6: Yigz708 ($100 in chips) is sitting out
Seat 1: JUANS2 ($100 in chips) 
Seat 2: tinkode22 ($38.30 in chips) 
Seat 3: coeeeelho ($100 in chips) 
Seat 4: J0SHB0SH ($108.06 in chips) 
Seat 5: z00mba ($100 in chips) 
JUANS2: posts small blind $0.50
tinkode22: posts big blind $1
*** HOLE CARDS ***
coeeeelho: folds 
J0SHB0SH: folds 
z00mba: folds 
JUANS2: folds 
Uncalled bet ($0.50) returned to tinkode22
tinkode22 collected $1 from pot
*** SUMMARY ***
Total pot $1 | Rake $0 
Seat 6: Yigz708
Seat 1: JUANS2 (small blind) folded before Flop
Seat 2: tinkode22 (big blind) collected ($1)
Seat 3: coeeeelho folded before Flop (didn't bet)
Seat 4: J0SHB0SH folded before Flop (didn't bet)
Seat 5: z00mba (button) folded before Flop (didn't bet)



PokerStars Hand #254741547937:  Hold'em No Limit ($0.50/$1.00 USD) - 2025/02/06 23:07:13 WET [2025/02/06 18:07:13 ET]
Table 'Thoas II' 6-max Seat #1 is the button
Seat 6: Yigz708 ($100 in chips) is sitting out
Seat 1: JUANS2 ($100 in chips) 
Seat 2: tinkode22 ($38.80 in chips) 
Seat 3: coeeeelho ($100 in chips) 
Seat 4: J0SHB0SH ($108.06 in chips) 
Seat 5: z00mba ($100 in chips) 
tinkode22: posts small blind $0.50
coeeeelho: posts big blind $1
Yigz708: sits out 
*** HOLE CARDS ***
J0SHB0SH: folds 
z00mba: raises $1.50 to $2.50
JUANS2: folds 
tinkode22: calls $2
coeeeelho: folds 
*** FLOP *** [8h 5h 8c]
tinkode22: checks 
z00mba: checks 
*** TURN *** [8h 5h 8c] [Td]
tinkode22: bets $3
z00mba: calls $3
*** RIVER *** [8h 5h 8c Td] [5c]
tinkode22: bets $5
z00mba: calls $5
*** SHOW DOWN ***
tinkode22: shows [9c Qd] (two pair, Eights and Fives)
z00mba: shows [Qh Ad] (two pair, Eights and Fives - Ace kicker)
z00mba collected $20.90 from pot
*** SUMMARY ***
Total pot $22 | Rake $1.10 
Board [8h 5h 8c Td 5c]
Seat 6: Yigz708
Seat 1: JUANS2 (button) folded before Flop (didn't bet)
Seat 2: tinkode22 (small blind) showed [9c Qd] and lost with two pair, Eights and Fives
Seat 3: coeeeelho (big blind) folded before Flop
Seat 4: J0SHB0SH folded before Flop (didn't bet)
Seat 5: z00mba showed [Qh Ad] and won ($20.90) with two pair, Eights and Fives



PokerStars Hand #254741561532:  Hold'em No Limit ($0.50/$1.00 USD) - 2025/02/06 23:08:06 WET [2025/02/06 18:08:06 ET]
Table 'Thoas II' 6-max Seat #2 is the button
Seat 6: Yigz708 ($100 in chips) is sitting out
Seat 1: JUANS2 ($100 in chips) 
Seat 2: tinkode22 ($28.30 in chips) 
Seat 3: coeeeelho ($100 in chips) 
Seat 4: J0SHB0SH ($108.06 in chips) 
Seat 5: z00mba ($110.40 in chips) 
coeeeelho: posts small blind $0.50
J0SHB0SH: posts big blind $1
Yigz708: sits out 
*** HOLE CARDS ***
z00mba: folds 
JUANS2: folds 
tinkode22: calls $1
coeeeelho: raises $3.20 to $4.20
J0SHB0SH: folds 
tinkode22: calls $3.20
*** FLOP *** [Jc 6h 6c]
coeeeelho: bets $2.23
tinkode22: folds 
Uncalled bet ($2.23) returned to coeeeelho
coeeeelho collected $8.93 from pot
*** SUMMARY ***
Total pot $9.40 | Rake $0.47 
Board [Jc 6h 6c]
Seat 6: Yigz708
Seat 1: JUANS2 folded before Flop (didn't bet)
Seat 2: tinkode22 (button) folded on the Flop
Seat 3: coeeeelho (small blind) collected ($8.93)
Seat 4: J0SHB0SH (big blind) folded before Flop
Seat 5: z00mba folded before Flop (didn't bet)



PokerStars Hand #254741575559:  Hold'em No Limit ($0.50/$1.00 USD) - 2025/02/06 23:09:00 WET [2025/02/06 18:09:00 ET]
Table 'Thoas II' 6-max Seat #3 is the button
Seat 6: Yigz708 ($100 in chips) is sitting out
Seat 1: JUANS2 ($100 in chips) 
Seat 2: tinkode22 ($24.10 in chips) 
Seat 3: coeeeelho ($104.73 in chips) 
Seat 4: J0SHB0SH ($107.06 in chips) 
Seat 5: z00mba ($110.40 in chips) 
J0SHB0SH: posts small blind $0.50
z00mba: posts big blind $1
Yigz708: sits out 
*** HOLE CARDS ***
JUANS2: folds 
tinkode22: calls $1
coeeeelho: raises $3.20 to $4.20
J0SHB0SH: folds 
z00mba: folds 
tinkode22: raises $19.90 to $24.10 and is all-in
coeeeelho: folds 
Uncalled bet ($19.90) returned to tinkode22
tinkode22 collected $9.90 from pot
*** SUMMARY ***
Total pot $9.90 | Rake $0 
Seat 6: Yigz708
Seat 1: JUANS2 folded before Flop (didn't bet)
Seat 2: tinkode22 collected ($9.90)
Seat 3: coeeeelho (button) folded before Flop
Seat 4: J0SHB0SH (small blind) folded before Flop
Seat 5: z00mba (big blind) folded before Flop



PokerStars Hand #254741583325:  Hold'em No Limit ($0.50/$1.00 USD) - 2025/02/06 23:09:30 WET [2025/02/06 18:09:30 ET]
Table 'Thoas II' 6-max Seat #4 is the button
Seat 1: JUANS2 ($100 in chips) 
Seat 2: tinkode22 ($29.80 in chips) 
Seat 3: coeeeelho ($100.53 in chips) 
Seat 4: J0SHB0SH ($106.56 in chips) 
Seat 5: z00mba ($109.40 in chips) 
Seat 6: Yigz708 ($100 in chips) 
z00mba: posts small blind $0.50
Yigz708: posts big blind $1
*** HOLE CARDS ***
JUANS2: folds 
tinkode22: folds 
coeeeelho: folds 
J0SHB0SH: folds 
z00mba: raises $2 to $3
Yigz708: calls $2
*** FLOP *** [8s 7h Kc]
z00mba: checks 
Yigz708: bets $2.85
z00mba: folds 
Uncalled bet ($2.85) returned to Yigz708
Yigz708 collected $5.70 from pot
Yigz708: doesn't show hand 
*** SUMMARY ***
Total pot $6 | Rake $0.30 
Board [8s 7h Kc]
Seat 1: JUANS2 folded before Flop (didn't bet)
Seat 2: tinkode22 folded before Flop (didn't bet)
Seat 3: coeeeelho folded before Flop (didn't bet)
Seat 4: J0SHB0SH (button) folded before Flop (didn't bet)
Seat 5: z00mba (small blind) folded on the Flop
Seat 6: Yigz708 (big blind) collected ($5.70)



PokerStars Hand #254741595817:  Hold'em No Limit ($0.50/$1.00 USD) - 2025/02/06 23:10:18 WET [2025/02/06 18:10:18 ET]
Table 'Thoas II' 6-max Seat #5 is the button
Seat 1: JUANS2 ($100 in chips) 
Seat 2: tinkode22 ($29.80 in chips) 
Seat 3: coeeeelho ($100.53 in chips) 
Seat 4: J0SHB0SH ($106.56 in chips) 
Seat 5: z00mba ($106.40 in chips) 
Seat 6: Yigz708 ($102.70 in chips) 
Yigz708: posts small blind $0.50
JUANS2: posts big blind $1
*** HOLE CARDS ***
tinkode22: calls $1
coeeeelho: folds 
J0SHB0SH: folds 
z00mba: folds 
Yigz708: raises $2 to $3
JUANS2: calls $2
tinkode22: calls $2
*** FLOP *** [As 3c 9s]
Yigz708: checks 
JUANS2: checks 
tinkode22: checks 
*** TURN *** [As 3c 9s] [Td]
Yigz708: checks 
JUANS2: bets $2.82
tinkode22: raises $7.10 to $9.92
Yigz708: folds 
JUANS2: folds 
Uncalled bet ($7.10) returned to tinkode22
tinkode22 collected $13.91 from pot
*** SUMMARY ***
Total pot $14.64 | Rake $0.73 
Board [As 3c 9s Td]
Seat 1: JUANS2 (big blind) folded on the Turn
Seat 2: tinkode22 collected ($13.91)
Seat 3: coeeeelho folded before Flop (didn't bet)
Seat 4: J0SHB0SH folded before Flop (didn't bet)
Seat 5: z00mba (button) folded before Flop (didn't bet)
Seat 6: Yigz708 (small blind) folded on the Turn



PokerStars Hand #254741615411:  Hold'em No Limit ($0.50/$1.00 USD) - 2025/02/06 23:11:33 WET [2025/02/06 18:11:33 ET]
Table 'Thoas II' 6-max Seat #6 is the button
Seat 1: JUANS2 ($100 in chips) 
Seat 2: tinkode22 ($37.89 in chips) 
Seat 3: coeeeelho ($100.53 in chips) 
Seat 4: J0SHB0SH ($106.56 in chips) 
Seat 5: z00mba ($106.40 in chips) 
Seat 6: Yigz708 ($99.70 in chips) 
JUANS2: posts small blind $0.50
tinkode22: posts big blind $1
*** HOLE CARDS ***
coeeeelho: folds 
J0SHB0SH: folds 
z00mba: folds 
Yigz708: folds 
JUANS2: calls $0.50
tinkode22: checks 
*** FLOP *** [6c Ah Js]
JUANS2: bets $1
tinkode22: calls $1
*** TURN *** [6c Ah Js] [9c]
JUANS2: bets $5.32
tinkode22: folds 
Uncalled bet ($5.32) returned to JUANS2
JUANS2 collected $3.80 from pot
JUANS2: doesn't show hand 
*** SUMMARY ***
Total pot $4 | Rake $0.20 
Board [6c Ah Js 9c]
Seat 1: JUANS2 (small blind) collected ($3.80)
Seat 2: tinkode22 (big blind) folded on the Turn
Seat 3: coeeeelho folded before Flop (didn't bet)
Seat 4: J0SHB0SH folded before Flop (didn't bet)
Seat 5: z00mba folded before Flop (didn't bet)
Seat 6: Yigz708 (button) folded before Flop (didn't bet)



PokerStars Hand #254741627399:  Hold'em No Limit ($0.50/$1.00 USD) - 2025/02/06 23:12:20 WET [2025/02/06 18:12:20 ET]
Table 'Thoas II' 6-max Seat #1 is the button
Seat 1: JUANS2 ($101.80 in chips) 
Seat 2: tinkode22 ($35.89 in chips) 
Seat 3: coeeeelho ($100.53 in chips) 
Seat 4: J0SHB0SH ($106.56 in chips) 
Seat 5: z00mba ($106.40 in chips) 
Seat 6: Yigz708 ($99.70 in chips) 
tinkode22: posts small blind $0.50
coeeeelho: posts big blind $1
*** HOLE CARDS ***
J0SHB0SH: folds 
z00mba: folds 
Yigz708: raises $2 to $3
JUANS2: folds 
tinkode22: folds 
coeeeelho: folds 
Uncalled bet ($2) returned to Yigz708
Yigz708 collected $2.50 from pot
Yigz708: doesn't show hand 
*** SUMMARY ***
Total pot $2.50 | Rake $0 
Seat 1: JUANS2 (button) folded before Flop (didn't bet)
Seat 2: tinkode22 (small blind) folded before Flop
Seat 3: coeeeelho (big blind) folded before Flop
Seat 4: J0SHB0SH folded before Flop (didn't bet)
Seat 5: z00mba folded before Flop (didn't bet)
Seat 6: Yigz708 collected ($2.50)



PokerStars Hand #254741630800:  Hold'em No Limit ($0.50/$1.00 USD) - 2025/02/06 23:12:33 WET [2025/02/06 18:12:33 ET]
Table 'Thoas II' 6-max Seat #2 is the button
Seat 1: JUANS2 ($101.80 in chips) 
Seat 2: tinkode22 ($35.39 in chips) 
Seat 3: coeeeelho ($100 in chips) 
Seat 4: J0SHB0SH ($106.56 in chips) 
Seat 5: z00mba ($106.40 in chips) 
Seat 6: Yigz708 ($101.20 in chips) 
coeeeelho: posts small blind $0.50
J0SHB0SH: posts big blind $1
*** HOLE CARDS ***
z00mba: folds 
Yigz708: raises $2 to $3
JUANS2: folds 
tinkode22: calls $3
coeeeelho: folds 
J0SHB0SH: folds 
*** FLOP *** [5d 3d Kh]
Yigz708: bets $3.56
tinkode22: calls $3.56
*** TURN *** [5d 3d Kh] [9s]
Yigz708: bets $7
tinkode22: folds 
Uncalled bet ($7) returned to Yigz708
Yigz708 collected $13.89 from pot
Yigz708: doesn't show hand 
*** SUMMARY ***
Total pot $14.62 | Rake $0.73 
Board [5d 3d Kh 9s]
Seat 1: JUANS2 folded before Flop (didn't bet)
Seat 2: tinkode22 (button) folded on the Turn
Seat 3: coeeeelho (small blind) folded before Flop
Seat 4: J0SHB0SH (big blind) folded before Flop
Seat 5: z00mba folded before Flop (didn't bet)
Seat 6: Yigz708 collected ($13.89)



PokerStars Hand #254741641260:  Hold'em No Limit ($0.50/$1.00 USD) - 2025/02/06 23:13:14 WET [2025/02/06 18:13:14 ET]
Table 'Thoas II' 6-max Seat #3 is the button
Seat 1: JUANS2 ($101.80 in chips) 
Seat 2: tinkode22 ($28.83 in chips) 
Seat 3: coeeeelho ($100 in chips) 
Seat 4: J0SHB0SH ($105.56 in chips) 
Seat 5: z00mba ($106.40 in chips) 
Seat 6: Yigz708 ($108.53 in chips) 
J0SHB0SH: posts small blind $0.50
z00mba: posts big blind $1
*** HOLE CARDS ***
Yigz708: calls $1
JUANS2: folds 
tinkode22: calls $1
coeeeelho: folds 
J0SHB0SH: folds 
z00mba: checks 
*** FLOP *** [8h Kd 5c]
z00mba: checks 
Yigz708: checks 
tinkode22: checks 
*** TURN *** [8h Kd 5c] [Ts]
z00mba: checks 
Yigz708: checks 
tinkode22: bets $1
z00mba: folds 
Yigz708: folds 
Uncalled bet ($1) returned to tinkode22
tinkode22 collected $3.32 from pot
*** SUMMARY ***
Total pot $3.50 | Rake $0.18 
Board [8h Kd 5c Ts]
Seat 1: JUANS2 folded before Flop (didn't bet)
Seat 2: tinkode22 collected ($3.32)
Seat 3: coeeeelho (button) folded before Flop (didn't bet)
Seat 4: J0SHB0SH (small blind) folded before Flop
Seat 5: z00mba (big blind) folded on the Turn
Seat 6: Yigz708 folded on the Turn



PokerStars Hand #254741650303:  Hold'em No Limit ($0.50/$1.00 USD) - 2025/02/06 23:13:49 WET [2025/02/06 18:13:49 ET]
Table 'Thoas II' 6-max Seat #4 is the button
Seat 1: JUANS2 ($101.80 in chips) 
Seat 2: tinkode22 ($31.15 in chips) 
Seat 3: coeeeelho ($100 in chips) 
Seat 4: J0SHB0SH ($105.06 in chips) 
Seat 5: z00mba ($105.40 in chips) 
Seat 6: Yigz708 ($107.53 in chips) 
z00mba: posts small blind $0.50
Yigz708: posts big blind $1
*** HOLE CARDS ***
JUANS2: folds 
tinkode22: folds 
coeeeelho: folds 
J0SHB0SH: folds 
z00mba: raises $2 to $3
Yigz708: calls $2
*** FLOP *** [As 5s 3c]
z00mba: checks 
Yigz708: checks 
*** TURN *** [As 5s 3c] [8h]
z00mba: checks 
Yigz708: checks 
*** RIVER *** [As 5s 3c 8h] [6s]
z00mba: checks 
Yigz708: checks 
*** SHOW DOWN ***
z00mba: shows [Kh Ks] (a pair of Kings)
Yigz708: mucks hand 
z00mba collected $5.70 from pot
*** SUMMARY ***
Total pot $6 | Rake $0.30 
Board [As 5s 3c 8h 6s]
Seat 1: JUANS2 folded before Flop (didn't bet)
Seat 2: tinkode22 folded before Flop (didn't bet)
Seat 3: coeeeelho folded before Flop (didn't bet)
Seat 4: J0SHB0SH (button) folded before Flop (didn't bet)
Seat 5: z00mba (small blind) showed [Kh Ks] and won ($5.70) with a pair of Kings
Seat 6: Yigz708 (big blind) mucked



PokerStars Hand #254741660487:  Hold'em No Limit ($0.50/$1.00 USD) - 2025/02/06 23:14:28 WET [2025/02/06 18:14:28 ET]
Table 'Thoas II' 6-max Seat #5 is the button
Seat 1: JUANS2 ($101.80 in chips) 
Seat 2: tinkode22 ($31.15 in chips) 
Seat 3: coeeeelho ($100 in chips) 
Seat 4: J0SHB0SH ($105.06 in chips) 
Seat 5: z00mba ($108.10 in chips) 
Seat 6: Yigz708 ($104.53 in chips) 
Yigz708: posts small blind $0.50
JUANS2: posts big blind $1
*** HOLE CARDS ***
tinkode22: calls $1
coeeeelho: folds 
J0SHB0SH: folds 
z00mba: raises $2.50 to $3.50
Yigz708: folds 
JUANS2: folds 
tinkode22: calls $2.50
*** FLOP *** [Ts 6c 3c]
tinkode22: checks 
z00mba: checks 
*** TURN *** [Ts 6c 3c] [7c]
tinkode22: bets $1
z00mba: calls $1
*** RIVER *** [Ts 6c 3c 7c] [5s]
tinkode22: bets $9.98
z00mba: folds 
Uncalled bet ($9.98) returned to tinkode22
tinkode22 collected $9.98 from pot
*** SUMMARY ***
Total pot $10.50 | Rake $0.52 
Board [Ts 6c 3c 7c 5s]
Seat 1: JUANS2 (big blind) folded before Flop
Seat 2: tinkode22 collected ($9.98)
Seat 3: coeeeelho folded before Flop (didn't bet)
Seat 4: J0SHB0SH folded before Flop (didn't bet)
Seat 5: z00mba (button) folded on the River
Seat 6: Yigz708 (small blind) folded before Flop



PokerStars Hand #254741675672:  Hold'em No Limit ($0.50/$1.00 USD) - 2025/02/06 23:15:27 WET [2025/02/06 18:15:27 ET]
Table 'Thoas II' 6-max Seat #6 is the button
Seat 1: JUANS2 ($100.80 in chips) 
Seat 2: tinkode22 ($36.63 in chips) 
Seat 3: coeeeelho ($100 in chips) 
Seat 4: J0SHB0SH ($105.06 in chips) 
Seat 5: z00mba ($103.60 in chips) 
Seat 6: Yigz708 ($104.03 in chips) 
JUANS2: posts small blind $0.50
tinkode22: posts big blind $1
*** HOLE CARDS ***
coeeeelho: folds 
J0SHB0SH: folds 
z00mba: folds 
Yigz708: raises $1.50 to $2.50
JUANS2: folds 
tinkode22: folds 
Uncalled bet ($1.50) returned to Yigz708
Yigz708 collected $2.50 from pot
Yigz708: doesn't show hand 
*** SUMMARY ***
Total pot $2.50 | Rake $0 
Seat 1: JUANS2 (small blind) folded before Flop
Seat 2: tinkode22 (big blind) folded before Flop
Seat 3: coeeeelho folded before Flop (didn't bet)
Seat 4: J0SHB0SH folded before Flop (didn't bet)
Seat 5: z00mba folded before Flop (didn't bet)
Seat 6: Yigz708 (button) collected ($2.50)



PokerStars Hand #254741681419:  Hold'em No Limit ($0.50/$1.00 USD) - 2025/02/06 23:15:50 WET [2025/02/06 18:15:50 ET]
Table 'Thoas II' 6-max Seat #1 is the button
Seat 1: JUANS2 ($100.30 in chips) 
Seat 2: tinkode22 ($35.63 in chips) 
Seat 3: coeeeelho ($100 in chips) 
Seat 4: J0SHB0SH ($105.06 in chips) 
Seat 5: z00mba ($103.60 in chips) 
Seat 6: Yigz708 ($105.53 in chips) 
tinkode22: posts small blind $0.50
coeeeelho: posts big blind $1
*** HOLE CARDS ***
J0SHB0SH: folds 
z00mba: folds 
Yigz708: raises $1.50 to $2.50
JUANS2: folds 
tinkode22: folds 
coeeeelho: raises $9.50 to $12
Yigz708: folds 
Uncalled bet ($9.50) returned to coeeeelho
coeeeelho collected $5.50 from pot
*** SUMMARY ***
Total pot $5.50 | Rake $0 
Seat 1: JUANS2 (button) folded before Flop (didn't bet)
Seat 2: tinkode22 (small blind) folded before Flop
Seat 3: coeeeelho (big blind) collected ($5.50)
Seat 4: J0SHB0SH folded before Flop (didn't bet)
Seat 5: z00mba folded before Flop (didn't bet)
Seat 6: Yigz708 folded before Flop



PokerStars Hand #254741689479:  Hold'em No Limit ($0.50/$1.00 USD) - 2025/02/06 23:16:21 WET [2025/02/06 18:16:21 ET]
Table 'Thoas II' 6-max Seat #2 is the button
Seat 1: JUANS2 ($100.30 in chips) 
Seat 2: tinkode22 ($35.13 in chips) 
Seat 3: coeeeelho ($103 in chips) 
Seat 4: J0SHB0SH ($105.06 in chips) 
Seat 5: z00mba ($103.60 in chips) 
Seat 6: Yigz708 ($103.03 in chips) 
coeeeelho: posts small blind $0.50
J0SHB0SH: posts big blind $1
*** HOLE CARDS ***
z00mba: folds 
Yigz708: folds 
JUANS2: raises $1.50 to $2.50
tinkode22: calls $2.50
coeeeelho: folds 
J0SHB0SH: folds 
*** FLOP *** [9h Qd 4c]
Yigz708 leaves the table
JUANS2: bets $2.04
tinkode22: folds 
Uncalled bet ($2.04) returned to JUANS2
JUANS2 collected $6.18 from pot
JUANS2: doesn't show hand 
*** SUMMARY ***
Total pot $6.50 | Rake $0.32 
Board [9h Qd 4c]
Seat 1: JUANS2 collected ($6.18)
Seat 2: tinkode22 (button) folded on the Flop
Seat 3: coeeeelho (small blind) folded before Flop
Seat 4: J0SHB0SH (big blind) folded before Flop
Seat 5: z00mba folded before Flop (didn't bet)
Seat 6: Yigz708 folded before Flop (didn't bet)



PokerStars Hand #254741699955:  Hold'em No Limit ($0.50/$1.00 USD) - 2025/02/06 23:17:02 WET [2025/02/06 18:17:02 ET]
Table 'Thoas II' 6-max Seat #3 is the button
Seat 1: JUANS2 ($103.98 in chips) 
Seat 2: tinkode22 ($32.63 in chips) 
Seat 3: coeeeelho ($102.50 in chips) 
Seat 4: J0SHB0SH ($104.06 in chips) 
Seat 5: z00mba ($103.60 in chips) 
J0SHB0SH: posts small blind $0.50
z00mba: posts big blind $1
*** HOLE CARDS ***
JUANS2: folds 
tinkode22: calls $1
coeeeelho: folds 
J0SHB0SH: folds 
z00mba: checks 
*** FLOP *** [5c 2s Ac]
z00mba: checks 
tinkode22: checks 
*** TURN *** [5c 2s Ac] [2h]
z00mba: checks 
tinkode22: checks 
*** RIVER *** [5c 2s Ac 2h] [Ah]
z00mba: checks 
Seavus10 joins the table at seat #6 
tinkode22: bets $1
z00mba: calls $1
*** SHOW DOWN ***
tinkode22: shows [8s Th] (two pair, Aces and Deuces)
z00mba: shows [9s Jc] (two pair, Aces and Deuces - Jack kicker)
z00mba collected $4.28 from pot
*** SUMMARY ***
Total pot $4.50 | Rake $0.22 
Board [5c 2s Ac 2h Ah]
Seat 1: JUANS2 folded before Flop (didn't bet)
Seat 2: tinkode22 showed [8s Th] and lost with two pair, Aces and Deuces
Seat 3: coeeeelho (button) folded before Flop (didn't bet)
Seat 4: J0SHB0SH (small blind) folded before Flop
Seat 5: z00mba (big blind) showed [9s Jc] and won ($4.28) with two pair, Aces and Deuces



PokerStars Hand #254741711260:  Hold'em No Limit ($0.50/$1.00 USD) - 2025/02/06 23:17:46 WET [2025/02/06 18:17:46 ET]
Table 'Thoas II' 6-max Seat #4 is the button
Seat 1: JUANS2 ($103.98 in chips) 
Seat 2: tinkode22 ($30.63 in chips) 
Seat 3: coeeeelho ($102.50 in chips) 
Seat 4: J0SHB0SH ($103.56 in chips) 
Seat 5: z00mba ($105.88 in chips) 
Seat 6: Seavus10 ($100 in chips) 
z00mba: posts small blind $0.50
Seavus10: posts big blind $1
*** HOLE CARDS ***
JUANS2: raises $1.50 to $2.50
tinkode22: calls $2.50
coeeeelho: folds 
J0SHB0SH: calls $2.50
z00mba: folds 
Seavus10: calls $1.50
*** FLOP *** [7d 4h 7s]
Seavus10: checks 
JUANS2: checks 
tinkode22: checks 
J0SHB0SH: bets $3.29
Seavus10: folds 
JUANS2: folds 
tinkode22: raises $3.29 to $6.58
J0SHB0SH: calls $3.29
*** TURN *** [7d 4h 7s] [9s]
tinkode22: bets $21.55 and is all-in
J0SHB0SH: calls $21.55
*** RIVER *** [7d 4h 7s 9s] [5c]
*** SHOW DOWN ***
tinkode22: shows [9h Kc] (two pair, Nines and Sevens)
J0SHB0SH: shows [4s 4c] (a full house, Fours full of Sevens)
J0SHB0SH collected $64.26 from pot
tinkode22 cashed out the hand for $5.73 | Cash Out Fee $0.12
*** SUMMARY ***
Total pot $66.76 | Rake $2.50 
Board [7d 4h 7s 9s 5c]
Seat 1: JUANS2 folded on the Flop
Seat 2: tinkode22 showed [9h Kc] and lost with two pair, Nines and Sevens (cashed out).
Seat 3: coeeeelho folded before Flop (didn't bet)
Seat 4: J0SHB0SH (button) showed [4s 4c] and won ($64.26) with a full house, Fours full of Sevens
Seat 5: z00mba (small blind) folded before Flop
Seat 6: Seavus10 (big blind) folded on the Flop



PokerStars Hand #254741730481:  Hold'em No Limit ($0.50/$1.00 USD) - 2025/02/06 23:19:01 WET [2025/02/06 18:19:01 ET]
Table 'Thoas II' 6-max Seat #5 is the button
Seat 1: JUANS2 ($101.48 in chips) 
Seat 2: tinkode22 ($5.73 in chips) 
Seat 3: coeeeelho ($102.50 in chips) 
Seat 4: J0SHB0SH ($137.19 in chips) 
Seat 5: z00mba ($105.38 in chips) 
Seat 6: Seavus10 ($100 in chips) 
Seavus10: posts small blind $0.50
JUANS2: posts big blind $1
*** HOLE CARDS ***
tinkode22: folds 
coeeeelho: raises $1.20 to $2.20
J0SHB0SH: folds 
z00mba: folds 
Seavus10: folds 
JUANS2: folds 
Uncalled bet ($1.20) returned to coeeeelho
coeeeelho collected $2.50 from pot
*** SUMMARY ***
Total pot $2.50 | Rake $0 
Seat 1: JUANS2 (big blind) folded before Flop
Seat 2: tinkode22 folded before Flop (didn't bet)
Seat 3: coeeeelho collected ($2.50)
Seat 4: J0SHB0SH folded before Flop (didn't bet)
Seat 5: z00mba (button) folded before Flop (didn't bet)
Seat 6: Seavus10 (small blind) folded before Flop



PokerStars Hand #254741737564:  Hold'em No Limit ($0.50/$1.00 USD) - 2025/02/06 23:19:29 WET [2025/02/06 18:19:29 ET]
Table 'Thoas II' 6-max Seat #6 is the button
Seat 1: JUANS2 ($100.48 in chips) 
Seat 2: tinkode22 ($5.73 in chips) 
Seat 3: coeeeelho ($104 in chips) 
Seat 4: J0SHB0SH ($137.19 in chips) 
Seat 5: z00mba ($105.38 in chips) 
Seat 6: Seavus10 ($100 in chips) 
JUANS2: posts small blind $0.50
tinkode22: posts big blind $1
*** HOLE CARDS ***
coeeeelho: folds 
J0SHB0SH: folds 
z00mba: raises $1.50 to $2.50
Seavus10: folds 
JUANS2: folds 
tinkode22: calls $1.50
*** FLOP *** [4c Qc Jd]
tinkode22: checks 
z00mba: checks 
*** TURN *** [4c Qc Jd] [Js]
tinkode22: checks 
z00mba: checks 
*** RIVER *** [4c Qc Jd Js] [Tc]
tinkode22: checks 
z00mba: bets $3.97
tinkode22: folds 
Uncalled bet ($3.97) returned to z00mba
z00mba collected $5.22 from pot
z00mba: doesn't show hand 
*** SUMMARY ***
Total pot $5.50 | Rake $0.28 
Board [4c Qc Jd Js Tc]
Seat 1: JUANS2 (small blind) folded before Flop
Seat 2: tinkode22 (big blind) folded on the River
Seat 3: coeeeelho folded before Flop (didn't bet)
Seat 4: J0SHB0SH folded before Flop (didn't bet)
Seat 5: z00mba collected ($5.22)
Seat 6: Seavus10 (button) folded before Flop (didn't bet)



PokerStars Hand #254741748321:  Hold'em No Limit ($0.50/$1.00 USD) - 2025/02/06 23:20:12 WET [2025/02/06 18:20:12 ET]
Table 'Thoas II' 6-max Seat #1 is the button
Seat 1: JUANS2 ($100 in chips) 
Seat 2: tinkode22 ($3.23 in chips) 
Seat 3: coeeeelho ($104 in chips) 
Seat 4: J0SHB0SH ($137.19 in chips) 
Seat 5: z00mba ($108.10 in chips) 
Seat 6: Seavus10 ($100 in chips) 
tinkode22: posts small blind $0.50
coeeeelho: posts big blind $1
*** HOLE CARDS ***
J0SHB0SH: folds 
z00mba: raises $1.50 to $2.50
Seavus10: folds 
JUANS2: folds 
tinkode22: raises $0.73 to $3.23 and is all-in
coeeeelho: folds 
z00mba: calls $0.73
*** FLOP *** [Jd 9c Kc]
*** TURN *** [Jd 9c Kc] [5s]
*** RIVER *** [Jd 9c Kc 5s] [Th]
*** SHOW DOWN ***
tinkode22: shows [4d 3d] (high card King)
z00mba: shows [Ks Ad] (a pair of Kings)
z00mba collected $7.09 from pot
*** SUMMARY ***
Total pot $7.46 | Rake $0.37 
Board [Jd 9c Kc 5s Th]
Seat 1: JUANS2 (button) folded before Flop (didn't bet)
Seat 2: tinkode22 (small blind) showed [4d 3d] and lost with high card King
Seat 3: coeeeelho (big blind) folded before Flop
Seat 4: J0SHB0SH folded before Flop (didn't bet)
Seat 5: z00mba showed [Ks Ad] and won ($7.09) with a pair of Kings
Seat 6: Seavus10 folded before Flop (didn't bet)



PokerStars Hand #254741756214:  Hold'em No Limit ($0.50/$1.00 USD) - 2025/02/06 23:20:43 WET [2025/02/06 18:20:43 ET]
Table 'Thoas II' 6-max Seat #3 is the button
Seat 2: tinkode22 ($0 in chips) is sitting out
Seat 5: z00mba ($111.96 in chips) is sitting out
Seat 1: JUANS2 ($100 in chips) 
Seat 3: coeeeelho ($103 in chips) 
Seat 4: J0SHB0SH ($137.19 in chips) 
Seat 6: Seavus10 ($100 in chips) 
J0SHB0SH: posts small blind $0.50
z00mba: is sitting out 
Seavus10: posts big blind $1
*** HOLE CARDS ***
JUANS2: folds 
coeeeelho: raises $1.50 to $2.50
tinkode22 leaves the table
J0SHB0SH: raises $9.50 to $12
Seavus10: folds 
coeeeelho: folds 
Uncalled bet ($9.50) returned to J0SHB0SH
J0SHB0SH collected $6 from pot
J0SHB0SH: doesn't show hand 
*** SUMMARY ***
Total pot $6 | Rake $0 
Seat 2: tinkode22
Seat 5: z00mba
Seat 1: JUANS2 folded before Flop (didn't bet)
Seat 3: coeeeelho (button) folded before Flop
Seat 4: J0SHB0SH (small blind) collected ($6)
Seat 6: Seavus10 (big blind) folded before Flop



PokerStars Hand #254741764677:  Hold'em No Limit ($0.50/$1.00 USD) - 2025/02/06 23:21:16 WET [2025/02/06 18:21:16 ET]
Table 'Thoas II' 6-max Seat #4 is the button
Seat 1: JUANS2 ($100 in chips) is sitting out
Seat 5: z00mba ($111.96 in chips) is sitting out
Seat 3: coeeeelho ($100.50 in chips) 
Seat 4: J0SHB0SH ($140.69 in chips) 
Seat 6: Seavus10 ($100 in chips) 
Seavus10: posts small blind $0.50
JUANS2: is sitting out 
coeeeelho: posts big blind $1
*** HOLE CARDS ***
J0SHB0SH: folds 
Seavus10: folds 
Uncalled bet ($0.50) returned to coeeeelho
coeeeelho collected $1 from pot
*** SUMMARY ***
Total pot $1 | Rake $0 
Seat 1: JUANS2
Seat 5: z00mba
Seat 3: coeeeelho (big blind) collected ($1)
Seat 4: J0SHB0SH (button) folded before Flop (didn't bet)
Seat 6: Seavus10 (small blind) folded before Flop



PokerStars Hand #254741768213:  Hold'em No Limit ($0.50/$1.00 USD) - 2025/02/06 23:21:30 WET [2025/02/06 18:21:30 ET]
Table 'Thoas II' 6-max Seat #6 is the button
Seat 1: JUANS2 ($100 in chips) is sitting out
Seat 5: z00mba ($111.96 in chips) is sitting out
Seat 3: coeeeelho ($101 in chips) 
Seat 4: J0SHB0SH ($140.69 in chips) 
Seat 6: Seavus10 ($100 in chips) 
coeeeelho: posts small blind $0.50
J0SHB0SH: posts big blind $1
*** HOLE CARDS ***
Seavus10: raises $1.50 to $2.50
coeeeelho: raises $8.72 to $11.22
J0SHB0SH: folds 
JUANS2 leaves the table
Seavus10: folds 
Uncalled bet ($8.72) returned to coeeeelho
coeeeelho collected $6 from pot
*** SUMMARY ***
Total pot $6 | Rake $0 
Seat 1: JUANS2
Seat 5: z00mba
Seat 3: coeeeelho (small blind) collected ($6)
Seat 4: J0SHB0SH (big blind) folded before Flop
Seat 6: Seavus10 (button) folded before Flop



PokerStars Hand #254741774018:  Hold'em No Limit ($0.50/$1.00 USD) - 2025/02/06 23:21:52 WET [2025/02/06 18:21:52 ET]
Table 'Thoas II' 6-max Seat #3 is the button
Seat 5: z00mba ($111.96 in chips) is sitting out
Seat 3: coeeeelho ($104.50 in chips) 
Seat 4: J0SHB0SH ($139.69 in chips) 
Seat 6: Seavus10 ($100 in chips) 
J0SHB0SH: posts small blind $0.50
Seavus10: posts big blind $1
*** HOLE CARDS ***
coeeeelho: folds 
J0SHB0SH: raises $2 to $3
Seavus10: calls $2
*** FLOP *** [Jd Kh 4c]
J0SHB0SH: bets $3
Seavus10: folds 
Uncalled bet ($3) returned to J0SHB0SH
J0SHB0SH collected $5.70 from pot
J0SHB0SH: doesn't show hand 
*** SUMMARY ***
Total pot $6 | Rake $0.30 
Board [Jd Kh 4c]
Seat 5: z00mba
Seat 3: coeeeelho (button) folded before Flop (didn't bet)
Seat 4: J0SHB0SH (small blind) collected ($5.70)
Seat 6: Seavus10 (big blind) folded on the Flop



