PokerStars Hand #254730285719:  Hold'em No Limit ($0.50/$1.00 USD) - 2025/02/06 5:35:05 WET [2025/02/06 0:35:05 ET]
Table 'Laugier' 6-max Seat #1 is the button
Seat 1: Rysiff ($100 in chips) 
Seat 2: B1GBankroll ($100 in chips) 
Seat 3: dontgiveabluff ($15.65 in chips) 
Seat 4: Burlica2013 ($101.36 in chips) 
Seat 5: 3EPH ($101.50 in chips) 
Seat 6: steelNike ($14.95 in chips) 
B1GBankroll: posts small blind $0.50
dontgiveabluff: posts big blind $1
*** HOLE CARDS ***
Burlica2013: folds 
3EPH: raises $1 to $2
steelNike: folds 
Rysiff: folds 
B1GBankroll: folds 
dontgiveabluff: calls $1
*** FLOP *** [Jh Jc 7h]
dontgiveabluff: checks 
3EPH: checks 
*** TURN *** [Jh Jc 7h] [9h]
dontgiveabluff: checks 
3EPH: checks 
*** RIVER *** [Jh Jc 7h 9h] [Qh]
dontgiveabluff: checks 
3EPH: checks 
*** SHOW DOWN ***
dontgiveabluff: shows [Ac 5h] (a flush, Queen high)
3EPH: mucks hand 
dontgiveabluff collected $4.28 from pot
*** SUMMARY ***
Total pot $4.50 | Rake $0.22 
Board [Jh Jc 7h 9h Qh]
Seat 1: Rysiff (button) folded before Flop (didn't bet)
Seat 2: B1GBankroll (small blind) folded before Flop
Seat 3: dontgiveabluff (big blind) showed [Ac 5h] and won ($4.28) with a flush, Queen high
Seat 4: Burlica2013 folded before Flop (didn't bet)
Seat 5: 3EPH mucked
Seat 6: steelNike folded before Flop (didn't bet)



PokerStars Hand #254730288146:  Hold'em No Limit ($0.50/$1.00 USD) - 2025/02/06 5:35:35 WET [2025/02/06 0:35:35 ET]
Table 'Laugier' 6-max Seat #2 is the button
Seat 1: Rysiff ($100 in chips) 
Seat 2: B1GBankroll ($100 in chips) 
Seat 3: dontgiveabluff ($17.93 in chips) 
Seat 4: Burlica2013 ($101.36 in chips) 
Seat 5: 3EPH ($100 in chips) 
Seat 6: steelNike ($14.95 in chips) 
dontgiveabluff: posts small blind $0.50
Burlica2013: posts big blind $1
*** HOLE CARDS ***
3EPH: raises $1 to $2
steelNike: folds 
Rysiff: raises $5 to $7
B1GBankroll: folds 
dontgiveabluff: folds 
Burlica2013: folds 
3EPH: folds 
Uncalled bet ($5) returned to Rysiff
Rysiff collected $5.50 from pot
Rysiff: doesn't show hand 
*** SUMMARY ***
Total pot $5.50 | Rake $0 
Seat 1: Rysiff collected ($5.50)
Seat 2: B1GBankroll (button) folded before Flop (didn't bet)
Seat 3: dontgiveabluff (small blind) folded before Flop
Seat 4: Burlica2013 (big blind) folded before Flop
Seat 5: 3EPH folded before Flop
Seat 6: steelNike folded before Flop (didn't bet)



PokerStars Hand #254730290079:  Hold'em No Limit ($0.50/$1.00 USD) - 2025/02/06 5:35:59 WET [2025/02/06 0:35:59 ET]
Table 'Laugier' 6-max Seat #3 is the button
Seat 5: 3EPH ($100 in chips) is sitting out
Seat 1: Rysiff ($103.50 in chips) 
Seat 2: B1GBankroll ($100 in chips) 
Seat 3: dontgiveabluff ($17.43 in chips) 
Seat 4: Burlica2013 ($100.36 in chips) 
Seat 6: steelNike ($14.95 in chips) 
Burlica2013: posts small blind $0.50
3EPH: is sitting out 
steelNike: posts big blind $1
*** HOLE CARDS ***
Rysiff: folds 
3EPH leaves the table
B1GBankroll: folds 
dontgiveabluff: calls $1
nastja336 joins the table at seat #5 
Burlica2013: calls $0.50
steelNike: raises $3 to $4
dontgiveabluff: folds 
Burlica2013: folds 
Uncalled bet ($3) returned to steelNike
steelNike collected $3 from pot
*** SUMMARY ***
Total pot $3 | Rake $0 
Seat 5: 3EPH
Seat 1: Rysiff folded before Flop (didn't bet)
Seat 2: B1GBankroll folded before Flop (didn't bet)
Seat 3: dontgiveabluff (button) folded before Flop
Seat 4: Burlica2013 (small blind) folded before Flop
Seat 6: steelNike (big blind) collected ($3)



PokerStars Hand #254730293218:  Hold'em No Limit ($0.50/$1.00 USD) - 2025/02/06 5:36:38 WET [2025/02/06 0:36:38 ET]
Table 'Laugier' 6-max Seat #4 is the button
Seat 5: nastja336 ($100 in chips) is sitting out
Seat 1: Rysiff ($103.50 in chips) 
Seat 2: B1GBankroll ($100 in chips) 
Seat 3: dontgiveabluff ($16.43 in chips) 
Seat 4: Burlica2013 ($100 in chips) 
Seat 6: steelNike ($16.95 in chips) 
steelNike: posts small blind $0.50
Rysiff: posts big blind $1
*** HOLE CARDS ***
B1GBankroll: folds 
dontgiveabluff has timed out
dontgiveabluff: folds 
Burlica2013: raises $1.45 to $2.45
steelNike: folds 
Rysiff: folds 
Uncalled bet ($1.45) returned to Burlica2013
Burlica2013 collected $2.50 from pot
Burlica2013: doesn't show hand 
*** SUMMARY ***
Total pot $2.50 | Rake $0 
Seat 5: nastja336
Seat 1: Rysiff (big blind) folded before Flop
Seat 2: B1GBankroll folded before Flop (didn't bet)
Seat 3: dontgiveabluff folded before Flop (didn't bet)
Seat 4: Burlica2013 (button) collected ($2.50)
Seat 6: steelNike (small blind) folded before Flop



PokerStars Hand #254730296106:  Hold'em No Limit ($0.50/$1.00 USD) - 2025/02/06 5:37:14 WET [2025/02/06 0:37:14 ET]
Table 'Laugier' 6-max Seat #6 is the button
Seat 3: dontgiveabluff ($16.43 in chips) is sitting out
Seat 5: nastja336 ($100 in chips) is sitting out
Seat 1: Rysiff ($102.50 in chips) 
Seat 2: B1GBankroll ($100 in chips) 
Seat 4: Burlica2013 ($101.50 in chips) 
Seat 6: steelNike ($16.45 in chips) 
Rysiff: posts small blind $0.50
B1GBankroll: posts big blind $1
nastja336: sits out 
*** HOLE CARDS ***
Burlica2013: raises $1.25 to $2.25
steelNike: folds 
Rysiff: folds 
B1GBankroll: folds 
Uncalled bet ($1.25) returned to Burlica2013
Burlica2013 collected $2.50 from pot
Burlica2013: doesn't show hand 
*** SUMMARY ***
Total pot $2.50 | Rake $0 
Seat 3: dontgiveabluff
Seat 5: nastja336
Seat 1: Rysiff (small blind) folded before Flop
Seat 2: B1GBankroll (big blind) folded before Flop
Seat 4: Burlica2013 collected ($2.50)
Seat 6: steelNike (button) folded before Flop (didn't bet)



PokerStars Hand #254730297830:  Hold'em No Limit ($0.50/$1.00 USD) - 2025/02/06 5:37:34 WET [2025/02/06 0:37:34 ET]
Table 'Laugier' 6-max Seat #1 is the button
Seat 5: nastja336 ($100 in chips) is sitting out
Seat 1: Rysiff ($102 in chips) 
Seat 2: B1GBankroll ($100 in chips) 
Seat 3: dontgiveabluff ($16.43 in chips) 
Seat 4: Burlica2013 ($103 in chips) 
Seat 6: steelNike ($16.45 in chips) 
B1GBankroll: posts small blind $0.50
dontgiveabluff: posts big blind $1
nastja336: sits out 
*** HOLE CARDS ***
Burlica2013: raises $1.20 to $2.20
steelNike: folds 
Rysiff: folds 
B1GBankroll: folds 
dontgiveabluff: folds 
Uncalled bet ($1.20) returned to Burlica2013
Burlica2013 collected $2.50 from pot
Burlica2013: doesn't show hand 
*** SUMMARY ***
Total pot $2.50 | Rake $0 
Seat 5: nastja336
Seat 1: Rysiff (button) folded before Flop (didn't bet)
Seat 2: B1GBankroll (small blind) folded before Flop
Seat 3: dontgiveabluff (big blind) folded before Flop
Seat 4: Burlica2013 collected ($2.50)
Seat 6: steelNike folded before Flop (didn't bet)



PokerStars Hand #254730298957:  Hold'em No Limit ($0.50/$1.00 USD) - 2025/02/06 5:37:48 WET [2025/02/06 0:37:48 ET]
Table 'Laugier' 6-max Seat #2 is the button
Seat 5: nastja336 ($100 in chips) is sitting out
Seat 1: Rysiff ($102 in chips) 
Seat 2: B1GBankroll ($100 in chips) 
Seat 3: dontgiveabluff ($15.43 in chips) 
Seat 4: Burlica2013 ($104.50 in chips) 
Seat 6: steelNike ($16.45 in chips) 
dontgiveabluff: posts small blind $0.50
Burlica2013: posts big blind $1
nastja336: sits out 
*** HOLE CARDS ***
steelNike: raises $1 to $2
Rysiff: folds 
B1GBankroll: folds 
dontgiveabluff: folds 
Burlica2013: raises $102.50 to $104.50 and is all-in
steelNike: folds 
Uncalled bet ($102.50) returned to Burlica2013
Burlica2013 collected $4.50 from pot
Burlica2013: doesn't show hand 
*** SUMMARY ***
Total pot $4.50 | Rake $0 
Seat 5: nastja336
Seat 1: Rysiff folded before Flop (didn't bet)
Seat 2: B1GBankroll (button) folded before Flop (didn't bet)
Seat 3: dontgiveabluff (small blind) folded before Flop
Seat 4: Burlica2013 (big blind) collected ($4.50)
Seat 6: steelNike folded before Flop



PokerStars Hand #254730300785:  Hold'em No Limit ($0.50/$1.00 USD) - 2025/02/06 5:38:11 WET [2025/02/06 0:38:11 ET]
Table 'Laugier' 6-max Seat #3 is the button
Seat 1: Rysiff ($102 in chips) 
Seat 2: B1GBankroll ($100 in chips) 
Seat 3: dontgiveabluff ($14.93 in chips) 
Seat 4: Burlica2013 ($107 in chips) 
Seat 5: nastja336 ($100 in chips) 
Seat 6: steelNike ($14.45 in chips) 
Burlica2013: posts small blind $0.50
nastja336: posts big blind $1
*** HOLE CARDS ***
steelNike: folds 
Rysiff: folds 
B1GBankroll: folds 
dontgiveabluff: folds 
Burlica2013: raises $2 to $3
nastja336: folds 
Uncalled bet ($2) returned to Burlica2013
Burlica2013 collected $2 from pot
Burlica2013: doesn't show hand 
*** SUMMARY ***
Total pot $2 | Rake $0 
Seat 1: Rysiff folded before Flop (didn't bet)
Seat 2: B1GBankroll folded before Flop (didn't bet)
Seat 3: dontgiveabluff (button) folded before Flop (didn't bet)
Seat 4: Burlica2013 (small blind) collected ($2)
Seat 5: nastja336 (big blind) folded before Flop
Seat 6: steelNike folded before Flop (didn't bet)



PokerStars Hand #254730302995:  Hold'em No Limit ($0.50/$1.00 USD) - 2025/02/06 5:38:38 WET [2025/02/06 0:38:38 ET]
Table 'Laugier' 6-max Seat #4 is the button
Seat 1: Rysiff ($102 in chips) 
Seat 2: B1GBankroll ($100 in chips) 
Seat 3: dontgiveabluff ($14.93 in chips) 
Seat 4: Burlica2013 ($108 in chips) 
Seat 5: nastja336 ($100 in chips) 
Seat 6: steelNike ($14.45 in chips) 
nastja336: posts small blind $0.50
steelNike: posts big blind $1
*** HOLE CARDS ***
Rysiff: folds 
B1GBankroll: folds 
dontgiveabluff: folds 
Burlica2013: raises $1.45 to $2.45
nastja336: raises $9.55 to $12
steelNike: folds 
Burlica2013: folds 
Uncalled bet ($9.55) returned to nastja336
nastja336 collected $5.90 from pot
nastja336: doesn't show hand 
*** SUMMARY ***
Total pot $5.90 | Rake $0 
Seat 1: Rysiff folded before Flop (didn't bet)
Seat 2: B1GBankroll folded before Flop (didn't bet)
Seat 3: dontgiveabluff folded before Flop (didn't bet)
Seat 4: Burlica2013 (button) folded before Flop
Seat 5: nastja336 (small blind) collected ($5.90)
Seat 6: steelNike (big blind) folded before Flop



PokerStars Hand #254730305640:  Hold'em No Limit ($0.50/$1.00 USD) - 2025/02/06 5:39:10 WET [2025/02/06 0:39:10 ET]
Table 'Laugier' 6-max Seat #5 is the button
Seat 1: Rysiff ($102 in chips) 
Seat 2: B1GBankroll ($100 in chips) 
Seat 3: dontgiveabluff ($14.93 in chips) 
Seat 4: Burlica2013 ($105.55 in chips) 
Seat 5: nastja336 ($103.45 in chips) 
Seat 6: steelNike ($13.45 in chips) 
steelNike: posts small blind $0.50
Rysiff: posts big blind $1
*** HOLE CARDS ***
B1GBankroll: raises $1.50 to $2.50
dontgiveabluff: calls $2.50
Burlica2013: folds 
nastja336: folds 
steelNike: folds 
Rysiff: folds 
*** FLOP *** [Qh 7c 5s]
B1GBankroll: checks 
dontgiveabluff: bets $6.18
B1GBankroll: raises $9.08 to $15.26
dontgiveabluff: calls $6.25 and is all-in
Uncalled bet ($2.83) returned to B1GBankroll
*** TURN *** [Qh 7c 5s] [Ts]
*** RIVER *** [Qh 7c 5s Ts] [Jh]
*** SHOW DOWN ***
B1GBankroll: shows [Qs Qc] (three of a kind, Queens)
dontgiveabluff: shows [Jc Js] (three of a kind, Jacks)
B1GBankroll collected $29.79 from pot
*** SUMMARY ***
Total pot $31.36 | Rake $1.57 
Board [Qh 7c 5s Ts Jh]
Seat 1: Rysiff (big blind) folded before Flop
Seat 2: B1GBankroll showed [Qs Qc] and won ($29.79) with three of a kind, Queens
Seat 3: dontgiveabluff showed [Jc Js] and lost with three of a kind, Jacks
Seat 4: Burlica2013 folded before Flop (didn't bet)
Seat 5: nastja336 (button) folded before Flop (didn't bet)
Seat 6: steelNike (small blind) folded before Flop



PokerStars Hand #254730309116:  Hold'em No Limit ($0.50/$1.00 USD) - 2025/02/06 5:39:53 WET [2025/02/06 0:39:53 ET]
Table 'Laugier' 6-max Seat #6 is the button
Seat 3: dontgiveabluff ($0 in chips) is sitting out
Seat 5: nastja336 ($103.45 in chips) is sitting out
Seat 1: Rysiff ($101 in chips) 
Seat 2: B1GBankroll ($114.86 in chips) 
Seat 4: Burlica2013 ($105.55 in chips) 
Seat 6: steelNike ($12.95 in chips) 
Rysiff: posts small blind $0.50
B1GBankroll: posts big blind $1
*** HOLE CARDS ***
Burlica2013: folds 
steelNike: folds 
Rysiff: raises $2 to $3
nastja336 leaves the table
B1GBankroll: folds 
Uncalled bet ($2) returned to Rysiff
Rysiff collected $2 from pot
Rysiff: doesn't show hand 
*** SUMMARY ***
Total pot $2 | Rake $0 
Seat 3: dontgiveabluff
Seat 5: nastja336
Seat 1: Rysiff (small blind) collected ($2)
Seat 2: B1GBankroll (big blind) folded before Flop
Seat 4: Burlica2013 folded before Flop (didn't bet)
Seat 6: steelNike (button) folded before Flop (didn't bet)



PokerStars Hand #254730311384:  Hold'em No Limit ($0.50/$1.00 USD) - 2025/02/06 5:40:21 WET [2025/02/06 0:40:21 ET]
Table 'Laugier' 6-max Seat #1 is the button
Seat 3: dontgiveabluff ($0 in chips) is sitting out
Seat 1: Rysiff ($102 in chips) 
Seat 2: B1GBankroll ($113.86 in chips) 
Seat 4: Burlica2013 ($105.55 in chips) 
Seat 6: steelNike ($12.95 in chips) 
B1GBankroll: posts small blind $0.50
Burlica2013: posts big blind $1
*** HOLE CARDS ***
steelNike: raises $11.95 to $12.95 and is all-in
Rysiff: calls $12.95
B1GBankroll: folds 
Burlica2013: folds 
*** FLOP *** [4d 2h Kc]
dontgiveabluff is disconnected 
*** TURN *** [4d 2h Kc] [Tc]
*** RIVER *** [4d 2h Kc Tc] [4c]
*** SHOW DOWN ***
steelNike: shows [6c 6h] (two pair, Sixes and Fours)
Rysiff: shows [Ks Qs] (two pair, Kings and Fours)
Rysiff collected $26.40 from pot
*** SUMMARY ***
Total pot $27.40 | Rake $1 
Board [4d 2h Kc Tc 4c]
Seat 3: dontgiveabluff
Seat 1: Rysiff (button) showed [Ks Qs] and won ($26.40) with two pair, Kings and Fours
Seat 2: B1GBankroll (small blind) folded before Flop
Seat 4: Burlica2013 (big blind) folded before Flop
Seat 6: steelNike showed [6c 6h] and lost with two pair, Sixes and Fours



PokerStars Hand #254730313947:  Hold'em No Limit ($0.50/$1.00 USD) - 2025/02/06 5:40:52 WET [2025/02/06 0:40:52 ET]
Table 'Laugier' 6-max Seat #2 is the button
Seat 3: dontgiveabluff ($0 in chips) is sitting out
Seat 1: Rysiff ($115.45 in chips) 
Seat 2: B1GBankroll ($113.36 in chips) 
Seat 4: Burlica2013 ($104.55 in chips) 
Seat 6: steelNike ($10 in chips) 
Burlica2013: posts small blind $0.50
steelNike: posts big blind $1
*** HOLE CARDS ***
Rysiff: folds 
Rysiff leaves the table
B1GBankroll: folds 
Burlica2013: raises $2 to $3
steelNike: folds 
Uncalled bet ($2) returned to Burlica2013
Burlica2013 collected $2 from pot
Burlica2013: doesn't show hand 
*** SUMMARY ***
Total pot $2 | Rake $0 
Seat 3: dontgiveabluff
Seat 1: Rysiff folded before Flop (didn't bet)
Seat 2: B1GBankroll (button) folded before Flop (didn't bet)
Seat 4: Burlica2013 (small blind) collected ($2)
Seat 6: steelNike (big blind) folded before Flop



PokerStars Hand #254730314917:  Hold'em No Limit ($0.50/$1.00 USD) - 2025/02/06 5:41:04 WET [2025/02/06 0:41:04 ET]
Table 'Laugier' 6-max Seat #4 is the button
Seat 3: dontgiveabluff ($0 in chips) is sitting out
Seat 2: B1GBankroll ($113.36 in chips) 
Seat 4: Burlica2013 ($105.55 in chips) 
Seat 6: steelNike ($9 in chips) 
steelNike: posts small blind $0.50
B1GBankroll: posts big blind $1
*** HOLE CARDS ***
Burlica2013: raises $1.45 to $2.45
steelNike: raises $6.55 to $9 and is all-in
B1GBankroll: folds 
Burlica2013: calls $6.55
*** FLOP *** [9h Qc 9s]
*** TURN *** [9h Qc 9s] [6s]
*** RIVER *** [9h Qc 9s 6s] [Qh]
*** SHOW DOWN ***
steelNike: shows [As Qd] (a full house, Queens full of Nines)
Burlica2013: shows [8d 8c] (two pair, Queens and Nines)
steelNike collected $18.05 from pot
Burlica2013 cashed out the hand for $9.77 | Cash Out Fee $0.20
*** SUMMARY ***
Total pot $19 | Rake $0.95 
Board [9h Qc 9s 6s Qh]
Seat 3: dontgiveabluff
Seat 2: B1GBankroll (big blind) folded before Flop
Seat 4: Burlica2013 (button) showed [8d 8c] and lost with two pair, Queens and Nines (cashed out).
Seat 6: steelNike (small blind) showed [As Qd] and won ($18.05) with a full house, Queens full of Nines



PokerStars Hand #254730279792:  Hold'em No Limit ($0.50/$1.00 USD) - 2025/02/06 5:33:52 WET [2025/02/06 0:33:52 ET]
Table 'Laugier' 6-max Seat #4 is the button
Seat 1: Rysiff ($100 in chips) is sitting out
Seat 2: B1GBankroll ($100 in chips) 
Seat 3: dontgiveabluff ($16.65 in chips) 
Seat 4: Burlica2013 ($103.81 in chips) 
Seat 5: 3EPH ($100 in chips) 
Seat 6: steelNike ($10 in chips) 
3EPH: posts small blind $0.50
steelNike: posts big blind $1
Rysiff: sits out 
*** HOLE CARDS ***
B1GBankroll: folds 
dontgiveabluff: folds 
Burlica2013: raises $1.45 to $2.45
3EPH: folds 
steelNike: raises $7.55 to $10 and is all-in
Burlica2013: folds 
Uncalled bet ($7.55) returned to steelNike
steelNike collected $5.40 from pot
*** SUMMARY ***
Total pot $5.40 | Rake $0 
Seat 1: Rysiff
Seat 2: B1GBankroll folded before Flop (didn't bet)
Seat 3: dontgiveabluff folded before Flop (didn't bet)
Seat 4: Burlica2013 (button) folded before Flop
Seat 5: 3EPH (small blind) folded before Flop
Seat 6: steelNike (big blind) collected ($5.40)



PokerStars Hand #254730282290:  Hold'em No Limit ($0.50/$1.00 USD) - 2025/02/06 5:34:23 WET [2025/02/06 0:34:23 ET]
Table 'Laugier' 6-max Seat #5 is the button
Seat 1: Rysiff ($100 in chips) 
Seat 2: B1GBankroll ($100 in chips) 
Seat 3: dontgiveabluff ($16.65 in chips) 
Seat 4: Burlica2013 ($101.36 in chips) 
Seat 5: 3EPH ($100 in chips) 
Seat 6: steelNike ($12.95 in chips) 
steelNike: posts small blind $0.50
Rysiff: posts big blind $1
*** HOLE CARDS ***
B1GBankroll: folds 
dontgiveabluff: folds 
Burlica2013: folds 
3EPH: raises $1.50 to $2.50
steelNike: folds 
Rysiff: folds 
Uncalled bet ($1.50) returned to 3EPH
3EPH collected $2.50 from pot
3EPH: doesn't show hand 
*** SUMMARY ***
Total pot $2.50 | Rake $0 
Seat 1: Rysiff (big blind) folded before Flop
Seat 2: B1GBankroll folded before Flop (didn't bet)
Seat 3: dontgiveabluff folded before Flop (didn't bet)
Seat 4: Burlica2013 folded before Flop (didn't bet)
Seat 5: 3EPH (button) collected ($2.50)
Seat 6: steelNike (small blind) folded before Flop



PokerStars Hand #254730283525:  Hold'em No Limit ($0.50/$1.00 USD) - 2025/02/06 5:34:38 WET [2025/02/06 0:34:38 ET]
Table 'Laugier' 6-max Seat #6 is the button
Seat 1: Rysiff ($100 in chips) 
Seat 2: B1GBankroll ($100 in chips) 
Seat 3: dontgiveabluff ($16.65 in chips) 
Seat 4: Burlica2013 ($101.36 in chips) 
Seat 5: 3EPH ($101.50 in chips) 
Seat 6: steelNike ($12.45 in chips) 
Rysiff: posts small blind $0.50
B1GBankroll: posts big blind $1
*** HOLE CARDS ***
dontgiveabluff: calls $1
Burlica2013: folds 
3EPH: folds 
steelNike: raises $11.45 to $12.45 and is all-in
Rysiff: folds 
B1GBankroll: folds 
dontgiveabluff: folds 
Uncalled bet ($11.45) returned to steelNike
steelNike collected $3.50 from pot
*** SUMMARY ***
Total pot $3.50 | Rake $0 
Seat 1: Rysiff (small blind) folded before Flop
Seat 2: B1GBankroll (big blind) folded before Flop
Seat 3: dontgiveabluff folded before Flop
Seat 4: Burlica2013 folded before Flop (didn't bet)
Seat 5: 3EPH folded before Flop (didn't bet)
Seat 6: steelNike (button) collected ($3.50)



