PokerStars Hand #254744160850:  Hold'em No Limit ($0.50/$1.00 USD) - 2025/02/06 2:06:15 WET [2025/02/06 21:06:15 ET]
Table 'Siebohme' 6-max Seat #6 is the button
Seat 1: obg88 ($96.08 in chips) 
Seat 2: Espada Fish ($100 in chips) 
Seat 3: avlee1 ($101.50 in chips) 
Seat 4: B1GBankroll ($100.88 in chips) 
Seat 5: Tibibacsi ($100 in chips) 
Seat 6: pr0tecto ($100 in chips) 
obg88: posts small blind $0.50
Espada Fish: posts big blind $1
*** HOLE CARDS ***
avlee1: folds 
B1GBankroll: folds 
Tibibacsi: folds 
pr0tecto: folds 
obg88: calls $0.50
Espada Fish: raises $2.50 to $3.50
obg88: calls $2.50
*** FLOP *** [6d 3h Ah]
obg88: bets $3
Espada Fish: folds 
Uncalled bet ($3) returned to obg88
obg88 collected $6.65 from pot
*** SUMMARY ***
Total pot $7 | Rake $0.35 
Board [6d 3h Ah]
Seat 1: obg88 (small blind) collected ($6.65)
Seat 2: Espada Fish (big blind) folded on the Flop
Seat 3: avlee1 folded before Flop (didn't bet)
Seat 4: B1GBankroll folded before Flop (didn't bet)
Seat 5: Tibibacsi folded before Flop (didn't bet)
Seat 6: pr0tecto (button) folded before Flop (didn't bet)



PokerStars Hand #254744167069:  Hold'em No Limit ($0.50/$1.00 USD) - 2025/02/06 2:06:54 WET [2025/02/06 21:06:54 ET]
Table 'Siebohme' 6-max Seat #1 is the button
Seat 1: obg88 ($99.23 in chips) 
Seat 2: Espada Fish ($100 in chips) 
Seat 3: avlee1 ($101.50 in chips) 
Seat 4: B1GBankroll ($100.88 in chips) 
Seat 5: Tibibacsi ($100 in chips) 
Seat 6: pr0tecto ($100 in chips) 
Espada Fish: posts small blind $0.50
avlee1: posts big blind $1
*** HOLE CARDS ***
B1GBankroll: folds 
Tibibacsi: raises $1 to $2
pr0tecto: folds 
obg88: folds 
Espada Fish: folds 
avlee1: folds 
Uncalled bet ($1) returned to Tibibacsi
Tibibacsi collected $2.50 from pot
Tibibacsi: doesn't show hand 
*** SUMMARY ***
Total pot $2.50 | Rake $0 
Seat 1: obg88 (button) folded before Flop (didn't bet)
Seat 2: Espada Fish (small blind) folded before Flop
Seat 3: avlee1 (big blind) folded before Flop
Seat 4: B1GBankroll folded before Flop (didn't bet)
Seat 5: Tibibacsi collected ($2.50)
Seat 6: pr0tecto folded before Flop (didn't bet)



PokerStars Hand #254744169783:  Hold'em No Limit ($0.50/$1.00 USD) - 2025/02/06 2:07:11 WET [2025/02/06 21:07:11 ET]
Table 'Siebohme' 6-max Seat #2 is the button
Seat 1: obg88 ($99.23 in chips) 
Seat 2: Espada Fish ($100 in chips) 
Seat 3: avlee1 ($100.50 in chips) 
Seat 4: B1GBankroll ($100.88 in chips) 
Seat 5: Tibibacsi ($101.50 in chips) 
Seat 6: pr0tecto ($100 in chips) 
avlee1: posts small blind $0.50
B1GBankroll: posts big blind $1
*** HOLE CARDS ***
Tibibacsi: folds 
pr0tecto: raises $1.10 to $2.10
obg88: calls $2.10
Espada Fish: folds 
avlee1: folds 
B1GBankroll: folds 
*** FLOP *** [8s 7s Ah]
pr0tecto: checks 
obg88: bets $2
pr0tecto: raises $8 to $10
obg88: folds 
Uncalled bet ($8) returned to pr0tecto
pr0tecto collected $9.22 from pot
pr0tecto: doesn't show hand 
*** SUMMARY ***
Total pot $9.70 | Rake $0.48 
Board [8s 7s Ah]
Seat 1: obg88 folded on the Flop
Seat 2: Espada Fish (button) folded before Flop (didn't bet)
Seat 3: avlee1 (small blind) folded before Flop
Seat 4: B1GBankroll (big blind) folded before Flop
Seat 5: Tibibacsi folded before Flop (didn't bet)
Seat 6: pr0tecto collected ($9.22)



PokerStars Hand #254744177657:  Hold'em No Limit ($0.50/$1.00 USD) - 2025/02/06 2:08:01 WET [2025/02/06 21:08:01 ET]
Table 'Siebohme' 6-max Seat #3 is the button
Seat 1: obg88 ($95.13 in chips) 
Seat 2: Espada Fish ($100 in chips) 
Seat 3: avlee1 ($100 in chips) 
Seat 4: B1GBankroll ($100 in chips) 
Seat 5: Tibibacsi ($101.50 in chips) 
Seat 6: pr0tecto ($105.12 in chips) 
B1GBankroll: posts small blind $0.50
Tibibacsi: posts big blind $1
*** HOLE CARDS ***
pr0tecto: folds 
obg88: folds 
Espada Fish: raises $1.20 to $2.20
avlee1: folds 
B1GBankroll: folds 
Tibibacsi: folds 
Uncalled bet ($1.20) returned to Espada Fish
Espada Fish collected $2.50 from pot
Espada Fish: doesn't show hand 
*** SUMMARY ***
Total pot $2.50 | Rake $0 
Seat 1: obg88 folded before Flop (didn't bet)
Seat 2: Espada Fish collected ($2.50)
Seat 3: avlee1 (button) folded before Flop (didn't bet)
Seat 4: B1GBankroll (small blind) folded before Flop
Seat 5: Tibibacsi (big blind) folded before Flop
Seat 6: pr0tecto folded before Flop (didn't bet)



PokerStars Hand #254744179772:  Hold'em No Limit ($0.50/$1.00 USD) - 2025/02/06 2:08:14 WET [2025/02/06 21:08:14 ET]
Table 'Siebohme' 6-max Seat #4 is the button
Seat 1: obg88 ($95.13 in chips) 
Seat 2: Espada Fish ($101.50 in chips) 
Seat 3: avlee1 ($100 in chips) 
Seat 4: B1GBankroll ($100 in chips) 
Seat 5: Tibibacsi ($100.50 in chips) 
Seat 6: pr0tecto ($105.12 in chips) 
Tibibacsi: posts small blind $0.50
pr0tecto: posts big blind $1
*** HOLE CARDS ***
obg88: calls $1
Espada Fish: folds 
avlee1: raises $4 to $5
B1GBankroll: folds 
Tibibacsi: folds 
pr0tecto: folds 
obg88: calls $4
*** FLOP *** [5d 8s Js]
obg88: checks 
avlee1: bets $5.46
obg88: calls $5.46
*** TURN *** [5d 8s Js] [3h]
obg88: checks 
avlee1: bets $21.30
obg88: folds 
Uncalled bet ($21.30) returned to avlee1
avlee1 collected $21.30 from pot
avlee1: doesn't show hand 
*** SUMMARY ***
Total pot $22.42 | Rake $1.12 
Board [5d 8s Js 3h]
Seat 1: obg88 folded on the Turn
Seat 2: Espada Fish folded before Flop (didn't bet)
Seat 3: avlee1 collected ($21.30)
Seat 4: B1GBankroll (button) folded before Flop (didn't bet)
Seat 5: Tibibacsi (small blind) folded before Flop
Seat 6: pr0tecto (big blind) folded before Flop



PokerStars Hand #254744690314:  Hold'em No Limit ($0.50/$1.00 USD) - 2025/02/06 2:09:20 WET [2025/02/06 21:09:20 ET]
Table 'Siebohme' 6-max Seat #5 is the button
Seat 1: obg88 ($84.67 in chips) 
Seat 2: Espada Fish ($101.50 in chips) 
Seat 3: avlee1 ($110.84 in chips) 
Seat 4: B1GBankroll ($100 in chips) 
Seat 5: Tibibacsi ($100 in chips) 
Seat 6: pr0tecto ($104.12 in chips) 
pr0tecto: posts small blind $0.50
obg88: posts big blind $1
*** HOLE CARDS ***
Espada Fish: raises $1.20 to $2.20
avlee1: folds 
B1GBankroll: folds 
Tibibacsi: calls $2.20
pr0tecto: calls $1.70
obg88: calls $1.20
*** FLOP *** [5s Jh 3c]
pr0tecto: checks 
obg88: checks 
Espada Fish: checks 
Tibibacsi: bets $6.27
pr0tecto: folds 
obg88: calls $6.27
Espada Fish: folds 
*** TURN *** [5s Jh 3c] [7c]
obg88: checks 
Tibibacsi: checks 
*** RIVER *** [5s Jh 3c 7c] [Tc]
obg88: bets $7
Tibibacsi: calls $7
*** SHOW DOWN ***
obg88: shows [Kc Jd] (a pair of Jacks)
Tibibacsi: shows [Jc As] (a pair of Jacks - Ace kicker)
Tibibacsi collected $33.57 from pot
*** SUMMARY ***
Total pot $35.34 | Rake $1.77 
Board [5s Jh 3c 7c Tc]
Seat 1: obg88 (big blind) showed [Kc Jd] and lost with a pair of Jacks
Seat 2: Espada Fish folded on the Flop
Seat 3: avlee1 folded before Flop (didn't bet)
Seat 4: B1GBankroll folded before Flop (didn't bet)
Seat 5: Tibibacsi (button) showed [Jc As] and won ($33.57) with a pair of Jacks
Seat 6: pr0tecto (small blind) folded on the Flop



PokerStars Hand #254744705103:  Hold'em No Limit ($0.50/$1.00 USD) - 2025/02/06 2:10:54 WET [2025/02/06 21:10:54 ET]
Table 'Siebohme' 6-max Seat #6 is the button
Seat 1: obg88 ($69.20 in chips) 
Seat 2: Espada Fish ($100 in chips) 
Seat 3: avlee1 ($110.84 in chips) 
Seat 4: B1GBankroll ($100 in chips) 
Seat 5: Tibibacsi ($118.10 in chips) 
Seat 6: pr0tecto ($101.92 in chips) 
obg88: posts small blind $0.50
Espada Fish: posts big blind $1
*** HOLE CARDS ***
avlee1: folds 
B1GBankroll: raises $1.50 to $2.50
Tibibacsi: folds 
pr0tecto: folds 
obg88: calls $2
Espada Fish: calls $1.50
*** FLOP *** [Kc 3c Td]
obg88: checks 
Espada Fish: checks 
B1GBankroll: bets $6.34
obg88: calls $6.34
Espada Fish: folds 
*** TURN *** [Kc 3c Td] [Ks]
obg88: bets $25
B1GBankroll: raises $66.16 to $91.16 and is all-in
obg88: calls $35.36 and is all-in
Uncalled bet ($30.80) returned to B1GBankroll
*** RIVER *** [Kc 3c Td Ks] [8d]
*** SHOW DOWN ***
obg88: shows [Th Js] (two pair, Kings and Tens)
B1GBankroll: shows [Jh Kh] (three of a kind, Kings)
B1GBankroll collected $138.40 from pot
*** SUMMARY ***
Total pot $140.90 | Rake $2.50 
Board [Kc 3c Td Ks 8d]
Seat 1: obg88 (small blind) showed [Th Js] and lost with two pair, Kings and Tens
Seat 2: Espada Fish (big blind) folded on the Flop
Seat 3: avlee1 folded before Flop (didn't bet)
Seat 4: B1GBankroll showed [Jh Kh] and won ($138.40) with three of a kind, Kings
Seat 5: Tibibacsi folded before Flop (didn't bet)
Seat 6: pr0tecto (button) folded before Flop (didn't bet)



PokerStars Hand #254744716819:  Hold'em No Limit ($0.50/$1.00 USD) - 2025/02/06 2:12:09 WET [2025/02/06 21:12:09 ET]
Table 'Siebohme' 6-max Seat #2 is the button
Seat 1: obg88 ($0 in chips) is sitting out
Seat 2: Espada Fish ($100 in chips) 
Seat 3: avlee1 ($110.84 in chips) 
Seat 4: B1GBankroll ($169.20 in chips) 
Seat 5: Tibibacsi ($118.10 in chips) 
Seat 6: pr0tecto ($101.92 in chips) 
avlee1: posts small blind $0.50
B1GBankroll: posts big blind $1
*** HOLE CARDS ***
obg88 leaves the table
Tibibacsi: folds 
pr0tecto: folds 
Espada Fish: folds 
avlee1: folds 
Uncalled bet ($0.50) returned to B1GBankroll
B1GBankroll collected $1 from pot
B1GBankroll: doesn't show hand 
*** SUMMARY ***
Total pot $1 | Rake $0 
Seat 1: obg88
Seat 2: Espada Fish (button) folded before Flop (didn't bet)
Seat 3: avlee1 (small blind) folded before Flop
Seat 4: B1GBankroll (big blind) collected ($1)
Seat 5: Tibibacsi folded before Flop (didn't bet)
Seat 6: pr0tecto folded before Flop (didn't bet)



PokerStars Hand #254744719818:  Hold'em No Limit ($0.50/$1.00 USD) - 2025/02/06 2:12:28 WET [2025/02/06 21:12:28 ET]
Table 'Siebohme' 6-max Seat #3 is the button
Seat 2: Espada Fish ($100 in chips) 
Seat 3: avlee1 ($110.34 in chips) 
Seat 4: B1GBankroll ($169.70 in chips) 
Seat 5: Tibibacsi ($118.10 in chips) 
Seat 6: pr0tecto ($101.92 in chips) 
B1GBankroll: posts small blind $0.50
Tibibacsi: posts big blind $1
*** HOLE CARDS ***
pr0tecto: folds 
Espada Fish: folds 
pr0tecto leaves the table
avlee1: raises $1.50 to $2.50
B1GBankroll: folds 
Tibibacsi: folds 
Uncalled bet ($1.50) returned to avlee1
avlee1 collected $2.50 from pot
avlee1: doesn't show hand 
*** SUMMARY ***
Total pot $2.50 | Rake $0 
Seat 2: Espada Fish folded before Flop (didn't bet)
Seat 3: avlee1 (button) collected ($2.50)
Seat 4: B1GBankroll (small blind) folded before Flop
Seat 5: Tibibacsi (big blind) folded before Flop
Seat 6: pr0tecto folded before Flop (didn't bet)



PokerStars Hand #254744721568:  Hold'em No Limit ($0.50/$1.00 USD) - 2025/02/06 2:12:39 WET [2025/02/06 21:12:39 ET]
Table 'Siebohme' 6-max Seat #5 is the button
Seat 2: Espada Fish ($100 in chips) is sitting out
Seat 3: avlee1 ($111.84 in chips) is sitting out
Seat 4: B1GBankroll ($169.20 in chips) 
Seat 5: Tibibacsi ($117.10 in chips) 
Tibibacsi: posts small blind $0.50
Espada Fish: is sitting out 
avlee1: is sitting out 
B1GBankroll: posts big blind $1
*** HOLE CARDS ***
avlee1 leaves the table
Espada Fish leaves the table
Tibibacsi: folds 
Uncalled bet ($0.50) returned to B1GBankroll
B1GBankroll collected $1 from pot
B1GBankroll: doesn't show hand 
*** SUMMARY ***
Total pot $1 | Rake $0 
Seat 2: Espada Fish
Seat 3: avlee1
Seat 4: B1GBankroll (big blind) collected ($1)
Seat 5: Tibibacsi (button) (small blind) folded before Flop



PokerStars Hand #254744723058:  Hold'em No Limit ($0.50/$1.00 USD) - 2025/02/06 2:12:49 WET [2025/02/06 21:12:49 ET]
Table 'Siebohme' 6-max Seat #4 is the button
Seat 4: B1GBankroll ($169.70 in chips) 
Seat 5: Tibibacsi ($116.60 in chips) 
B1GBankroll: posts small blind $0.50
Tibibacsi: posts big blind $1
*** HOLE CARDS ***
B1GBankroll: raises $1.50 to $2.50
Tibibacsi: raises $7.50 to $10
B1GBankroll: folds 
Uncalled bet ($7.50) returned to Tibibacsi
shootingGRID joins the table at seat #2 
Tibibacsi collected $5 from pot
Tibibacsi: doesn't show hand 
*** SUMMARY ***
Total pot $5 | Rake $0 
Seat 4: B1GBankroll (button) (small blind) folded before Flop
Seat 5: Tibibacsi (big blind) collected ($5)



PokerStars Hand #254744727609:  Hold'em No Limit ($0.50/$1.00 USD) - 2025/02/06 2:13:19 WET [2025/02/06 21:13:19 ET]
Table 'Siebohme' 6-max Seat #4 is the button
Seat 5: Tibibacsi ($119.10 in chips) is sitting out
Seat 2: shootingGRID ($100 in chips) 
Seat 4: B1GBankroll ($167.20 in chips) 
B1GBankroll: posts small blind $0.50
shootingGRID: posts big blind $1
*** HOLE CARDS ***
Tibibacsi leaves the table
B1GBankroll: raises $1.50 to $2.50
shootingGRID: calls $1.50
*** FLOP *** [9s 2d 3d]
shootingGRID: checks 
B1GBankroll: checks 
*** TURN *** [9s 2d 3d] [3h]
shootingGRID: bets $3.56
B1GBankroll: calls $3.56
*** RIVER *** [9s 2d 3d 3h] [8s]
shootingGRID: bets $7.60
B1GBankroll: folds 
Uncalled bet ($7.60) returned to shootingGRID
shootingGRID collected $11.51 from pot
*** SUMMARY ***
Total pot $12.12 | Rake $0.61 
Board [9s 2d 3d 3h 8s]
Seat 5: Tibibacsi
Seat 2: shootingGRID (big blind) collected ($11.51)
Seat 4: B1GBankroll (button) (small blind) folded on the River



PokerStars Hand #254744737542:  Hold'em No Limit ($0.50/$1.00 USD) - 2025/02/06 2:14:23 WET [2025/02/06 21:14:23 ET]
Table 'Siebohme' 6-max Seat #2 is the button
Seat 2: shootingGRID ($105.45 in chips) 
Seat 4: B1GBankroll ($161.14 in chips) 
shootingGRID: posts small blind $0.50
B1GBankroll: posts big blind $1
*** HOLE CARDS ***
shootingGRID: raises $1.25 to $2.25
B1GBankroll: calls $1.25
*** FLOP *** [9c 6c Jh]
B1GBankroll: checks 
shootingGRID: checks 
*** TURN *** [9c 6c Jh] [2s]
B1GBankroll: checks 
shootingGRID: checks 
*** RIVER *** [9c 6c Jh 2s] [5d]
B1GBankroll: bets $1.46
shootingGRID: calls $1.46
*** SHOW DOWN ***
B1GBankroll: shows [6s Qs] (a pair of Sixes)
shootingGRID: mucks hand 
B1GBankroll collected $7.05 from pot
*** SUMMARY ***
Total pot $7.42 | Rake $0.37 
Board [9c 6c Jh 2s 5d]
Seat 2: shootingGRID (button) (small blind) mucked
Seat 4: B1GBankroll (big blind) showed [6s Qs] and won ($7.05) with a pair of Sixes



