PokerStars Hand #254738983459:  Hold'em No Limit ($0.50/$1.00 USD) - 2025/02/06 20:36:19 WET [2025/02/06 15:36:19 ET]
Table 'Rafita' 6-max Seat #2 is the button
Seat 1: Aleqseuka ($100 in chips) 
Seat 2: Artero10 ($99.50 in chips) 
Seat 3: Alinyr ($154.42 in chips) 
Seat 5: Supermegopro ($100 in chips) 
Seat 6: SorinS28 ($100 in chips) 
Alinyr: posts small blind $0.50
Supermegopro: posts big blind $1
*** HOLE CARDS ***
SorinS28: folds 
Aleqseuka: folds 
Artero10: raises $1.50 to $2.50
Alinyr: folds 
Supermegopro: folds 
Uncalled bet ($1.50) returned to Artero10
Artero10 collected $2.50 from pot
*** SUMMARY ***
Total pot $2.50 | Rake $0 
Seat 1: Aleqseuka folded before Flop (didn't bet)
Seat 2: Artero10 (button) collected ($2.50)
Seat 3: Alinyr (small blind) folded before Flop
Seat 5: Supermegopro (big blind) folded before Flop
Seat 6: SorinS28 folded before Flop (didn't bet)



PokerStars Hand #254738986725:  Hold'em No Limit ($0.50/$1.00 USD) - 2025/02/06 20:36:29 WET [2025/02/06 15:36:29 ET]
Table 'Rafita' 6-max Seat #3 is the button
Seat 1: Aleqseuka ($100 in chips) 
Seat 2: Artero10 ($101 in chips) 
Seat 3: Alinyr ($153.92 in chips) 
Seat 5: Supermegopro ($100 in chips) 
Seat 6: SorinS28 ($100 in chips) 
Supermegopro: posts small blind $0.50
SorinS28: posts big blind $1
*** HOLE CARDS ***
Aleqseuka: raises $1.35 to $2.35
z00mba joins the table at seat #4 
Artero10: folds 
Alinyr: folds 
Supermegopro: folds 
SorinS28: folds 
Uncalled bet ($1.35) returned to Aleqseuka
Aleqseuka collected $2.50 from pot
Aleqseuka: doesn't show hand 
*** SUMMARY ***
Total pot $2.50 | Rake $0 
Seat 1: Aleqseuka collected ($2.50)
Seat 2: Artero10 folded before Flop (didn't bet)
Seat 3: Alinyr (button) folded before Flop (didn't bet)
Seat 5: Supermegopro (small blind) folded before Flop
Seat 6: SorinS28 (big blind) folded before Flop



PokerStars Hand #254738992966:  Hold'em No Limit ($0.50/$1.00 USD) - 2025/02/06 20:36:49 WET [2025/02/06 15:36:49 ET]
Table 'Rafita' 6-max Seat #5 is the button
Seat 4: z00mba ($100 in chips) is sitting out
Seat 1: Aleqseuka ($101.50 in chips) 
Seat 2: Artero10 ($101 in chips) 
Seat 3: Alinyr ($153.92 in chips) 
Seat 5: Supermegopro ($100 in chips) 
Seat 6: SorinS28 ($100 in chips) 
SorinS28: posts small blind $0.50
Aleqseuka: posts big blind $1
z00mba: sits out 
*** HOLE CARDS ***
Artero10: folds 
Alinyr: raises $1.28 to $2.28
Supermegopro: folds 
SorinS28: folds 
Aleqseuka: calls $1.28
*** FLOP *** [Jh Ah 6c]
Aleqseuka: checks 
Alinyr: checks 
*** TURN *** [Jh Ah 6c] [8d]
Aleqseuka: checks 
z00mba leaves the table
Alinyr: checks 
*** RIVER *** [Jh Ah 6c 8d] [2h]
Aleqseuka: checks 
Alinyr: checks 
*** SHOW DOWN ***
Aleqseuka: shows [3d 3h] (a pair of Threes)
Alinyr: shows [6s Ks] (a pair of Sixes)
Alinyr collected $4.81 from pot
*** SUMMARY ***
Total pot $5.06 | Rake $0.25 
Board [Jh Ah 6c 8d 2h]
Seat 4: z00mba
Seat 1: Aleqseuka (big blind) showed [3d 3h] and lost with a pair of Threes
Seat 2: Artero10 folded before Flop (didn't bet)
Seat 3: Alinyr showed [6s Ks] and won ($4.81) with a pair of Sixes
Seat 5: Supermegopro (button) folded before Flop (didn't bet)
Seat 6: SorinS28 (small blind) folded before Flop



PokerStars Hand #254739007901:  Hold'em No Limit ($0.50/$1.00 USD) - 2025/02/06 20:37:37 WET [2025/02/06 15:37:37 ET]
Table 'Rafita' 6-max Seat #6 is the button
Seat 1: Aleqseuka ($100 in chips) 
Seat 2: Artero10 ($101 in chips) 
Seat 3: Alinyr ($156.45 in chips) 
Seat 5: Supermegopro ($100 in chips) 
Seat 6: SorinS28 ($100 in chips) 
Aleqseuka: posts small blind $0.50
Artero10: posts big blind $1
*** HOLE CARDS ***
Alinyr: folds 
Supermegopro: raises $1.50 to $2.50
SorinS28: folds 
Aleqseuka: raises $9.50 to $12
Artero10: folds 
Supermegopro: folds 
Uncalled bet ($9.50) returned to Aleqseuka
Aleqseuka collected $6 from pot
Aleqseuka: doesn't show hand 
*** SUMMARY ***
Total pot $6 | Rake $0 
Seat 1: Aleqseuka (small blind) collected ($6)
Seat 2: Artero10 (big blind) folded before Flop
Seat 3: Alinyr folded before Flop (didn't bet)
Seat 5: Supermegopro folded before Flop
Seat 6: SorinS28 (button) folded before Flop (didn't bet)



PokerStars Hand #254739015257:  Hold'em No Limit ($0.50/$1.00 USD) - 2025/02/06 20:38:01 WET [2025/02/06 15:38:01 ET]
Table 'Rafita' 6-max Seat #1 is the button
Seat 1: Aleqseuka ($103.50 in chips) 
Seat 2: Artero10 ($100 in chips) 
Seat 3: Alinyr ($156.45 in chips) 
Seat 5: Supermegopro ($100 in chips) 
Seat 6: SorinS28 ($100 in chips) 
Artero10: posts small blind $0.50
Alinyr: posts big blind $1
*** HOLE CARDS ***
Supermegopro: folds 
SorinS28: folds 
Aleqseuka: folds 
Artero10: raises $2 to $3
Alinyr: folds 
Uncalled bet ($2) returned to Artero10
Artero10 collected $2 from pot
*** SUMMARY ***
Total pot $2 | Rake $0 
Seat 1: Aleqseuka (button) folded before Flop (didn't bet)
Seat 2: Artero10 (small blind) collected ($2)
Seat 3: Alinyr (big blind) folded before Flop
Seat 5: Supermegopro folded before Flop (didn't bet)
Seat 6: SorinS28 folded before Flop (didn't bet)



PokerStars Hand #254739019312:  Hold'em No Limit ($0.50/$1.00 USD) - 2025/02/06 20:38:14 WET [2025/02/06 15:38:14 ET]
Table 'Rafita' 6-max Seat #2 is the button
Seat 1: Aleqseuka ($103.50 in chips) 
Seat 2: Artero10 ($101 in chips) 
Seat 3: Alinyr ($155.45 in chips) 
Seat 5: Supermegopro ($100 in chips) 
Seat 6: SorinS28 ($100 in chips) 
Alinyr: posts small blind $0.50
Supermegopro: posts big blind $1
*** HOLE CARDS ***
SorinS28: folds 
Aleqseuka: folds 
Artero10: folds 
Alinyr: raises $2 to $3
Supermegopro: calls $2
*** FLOP *** [Qc 6h 5h]
BoyLoc0 joins the table at seat #4 
Alinyr: bets $3.48
Supermegopro: calls $3.48
*** TURN *** [Qc 6h 5h] [Jc]
Alinyr: bets $12.43
Supermegopro: calls $12.43
*** RIVER *** [Qc 6h 5h Jc] [8s]
Alinyr: bets $26.95
Supermegopro: folds 
Uncalled bet ($26.95) returned to Alinyr
Alinyr collected $35.93 from pot
Alinyr: doesn't show hand 
*** SUMMARY ***
Total pot $37.82 | Rake $1.89 
Board [Qc 6h 5h Jc 8s]
Seat 1: Aleqseuka folded before Flop (didn't bet)
Seat 2: Artero10 (button) folded before Flop (didn't bet)
Seat 3: Alinyr (small blind) collected ($35.93)
Seat 5: Supermegopro (big blind) folded on the River
Seat 6: SorinS28 folded before Flop (didn't bet)



PokerStars Hand #254739042334:  Hold'em No Limit ($0.50/$1.00 USD) - 2025/02/06 20:39:29 WET [2025/02/06 15:39:29 ET]
Table 'Rafita' 6-max Seat #3 is the button
Seat 4: BoyLoc0 ($100 in chips) is sitting out
Seat 6: SorinS28 ($100 in chips) is sitting out
Seat 1: Aleqseuka ($103.50 in chips) 
Seat 2: Artero10 ($101 in chips) 
Seat 3: Alinyr ($172.47 in chips) 
Seat 5: Supermegopro ($100 in chips) 
Supermegopro: posts small blind $0.50
SorinS28: is sitting out 
Aleqseuka: posts big blind $1
*** HOLE CARDS ***
Artero10: folds 
SorinS28 leaves the table
Alinyr: raises $1.50 to $2.50
Supermegopro: folds 
Aleqseuka: raises $10.50 to $13
Alinyr: calls $10.50
*** FLOP *** [Kd 2h Ts]
xxxZeka joins the table at seat #6 
Aleqseuka: bets $8.42
Alinyr: folds 
Uncalled bet ($8.42) returned to Aleqseuka
Aleqseuka collected $25.50 from pot
Aleqseuka: doesn't show hand 
*** SUMMARY ***
Total pot $26.50 | Rake $1 
Board [Kd 2h Ts]
Seat 4: BoyLoc0
Seat 6: SorinS28
Seat 1: Aleqseuka (big blind) collected ($25.50)
Seat 2: Artero10 folded before Flop (didn't bet)
Seat 3: Alinyr (button) folded on the Flop
Seat 5: Supermegopro (small blind) folded before Flop



PokerStars Hand #254739061541:  Hold'em No Limit ($0.50/$1.00 USD) - 2025/02/06 20:40:30 WET [2025/02/06 15:40:30 ET]
Table 'Rafita' 6-max Seat #5 is the button
Seat 4: BoyLoc0 ($100 in chips) is sitting out
Seat 6: xxxZeka ($100 in chips) is sitting out
Seat 1: Aleqseuka ($116 in chips) 
Seat 2: Artero10 ($101 in chips) 
Seat 3: Alinyr ($159.47 in chips) 
Seat 5: Supermegopro ($100 in chips) 
Aleqseuka: posts small blind $0.50
Artero10: posts big blind $1
BoyLoc0: sits out 
*** HOLE CARDS ***
Alinyr: folds 
Supermegopro: raises $1.50 to $2.50
Aleqseuka: folds 
Artero10: folds 
Uncalled bet ($1.50) returned to Supermegopro
Supermegopro collected $2.50 from pot
Supermegopro: doesn't show hand 
*** SUMMARY ***
Total pot $2.50 | Rake $0 
Seat 4: BoyLoc0
Seat 6: xxxZeka
Seat 1: Aleqseuka (small blind) folded before Flop
Seat 2: Artero10 (big blind) folded before Flop
Seat 3: Alinyr folded before Flop (didn't bet)
Seat 5: Supermegopro (button) collected ($2.50)



PokerStars Hand #254739065443:  Hold'em No Limit ($0.50/$1.00 USD) - 2025/02/06 20:40:43 WET [2025/02/06 15:40:43 ET]
Table 'Rafita' 6-max Seat #1 is the button
Seat 3: Alinyr ($159.47 in chips) is sitting out
Seat 6: xxxZeka ($100 in chips) is sitting out
Seat 1: Aleqseuka ($115.50 in chips) 
Seat 2: Artero10 ($100 in chips) 
Seat 4: BoyLoc0 ($100 in chips) 
Seat 5: Supermegopro ($101.50 in chips) 
Artero10: posts small blind $0.50
Alinyr: is sitting out 
BoyLoc0: posts big blind $1
xxxZeka: sits out 
*** HOLE CARDS ***
Supermegopro: folds 
Supermegopro leaves the table
Aleqseuka: raises $1.50 to $2.50
Alinyr leaves the table
Artero10: folds 
BoyLoc0: raises $10.50 to $13
Aleqseuka: folds 
Uncalled bet ($10.50) returned to BoyLoc0
BoyLoc0 collected $5.50 from pot
BoyLoc0: doesn't show hand 
*** SUMMARY ***
Total pot $5.50 | Rake $0 
Seat 3: Alinyr
Seat 6: xxxZeka
Seat 1: Aleqseuka (button) folded before Flop
Seat 2: Artero10 (small blind) folded before Flop
Seat 4: BoyLoc0 (big blind) collected ($5.50)
Seat 5: Supermegopro folded before Flop (didn't bet)



PokerStars Hand #254739074669:  Hold'em No Limit ($0.50/$1.00 USD) - 2025/02/06 20:41:12 WET [2025/02/06 15:41:12 ET]
Table 'Rafita' 6-max Seat #2 is the button
Seat 1: Aleqseuka ($113 in chips) 
Seat 2: Artero10 ($99.50 in chips) 
Seat 4: BoyLoc0 ($103 in chips) 
Seat 6: xxxZeka ($100 in chips) 
BoyLoc0: posts small blind $0.50
xxxZeka: posts big blind $1
*** HOLE CARDS ***
Aleqseuka: folds 
Artero10: raises $1.50 to $2.50
Aleqseuka leaves the table
BoyLoc0: folds 
xxxZeka: folds 
Uncalled bet ($1.50) returned to Artero10
Artero10 collected $2.50 from pot
*** SUMMARY ***
Total pot $2.50 | Rake $0 
Seat 1: Aleqseuka folded before Flop (didn't bet)
Seat 2: Artero10 (button) collected ($2.50)
Seat 4: BoyLoc0 (small blind) folded before Flop
Seat 6: xxxZeka (big blind) folded before Flop



PokerStars Hand #254739078845:  Hold'em No Limit ($0.50/$1.00 USD) - 2025/02/06 20:41:26 WET [2025/02/06 15:41:26 ET]
Table 'Rafita' 6-max Seat #4 is the button
Seat 2: Artero10 ($101 in chips) 
Seat 4: BoyLoc0 ($102.50 in chips) 
Seat 6: xxxZeka ($100 in chips) 
xxxZeka: posts small blind $0.50
Artero10: posts big blind $1
*** HOLE CARDS ***
BoyLoc0: folds 
xxxZeka: raises $2 to $3
Artero10: folds 
Uncalled bet ($2) returned to xxxZeka
xxxZeka collected $2 from pot
xxxZeka: doesn't show hand 
*** SUMMARY ***
Total pot $2 | Rake $0 
Seat 2: Artero10 (big blind) folded before Flop
Seat 4: BoyLoc0 (button) folded before Flop (didn't bet)
Seat 6: xxxZeka (small blind) collected ($2)



PokerStars Hand #254739083039:  Hold'em No Limit ($0.50/$1.00 USD) - 2025/02/06 20:41:39 WET [2025/02/06 15:41:39 ET]
Table 'Rafita' 6-max Seat #6 is the button
Seat 2: Artero10 ($100 in chips) 
Seat 4: BoyLoc0 ($102.50 in chips) 
Seat 6: xxxZeka ($101 in chips) 
Artero10: posts small blind $0.50
BoyLoc0: posts big blind $1
*** HOLE CARDS ***
xxxZeka: folds 
Artero10: raises $2 to $3
BoyLoc0: folds 
Uncalled bet ($2) returned to Artero10
Artero10 collected $2 from pot
*** SUMMARY ***
Total pot $2 | Rake $0 
Seat 2: Artero10 (small blind) collected ($2)
Seat 4: BoyLoc0 (big blind) folded before Flop
Seat 6: xxxZeka (button) folded before Flop (didn't bet)



PokerStars Hand #254739086606:  Hold'em No Limit ($0.50/$1.00 USD) - 2025/02/06 20:41:51 WET [2025/02/06 15:41:51 ET]
Table 'Rafita' 6-max Seat #2 is the button
Seat 2: Artero10 ($101 in chips) 
Seat 4: BoyLoc0 ($101.50 in chips) 
Seat 6: xxxZeka ($101 in chips) 
BoyLoc0: posts small blind $0.50
xxxZeka: posts big blind $1
*** HOLE CARDS ***
Artero10: raises $1.50 to $2.50
BoyLoc0: raises $7.50 to $10
xxxZeka: folds 
Artero10: folds 
Uncalled bet ($7.50) returned to BoyLoc0
BoyLoc0 collected $6 from pot
BoyLoc0: doesn't show hand 
*** SUMMARY ***
Total pot $6 | Rake $0 
Seat 2: Artero10 (button) folded before Flop
Seat 4: BoyLoc0 (small blind) collected ($6)
Seat 6: xxxZeka (big blind) folded before Flop



PokerStars Hand #254739093268:  Hold'em No Limit ($0.50/$1.00 USD) - 2025/02/06 20:42:12 WET [2025/02/06 15:42:12 ET]
Table 'Rafita' 6-max Seat #4 is the button
Seat 2: Artero10 ($98.50 in chips) 
Seat 4: BoyLoc0 ($105 in chips) 
Seat 6: xxxZeka ($100 in chips) 
xxxZeka: posts small blind $0.50
Artero10: posts big blind $1
*** HOLE CARDS ***
BoyLoc0: raises $1.50 to $2.50
xxxZeka: folds 
Artero10: folds 
Uncalled bet ($1.50) returned to BoyLoc0
BoyLoc0 collected $2.50 from pot
BoyLoc0: doesn't show hand 
*** SUMMARY ***
Total pot $2.50 | Rake $0 
Seat 2: Artero10 (big blind) folded before Flop
Seat 4: BoyLoc0 (button) collected ($2.50)
Seat 6: xxxZeka (small blind) folded before Flop



PokerStars Hand #254739100226:  Hold'em No Limit ($0.50/$1.00 USD) - 2025/02/06 20:42:34 WET [2025/02/06 15:42:34 ET]
Table 'Rafita' 6-max Seat #6 is the button
Seat 2: Artero10 ($97.50 in chips) 
Seat 4: BoyLoc0 ($106.50 in chips) 
Seat 6: xxxZeka ($100 in chips) 
Artero10: posts small blind $0.50
BoyLoc0: posts big blind $1
*** HOLE CARDS ***
xxxZeka: folds 
Artero10: raises $2 to $3
BoyLoc0: raises $7 to $10
Artero10: folds 
Uncalled bet ($7) returned to BoyLoc0
BoyLoc0 collected $6 from pot
BoyLoc0: doesn't show hand 
*** SUMMARY ***
Total pot $6 | Rake $0 
Seat 2: Artero10 (small blind) folded before Flop
Seat 4: BoyLoc0 (big blind) collected ($6)
Seat 6: xxxZeka (button) folded before Flop (didn't bet)



PokerStars Hand #254739106388:  Hold'em No Limit ($0.50/$1.00 USD) - 2025/02/06 20:42:54 WET [2025/02/06 15:42:54 ET]
Table 'Rafita' 6-max Seat #2 is the button
Seat 2: Artero10 ($94.50 in chips) 
Seat 4: BoyLoc0 ($109.50 in chips) 
Seat 6: xxxZeka ($100 in chips) 
BoyLoc0: posts small blind $0.50
xxxZeka: posts big blind $1
*** HOLE CARDS ***
Artero10: raises $1.50 to $2.50
BoyLoc0: folds 
xxxZeka: folds 
Uncalled bet ($1.50) returned to Artero10
Artero10 collected $2.50 from pot
Artero10: doesn't show hand 
*** SUMMARY ***
Total pot $2.50 | Rake $0 
Seat 2: Artero10 (button) collected ($2.50)
Seat 4: BoyLoc0 (small blind) folded before Flop
Seat 6: xxxZeka (big blind) folded before Flop



PokerStars Hand #254739112230:  Hold'em No Limit ($0.50/$1.00 USD) - 2025/02/06 20:43:13 WET [2025/02/06 15:43:13 ET]
Table 'Rafita' 6-max Seat #6 is the button
Seat 4: BoyLoc0 ($109 in chips) 
Seat 6: xxxZeka ($100 in chips) 
xxxZeka: posts small blind $0.50
BoyLoc0: posts big blind $1
*** HOLE CARDS ***
xxxZeka: folds 
Uncalled bet ($0.50) returned to BoyLoc0
BoyLoc0 collected $1 from pot
BoyLoc0: doesn't show hand 
*** SUMMARY ***
Total pot $1 | Rake $0 
Seat 4: BoyLoc0 (big blind) collected ($1)
Seat 6: xxxZeka (button) (small blind) folded before Flop



