PokerStars Hand #254730588421:  Hold'em No Limit ($0.50/$1.00 USD) - 2025/02/06 6:43:31 WET [2025/02/06 1:43:31 ET]
Table 'Chow' 6-max Seat #2 is the button
Seat 2: vadjkeee ($100 in chips) 
Seat 3: vitalik_sw ($80 in chips) 
Seat 6: shootingGRID ($100 in chips) 
vitalik_sw: posts small blind $0.50
shootingGRID: posts big blind $1
*** HOLE CARDS ***
vadjkeee: raises $1.50 to $2.50
vitalik_sw: folds 
shootingGRID: folds 
Uncalled bet ($1.50) returned to vadjkeee
vadjkeee collected $2.50 from pot
vadjkeee: doesn't show hand 
*** SUMMARY ***
Total pot $2.50 | Rake $0 
Seat 2: vadjkeee (button) collected ($2.50)
Seat 3: vitalik_sw (small blind) folded before Flop
Seat 6: shootingGRID (big blind) folded before Flop



PokerStars Hand #254730589818:  Hold'em No Limit ($0.50/$1.00 USD) - 2025/02/06 6:43:51 WET [2025/02/06 1:43:51 ET]
Table 'Chow' 6-max Seat #3 is the button
Seat 2: vadjkeee ($101.50 in chips) 
Seat 3: vitalik_sw ($100 in chips) 
Seat 6: shootingGRID ($100 in chips) 
shootingGRID: posts small blind $0.50
vadjkeee: posts big blind $1
*** HOLE CARDS ***
vitalik_sw: folds 
shootingGRID: folds 
Uncalled bet ($0.50) returned to vadjkeee
vadjkeee collected $1 from pot
vadjkeee: doesn't show hand 
*** SUMMARY ***
Total pot $1 | Rake $0 
Seat 2: vadjkeee (big blind) collected ($1)
Seat 3: vitalik_sw (button) folded before Flop (didn't bet)
Seat 6: shootingGRID (small blind) folded before Flop



PokerStars Hand #254730590927:  Hold'em No Limit ($0.50/$1.00 USD) - 2025/02/06 6:44:07 WET [2025/02/06 1:44:07 ET]
Table 'Chow' 6-max Seat #6 is the button
Seat 2: vadjkeee ($102 in chips) 
Seat 3: vitalik_sw ($100 in chips) 
Seat 6: shootingGRID ($100 in chips) 
vadjkeee: posts small blind $0.50
vitalik_sw: posts big blind $1
*** HOLE CARDS ***
Pon4uk.ua joins the table at seat #5 
shootingGRID: folds 
vadjkeee: folds 
Uncalled bet ($0.50) returned to vitalik_sw
vitalik_sw collected $1 from pot
vitalik_sw: doesn't show hand 
*** SUMMARY ***
Total pot $1 | Rake $0 
Seat 2: vadjkeee (small blind) folded before Flop
Seat 3: vitalik_sw (big blind) collected ($1)
Seat 6: shootingGRID (button) folded before Flop (didn't bet)



PokerStars Hand #254730592441:  Hold'em No Limit ($0.50/$1.00 USD) - 2025/02/06 6:44:29 WET [2025/02/06 1:44:29 ET]
Table 'Chow' 6-max Seat #2 is the button
Seat 2: vadjkeee ($101.50 in chips) 
Seat 3: vitalik_sw ($100.50 in chips) 
Seat 5: Pon4uk.ua ($100 in chips) 
Seat 6: shootingGRID ($100 in chips) 
vitalik_sw: posts small blind $0.50
Pon4uk.ua: posts big blind $1
*** HOLE CARDS ***
shootingGRID: folds 
vadjkeee: folds 
vitalik_sw: folds 
Uncalled bet ($0.50) returned to Pon4uk.ua
Pon4uk.ua collected $1 from pot
Pon4uk.ua: doesn't show hand 
*** SUMMARY ***
Total pot $1 | Rake $0 
Seat 2: vadjkeee (button) folded before Flop (didn't bet)
Seat 3: vitalik_sw (small blind) folded before Flop
Seat 5: Pon4uk.ua (big blind) collected ($1)
Seat 6: shootingGRID folded before Flop (didn't bet)



PokerStars Hand #254730593543:  Hold'em No Limit ($0.50/$1.00 USD) - 2025/02/06 6:44:45 WET [2025/02/06 1:44:45 ET]
Table 'Chow' 6-max Seat #3 is the button
Seat 2: vadjkeee ($101.50 in chips) 
Seat 3: vitalik_sw ($100 in chips) 
Seat 5: Pon4uk.ua ($100.50 in chips) 
Seat 6: shootingGRID ($100 in chips) 
Pon4uk.ua: posts small blind $0.50
shootingGRID: posts big blind $1
*** HOLE CARDS ***
vadjkeee: folds 
vitalik_sw: folds 
Pon4uk.ua: folds 
Uncalled bet ($0.50) returned to shootingGRID
shootingGRID collected $1 from pot
*** SUMMARY ***
Total pot $1 | Rake $0 
Seat 2: vadjkeee folded before Flop (didn't bet)
Seat 3: vitalik_sw (button) folded before Flop (didn't bet)
Seat 5: Pon4uk.ua (small blind) folded before Flop
Seat 6: shootingGRID (big blind) collected ($1)



PokerStars Hand #254730594667:  Hold'em No Limit ($0.50/$1.00 USD) - 2025/02/06 6:45:00 WET [2025/02/06 1:45:00 ET]
Table 'Chow' 6-max Seat #5 is the button
Seat 2: vadjkeee ($101.50 in chips) 
Seat 3: vitalik_sw ($100 in chips) 
Seat 5: Pon4uk.ua ($100 in chips) 
Seat 6: shootingGRID ($100.50 in chips) 
shootingGRID: posts small blind $0.50
vadjkeee: posts big blind $1
*** HOLE CARDS ***
vitalik_sw: folds 
Pon4uk.ua: raises $1.50 to $2.50
shootingGRID: raises $9.50 to $12
vadjkeee: folds 
Pon4uk.ua: calls $9.50
*** FLOP *** [4s 6d 8d]
shootingGRID: checks 
Pon4uk.ua: bets $7
shootingGRID: raises $28.50 to $35.50
Pon4uk.ua: calls $28.50
*** TURN *** [4s 6d 8d] [Kh]
shootingGRID: bets $53 and is all-in
Pon4uk.ua: calls $52.50 and is all-in
Uncalled bet ($0.50) returned to shootingGRID
*** RIVER *** [4s 6d 8d Kh] [2s]
*** SHOW DOWN ***
shootingGRID: shows [Td 9d] (high card King)
Pon4uk.ua: shows [Ac Ad] (a pair of Aces)
Pon4uk.ua collected $200 from pot
*** SUMMARY ***
Total pot $201 | Rake $1 
Board [4s 6d 8d Kh 2s]
Seat 2: vadjkeee (big blind) folded before Flop
Seat 3: vitalik_sw folded before Flop (didn't bet)
Seat 5: Pon4uk.ua (button) showed [Ac Ad] and won ($200) with a pair of Aces
Seat 6: shootingGRID (small blind) showed [Td 9d] and lost with high card King



PokerStars Hand #254730601638:  Hold'em No Limit ($0.50/$1.00 USD) - 2025/02/06 6:46:43 WET [2025/02/06 1:46:43 ET]
Table 'Chow' 6-max Seat #6 is the button
Seat 2: vadjkeee ($100.50 in chips) 
Seat 3: vitalik_sw ($100 in chips) 
Seat 5: Pon4uk.ua ($200 in chips) 
Seat 6: shootingGRID ($100 in chips) 
vadjkeee: posts small blind $0.50
vitalik_sw: posts big blind $1
*** HOLE CARDS ***
Pon4uk.ua: folds 
shootingGRID: folds 
vadjkeee: folds 
Uncalled bet ($0.50) returned to vitalik_sw
vitalik_sw collected $1 from pot
vitalik_sw: doesn't show hand 
*** SUMMARY ***
Total pot $1 | Rake $0 
Seat 2: vadjkeee (small blind) folded before Flop
Seat 3: vitalik_sw (big blind) collected ($1)
Seat 5: Pon4uk.ua folded before Flop (didn't bet)
Seat 6: shootingGRID (button) folded before Flop (didn't bet)



PokerStars Hand #254730602223:  Hold'em No Limit ($0.50/$1.00 USD) - 2025/02/06 6:46:51 WET [2025/02/06 1:46:51 ET]
Table 'Chow' 6-max Seat #2 is the button
Seat 2: vadjkeee ($100 in chips) 
Seat 3: vitalik_sw ($100.50 in chips) 
Seat 5: Pon4uk.ua ($200 in chips) 
Seat 6: shootingGRID ($100 in chips) 
vitalik_sw: posts small blind $0.50
Pon4uk.ua: posts big blind $1
*** HOLE CARDS ***
shootingGRID: raises $1.25 to $2.25
vadjkeee: raises $5.25 to $7.50
vitalik_sw: raises $16.50 to $24
Pon4uk.ua: folds 
shootingGRID: folds 
vadjkeee: folds 
Uncalled bet ($16.50) returned to vitalik_sw
vitalik_sw collected $18.25 from pot
vitalik_sw: doesn't show hand 
*** SUMMARY ***
Total pot $18.25 | Rake $0 
Seat 2: vadjkeee (button) folded before Flop
Seat 3: vitalik_sw (small blind) collected ($18.25)
Seat 5: Pon4uk.ua (big blind) folded before Flop
Seat 6: shootingGRID folded before Flop



PokerStars Hand #254730603731:  Hold'em No Limit ($0.50/$1.00 USD) - 2025/02/06 6:47:13 WET [2025/02/06 1:47:13 ET]
Table 'Chow' 6-max Seat #3 is the button
Seat 2: vadjkeee ($100 in chips) 
Seat 3: vitalik_sw ($111.25 in chips) 
Seat 5: Pon4uk.ua ($199 in chips) 
Seat 6: shootingGRID ($100 in chips) 
Pon4uk.ua: posts small blind $0.50
shootingGRID: posts big blind $1
*** HOLE CARDS ***
vadjkeee: raises $1.50 to $2.50
vitalik_sw: folds 
Pon4uk.ua: folds 
Supermegopro joins the table at seat #4 
shootingGRID: calls $1.50
*** FLOP *** [Ac Ad 9s]
shootingGRID: checks 
fish my nuts joins the table at seat #1 
vadjkeee: bets $1.30
shootingGRID: folds 
Uncalled bet ($1.30) returned to vadjkeee
vadjkeee collected $5.22 from pot
vadjkeee: doesn't show hand 
*** SUMMARY ***
Total pot $5.50 | Rake $0.28 
Board [Ac Ad 9s]
Seat 2: vadjkeee collected ($5.22)
Seat 3: vitalik_sw (button) folded before Flop (didn't bet)
Seat 5: Pon4uk.ua (small blind) folded before Flop
Seat 6: shootingGRID (big blind) folded on the Flop



PokerStars Hand #254730606818:  Hold'em No Limit ($0.50/$1.00 USD) - 2025/02/06 6:47:57 WET [2025/02/06 1:47:57 ET]
Table 'Chow' 6-max Seat #5 is the button
Seat 4: Supermegopro ($100 in chips) is sitting out
Seat 1: fish my nuts ($100 in chips) 
Seat 2: vadjkeee ($102.72 in chips) 
Seat 3: vitalik_sw ($111.25 in chips) 
Seat 5: Pon4uk.ua ($198.50 in chips) 
Seat 6: shootingGRID ($100 in chips) 
shootingGRID: posts small blind $0.50
fish my nuts: posts big blind $1
Supermegopro: sits out 
*** HOLE CARDS ***
vadjkeee: folds 
vitalik_sw: folds 
Pon4uk.ua: folds 
shootingGRID: raises $2 to $3
fish my nuts: calls $2
*** FLOP *** [Th Js 6h]
shootingGRID: checks 
fish my nuts: bets $4.05
shootingGRID: folds 
Uncalled bet ($4.05) returned to fish my nuts
fish my nuts collected $5.70 from pot
fish my nuts: doesn't show hand 
*** SUMMARY ***
Total pot $6 | Rake $0.30 
Board [Th Js 6h]
Seat 4: Supermegopro
Seat 1: fish my nuts (big blind) collected ($5.70)
Seat 2: vadjkeee folded before Flop (didn't bet)
Seat 3: vitalik_sw folded before Flop (didn't bet)
Seat 5: Pon4uk.ua (button) folded before Flop (didn't bet)
Seat 6: shootingGRID (small blind) folded on the Flop



PokerStars Hand #254730608502:  Hold'em No Limit ($0.50/$1.00 USD) - 2025/02/06 6:48:20 WET [2025/02/06 1:48:20 ET]
Table 'Chow' 6-max Seat #6 is the button
Seat 3: vitalik_sw ($111.25 in chips) is sitting out
Seat 2: vadjkeee ($102.72 in chips) 
Seat 4: Supermegopro ($100 in chips) 
Seat 5: Pon4uk.ua ($198.50 in chips) 
Seat 6: shootingGRID ($100 in chips) 
vadjkeee: posts small blind $0.50
vitalik_sw: is sitting out 
Supermegopro: posts big blind $1
*** HOLE CARDS ***
Pon4uk.ua: folds 
vitalik_sw leaves the table
shootingGRID: folds 
vadjkeee: raises $2 to $3
Supermegopro: folds 
Uncalled bet ($2) returned to vadjkeee
vadjkeee collected $2 from pot
vadjkeee: doesn't show hand 
*** SUMMARY ***
Total pot $2 | Rake $0 
Seat 3: vitalik_sw
Seat 2: vadjkeee (small blind) collected ($2)
Seat 4: Supermegopro (big blind) folded before Flop
Seat 5: Pon4uk.ua folded before Flop (didn't bet)
Seat 6: shootingGRID (button) folded before Flop (didn't bet)



PokerStars Hand #254730609246:  Hold'em No Limit ($0.50/$1.00 USD) - 2025/02/06 6:48:30 WET [2025/02/06 1:48:30 ET]
Table 'Chow' 6-max Seat #2 is the button
Seat 2: vadjkeee ($103.72 in chips) 
Seat 4: Supermegopro ($100 in chips) 
Seat 5: Pon4uk.ua ($198.50 in chips) 
Seat 6: shootingGRID ($100 in chips) 
Supermegopro: posts small blind $0.50
Pon4uk.ua: posts big blind $1
*** HOLE CARDS ***
shootingGRID: folds 
vadjkeee: raises $1.50 to $2.50
Supermegopro: folds 
Pon4uk.ua: folds 
Uncalled bet ($1.50) returned to vadjkeee
vadjkeee collected $2.50 from pot
vadjkeee: doesn't show hand 
*** SUMMARY ***
Total pot $2.50 | Rake $0 
Seat 2: vadjkeee (button) collected ($2.50)
Seat 4: Supermegopro (small blind) folded before Flop
Seat 5: Pon4uk.ua (big blind) folded before Flop
Seat 6: shootingGRID folded before Flop (didn't bet)



PokerStars Hand #254730610152:  Hold'em No Limit ($0.50/$1.00 USD) - 2025/02/06 6:48:44 WET [2025/02/06 1:48:44 ET]
Table 'Chow' 6-max Seat #4 is the button
Seat 2: vadjkeee ($105.22 in chips) 
Seat 4: Supermegopro ($100 in chips) 
Seat 5: Pon4uk.ua ($197.50 in chips) 
Seat 6: shootingGRID ($100 in chips) 
Pon4uk.ua: posts small blind $0.50
shootingGRID: posts big blind $1
*** HOLE CARDS ***
vadjkeee: folds 
Supermegopro: folds 
Pon4uk.ua: folds 
Uncalled bet ($0.50) returned to shootingGRID
shootingGRID collected $1 from pot
*** SUMMARY ***
Total pot $1 | Rake $0 
Seat 2: vadjkeee folded before Flop (didn't bet)
Seat 4: Supermegopro (button) folded before Flop (didn't bet)
Seat 5: Pon4uk.ua (small blind) folded before Flop
Seat 6: shootingGRID (big blind) collected ($1)



PokerStars Hand #254730610922:  Hold'em No Limit ($0.50/$1.00 USD) - 2025/02/06 6:48:54 WET [2025/02/06 1:48:54 ET]
Table 'Chow' 6-max Seat #5 is the button
Seat 2: vadjkeee ($105.22 in chips) 
Seat 4: Supermegopro ($100 in chips) 
Seat 5: Pon4uk.ua ($197 in chips) 
Seat 6: shootingGRID ($100.50 in chips) 
shootingGRID: posts small blind $0.50
vadjkeee: posts big blind $1
*** HOLE CARDS ***
Supermegopro: folds 
Supermegopro leaves the table
Pon4uk.ua: folds 
shootingGRID: raises $2 to $3
vadjkeee: folds 
Uncalled bet ($2) returned to shootingGRID
shootingGRID collected $2 from pot
*** SUMMARY ***
Total pot $2 | Rake $0 
Seat 2: vadjkeee (big blind) folded before Flop
Seat 4: Supermegopro folded before Flop (didn't bet)
Seat 5: Pon4uk.ua (button) folded before Flop (didn't bet)
Seat 6: shootingGRID (small blind) collected ($2)



PokerStars Hand #254730612040:  Hold'em No Limit ($0.50/$1.00 USD) - 2025/02/06 6:49:11 WET [2025/02/06 1:49:11 ET]
Table 'Chow' 6-max Seat #6 is the button
Seat 2: vadjkeee ($104.22 in chips) 
Seat 5: Pon4uk.ua ($197 in chips) 
Seat 6: shootingGRID ($101.50 in chips) 
vadjkeee: posts small blind $0.50
Pon4uk.ua: posts big blind $1
*** HOLE CARDS ***
shootingGRID: folds 
vadjkeee: raises $2 to $3
Pon4uk.ua: folds 
Uncalled bet ($2) returned to vadjkeee
vadjkeee collected $2 from pot
vadjkeee: doesn't show hand 
*** SUMMARY ***
Total pot $2 | Rake $0 
Seat 2: vadjkeee (small blind) collected ($2)
Seat 5: Pon4uk.ua (big blind) folded before Flop
Seat 6: shootingGRID (button) folded before Flop (didn't bet)



PokerStars Hand #254730613154:  Hold'em No Limit ($0.50/$1.00 USD) - 2025/02/06 6:49:26 WET [2025/02/06 1:49:26 ET]
Table 'Chow' 6-max Seat #2 is the button
Seat 2: vadjkeee ($105.22 in chips) 
Seat 5: Pon4uk.ua ($196 in chips) 
Seat 6: shootingGRID ($101.50 in chips) 
Pon4uk.ua: posts small blind $0.50
shootingGRID: posts big blind $1
*** HOLE CARDS ***
vadjkeee: folds 
Pon4uk.ua: folds 
Uncalled bet ($0.50) returned to shootingGRID
shootingGRID collected $1 from pot
*** SUMMARY ***
Total pot $1 | Rake $0 
Seat 2: vadjkeee (button) folded before Flop (didn't bet)
Seat 5: Pon4uk.ua (small blind) folded before Flop
Seat 6: shootingGRID (big blind) collected ($1)



PokerStars Hand #254730616043:  Hold'em No Limit ($0.50/$1.00 USD) - 2025/02/06 6:50:07 WET [2025/02/06 1:50:07 ET]
Table 'Chow' 6-max Seat #2 is the button
Seat 2: vadjkeee ($103.72 in chips) 
Seat 5: Pon4uk.ua ($193.50 in chips) 
Seat 6: shootingGRID ($105.50 in chips) 
Pon4uk.ua: posts small blind $0.50
shootingGRID: posts big blind $1
*** HOLE CARDS ***
vadjkeee: raises $1.50 to $2.50
Pon4uk.ua: folds 
shootingGRID: calls $1.50
*** FLOP *** [6c 6h Ac]
shootingGRID: checks 
vadjkeee: bets $1.30
shootingGRID: folds 
Uncalled bet ($1.30) returned to vadjkeee
vadjkeee collected $5.22 from pot
vadjkeee: doesn't show hand 
*** SUMMARY ***
Total pot $5.50 | Rake $0.28 
Board [6c 6h Ac]
Seat 2: vadjkeee (button) collected ($5.22)
Seat 5: Pon4uk.ua (small blind) folded before Flop
Seat 6: shootingGRID (big blind) folded on the Flop



PokerStars Hand #254730618098:  Hold'em No Limit ($0.50/$1.00 USD) - 2025/02/06 6:50:36 WET [2025/02/06 1:50:36 ET]
Table 'Chow' 6-max Seat #5 is the button
Seat 2: vadjkeee ($106.44 in chips) 
Seat 5: Pon4uk.ua ($193 in chips) 
Seat 6: shootingGRID ($103 in chips) 
shootingGRID: posts small blind $0.50
vadjkeee: posts big blind $1
*** HOLE CARDS ***
Pon4uk.ua: raises $1.50 to $2.50
shootingGRID: folds 
vadjkeee: folds 
Uncalled bet ($1.50) returned to Pon4uk.ua
Pon4uk.ua collected $2.50 from pot
Pon4uk.ua: doesn't show hand 
*** SUMMARY ***
Total pot $2.50 | Rake $0 
Seat 2: vadjkeee (big blind) folded before Flop
Seat 5: Pon4uk.ua (button) collected ($2.50)
Seat 6: shootingGRID (small blind) folded before Flop



PokerStars Hand #254730618970:  Hold'em No Limit ($0.50/$1.00 USD) - 2025/02/06 6:50:48 WET [2025/02/06 1:50:48 ET]
Table 'Chow' 6-max Seat #6 is the button
Seat 2: vadjkeee ($105.44 in chips) 
Seat 5: Pon4uk.ua ($194.50 in chips) 
Seat 6: shootingGRID ($102.50 in chips) 
vadjkeee: posts small blind $0.50
Pon4uk.ua: posts big blind $1
*** HOLE CARDS ***
shootingGRID: folds 
vadjkeee: folds 
Uncalled bet ($0.50) returned to Pon4uk.ua
Pon4uk.ua collected $1 from pot
Pon4uk.ua: doesn't show hand 
*** SUMMARY ***
Total pot $1 | Rake $0 
Seat 2: vadjkeee (small blind) folded before Flop
Seat 5: Pon4uk.ua (big blind) collected ($1)
Seat 6: shootingGRID (button) folded before Flop (didn't bet)



PokerStars Hand #254730619807:  Hold'em No Limit ($0.50/$1.00 USD) - 2025/02/06 6:51:00 WET [2025/02/06 1:51:00 ET]
Table 'Chow' 6-max Seat #2 is the button
Seat 2: vadjkeee ($104.94 in chips) 
Seat 5: Pon4uk.ua ($195 in chips) 
Seat 6: shootingGRID ($102.50 in chips) 
Pon4uk.ua: posts small blind $0.50
shootingGRID: posts big blind $1
*** HOLE CARDS ***
vadjkeee: folds 
Pon4uk.ua: raises $1.75 to $2.75
shootingGRID: calls $1.75
*** FLOP *** [4c Qh 2d]
Pon4uk.ua: bets $1.72
shootingGRID: folds 
Uncalled bet ($1.72) returned to Pon4uk.ua
Pon4uk.ua collected $5.22 from pot
Pon4uk.ua: doesn't show hand 
*** SUMMARY ***
Total pot $5.50 | Rake $0.28 
Board [4c Qh 2d]
Seat 2: vadjkeee (button) folded before Flop (didn't bet)
Seat 5: Pon4uk.ua (small blind) collected ($5.22)
Seat 6: shootingGRID (big blind) folded on the Flop



PokerStars Hand #254730621688:  Hold'em No Limit ($0.50/$1.00 USD) - 2025/02/06 6:51:26 WET [2025/02/06 1:51:26 ET]
Table 'Chow' 6-max Seat #5 is the button
Seat 2: vadjkeee ($104.94 in chips) 
Seat 5: Pon4uk.ua ($197.47 in chips) 
Seat 6: shootingGRID ($100 in chips) 
shootingGRID: posts small blind $0.50
vadjkeee: posts big blind $1
*** HOLE CARDS ***
Pon4uk.ua: folds 
shootingGRID: raises $2 to $3
vadjkeee: folds 
Uncalled bet ($2) returned to shootingGRID
shootingGRID collected $2 from pot
*** SUMMARY ***
Total pot $2 | Rake $0 
Seat 2: vadjkeee (big blind) folded before Flop
Seat 5: Pon4uk.ua (button) folded before Flop (didn't bet)
Seat 6: shootingGRID (small blind) collected ($2)



PokerStars Hand #254730623295:  Hold'em No Limit ($0.50/$1.00 USD) - 2025/02/06 6:51:49 WET [2025/02/06 1:51:49 ET]
Table 'Chow' 6-max Seat #6 is the button
Seat 2: vadjkeee ($103.94 in chips) 
Seat 5: Pon4uk.ua ($197.47 in chips) 
Seat 6: shootingGRID ($101 in chips) 
vadjkeee: posts small blind $0.50
Pon4uk.ua: posts big blind $1
*** HOLE CARDS ***
shootingGRID: raises $1.50 to $2.50
vadjkeee: folds 
Pon4uk.ua: folds 
Uncalled bet ($1.50) returned to shootingGRID
shootingGRID collected $2.50 from pot
*** SUMMARY ***
Total pot $2.50 | Rake $0 
Seat 2: vadjkeee (small blind) folded before Flop
Seat 5: Pon4uk.ua (big blind) folded before Flop
Seat 6: shootingGRID (button) collected ($2.50)



PokerStars Hand #254730624472:  Hold'em No Limit ($0.50/$1.00 USD) - 2025/02/06 6:52:07 WET [2025/02/06 1:52:07 ET]
Table 'Chow' 6-max Seat #2 is the button
Seat 2: vadjkeee ($103.44 in chips) 
Seat 5: Pon4uk.ua ($196.47 in chips) 
Seat 6: shootingGRID ($102.50 in chips) 
Pon4uk.ua: posts small blind $0.50
shootingGRID: posts big blind $1
*** HOLE CARDS ***
vadjkeee: folds 
Pon4uk.ua: folds 
Uncalled bet ($0.50) returned to shootingGRID
shootingGRID collected $1 from pot
*** SUMMARY ***
Total pot $1 | Rake $0 
Seat 2: vadjkeee (button) folded before Flop (didn't bet)
Seat 5: Pon4uk.ua (small blind) folded before Flop
Seat 6: shootingGRID (big blind) collected ($1)



PokerStars Hand #254730625364:  Hold'em No Limit ($0.50/$1.00 USD) - 2025/02/06 6:52:19 WET [2025/02/06 1:52:19 ET]
Table 'Chow' 6-max Seat #5 is the button
Seat 2: vadjkeee ($103.44 in chips) 
Seat 5: Pon4uk.ua ($195.97 in chips) 
Seat 6: shootingGRID ($103 in chips) 
shootingGRID: posts small blind $0.50
vadjkeee: posts big blind $1
*** HOLE CARDS ***
Pon4uk.ua: raises $1.50 to $2.50
shootingGRID: folds 
vadjkeee: calls $1.50
*** FLOP *** [Qc 5h 2d]
vadjkeee: checks 
Pon4uk.ua: bets $1.72
vadjkeee: calls $1.72
*** TURN *** [Qc 5h 2d] [Kd]
vadjkeee: checks 
Pon4uk.ua: bets $6.37
vadjkeee: calls $6.37
*** RIVER *** [Qc 5h 2d Kd] [Qh]
vadjkeee: checks 
Pon4uk.ua: checks 
*** SHOW DOWN ***
vadjkeee: shows [Qd 9d] (three of a kind, Queens)
Pon4uk.ua: mucks hand 
vadjkeee collected $20.68 from pot
*** SUMMARY ***
Total pot $21.68 | Rake $1 
Board [Qc 5h 2d Kd Qh]
Seat 2: vadjkeee (big blind) showed [Qd 9d] and won ($20.68) with three of a kind, Queens
Seat 5: Pon4uk.ua (button) mucked
Seat 6: shootingGRID (small blind) folded before Flop



PokerStars Hand #254730629826:  Hold'em No Limit ($0.50/$1.00 USD) - 2025/02/06 6:53:23 WET [2025/02/06 1:53:23 ET]
Table 'Chow' 6-max Seat #6 is the button
Seat 2: vadjkeee ($113.53 in chips) 
Seat 5: Pon4uk.ua ($185.38 in chips) 
Seat 6: shootingGRID ($102.50 in chips) 
vadjkeee: posts small blind $0.50
Pon4uk.ua: posts big blind $1
*** HOLE CARDS ***
shootingGRID: raises $1.50 to $2.50
vadjkeee: folds 
Pon4uk.ua: folds 
Uncalled bet ($1.50) returned to shootingGRID
shootingGRID collected $2.50 from pot
*** SUMMARY ***
Total pot $2.50 | Rake $0 
Seat 2: vadjkeee (small blind) folded before Flop
Seat 5: Pon4uk.ua (big blind) folded before Flop
Seat 6: shootingGRID (button) collected ($2.50)



PokerStars Hand #254730630486:  Hold'em No Limit ($0.50/$1.00 USD) - 2025/02/06 6:53:33 WET [2025/02/06 1:53:33 ET]
Table 'Chow' 6-max Seat #2 is the button
Seat 2: vadjkeee ($113.03 in chips) 
Seat 5: Pon4uk.ua ($184.38 in chips) 
Seat 6: shootingGRID ($104 in chips) 
Pon4uk.ua: posts small blind $0.50
shootingGRID: posts big blind $1
*** HOLE CARDS ***
vadjkeee: folds 
Pon4uk.ua: raises $1.75 to $2.75
shootingGRID: calls $1.75
*** FLOP *** [2h 8c 9h]
Pon4uk.ua: checks 
shootingGRID: bets $3.92
Pon4uk.ua: folds 
Uncalled bet ($3.92) returned to shootingGRID
shootingGRID collected $5.22 from pot
*** SUMMARY ***
Total pot $5.50 | Rake $0.28 
Board [2h 8c 9h]
Seat 2: vadjkeee (button) folded before Flop (didn't bet)
Seat 5: Pon4uk.ua (small blind) folded on the Flop
Seat 6: shootingGRID (big blind) collected ($5.22)



PokerStars Hand #254730633827:  Hold'em No Limit ($0.50/$1.00 USD) - 2025/02/06 6:54:20 WET [2025/02/06 1:54:20 ET]
Table 'Chow' 6-max Seat #5 is the button
Seat 2: vadjkeee ($113.03 in chips) 
Seat 5: Pon4uk.ua ($181.63 in chips) 
Seat 6: shootingGRID ($106.47 in chips) 
shootingGRID: posts small blind $0.50
vadjkeee: posts big blind $1
*** HOLE CARDS ***
Pon4uk.ua: folds 
shootingGRID: raises $2 to $3
vadjkeee: calls $2
*** FLOP *** [7c Jc 8h]
shootingGRID: checks 
vadjkeee: checks 
*** TURN *** [7c Jc 8h] [Th]
shootingGRID: checks 
vadjkeee: checks 
*** RIVER *** [7c Jc 8h Th] [6d]
shootingGRID: checks 
vadjkeee: checks 
*** SHOW DOWN ***
shootingGRID: shows [3c 3h] (a pair of Threes)
vadjkeee: shows [7d As] (a pair of Sevens)
vadjkeee collected $5.70 from pot
*** SUMMARY ***
Total pot $6 | Rake $0.30 
Board [7c Jc 8h Th 6d]
Seat 2: vadjkeee (big blind) showed [7d As] and won ($5.70) with a pair of Sevens
Seat 5: Pon4uk.ua (button) folded before Flop (didn't bet)
Seat 6: shootingGRID (small blind) showed [3c 3h] and lost with a pair of Threes



PokerStars Hand #254730637177:  Hold'em No Limit ($0.50/$1.00 USD) - 2025/02/06 6:55:08 WET [2025/02/06 1:55:08 ET]
Table 'Chow' 6-max Seat #6 is the button
Seat 2: vadjkeee ($115.73 in chips) 
Seat 5: Pon4uk.ua ($181.63 in chips) 
Seat 6: shootingGRID ($103.47 in chips) 
vadjkeee: posts small blind $0.50
Pon4uk.ua: posts big blind $1
*** HOLE CARDS ***
shootingGRID: raises $1.50 to $2.50
vadjkeee: folds 
Pon4uk.ua: folds 
Uncalled bet ($1.50) returned to shootingGRID
shootingGRID collected $2.50 from pot
*** SUMMARY ***
Total pot $2.50 | Rake $0 
Seat 2: vadjkeee (small blind) folded before Flop
Seat 5: Pon4uk.ua (big blind) folded before Flop
Seat 6: shootingGRID (button) collected ($2.50)



PokerStars Hand #254730638490:  Hold'em No Limit ($0.50/$1.00 USD) - 2025/02/06 6:55:30 WET [2025/02/06 1:55:30 ET]
Table 'Chow' 6-max Seat #2 is the button
Seat 2: vadjkeee ($115.23 in chips) 
Seat 5: Pon4uk.ua ($180.63 in chips) 
Seat 6: shootingGRID ($104.97 in chips) 
Pon4uk.ua: posts small blind $0.50
shootingGRID: posts big blind $1
*** HOLE CARDS ***
vadjkeee: raises $1.50 to $2.50
Pon4uk.ua: folds 
shootingGRID: folds 
Uncalled bet ($1.50) returned to vadjkeee
vadjkeee collected $2.50 from pot
vadjkeee: doesn't show hand 
*** SUMMARY ***
Total pot $2.50 | Rake $0 
Seat 2: vadjkeee (button) collected ($2.50)
Seat 5: Pon4uk.ua (small blind) folded before Flop
Seat 6: shootingGRID (big blind) folded before Flop



PokerStars Hand #254730639592:  Hold'em No Limit ($0.50/$1.00 USD) - 2025/02/06 6:55:49 WET [2025/02/06 1:55:49 ET]
Table 'Chow' 6-max Seat #5 is the button
Seat 2: vadjkeee ($116.73 in chips) 
Seat 5: Pon4uk.ua ($180.13 in chips) 
Seat 6: shootingGRID ($103.97 in chips) 
shootingGRID: posts small blind $0.50
vadjkeee: posts big blind $1
*** HOLE CARDS ***
Pon4uk.ua: folds 
shootingGRID: folds 
Uncalled bet ($0.50) returned to vadjkeee
vadjkeee collected $1 from pot
vadjkeee: doesn't show hand 
*** SUMMARY ***
Total pot $1 | Rake $0 
Seat 2: vadjkeee (big blind) collected ($1)
Seat 5: Pon4uk.ua (button) folded before Flop (didn't bet)
Seat 6: shootingGRID (small blind) folded before Flop



PokerStars Hand #254730640021:  Hold'em No Limit ($0.50/$1.00 USD) - 2025/02/06 6:55:56 WET [2025/02/06 1:55:56 ET]
Table 'Chow' 6-max Seat #2 is the button
Seat 5: Pon4uk.ua ($180.13 in chips) is sitting out
Seat 2: vadjkeee ($117.23 in chips) 
Seat 6: shootingGRID ($103.47 in chips) 
vadjkeee: posts small blind $0.50
Pon4uk.ua: is sitting out 
shootingGRID: posts big blind $1
*** HOLE CARDS ***
Pon4uk.ua leaves the table
vadjkeee: raises $1.50 to $2.50
shootingGRID: raises $7.50 to $10
vadjkeee: calls $7.50
*** FLOP *** [Td Ks Jc]
shootingGRID: bets $9.50
vadjkeee: calls $9.50
*** TURN *** [Td Ks Jc] [8s]
shootingGRID: bets $25.08
vadjkeee: calls $25.08
*** RIVER *** [Td Ks Jc 8s] [7h]
shootingGRID: bets $58.89 and is all-in
vadjkeee: calls $58.89
*** SHOW DOWN ***
shootingGRID: shows [Kd Jd] (two pair, Kings and Jacks)
vadjkeee: shows [Kh 8h] (two pair, Kings and Eights)
shootingGRID collected $205.94 from pot
*** SUMMARY ***
Total pot $206.94 | Rake $1 
Board [Td Ks Jc 8s 7h]
Seat 5: Pon4uk.ua
Seat 2: vadjkeee (button) (small blind) showed [Kh 8h] and lost with two pair, Kings and Eights
Seat 6: shootingGRID (big blind) showed [Kd Jd] and won ($205.94) with two pair, Kings and Jacks



PokerStars Hand #254730642691:  Hold'em No Limit ($0.50/$1.00 USD) - 2025/02/06 6:56:42 WET [2025/02/06 1:56:42 ET]
Table 'Chow' 6-max Seat #6 is the button
Seat 2: vadjkeee ($100 in chips) 
Seat 6: shootingGRID ($205.94 in chips) 
shootingGRID: posts small blind $0.50
vadjkeee: posts big blind $1
*** HOLE CARDS ***
fish my nuts joins the table at seat #3 
CMX1998 joins the table at seat #1 
CMX1998 is disconnected 
shootingGRID: raises $1.25 to $2.25
Alinyr joins the table at seat #4 
vadjkeee: calls $1.25
*** FLOP *** [5h Jc 5d]
AlexEliseev7 joins the table at seat #5 
vadjkeee: checks 
shootingGRID: bets $1.41
vadjkeee: raises $4.09 to $5.50
shootingGRID: folds 
Uncalled bet ($4.09) returned to vadjkeee
vadjkeee collected $6.95 from pot
vadjkeee: doesn't show hand 
*** SUMMARY ***
Total pot $7.32 | Rake $0.37 
Board [5h Jc 5d]
Seat 2: vadjkeee (big blind) collected ($6.95)
Seat 6: shootingGRID (button) (small blind) folded on the Flop



PokerStars Hand #254730644459:  Hold'em No Limit ($0.50/$1.00 USD) - 2025/02/06 6:57:11 WET [2025/02/06 1:57:11 ET]
Table 'Chow' 6-max Seat #2 is the button
Seat 3: fish my nuts ($102.70 in chips) is sitting out
Seat 4: Alinyr ($100 in chips) is sitting out
Seat 5: AlexEliseev7 ($100 in chips) is sitting out
Seat 1: CMX1998 ($100 in chips) 
Seat 2: vadjkeee ($103.29 in chips) 
Seat 6: shootingGRID ($202.28 in chips) 
shootingGRID: posts small blind $0.50
CMX1998: posts big blind $1
*** HOLE CARDS ***
vadjkeee: folds 
shootingGRID: raises $2 to $3
CMX1998: calls $2
*** FLOP *** [Jc 2d 6c]
shootingGRID: checks 
CMX1998: checks 
*** TURN *** [Jc 2d 6c] [2s]
shootingGRID: checks 
CMX1998: checks 
*** RIVER *** [Jc 2d 6c 2s] [3c]
shootingGRID: checks 
CMX1998: checks 
*** SHOW DOWN ***
shootingGRID: shows [Ah 8s] (a pair of Deuces)
CMX1998: mucks hand 
shootingGRID collected $5.70 from pot
*** SUMMARY ***
Total pot $6 | Rake $0.30 
Board [Jc 2d 6c 2s 3c]
Seat 3: fish my nuts
Seat 4: Alinyr
Seat 5: AlexEliseev7
Seat 1: CMX1998 (big blind) mucked
Seat 2: vadjkeee (button) folded before Flop (didn't bet)
Seat 6: shootingGRID (small blind) showed [Ah 8s] and won ($5.70) with a pair of Deuces



PokerStars Hand #254730645950:  Hold'em No Limit ($0.50/$1.00 USD) - 2025/02/06 6:57:37 WET [2025/02/06 1:57:37 ET]
Table 'Chow' 6-max Seat #6 is the button
Seat 3: fish my nuts ($102.70 in chips) is sitting out
Seat 4: Alinyr ($100 in chips) is sitting out
Seat 5: AlexEliseev7 ($100 in chips) is sitting out
Seat 1: CMX1998 ($97 in chips) 
Seat 2: vadjkeee ($103.29 in chips) 
Seat 6: shootingGRID ($204.98 in chips) 
CMX1998: posts small blind $0.50
vadjkeee: posts big blind $1
fish my nuts: sits out 
Alinyr: sits out 
AlexEliseev7: sits out 
*** HOLE CARDS ***
shootingGRID: raises $1.50 to $2.50
CMX1998: calls $2
vadjkeee: folds 
*** FLOP *** [2c 6c Ks]
CMX1998: checks 
shootingGRID: bets $1.88
CMX1998: calls $1.88
*** TURN *** [2c 6c Ks] [Qh]
CMX1998: checks 
shootingGRID: checks 
*** RIVER *** [2c 6c Ks Qh] [4c]
CMX1998: checks 
shootingGRID: checks 
*** SHOW DOWN ***
CMX1998: shows [Ac 6s] (a pair of Sixes)
shootingGRID: mucks hand 
CMX1998 collected $9.27 from pot
*** SUMMARY ***
Total pot $9.76 | Rake $0.49 
Board [2c 6c Ks Qh 4c]
Seat 3: fish my nuts
Seat 4: Alinyr
Seat 5: AlexEliseev7
Seat 1: CMX1998 (small blind) showed [Ac 6s] and won ($9.27) with a pair of Sixes
Seat 2: vadjkeee (big blind) folded before Flop
Seat 6: shootingGRID (button) mucked



PokerStars Hand #254730649924:  Hold'em No Limit ($0.50/$1.00 USD) - 2025/02/06 6:58:42 WET [2025/02/06 1:58:42 ET]
Table 'Chow' 6-max Seat #1 is the button
Seat 4: Alinyr ($100 in chips) is sitting out
Seat 5: AlexEliseev7 ($100 in chips) is sitting out
Seat 1: CMX1998 ($101.89 in chips) 
Seat 2: vadjkeee ($102.29 in chips) 
Seat 3: fish my nuts ($102.70 in chips) 
Seat 6: shootingGRID ($200.60 in chips) 
vadjkeee: posts small blind $0.50
fish my nuts: posts big blind $1
Alinyr: sits out 
AlexEliseev7: sits out 
*** HOLE CARDS ***
shootingGRID: raises $1.25 to $2.25
CMX1998: calls $2.25
vadjkeee: folds 
fish my nuts: folds 
*** FLOP *** [2h 9h 4s]
shootingGRID: checks 
CMX1998: bets $2
shootingGRID: calls $2
*** TURN *** [2h 9h 4s] [5d]
shootingGRID: checks 
CMX1998: checks 
*** RIVER *** [2h 9h 4s 5d] [Th]
shootingGRID: bets $6.27
CMX1998: calls $6.27
*** SHOW DOWN ***
shootingGRID: shows [Js Kh] (high card King)
CMX1998: shows [Qh 4h] (a flush, Queen high)
CMX1998 collected $21.54 from pot
*** SUMMARY ***
Total pot $22.54 | Rake $1 
Board [2h 9h 4s 5d Th]
Seat 4: Alinyr
Seat 5: AlexEliseev7
Seat 1: CMX1998 (button) showed [Qh 4h] and won ($21.54) with a flush, Queen high
Seat 2: vadjkeee (small blind) folded before Flop
Seat 3: fish my nuts (big blind) folded before Flop
Seat 6: shootingGRID showed [Js Kh] and lost with high card King



PokerStars Hand #254730651714:  Hold'em No Limit ($0.50/$1.00 USD) - 2025/02/06 6:59:12 WET [2025/02/06 1:59:12 ET]
Table 'Chow' 6-max Seat #2 is the button
Seat 5: AlexEliseev7 ($100 in chips) is sitting out
Seat 1: CMX1998 ($112.91 in chips) 
Seat 2: vadjkeee ($101.79 in chips) 
Seat 3: fish my nuts ($101.70 in chips) 
Seat 4: Alinyr ($100 in chips) 
Seat 6: shootingGRID ($190.08 in chips) 
fish my nuts: posts small blind $0.50
Alinyr: posts big blind $1
AlexEliseev7: sits out 
*** HOLE CARDS ***
shootingGRID has timed out
shootingGRID: folds 
CMX1998: folds 
vadjkeee: folds 
fish my nuts: folds 
Uncalled bet ($0.50) returned to Alinyr
Alinyr collected $1 from pot
Alinyr: doesn't show hand 
*** SUMMARY ***
Total pot $1 | Rake $0 
Seat 5: AlexEliseev7
Seat 1: CMX1998 folded before Flop (didn't bet)
Seat 2: vadjkeee (button) folded before Flop (didn't bet)
Seat 3: fish my nuts (small blind) folded before Flop
Seat 4: Alinyr (big blind) collected ($1)
Seat 6: shootingGRID folded before Flop (didn't bet)



PokerStars Hand #254730652815:  Hold'em No Limit ($0.50/$1.00 USD) - 2025/02/06 6:59:31 WET [2025/02/06 1:59:31 ET]
Table 'Chow' 6-max Seat #3 is the button
Seat 6: shootingGRID ($190.08 in chips) is sitting out
Seat 1: CMX1998 ($112.91 in chips) 
Seat 2: vadjkeee ($101.79 in chips) 
Seat 3: fish my nuts ($101.20 in chips) 
Seat 4: Alinyr ($100.50 in chips) 
Seat 5: AlexEliseev7 ($100 in chips) 
Alinyr: posts small blind $0.50
AlexEliseev7: posts big blind $1
*** HOLE CARDS ***
CMX1998: calls $1
vadjkeee: raises $3 to $4
fish my nuts: folds 
Alinyr: folds 
AlexEliseev7: folds 
CMX1998: calls $3
*** FLOP *** [Qd 6s 6c]
CMX1998: checks 
vadjkeee: bets $2.25
CMX1998: calls $2.25
*** TURN *** [Qd 6s 6c] [Ad]
CMX1998: checks 
vadjkeee: bets $7.32
CMX1998: calls $7.32
*** RIVER *** [Qd 6s 6c Ad] [Kc]
CMX1998: checks 
vadjkeee: bets $8.98
CMX1998: calls $8.98
*** SHOW DOWN ***
vadjkeee: shows [Ah 4h] (two pair, Aces and Sixes)
CMX1998: shows [8c As] (two pair, Aces and Sixes)
CMX1998 collected $22.14 from pot
vadjkeee collected $22.13 from pot
*** SUMMARY ***
Total pot $46.60 | Rake $2.33 
Board [Qd 6s 6c Ad Kc]
Seat 6: shootingGRID
Seat 1: CMX1998 showed [8c As] and won ($22.14) with two pair, Aces and Sixes
Seat 2: vadjkeee showed [Ah 4h] and won ($22.13) with two pair, Aces and Sixes
Seat 3: fish my nuts (button) folded before Flop (didn't bet)
Seat 4: Alinyr (small blind) folded before Flop
Seat 5: AlexEliseev7 (big blind) folded before Flop



PokerStars Hand #254730656199:  Hold'em No Limit ($0.50/$1.00 USD) - 2025/02/06 7:00:27 WET [2025/02/06 2:00:27 ET]
Table 'Chow' 6-max Seat #4 is the button
Seat 1: CMX1998 ($112.50 in chips) 
Seat 2: vadjkeee ($101.37 in chips) 
Seat 3: fish my nuts ($101.20 in chips) 
Seat 4: Alinyr ($100 in chips) 
Seat 5: AlexEliseev7 ($100 in chips) 
Seat 6: shootingGRID ($190.08 in chips) 
AlexEliseev7: posts small blind $0.50
shootingGRID: posts big blind $1
*** HOLE CARDS ***
CMX1998: raises $2 to $3
vadjkeee: folds 
fish my nuts: raises $6 to $9
Alinyr: folds 
AlexEliseev7: folds 
shootingGRID: folds 
CMX1998: raises $6 to $15
fish my nuts: calls $6
*** FLOP *** [8d 5s 3c]
CMX1998: checks 
fish my nuts: bets $26.33
CMX1998: folds 
Uncalled bet ($26.33) returned to fish my nuts
fish my nuts collected $29.92 from pot
fish my nuts: doesn't show hand 
*** SUMMARY ***
Total pot $31.50 | Rake $1.58 
Board [8d 5s 3c]
Seat 1: CMX1998 folded on the Flop
Seat 2: vadjkeee folded before Flop (didn't bet)
Seat 3: fish my nuts collected ($29.92)
Seat 4: Alinyr (button) folded before Flop (didn't bet)
Seat 5: AlexEliseev7 (small blind) folded before Flop
Seat 6: shootingGRID (big blind) folded before Flop



PokerStars Hand #254730660026:  Hold'em No Limit ($0.50/$1.00 USD) - 2025/02/06 7:01:25 WET [2025/02/06 2:01:25 ET]
Table 'Chow' 6-max Seat #5 is the button
Seat 1: CMX1998 ($97.50 in chips) 
Seat 2: vadjkeee ($101.37 in chips) 
Seat 3: fish my nuts ($116.12 in chips) 
Seat 4: Alinyr ($100 in chips) 
Seat 5: AlexEliseev7 ($100 in chips) 
Seat 6: shootingGRID ($189.08 in chips) 
shootingGRID: posts small blind $0.50
CMX1998: posts big blind $1
*** HOLE CARDS ***
vadjkeee: folds 
fish my nuts: folds 
Alinyr: folds 
AlexEliseev7: raises $1.50 to $2.50
shootingGRID: raises $9.50 to $12
CMX1998: folds 
AlexEliseev7: folds 
Uncalled bet ($9.50) returned to shootingGRID
shootingGRID collected $6 from pot
*** SUMMARY ***
Total pot $6 | Rake $0 
Seat 1: CMX1998 (big blind) folded before Flop
Seat 2: vadjkeee folded before Flop (didn't bet)
Seat 3: fish my nuts folded before Flop (didn't bet)
Seat 4: Alinyr folded before Flop (didn't bet)
Seat 5: AlexEliseev7 (button) folded before Flop
Seat 6: shootingGRID (small blind) collected ($6)



PokerStars Hand #254730661560:  Hold'em No Limit ($0.50/$1.00 USD) - 2025/02/06 7:01:48 WET [2025/02/06 2:01:48 ET]
Table 'Chow' 6-max Seat #6 is the button
Seat 1: CMX1998 ($96.50 in chips) 
Seat 2: vadjkeee ($101.37 in chips) 
Seat 3: fish my nuts ($116.12 in chips) 
Seat 4: Alinyr ($100 in chips) 
Seat 5: AlexEliseev7 ($100 in chips) 
Seat 6: shootingGRID ($192.58 in chips) 
CMX1998: posts small blind $0.50
vadjkeee: posts big blind $1
*** HOLE CARDS ***
fish my nuts: folds 
Alinyr: folds 
AlexEliseev7: folds 
shootingGRID: folds 
CMX1998: calls $0.50
vadjkeee: checks 
*** FLOP *** [Kh 2h Qd]
CMX1998: bets $3
vadjkeee: folds 
Uncalled bet ($3) returned to CMX1998
CMX1998 collected $1.90 from pot
*** SUMMARY ***
Total pot $2 | Rake $0.10 
Board [Kh 2h Qd]
Seat 1: CMX1998 (small blind) collected ($1.90)
Seat 2: vadjkeee (big blind) folded on the Flop
Seat 3: fish my nuts folded before Flop (didn't bet)
Seat 4: Alinyr folded before Flop (didn't bet)
Seat 5: AlexEliseev7 folded before Flop (didn't bet)
Seat 6: shootingGRID (button) folded before Flop (didn't bet)



PokerStars Hand #254730664294:  Hold'em No Limit ($0.50/$1.00 USD) - 2025/02/06 7:02:26 WET [2025/02/06 2:02:26 ET]
Table 'Chow' 6-max Seat #1 is the button
Seat 1: CMX1998 ($97.40 in chips) 
Seat 2: vadjkeee ($100.37 in chips) 
Seat 3: fish my nuts ($116.12 in chips) 
Seat 4: Alinyr ($100 in chips) 
Seat 5: AlexEliseev7 ($100 in chips) 
Seat 6: shootingGRID ($192.58 in chips) 
vadjkeee: posts small blind $0.50
fish my nuts: posts big blind $1
*** HOLE CARDS ***
Alinyr: folds 
AlexEliseev7: folds 
shootingGRID: folds 
CMX1998: calls $1
vadjkeee: raises $4 to $5
fish my nuts: folds 
CMX1998: calls $4
*** FLOP *** [Jc 3s 4h]
vadjkeee: bets $2.61
CMX1998: calls $2.61
*** TURN *** [Jc 3s 4h] [Td]
vadjkeee: bets $20.03
CMX1998: calls $20.03
*** RIVER *** [Jc 3s 4h Td] [6h]
vadjkeee: checks 
CMX1998: checks 
*** SHOW DOWN ***
vadjkeee: shows [Ac 5h] (high card Ace)
CMX1998: shows [8s Jd] (a pair of Jacks)
CMX1998 collected $53.78 from pot
*** SUMMARY ***
Total pot $56.28 | Rake $2.50 
Board [Jc 3s 4h Td 6h]
Seat 1: CMX1998 (button) showed [8s Jd] and won ($53.78) with a pair of Jacks
Seat 2: vadjkeee (small blind) showed [Ac 5h] and lost with high card Ace
Seat 3: fish my nuts (big blind) folded before Flop
Seat 4: Alinyr folded before Flop (didn't bet)
Seat 5: AlexEliseev7 folded before Flop (didn't bet)
Seat 6: shootingGRID folded before Flop (didn't bet)



PokerStars Hand #254730666594:  Hold'em No Limit ($0.50/$1.00 USD) - 2025/02/06 7:02:59 WET [2025/02/06 2:02:59 ET]
Table 'Chow' 6-max Seat #2 is the button
Seat 1: CMX1998 ($123.54 in chips) 
Seat 2: vadjkeee ($100 in chips) 
Seat 3: fish my nuts ($115.12 in chips) 
Seat 4: Alinyr ($100 in chips) 
Seat 5: AlexEliseev7 ($100 in chips) 
Seat 6: shootingGRID ($192.58 in chips) 
fish my nuts: posts small blind $0.50
Alinyr: posts big blind $1
*** HOLE CARDS ***
AlexEliseev7: folds 
shootingGRID: folds 
CMX1998: calls $1
vadjkeee: raises $3 to $4
fish my nuts: folds 
Alinyr: folds 
CMX1998: calls $3
*** FLOP *** [5s 4d Ks]
CMX1998: checks 
vadjkeee: bets $2.98
CMX1998: folds 
Uncalled bet ($2.98) returned to vadjkeee
vadjkeee collected $9.02 from pot
vadjkeee: doesn't show hand 
*** SUMMARY ***
Total pot $9.50 | Rake $0.48 
Board [5s 4d Ks]
Seat 1: CMX1998 folded on the Flop
Seat 2: vadjkeee (button) collected ($9.02)
Seat 3: fish my nuts (small blind) folded before Flop
Seat 4: Alinyr (big blind) folded before Flop
Seat 5: AlexEliseev7 folded before Flop (didn't bet)
Seat 6: shootingGRID folded before Flop (didn't bet)



PokerStars Hand #254730669029:  Hold'em No Limit ($0.50/$1.00 USD) - 2025/02/06 7:03:35 WET [2025/02/06 2:03:35 ET]
Table 'Chow' 6-max Seat #3 is the button
Seat 1: CMX1998 ($119.54 in chips) 
Seat 2: vadjkeee ($105.02 in chips) 
Seat 3: fish my nuts ($114.62 in chips) 
Seat 4: Alinyr ($100 in chips) 
Seat 5: AlexEliseev7 ($100 in chips) 
Seat 6: shootingGRID ($192.58 in chips) 
Alinyr: posts small blind $0.50
AlexEliseev7: posts big blind $1
*** HOLE CARDS ***
shootingGRID: folds 
CMX1998: calls $1
vadjkeee: folds 
fish my nuts: raises $3.50 to $4.50
Alinyr: raises $9.50 to $14
AlexEliseev7: folds 
CMX1998: folds 
fish my nuts: folds 
Uncalled bet ($9.50) returned to Alinyr
Alinyr collected $11 from pot
Alinyr: doesn't show hand 
*** SUMMARY ***
Total pot $11 | Rake $0 
Seat 1: CMX1998 folded before Flop
Seat 2: vadjkeee folded before Flop (didn't bet)
Seat 3: fish my nuts (button) folded before Flop
Seat 4: Alinyr (small blind) collected ($11)
Seat 5: AlexEliseev7 (big blind) folded before Flop
Seat 6: shootingGRID folded before Flop (didn't bet)



PokerStars Hand #254730671311:  Hold'em No Limit ($0.50/$1.00 USD) - 2025/02/06 7:04:07 WET [2025/02/06 2:04:07 ET]
Table 'Chow' 6-max Seat #4 is the button
Seat 1: CMX1998 ($118.54 in chips) 
Seat 2: vadjkeee ($105.02 in chips) 
Seat 3: fish my nuts ($110.12 in chips) 
Seat 4: Alinyr ($106.50 in chips) 
Seat 5: AlexEliseev7 ($100 in chips) 
Seat 6: shootingGRID ($192.58 in chips) 
AlexEliseev7: posts small blind $0.50
shootingGRID: posts big blind $1
*** HOLE CARDS ***
CMX1998: raises $1 to $2
vadjkeee: folds 
fish my nuts: folds 
Alinyr: folds 
AlexEliseev7: folds 
shootingGRID: calls $1
*** FLOP *** [2s 8s 6s]
shootingGRID: checks 
CMX1998: checks 
*** TURN *** [2s 8s 6s] [8h]
shootingGRID: checks 
CMX1998: checks 
*** RIVER *** [2s 8s 6s 8h] [5h]
shootingGRID: checks 
CMX1998: checks 
*** SHOW DOWN ***
shootingGRID: shows [4s 4h] (two pair, Eights and Fours)
CMX1998: mucks hand 
shootingGRID collected $4.28 from pot
*** SUMMARY ***
Total pot $4.50 | Rake $0.22 
Board [2s 8s 6s 8h 5h]
Seat 1: CMX1998 mucked
Seat 2: vadjkeee folded before Flop (didn't bet)
Seat 3: fish my nuts folded before Flop (didn't bet)
Seat 4: Alinyr (button) folded before Flop (didn't bet)
Seat 5: AlexEliseev7 (small blind) folded before Flop
Seat 6: shootingGRID (big blind) showed [4s 4h] and won ($4.28) with two pair, Eights and Fours



PokerStars Hand #254730674106:  Hold'em No Limit ($0.50/$1.00 USD) - 2025/02/06 7:04:47 WET [2025/02/06 2:04:47 ET]
Table 'Chow' 6-max Seat #5 is the button
Seat 1: CMX1998 ($116.54 in chips) 
Seat 2: vadjkeee ($105.02 in chips) 
Seat 3: fish my nuts ($110.12 in chips) 
Seat 4: Alinyr ($106.50 in chips) 
Seat 5: AlexEliseev7 ($100 in chips) 
Seat 6: shootingGRID ($194.86 in chips) 
shootingGRID: posts small blind $0.50
CMX1998: posts big blind $1
*** HOLE CARDS ***
vadjkeee: folds 
fish my nuts: folds 
Alinyr: folds 
AlexEliseev7: raises $1.50 to $2.50
shootingGRID: folds 
CMX1998: calls $1.50
*** FLOP *** [4h Kc Th]
CMX1998: checks 
AlexEliseev7: bets $1.72
CMX1998: calls $1.72
*** TURN *** [4h Kc Th] [6d]
CMX1998: checks 
AlexEliseev7: checks 
*** RIVER *** [4h Kc Th 6d] [5s]
CMX1998: checks 
AlexEliseev7: bets $12.82
CMX1998: folds 
Uncalled bet ($12.82) returned to AlexEliseev7
AlexEliseev7 collected $8.49 from pot
AlexEliseev7: doesn't show hand 
*** SUMMARY ***
Total pot $8.94 | Rake $0.45 
Board [4h Kc Th 6d 5s]
Seat 1: CMX1998 (big blind) folded on the River
Seat 2: vadjkeee folded before Flop (didn't bet)
Seat 3: fish my nuts folded before Flop (didn't bet)
Seat 4: Alinyr folded before Flop (didn't bet)
Seat 5: AlexEliseev7 (button) collected ($8.49)
Seat 6: shootingGRID (small blind) folded before Flop



PokerStars Hand #254730678100:  Hold'em No Limit ($0.50/$1.00 USD) - 2025/02/06 7:05:44 WET [2025/02/06 2:05:44 ET]
Table 'Chow' 6-max Seat #6 is the button
Seat 1: CMX1998 ($112.32 in chips) 
Seat 2: vadjkeee ($105.02 in chips) 
Seat 3: fish my nuts ($110.12 in chips) 
Seat 4: Alinyr ($106.50 in chips) 
Seat 5: AlexEliseev7 ($104.27 in chips) 
Seat 6: shootingGRID ($194.36 in chips) 
CMX1998: posts small blind $0.50
vadjkeee: posts big blind $1
*** HOLE CARDS ***
fish my nuts: folds 
Alinyr: folds 
AlexEliseev7: folds 
shootingGRID: folds 
CMX1998: calls $0.50
vadjkeee: checks 
*** FLOP *** [6d Jh Jc]
CMX1998: checks 
vadjkeee: bets $1
CMX1998: calls $1
*** TURN *** [6d Jh Jc] [Kd]
CMX1998: checks 
vadjkeee: bets $2.85
CMX1998: calls $2.85
*** RIVER *** [6d Jh Jc Kd] [5d]
CMX1998: checks 
vadjkeee: checks 
*** SHOW DOWN ***
CMX1998: shows [Ts Td] (two pair, Jacks and Tens)
vadjkeee: mucks hand 
CMX1998 collected $9.22 from pot
*** SUMMARY ***
Total pot $9.70 | Rake $0.48 
Board [6d Jh Jc Kd 5d]
Seat 1: CMX1998 (small blind) showed [Ts Td] and won ($9.22) with two pair, Jacks and Tens
Seat 2: vadjkeee (big blind) mucked
Seat 3: fish my nuts folded before Flop (didn't bet)
Seat 4: Alinyr folded before Flop (didn't bet)
Seat 5: AlexEliseev7 folded before Flop (didn't bet)
Seat 6: shootingGRID (button) folded before Flop (didn't bet)



PokerStars Hand #254730682242:  Hold'em No Limit ($0.50/$1.00 USD) - 2025/02/06 7:06:44 WET [2025/02/06 2:06:44 ET]
Table 'Chow' 6-max Seat #1 is the button
Seat 1: CMX1998 ($116.69 in chips) 
Seat 2: vadjkeee ($100.17 in chips) 
Seat 3: fish my nuts ($110.12 in chips) 
Seat 4: Alinyr ($106.50 in chips) 
Seat 5: AlexEliseev7 ($104.27 in chips) 
Seat 6: shootingGRID ($194.36 in chips) 
vadjkeee: posts small blind $0.50
fish my nuts: posts big blind $1
*** HOLE CARDS ***
Alinyr: folds 
AlexEliseev7: raises $1.50 to $2.50
shootingGRID: folds 
CMX1998: folds 
vadjkeee: folds 
fish my nuts: folds 
Uncalled bet ($1.50) returned to AlexEliseev7
AlexEliseev7 collected $2.50 from pot
AlexEliseev7: doesn't show hand 
*** SUMMARY ***
Total pot $2.50 | Rake $0 
Seat 1: CMX1998 (button) folded before Flop (didn't bet)
Seat 2: vadjkeee (small blind) folded before Flop
Seat 3: fish my nuts (big blind) folded before Flop
Seat 4: Alinyr folded before Flop (didn't bet)
Seat 5: AlexEliseev7 collected ($2.50)
Seat 6: shootingGRID folded before Flop (didn't bet)



PokerStars Hand #254730683516:  Hold'em No Limit ($0.50/$1.00 USD) - 2025/02/06 7:07:02 WET [2025/02/06 2:07:02 ET]
Table 'Chow' 6-max Seat #2 is the button
Seat 1: CMX1998 ($116.69 in chips) 
Seat 2: vadjkeee ($100 in chips) 
Seat 3: fish my nuts ($109.12 in chips) 
Seat 4: Alinyr ($106.50 in chips) 
Seat 5: AlexEliseev7 ($105.77 in chips) 
Seat 6: shootingGRID ($194.36 in chips) 
fish my nuts: posts small blind $0.50
Alinyr: posts big blind $1
*** HOLE CARDS ***
AlexEliseev7: folds 
shootingGRID: raises $1.25 to $2.25
CMX1998: calls $2.25
vadjkeee: folds 
fish my nuts: folds 
Alinyr: folds 
*** FLOP *** [8h 4s 3c]
shootingGRID: checks 
CMX1998: checks 
*** TURN *** [8h 4s 3c] [Jd]
shootingGRID: bets $4.28
CMX1998: folds 
Uncalled bet ($4.28) returned to shootingGRID
shootingGRID collected $5.70 from pot
*** SUMMARY ***
Total pot $6 | Rake $0.30 
Board [8h 4s 3c Jd]
Seat 1: CMX1998 folded on the Turn
Seat 2: vadjkeee (button) folded before Flop (didn't bet)
Seat 3: fish my nuts (small blind) folded before Flop
Seat 4: Alinyr (big blind) folded before Flop
Seat 5: AlexEliseev7 folded before Flop (didn't bet)
Seat 6: shootingGRID collected ($5.70)



PokerStars Hand #254730686161:  Hold'em No Limit ($0.50/$1.00 USD) - 2025/02/06 7:07:41 WET [2025/02/06 2:07:41 ET]
Table 'Chow' 6-max Seat #3 is the button
Seat 1: CMX1998 ($114.44 in chips) 
Seat 2: vadjkeee ($100 in chips) 
Seat 3: fish my nuts ($108.62 in chips) 
Seat 4: Alinyr ($105.50 in chips) 
Seat 5: AlexEliseev7 ($105.77 in chips) 
Seat 6: shootingGRID ($197.81 in chips) 
Alinyr: posts small blind $0.50
AlexEliseev7: posts big blind $1
*** HOLE CARDS ***
shootingGRID: folds 
CMX1998: calls $1
vadjkeee: folds 
fish my nuts: raises $3.50 to $4.50
Alinyr: folds 
AlexEliseev7: folds 
CMX1998: folds 
Uncalled bet ($3.50) returned to fish my nuts
fish my nuts collected $3.50 from pot
fish my nuts: doesn't show hand 
*** SUMMARY ***
Total pot $3.50 | Rake $0 
Seat 1: CMX1998 folded before Flop
Seat 2: vadjkeee folded before Flop (didn't bet)
Seat 3: fish my nuts (button) collected ($3.50)
Seat 4: Alinyr (small blind) folded before Flop
Seat 5: AlexEliseev7 (big blind) folded before Flop
Seat 6: shootingGRID folded before Flop (didn't bet)



PokerStars Hand #254730697430:  Hold'em No Limit ($0.50/$1.00 USD) - 2025/02/06 7:10:25 WET [2025/02/06 2:10:25 ET]
Table 'Chow' 6-max Seat #1 is the button
Seat 1: CMX1998 ($136.22 in chips) 
Seat 2: vadjkeee ($100 in chips) 
Seat 3: fish my nuts ($104.07 in chips) 
Seat 4: Alinyr ($105 in chips) 
Seat 5: AlexEliseev7 ($104.27 in chips) 
Seat 6: shootingGRID ($196.31 in chips) 
vadjkeee: posts small blind $0.50
fish my nuts: posts big blind $1
*** HOLE CARDS ***
Alinyr: raises $1.05 to $2.05
AlexEliseev7: folds 
shootingGRID: folds 
CMX1998: calls $2.05
vadjkeee: folds 
fish my nuts: folds 
*** FLOP *** [9d 6h 5c]
Alinyr: checks 
CMX1998: checks 
*** TURN *** [9d 6h 5c] [3h]
Alinyr: checks 
CMX1998: checks 
*** RIVER *** [9d 6h 5c 3h] [8s]
Alinyr: checks 
CMX1998: bets $2
Alinyr: calls $2
*** SHOW DOWN ***
CMX1998: shows [As 7s] (a straight, Five to Nine)
Alinyr: mucks hand 
CMX1998 collected $9.12 from pot
*** SUMMARY ***
Total pot $9.60 | Rake $0.48 
Board [9d 6h 5c 3h 8s]
Seat 1: CMX1998 (button) showed [As 7s] and won ($9.12) with a straight, Five to Nine
Seat 2: vadjkeee (small blind) folded before Flop
Seat 3: fish my nuts (big blind) folded before Flop
Seat 4: Alinyr mucked
Seat 5: AlexEliseev7 folded before Flop (didn't bet)
Seat 6: shootingGRID folded before Flop (didn't bet)



PokerStars Hand #254730700456:  Hold'em No Limit ($0.50/$1.00 USD) - 2025/02/06 7:11:10 WET [2025/02/06 2:11:10 ET]
Table 'Chow' 6-max Seat #2 is the button
Seat 1: CMX1998 ($141.29 in chips) 
Seat 2: vadjkeee ($100 in chips) 
Seat 3: fish my nuts ($103.07 in chips) 
Seat 4: Alinyr ($100.95 in chips) 
Seat 5: AlexEliseev7 ($104.27 in chips) 
Seat 6: shootingGRID ($196.31 in chips) 
fish my nuts: posts small blind $0.50
Alinyr: posts big blind $1
*** HOLE CARDS ***
AlexEliseev7: folds 
shootingGRID: folds 
CMX1998: folds 
vadjkeee: folds 
fish my nuts: folds 
Uncalled bet ($0.50) returned to Alinyr
Alinyr collected $1 from pot
Alinyr: doesn't show hand 
*** SUMMARY ***
Total pot $1 | Rake $0 
Seat 1: CMX1998 folded before Flop (didn't bet)
Seat 2: vadjkeee (button) folded before Flop (didn't bet)
Seat 3: fish my nuts (small blind) folded before Flop
Seat 4: Alinyr (big blind) collected ($1)
Seat 5: AlexEliseev7 folded before Flop (didn't bet)
Seat 6: shootingGRID folded before Flop (didn't bet)



PokerStars Hand #254730702714:  Hold'em No Limit ($0.50/$1.00 USD) - 2025/02/06 7:11:43 WET [2025/02/06 2:11:43 ET]
Table 'Chow' 6-max Seat #3 is the button
Seat 1: CMX1998 ($141.29 in chips) 
Seat 2: vadjkeee ($100 in chips) 
Seat 3: fish my nuts ($102.57 in chips) 
Seat 4: Alinyr ($101.45 in chips) 
Seat 5: AlexEliseev7 ($104.27 in chips) 
Seat 6: shootingGRID ($196.31 in chips) 
Alinyr: posts small blind $0.50
AlexEliseev7: posts big blind $1
*** HOLE CARDS ***
shootingGRID: folds 
CMX1998: calls $1
vadjkeee: calls $1
fish my nuts: folds 
Alinyr: calls $0.50
AlexEliseev7: checks 
*** FLOP *** [Jc 6c 9h]
Alinyr: checks 
AlexEliseev7: checks 
CMX1998: checks 
vadjkeee: checks 
*** TURN *** [Jc 6c 9h] [Jh]
Alinyr: checks 
AlexEliseev7: bets $2.96
CMX1998: folds 
vadjkeee: folds 
Alinyr: folds 
Uncalled bet ($2.96) returned to AlexEliseev7
AlexEliseev7 collected $3.80 from pot
AlexEliseev7: doesn't show hand 
*** SUMMARY ***
Total pot $4 | Rake $0.20 
Board [Jc 6c 9h Jh]
Seat 1: CMX1998 folded on the Turn
Seat 2: vadjkeee folded on the Turn
Seat 3: fish my nuts (button) folded before Flop (didn't bet)
Seat 4: Alinyr (small blind) folded on the Turn
Seat 5: AlexEliseev7 (big blind) collected ($3.80)
Seat 6: shootingGRID folded before Flop (didn't bet)



PokerStars Hand #254730706555:  Hold'em No Limit ($0.50/$1.00 USD) - 2025/02/06 7:12:38 WET [2025/02/06 2:12:38 ET]
Table 'Chow' 6-max Seat #4 is the button
Seat 5: AlexEliseev7 ($107.07 in chips) is sitting out
Seat 1: CMX1998 ($140.29 in chips) 
Seat 2: vadjkeee ($100 in chips) 
Seat 3: fish my nuts ($102.57 in chips) 
Seat 4: Alinyr ($100.45 in chips) 
Seat 6: shootingGRID ($196.31 in chips) 
shootingGRID: posts small blind $0.50
CMX1998: posts big blind $1
*** HOLE CARDS ***
vadjkeee: folds 
fish my nuts: raises $1.30 to $2.30
Alinyr: folds 
shootingGRID: folds 
CMX1998: calls $1.30
*** FLOP *** [7s 7c 5s]
CMX1998: checks 
fish my nuts: bets $3.44
CMX1998: folds 
Uncalled bet ($3.44) returned to fish my nuts
fish my nuts collected $4.84 from pot
fish my nuts: doesn't show hand 
*** SUMMARY ***
Total pot $5.10 | Rake $0.26 
Board [7s 7c 5s]
Seat 5: AlexEliseev7
Seat 1: CMX1998 (big blind) folded on the Flop
Seat 2: vadjkeee folded before Flop (didn't bet)
Seat 3: fish my nuts collected ($4.84)
Seat 4: Alinyr (button) folded before Flop (didn't bet)
Seat 6: shootingGRID (small blind) folded before Flop



PokerStars Hand #254730709180:  Hold'em No Limit ($0.50/$1.00 USD) - 2025/02/06 7:13:15 WET [2025/02/06 2:13:15 ET]
Table 'Chow' 6-max Seat #6 is the button
Seat 5: AlexEliseev7 ($107.07 in chips) is sitting out
Seat 1: CMX1998 ($137.99 in chips) 
Seat 2: vadjkeee ($100 in chips) 
Seat 3: fish my nuts ($105.11 in chips) 
Seat 4: Alinyr ($100.45 in chips) 
Seat 6: shootingGRID ($195.81 in chips) 
CMX1998: posts small blind $0.50
vadjkeee: posts big blind $1
*** HOLE CARDS ***
fish my nuts: folds 
Alinyr: folds 
shootingGRID: folds 
CMX1998: folds 
Uncalled bet ($0.50) returned to vadjkeee
vadjkeee collected $1 from pot
vadjkeee: doesn't show hand 
*** SUMMARY ***
Total pot $1 | Rake $0 
Seat 5: AlexEliseev7
Seat 1: CMX1998 (small blind) folded before Flop
Seat 2: vadjkeee (big blind) collected ($1)
Seat 3: fish my nuts folded before Flop (didn't bet)
Seat 4: Alinyr folded before Flop (didn't bet)
Seat 6: shootingGRID (button) folded before Flop (didn't bet)



PokerStars Hand #254730709769:  Hold'em No Limit ($0.50/$1.00 USD) - 2025/02/06 7:13:23 WET [2025/02/06 2:13:23 ET]
Table 'Chow' 6-max Seat #1 is the button
Seat 5: AlexEliseev7 ($107.07 in chips) is sitting out
Seat 1: CMX1998 ($137.49 in chips) 
Seat 2: vadjkeee ($100.50 in chips) 
Seat 3: fish my nuts ($105.11 in chips) 
Seat 4: Alinyr ($100.45 in chips) 
Seat 6: shootingGRID ($195.81 in chips) 
vadjkeee: posts small blind $0.50
fish my nuts: posts big blind $1
*** HOLE CARDS ***
Alinyr: folds 
shootingGRID: folds 
CMX1998: calls $1
vadjkeee: raises $4 to $5
fish my nuts: folds 
CMX1998: calls $4
*** FLOP *** [6h 8d 2s]
vadjkeee: bets $3.45
CMX1998: calls $3.45
*** TURN *** [6h 8d 2s] [2h]
vadjkeee: bets $5.61
CMX1998: folds 
Uncalled bet ($5.61) returned to vadjkeee
vadjkeee collected $17 from pot
vadjkeee: doesn't show hand 
*** SUMMARY ***
Total pot $17.90 | Rake $0.90 
Board [6h 8d 2s 2h]
Seat 5: AlexEliseev7
Seat 1: CMX1998 (button) folded on the Turn
Seat 2: vadjkeee (small blind) collected ($17)
Seat 3: fish my nuts (big blind) folded before Flop
Seat 4: Alinyr folded before Flop (didn't bet)
Seat 6: shootingGRID folded before Flop (didn't bet)



PokerStars Hand #254730712033:  Hold'em No Limit ($0.50/$1.00 USD) - 2025/02/06 7:13:57 WET [2025/02/06 2:13:57 ET]
Table 'Chow' 6-max Seat #2 is the button
Seat 5: AlexEliseev7 ($107.07 in chips) is sitting out
Seat 1: CMX1998 ($129.04 in chips) 
Seat 2: vadjkeee ($109.05 in chips) 
Seat 3: fish my nuts ($104.11 in chips) 
Seat 4: Alinyr ($100.45 in chips) 
Seat 6: shootingGRID ($195.81 in chips) 
fish my nuts: posts small blind $0.50
Alinyr: posts big blind $1
*** HOLE CARDS ***
shootingGRID: folds 
CMX1998: folds 
vadjkeee: folds 
fish my nuts: folds 
Uncalled bet ($0.50) returned to Alinyr
Alinyr collected $1 from pot
Alinyr: doesn't show hand 
*** SUMMARY ***
Total pot $1 | Rake $0 
Seat 5: AlexEliseev7
Seat 1: CMX1998 folded before Flop (didn't bet)
Seat 2: vadjkeee (button) folded before Flop (didn't bet)
Seat 3: fish my nuts (small blind) folded before Flop
Seat 4: Alinyr (big blind) collected ($1)
Seat 6: shootingGRID folded before Flop (didn't bet)



PokerStars Hand #254730712708:  Hold'em No Limit ($0.50/$1.00 USD) - 2025/02/06 7:14:07 WET [2025/02/06 2:14:07 ET]
Table 'Chow' 6-max Seat #3 is the button
Seat 5: AlexEliseev7 ($107.07 in chips) is sitting out
Seat 1: CMX1998 ($129.04 in chips) 
Seat 2: vadjkeee ($109.05 in chips) 
Seat 3: fish my nuts ($103.61 in chips) 
Seat 4: Alinyr ($100.95 in chips) 
Seat 6: shootingGRID ($195.81 in chips) 
Alinyr: posts small blind $0.50
shootingGRID: posts big blind $1
*** HOLE CARDS ***
CMX1998: calls $1
vadjkeee: folds 
fish my nuts: folds 
Alinyr: calls $0.50
shootingGRID: raises $3 to $4
CMX1998: calls $3
Alinyr: calls $3
*** FLOP *** [Th Ac 3c]
Alinyr: checks 
shootingGRID: checks 
CMX1998: checks 
*** TURN *** [Th Ac 3c] [5h]
Alinyr: bets $11.51
shootingGRID: folds 
CMX1998: folds 
Uncalled bet ($11.51) returned to Alinyr
Alinyr collected $11.40 from pot
Alinyr: doesn't show hand 
*** SUMMARY ***
Total pot $12 | Rake $0.60 
Board [Th Ac 3c 5h]
Seat 5: AlexEliseev7
Seat 1: CMX1998 folded on the Turn
Seat 2: vadjkeee folded before Flop (didn't bet)
Seat 3: fish my nuts (button) folded before Flop (didn't bet)
Seat 4: Alinyr (small blind) collected ($11.40)
Seat 6: shootingGRID (big blind) folded on the Turn



PokerStars Hand #254730716991:  Hold'em No Limit ($0.50/$1.00 USD) - 2025/02/06 7:15:09 WET [2025/02/06 2:15:09 ET]
Table 'Chow' 6-max Seat #4 is the button
Seat 5: AlexEliseev7 ($107.07 in chips) is sitting out
Seat 1: CMX1998 ($125.04 in chips) 
Seat 2: vadjkeee ($109.05 in chips) 
Seat 3: fish my nuts ($103.61 in chips) 
Seat 4: Alinyr ($108.35 in chips) 
Seat 6: shootingGRID ($191.81 in chips) 
shootingGRID: posts small blind $0.50
CMX1998: posts big blind $1
*** HOLE CARDS ***
vadjkeee: folds 
fish my nuts: folds 
Alinyr: raises $1.50 to $2.50
shootingGRID: raises $9.50 to $12
CMX1998: folds 
Alinyr: folds 
Uncalled bet ($9.50) returned to shootingGRID
shootingGRID collected $6 from pot
*** SUMMARY ***
Total pot $6 | Rake $0 
Seat 5: AlexEliseev7
Seat 1: CMX1998 (big blind) folded before Flop
Seat 2: vadjkeee folded before Flop (didn't bet)
Seat 3: fish my nuts folded before Flop (didn't bet)
Seat 4: Alinyr (button) folded before Flop
Seat 6: shootingGRID (small blind) collected ($6)



PokerStars Hand #254730718193:  Hold'em No Limit ($0.50/$1.00 USD) - 2025/02/06 7:15:27 WET [2025/02/06 2:15:27 ET]
Table 'Chow' 6-max Seat #6 is the button
Seat 5: AlexEliseev7 ($107.07 in chips) is sitting out
Seat 1: CMX1998 ($124.04 in chips) 
Seat 2: vadjkeee ($109.05 in chips) 
Seat 3: fish my nuts ($103.61 in chips) 
Seat 4: Alinyr ($105.85 in chips) 
Seat 6: shootingGRID ($195.31 in chips) 
CMX1998: posts small blind $0.50
vadjkeee: posts big blind $1
*** HOLE CARDS ***
fish my nuts: folds 
Alinyr: folds 
shootingGRID: raises $1.50 to $2.50
CMX1998: folds 
vadjkeee: folds 
Uncalled bet ($1.50) returned to shootingGRID
shootingGRID collected $2.50 from pot
*** SUMMARY ***
Total pot $2.50 | Rake $0 
Seat 5: AlexEliseev7
Seat 1: CMX1998 (small blind) folded before Flop
Seat 2: vadjkeee (big blind) folded before Flop
Seat 3: fish my nuts folded before Flop (didn't bet)
Seat 4: Alinyr folded before Flop (didn't bet)
Seat 6: shootingGRID (button) collected ($2.50)



PokerStars Hand #254730719424:  Hold'em No Limit ($0.50/$1.00 USD) - 2025/02/06 7:15:45 WET [2025/02/06 2:15:45 ET]
Table 'Chow' 6-max Seat #1 is the button
Seat 5: AlexEliseev7 ($107.07 in chips) is sitting out
Seat 1: CMX1998 ($123.54 in chips) 
Seat 2: vadjkeee ($108.05 in chips) 
Seat 3: fish my nuts ($103.61 in chips) 
Seat 4: Alinyr ($105.85 in chips) 
Seat 6: shootingGRID ($196.81 in chips) 
vadjkeee: posts small blind $0.50
fish my nuts: posts big blind $1
*** HOLE CARDS ***
Alinyr: folds 
shootingGRID: folds 
CMX1998: calls $1
vadjkeee: folds 
fish my nuts: raises $3.50 to $4.50
CMX1998: calls $3.50
*** FLOP *** [2c Jc 3h]
fish my nuts: checks 
CMX1998: checks 
*** TURN *** [2c Jc 3h] [3d]
fish my nuts: checks 
CMX1998: checks 
*** RIVER *** [2c Jc 3h 3d] [Ah]
fish my nuts: bets $10.19
CMX1998: folds 
Uncalled bet ($10.19) returned to fish my nuts
fish my nuts collected $9.02 from pot
fish my nuts: doesn't show hand 
*** SUMMARY ***
Total pot $9.50 | Rake $0.48 
Board [2c Jc 3h 3d Ah]
Seat 5: AlexEliseev7
Seat 1: CMX1998 (button) folded on the River
Seat 2: vadjkeee (small blind) folded before Flop
Seat 3: fish my nuts (big blind) collected ($9.02)
Seat 4: Alinyr folded before Flop (didn't bet)
Seat 6: shootingGRID folded before Flop (didn't bet)



PokerStars Hand #254730721718:  Hold'em No Limit ($0.50/$1.00 USD) - 2025/02/06 7:16:18 WET [2025/02/06 2:16:18 ET]
Table 'Chow' 6-max Seat #2 is the button
Seat 5: AlexEliseev7 ($107.07 in chips) is sitting out
Seat 1: CMX1998 ($119.04 in chips) 
Seat 2: vadjkeee ($107.55 in chips) 
Seat 3: fish my nuts ($108.13 in chips) 
Seat 4: Alinyr ($105.85 in chips) 
Seat 6: shootingGRID ($196.81 in chips) 
fish my nuts: posts small blind $0.50
Alinyr: posts big blind $1
*** HOLE CARDS ***
shootingGRID: raises $1.25 to $2.25
CMX1998: calls $2.25
vadjkeee: folds 
fish my nuts: folds 
Alinyr: folds 
*** FLOP *** [Qd Js 8h]
shootingGRID: bets $2.85
CMX1998: folds 
Uncalled bet ($2.85) returned to shootingGRID
shootingGRID collected $5.70 from pot
*** SUMMARY ***
Total pot $6 | Rake $0.30 
Board [Qd Js 8h]
Seat 5: AlexEliseev7
Seat 1: CMX1998 folded on the Flop
Seat 2: vadjkeee (button) folded before Flop (didn't bet)
Seat 3: fish my nuts (small blind) folded before Flop
Seat 4: Alinyr (big blind) folded before Flop
Seat 6: shootingGRID collected ($5.70)



PokerStars Hand #254730723598:  Hold'em No Limit ($0.50/$1.00 USD) - 2025/02/06 7:16:45 WET [2025/02/06 2:16:45 ET]
Table 'Chow' 6-max Seat #3 is the button
Seat 5: AlexEliseev7 ($107.07 in chips) is sitting out
Seat 1: CMX1998 ($116.79 in chips) 
Seat 2: vadjkeee ($107.55 in chips) 
Seat 3: fish my nuts ($107.63 in chips) 
Seat 4: Alinyr ($104.85 in chips) 
Seat 6: shootingGRID ($200.26 in chips) 
Alinyr: posts small blind $0.50
shootingGRID: posts big blind $1
*** HOLE CARDS ***
CMX1998: folds 
vadjkeee: raises $1.50 to $2.50
fish my nuts: folds 
Alinyr: folds 
shootingGRID: calls $1.50
*** FLOP *** [As 2h 5s]
shootingGRID: checks 
vadjkeee: checks 
*** TURN *** [As 2h 5s] [7d]
shootingGRID: checks 
vadjkeee: checks 
*** RIVER *** [As 2h 5s 7d] [Kc]
shootingGRID: checks 
vadjkeee: checks 
*** SHOW DOWN ***
shootingGRID: shows [9c Qc] (high card Ace)
vadjkeee: shows [6c 6s] (a pair of Sixes)
vadjkeee collected $5.22 from pot
*** SUMMARY ***
Total pot $5.50 | Rake $0.28 
Board [As 2h 5s 7d Kc]
Seat 5: AlexEliseev7
Seat 1: CMX1998 folded before Flop (didn't bet)
Seat 2: vadjkeee showed [6c 6s] and won ($5.22) with a pair of Sixes
Seat 3: fish my nuts (button) folded before Flop (didn't bet)
Seat 4: Alinyr (small blind) folded before Flop
Seat 6: shootingGRID (big blind) showed [9c Qc] and lost with high card Ace



PokerStars Hand #254730726138:  Hold'em No Limit ($0.50/$1.00 USD) - 2025/02/06 7:17:21 WET [2025/02/06 2:17:21 ET]
Table 'Chow' 6-max Seat #4 is the button
Seat 5: AlexEliseev7 ($107.07 in chips) is sitting out
Seat 1: CMX1998 ($116.79 in chips) 
Seat 2: vadjkeee ($110.27 in chips) 
Seat 3: fish my nuts ($107.63 in chips) 
Seat 4: Alinyr ($104.35 in chips) 
Seat 6: shootingGRID ($197.76 in chips) 
shootingGRID: posts small blind $0.50
CMX1998: posts big blind $1
*** HOLE CARDS ***
vadjkeee: raises $1.50 to $2.50
fish my nuts: folds 
Alinyr: folds 
shootingGRID: folds 
CMX1998: calls $1.50
*** FLOP *** [3h 9d 3c]
CMX1998: checks 
vadjkeee: bets $1.30
CMX1998: calls $1.30
*** TURN *** [3h 9d 3c] [9c]
CMX1998: checks 
vadjkeee: checks 
*** RIVER *** [3h 9d 3c 9c] [Th]
CMX1998: checks 
vadjkeee: bets $5.78
CMX1998: calls $5.78
*** SHOW DOWN ***
vadjkeee: shows [As 9h] (a full house, Nines full of Threes)
CMX1998: mucks hand 
vadjkeee collected $18.68 from pot
*** SUMMARY ***
Total pot $19.66 | Rake $0.98 
Board [3h 9d 3c 9c Th]
Seat 5: AlexEliseev7
Seat 1: CMX1998 (big blind) mucked
Seat 2: vadjkeee showed [As 9h] and won ($18.68) with a full house, Nines full of Threes
Seat 3: fish my nuts folded before Flop (didn't bet)
Seat 4: Alinyr (button) folded before Flop (didn't bet)
Seat 6: shootingGRID (small blind) folded before Flop



PokerStars Hand #254730729559:  Hold'em No Limit ($0.50/$1.00 USD) - 2025/02/06 7:18:11 WET [2025/02/06 2:18:11 ET]
Table 'Chow' 6-max Seat #6 is the button
Seat 5: AlexEliseev7 ($107.07 in chips) is sitting out
Seat 1: CMX1998 ($107.21 in chips) 
Seat 2: vadjkeee ($119.37 in chips) 
Seat 3: fish my nuts ($107.63 in chips) 
Seat 4: Alinyr ($104.35 in chips) 
Seat 6: shootingGRID ($197.26 in chips) 
CMX1998: posts small blind $0.50
vadjkeee: posts big blind $1
*** HOLE CARDS ***
fish my nuts: folds 
Alinyr: folds 
shootingGRID: folds 
CMX1998: calls $0.50
vadjkeee: checks 
*** FLOP *** [5c 8c 8d]
CMX1998: checks 
vadjkeee: bets $1
CMX1998: calls $1
*** TURN *** [5c 8c 8d] [Kh]
CMX1998: checks 
vadjkeee: bets $3.50
CMX1998: calls $3.50
*** RIVER *** [5c 8c 8d Kh] [Ts]
CMX1998: checks 
vadjkeee: bets $5.75
CMX1998: raises $5.75 to $11.50
vadjkeee: calls $5.75
*** SHOW DOWN ***
CMX1998: shows [Tc 8s] (a full house, Eights full of Tens)
vadjkeee: mucks hand 
CMX1998 collected $32.30 from pot
*** SUMMARY ***
Total pot $34 | Rake $1.70 
Board [5c 8c 8d Kh Ts]
Seat 5: AlexEliseev7
Seat 1: CMX1998 (small blind) showed [Tc 8s] and won ($32.30) with a full house, Eights full of Tens
Seat 2: vadjkeee (big blind) mucked
Seat 3: fish my nuts folded before Flop (didn't bet)
Seat 4: Alinyr folded before Flop (didn't bet)
Seat 6: shootingGRID (button) folded before Flop (didn't bet)



PokerStars Hand #254730733435:  Hold'em No Limit ($0.50/$1.00 USD) - 2025/02/06 7:19:06 WET [2025/02/06 2:19:06 ET]
Table 'Chow' 6-max Seat #1 is the button
Seat 5: AlexEliseev7 ($107.07 in chips) is sitting out
Seat 1: CMX1998 ($122.51 in chips) 
Seat 2: vadjkeee ($102.37 in chips) 
Seat 3: fish my nuts ($107.63 in chips) 
Seat 4: Alinyr ($104.35 in chips) 
Seat 6: shootingGRID ($197.26 in chips) 
vadjkeee: posts small blind $0.50
fish my nuts: posts big blind $1
AlexEliseev7: sits out 
*** HOLE CARDS ***
Alinyr: folds 
shootingGRID: folds 
CMX1998: folds 
vadjkeee: raises $2 to $3
fish my nuts: folds 
Uncalled bet ($2) returned to vadjkeee
vadjkeee collected $2 from pot
vadjkeee: doesn't show hand 
*** SUMMARY ***
Total pot $2 | Rake $0 
Seat 5: AlexEliseev7
Seat 1: CMX1998 (button) folded before Flop (didn't bet)
Seat 2: vadjkeee (small blind) collected ($2)
Seat 3: fish my nuts (big blind) folded before Flop
Seat 4: Alinyr folded before Flop (didn't bet)
Seat 6: shootingGRID folded before Flop (didn't bet)



PokerStars Hand #254730734518:  Hold'em No Limit ($0.50/$1.00 USD) - 2025/02/06 7:19:21 WET [2025/02/06 2:19:21 ET]
Table 'Chow' 6-max Seat #2 is the button
Seat 5: AlexEliseev7 ($107.07 in chips) is sitting out
Seat 1: CMX1998 ($122.51 in chips) 
Seat 2: vadjkeee ($103.37 in chips) 
Seat 3: fish my nuts ($106.63 in chips) 
Seat 4: Alinyr ($104.35 in chips) 
Seat 6: shootingGRID ($197.26 in chips) 
fish my nuts: posts small blind $0.50
Alinyr: posts big blind $1
AlexEliseev7: sits out 
*** HOLE CARDS ***
shootingGRID: folds 
CMX1998: calls $1
vadjkeee: raises $3 to $4
fish my nuts: folds 
Alinyr: folds 
CMX1998: calls $3
*** FLOP *** [8d 4s Ac]
CMX1998: bets $6
vadjkeee: calls $6
*** TURN *** [8d 4s Ac] [Jd]
CMX1998: checks 
vadjkeee: bets $18
CMX1998: calls $18
*** RIVER *** [8d 4s Ac Jd] [8h]
CMX1998: checks 
vadjkeee: bets $75.37 and is all-in
CMX1998: calls $75.37
*** SHOW DOWN ***
vadjkeee: shows [Ah 8c] (a full house, Eights full of Aces)
CMX1998: shows [As 3s] (two pair, Aces and Eights)
vadjkeee collected $205.74 from pot
*** SUMMARY ***
Total pot $208.24 | Rake $2.50 
Board [8d 4s Ac Jd 8h]
Seat 5: AlexEliseev7
Seat 1: CMX1998 showed [As 3s] and lost with two pair, Aces and Eights
Seat 2: vadjkeee (button) showed [Ah 8c] and won ($205.74) with a full house, Eights full of Aces
Seat 3: fish my nuts (small blind) folded before Flop
Seat 4: Alinyr (big blind) folded before Flop
Seat 6: shootingGRID folded before Flop (didn't bet)



PokerStars Hand #254730741309:  Hold'em No Limit ($0.50/$1.00 USD) - 2025/02/06 7:20:57 WET [2025/02/06 2:20:57 ET]
Table 'Chow' 6-max Seat #3 is the button
Seat 1: CMX1998 ($19.14 in chips) 
Seat 2: vadjkeee ($205.74 in chips) 
Seat 3: fish my nuts ($106.13 in chips) 
Seat 4: Alinyr ($103.35 in chips) 
Seat 5: AlexEliseev7 ($107.07 in chips) 
Seat 6: shootingGRID ($197.26 in chips) 
Alinyr: posts small blind $0.50
AlexEliseev7: posts big blind $1
*** HOLE CARDS ***
shootingGRID: folds 
CMX1998: calls $1
vadjkeee: raises $3 to $4
fish my nuts: folds 
Alinyr: folds 
AlexEliseev7: folds 
CMX1998: raises $15.14 to $19.14 and is all-in
vadjkeee: calls $15.14
*** FLOP *** [4c Ah 6c]
*** TURN *** [4c Ah 6c] [Jc]
*** RIVER *** [4c Ah 6c Jc] [8h]
*** SHOW DOWN ***
CMX1998: shows [Tc Qc] (a flush, Queen high)
vadjkeee: shows [9d Ad] (a pair of Aces)
CMX1998 collected $37.79 from pot
*** SUMMARY ***
Total pot $39.78 | Rake $1.99 
Board [4c Ah 6c Jc 8h]
Seat 1: CMX1998 showed [Tc Qc] and won ($37.79) with a flush, Queen high
Seat 2: vadjkeee showed [9d Ad] and lost with a pair of Aces
Seat 3: fish my nuts (button) folded before Flop (didn't bet)
Seat 4: Alinyr (small blind) folded before Flop
Seat 5: AlexEliseev7 (big blind) folded before Flop
Seat 6: shootingGRID folded before Flop (didn't bet)



PokerStars Hand #254730743926:  Hold'em No Limit ($0.50/$1.00 USD) - 2025/02/06 7:21:35 WET [2025/02/06 2:21:35 ET]
Table 'Chow' 6-max Seat #4 is the button
Seat 1: CMX1998 ($37.79 in chips) 
Seat 2: vadjkeee ($186.60 in chips) 
Seat 3: fish my nuts ($106.13 in chips) 
Seat 4: Alinyr ($102.85 in chips) 
Seat 5: AlexEliseev7 ($106.07 in chips) 
Seat 6: shootingGRID ($197.26 in chips) 
AlexEliseev7: posts small blind $0.50
shootingGRID: posts big blind $1
*** HOLE CARDS ***
CMX1998: calls $1
vadjkeee: folds 
fish my nuts: raises $3 to $4
Alinyr: folds 
AlexEliseev7: folds 
shootingGRID: folds 
CMX1998: calls $3
*** FLOP *** [5d Ad 2d]
CMX1998: checks 
fish my nuts: checks 
*** TURN *** [5d Ad 2d] [Qd]
CMX1998: checks 
fish my nuts: checks 
*** RIVER *** [5d Ad 2d Qd] [Ah]
CMX1998: checks 
fish my nuts: checks 
*** SHOW DOWN ***
CMX1998: shows [9s Kc] (a pair of Aces)
fish my nuts: shows [Qs Js] (two pair, Aces and Queens)
fish my nuts collected $9.02 from pot
*** SUMMARY ***
Total pot $9.50 | Rake $0.48 
Board [5d Ad 2d Qd Ah]
Seat 1: CMX1998 showed [9s Kc] and lost with a pair of Aces
Seat 2: vadjkeee folded before Flop (didn't bet)
Seat 3: fish my nuts showed [Qs Js] and won ($9.02) with two pair, Aces and Queens
Seat 4: Alinyr (button) folded before Flop (didn't bet)
Seat 5: AlexEliseev7 (small blind) folded before Flop
Seat 6: shootingGRID (big blind) folded before Flop



PokerStars Hand #254730746162:  Hold'em No Limit ($0.50/$1.00 USD) - 2025/02/06 7:22:07 WET [2025/02/06 2:22:07 ET]
Table 'Chow' 6-max Seat #5 is the button
Seat 1: CMX1998 ($33.79 in chips) 
Seat 2: vadjkeee ($186.60 in chips) 
Seat 3: fish my nuts ($111.15 in chips) 
Seat 4: Alinyr ($102.85 in chips) 
Seat 5: AlexEliseev7 ($105.57 in chips) 
Seat 6: shootingGRID ($196.26 in chips) 
shootingGRID: posts small blind $0.50
CMX1998: posts big blind $1
*** HOLE CARDS ***
vadjkeee: raises $2 to $3
fish my nuts: folds 
Alinyr: folds 
AlexEliseev7: folds 
shootingGRID: folds 
CMX1998: calls $2
*** FLOP *** [9c 2s Ac]
CMX1998: checks 
vadjkeee: bets $3
CMX1998: calls $3
*** TURN *** [9c 2s Ac] [2c]
CMX1998: checks 
vadjkeee: bets $3.92
CMX1998: calls $3.92
*** RIVER *** [9c 2s Ac 2c] [7c]
CMX1998: checks 
vadjkeee: bets $25.12
CMX1998: folds 
Uncalled bet ($25.12) returned to vadjkeee
vadjkeee collected $19.32 from pot
vadjkeee: doesn't show hand 
*** SUMMARY ***
Total pot $20.34 | Rake $1.02 
Board [9c 2s Ac 2c 7c]
Seat 1: CMX1998 (big blind) folded on the River
Seat 2: vadjkeee collected ($19.32)
Seat 3: fish my nuts folded before Flop (didn't bet)
Seat 4: Alinyr folded before Flop (didn't bet)
Seat 5: AlexEliseev7 (button) folded before Flop (didn't bet)
Seat 6: shootingGRID (small blind) folded before Flop



PokerStars Hand #254730749589:  Hold'em No Limit ($0.50/$1.00 USD) - 2025/02/06 7:22:56 WET [2025/02/06 2:22:56 ET]
Table 'Chow' 6-max Seat #6 is the button
Seat 1: CMX1998 ($23.87 in chips) 
Seat 2: vadjkeee ($196 in chips) 
Seat 3: fish my nuts ($111.15 in chips) 
Seat 4: Alinyr ($102.85 in chips) 
Seat 5: AlexEliseev7 ($105.57 in chips) 
Seat 6: shootingGRID ($195.76 in chips) 
CMX1998: posts small blind $0.50
vadjkeee: posts big blind $1
*** HOLE CARDS ***
fish my nuts: folds 
Alinyr: folds 
AlexEliseev7: folds 
shootingGRID: raises $1.50 to $2.50
CMX1998: folds 
vadjkeee: folds 
Uncalled bet ($1.50) returned to shootingGRID
shootingGRID collected $2.50 from pot
*** SUMMARY ***
Total pot $2.50 | Rake $0 
Seat 1: CMX1998 (small blind) folded before Flop
Seat 2: vadjkeee (big blind) folded before Flop
Seat 3: fish my nuts folded before Flop (didn't bet)
Seat 4: Alinyr folded before Flop (didn't bet)
Seat 5: AlexEliseev7 folded before Flop (didn't bet)
Seat 6: shootingGRID (button) collected ($2.50)



PokerStars Hand #254730751659:  Hold'em No Limit ($0.50/$1.00 USD) - 2025/02/06 7:23:24 WET [2025/02/06 2:23:24 ET]
Table 'Chow' 6-max Seat #1 is the button
Seat 1: CMX1998 ($23.37 in chips) 
Seat 2: vadjkeee ($195 in chips) 
Seat 3: fish my nuts ($111.15 in chips) 
Seat 4: Alinyr ($102.85 in chips) 
Seat 5: AlexEliseev7 ($105.57 in chips) 
Seat 6: shootingGRID ($197.26 in chips) 
vadjkeee: posts small blind $0.50
fish my nuts: posts big blind $1
*** HOLE CARDS ***
Alinyr: folds 
AlexEliseev7: folds 
shootingGRID: folds 
CMX1998: calls $1
vadjkeee: folds 
fish my nuts: raises $110.15 to $111.15 and is all-in
CMX1998: folds 
Uncalled bet ($110.15) returned to fish my nuts
fish my nuts collected $2.50 from pot
fish my nuts: doesn't show hand 
*** SUMMARY ***
Total pot $2.50 | Rake $0 
Seat 1: CMX1998 (button) folded before Flop
Seat 2: vadjkeee (small blind) folded before Flop
Seat 3: fish my nuts (big blind) collected ($2.50)
Seat 4: Alinyr folded before Flop (didn't bet)
Seat 5: AlexEliseev7 folded before Flop (didn't bet)
Seat 6: shootingGRID folded before Flop (didn't bet)



PokerStars Hand #254730755566:  Hold'em No Limit ($0.50/$1.00 USD) - 2025/02/06 7:24:20 WET [2025/02/06 2:24:20 ET]
Table 'Chow' 6-max Seat #2 is the button
Seat 1: CMX1998 ($22.37 in chips) 
Seat 2: vadjkeee ($194.50 in chips) 
Seat 3: fish my nuts ($112.65 in chips) 
Seat 4: Alinyr ($102.85 in chips) 
Seat 5: AlexEliseev7 ($105.57 in chips) 
Seat 6: shootingGRID ($197.26 in chips) 
fish my nuts: posts small blind $0.50
Alinyr: posts big blind $1
*** HOLE CARDS ***
AlexEliseev7: folds 
shootingGRID: folds 
CMX1998: folds 
vadjkeee: folds 
fish my nuts: calls $0.50
Alinyr: checks 
*** FLOP *** [Ad 8d 2h]
fish my nuts: checks 
Alinyr: checks 
*** TURN *** [Ad 8d 2h] [5c]
fish my nuts: checks 
Alinyr: checks 
*** RIVER *** [Ad 8d 2h 5c] [Qc]
fish my nuts: bets $1
Alinyr: folds 
Uncalled bet ($1) returned to fish my nuts
fish my nuts collected $1.90 from pot
fish my nuts: doesn't show hand 
*** SUMMARY ***
Total pot $2 | Rake $0.10 
Board [Ad 8d 2h 5c Qc]
Seat 1: CMX1998 folded before Flop (didn't bet)
Seat 2: vadjkeee (button) folded before Flop (didn't bet)
Seat 3: fish my nuts (small blind) collected ($1.90)
Seat 4: Alinyr (big blind) folded on the River
Seat 5: AlexEliseev7 folded before Flop (didn't bet)
Seat 6: shootingGRID folded before Flop (didn't bet)



PokerStars Hand #254730759229:  Hold'em No Limit ($0.50/$1.00 USD) - 2025/02/06 7:25:11 WET [2025/02/06 2:25:11 ET]
Table 'Chow' 6-max Seat #3 is the button
Seat 1: CMX1998 ($22.37 in chips) 
Seat 2: vadjkeee ($194.50 in chips) 
Seat 3: fish my nuts ($113.55 in chips) 
Seat 4: Alinyr ($101.85 in chips) 
Seat 5: AlexEliseev7 ($105.57 in chips) 
Seat 6: shootingGRID ($197.26 in chips) 
Alinyr: posts small blind $0.50
AlexEliseev7: posts big blind $1
*** HOLE CARDS ***
shootingGRID: folds 
CMX1998: raises $1 to $2
vadjkeee: folds 
fish my nuts: folds 
Alinyr: raises $7 to $9
AlexEliseev7: folds 
CMX1998: raises $13.37 to $22.37 and is all-in
Alinyr: calls $13.37
*** FLOP *** [Qs 6h 2d]
*** TURN *** [Qs 6h 2d] [8d]
*** RIVER *** [Qs 6h 2d 8d] [6c]
*** SHOW DOWN ***
Alinyr: shows [As Ah] (two pair, Aces and Sixes)
CMX1998: shows [Kh Jc] (a pair of Sixes)
Alinyr collected $43.45 from pot
*** SUMMARY ***
Total pot $45.74 | Rake $2.29 
Board [Qs 6h 2d 8d 6c]
Seat 1: CMX1998 showed [Kh Jc] and lost with a pair of Sixes
Seat 2: vadjkeee folded before Flop (didn't bet)
Seat 3: fish my nuts (button) folded before Flop (didn't bet)
Seat 4: Alinyr (small blind) showed [As Ah] and won ($43.45) with two pair, Aces and Sixes
Seat 5: AlexEliseev7 (big blind) folded before Flop
Seat 6: shootingGRID folded before Flop (didn't bet)



PokerStars Hand #254730761882:  Hold'em No Limit ($0.50/$1.00 USD) - 2025/02/06 7:25:49 WET [2025/02/06 2:25:49 ET]
Table 'Chow' 6-max Seat #4 is the button
Seat 1: CMX1998 ($0 in chips) is sitting out
Seat 2: vadjkeee ($194.50 in chips) 
Seat 3: fish my nuts ($113.55 in chips) 
Seat 4: Alinyr ($122.93 in chips) 
Seat 5: AlexEliseev7 ($104.57 in chips) 
Seat 6: shootingGRID ($197.26 in chips) 
AlexEliseev7: posts small blind $0.50
shootingGRID: posts big blind $1
*** HOLE CARDS ***
vadjkeee: folds 
fish my nuts: raises $1.30 to $2.30
Alinyr: folds 
AlexEliseev7: folds 
shootingGRID: folds 
Uncalled bet ($1.30) returned to fish my nuts
fish my nuts collected $2.50 from pot
fish my nuts: doesn't show hand 
*** SUMMARY ***
Total pot $2.50 | Rake $0 
Seat 1: CMX1998
Seat 2: vadjkeee folded before Flop (didn't bet)
Seat 3: fish my nuts collected ($2.50)
Seat 4: Alinyr (button) folded before Flop (didn't bet)
Seat 5: AlexEliseev7 (small blind) folded before Flop
Seat 6: shootingGRID (big blind) folded before Flop



PokerStars Hand #254730763566:  Hold'em No Limit ($0.50/$1.00 USD) - 2025/02/06 7:26:12 WET [2025/02/06 2:26:12 ET]
Table 'Chow' 6-max Seat #5 is the button
Seat 1: CMX1998 ($0 in chips) is sitting out
Seat 2: vadjkeee ($194.50 in chips) 
Seat 3: fish my nuts ($115.05 in chips) 
Seat 4: Alinyr ($122.93 in chips) 
Seat 5: AlexEliseev7 ($104.07 in chips) 
Seat 6: shootingGRID ($196.26 in chips) 
shootingGRID: posts small blind $0.50
vadjkeee: posts big blind $1
*** HOLE CARDS ***
fish my nuts: folds 
Alinyr: folds 
AlexEliseev7: raises $1.50 to $2.50
shootingGRID: folds 
vadjkeee: calls $1.50
*** FLOP *** [5h 2h 4h]
vadjkeee: bets $1.72
AlexEliseev7: folds 
Uncalled bet ($1.72) returned to vadjkeee
vadjkeee collected $5.22 from pot
vadjkeee: doesn't show hand 
*** SUMMARY ***
Total pot $5.50 | Rake $0.28 
Board [5h 2h 4h]
Seat 1: CMX1998
Seat 2: vadjkeee (big blind) collected ($5.22)
Seat 3: fish my nuts folded before Flop (didn't bet)
Seat 4: Alinyr folded before Flop (didn't bet)
Seat 5: AlexEliseev7 (button) folded on the Flop
Seat 6: shootingGRID (small blind) folded before Flop



PokerStars Hand #254730766652:  Hold'em No Limit ($0.50/$1.00 USD) - 2025/02/06 7:26:57 WET [2025/02/06 2:26:57 ET]
Table 'Chow' 6-max Seat #6 is the button
Seat 1: CMX1998 ($0 in chips) is sitting out
Seat 2: vadjkeee ($197.22 in chips) 
Seat 3: fish my nuts ($115.05 in chips) 
Seat 4: Alinyr ($122.93 in chips) 
Seat 5: AlexEliseev7 ($101.57 in chips) 
Seat 6: shootingGRID ($195.76 in chips) 
vadjkeee: posts small blind $0.50
fish my nuts: posts big blind $1
*** HOLE CARDS ***
Alinyr: folds 
AlexEliseev7: folds 
shootingGRID: folds 
vadjkeee: folds 
Uncalled bet ($0.50) returned to fish my nuts
fish my nuts collected $1 from pot
fish my nuts: doesn't show hand 
*** SUMMARY ***
Total pot $1 | Rake $0 
Seat 1: CMX1998
Seat 2: vadjkeee (small blind) folded before Flop
Seat 3: fish my nuts (big blind) collected ($1)
Seat 4: Alinyr folded before Flop (didn't bet)
Seat 5: AlexEliseev7 folded before Flop (didn't bet)
Seat 6: shootingGRID (button) folded before Flop (didn't bet)



PokerStars Hand #254730767886:  Hold'em No Limit ($0.50/$1.00 USD) - 2025/02/06 7:27:15 WET [2025/02/06 2:27:15 ET]
Table 'Chow' 6-max Seat #2 is the button
Seat 1: CMX1998 ($0 in chips) is sitting out
Seat 4: Alinyr ($122.93 in chips) is sitting out
Seat 2: vadjkeee ($196.72 in chips) 
Seat 3: fish my nuts ($115.55 in chips) 
Seat 5: AlexEliseev7 ($101.57 in chips) 
Seat 6: shootingGRID ($195.76 in chips) 
fish my nuts: posts small blind $0.50
Alinyr: is sitting out 
AlexEliseev7: posts big blind $1
*** HOLE CARDS ***
Alinyr leaves the table
shootingGRID: raises $1.25 to $2.25
vadjkeee: folds 
fish my nuts: folds 
AlexEliseev7: folds 
Uncalled bet ($1.25) returned to shootingGRID
shootingGRID collected $2.50 from pot
*** SUMMARY ***
Total pot $2.50 | Rake $0 
Seat 1: CMX1998
Seat 4: Alinyr
Seat 2: vadjkeee (button) folded before Flop (didn't bet)
Seat 3: fish my nuts (small blind) folded before Flop
Seat 5: AlexEliseev7 (big blind) folded before Flop
Seat 6: shootingGRID collected ($2.50)



PokerStars Hand #254730769028:  Hold'em No Limit ($0.50/$1.00 USD) - 2025/02/06 7:27:32 WET [2025/02/06 2:27:32 ET]
Table 'Chow' 6-max Seat #3 is the button
Seat 1: CMX1998 ($0 in chips) is sitting out
Seat 2: vadjkeee ($196.72 in chips) 
Seat 3: fish my nuts ($115.05 in chips) 
Seat 5: AlexEliseev7 ($100.57 in chips) 
Seat 6: shootingGRID ($197.26 in chips) 
AlexEliseev7: posts small blind $0.50
shootingGRID: posts big blind $1
*** HOLE CARDS ***
vadjkeee: folds 
fish my nuts: folds 
Burlica2013 joins the table at seat #4 
AlexEliseev7: folds 
Uncalled bet ($0.50) returned to shootingGRID
shootingGRID collected $1 from pot
*** SUMMARY ***
Total pot $1 | Rake $0 
Seat 1: CMX1998
Seat 2: vadjkeee folded before Flop (didn't bet)
Seat 3: fish my nuts (button) folded before Flop (didn't bet)
Seat 5: AlexEliseev7 (small blind) folded before Flop
Seat 6: shootingGRID (big blind) collected ($1)



PokerStars Hand #254730769680:  Hold'em No Limit ($0.50/$1.00 USD) - 2025/02/06 7:27:41 WET [2025/02/06 2:27:41 ET]
Table 'Chow' 6-max Seat #5 is the button
Seat 1: CMX1998 ($0 in chips) is sitting out
Seat 4: Burlica2013 ($100 in chips) is sitting out
Seat 2: vadjkeee ($196.72 in chips) 
Seat 3: fish my nuts ($115.05 in chips) 
Seat 5: AlexEliseev7 ($100.07 in chips) 
Seat 6: shootingGRID ($197.76 in chips) 
shootingGRID: posts small blind $0.50
vadjkeee: posts big blind $1
Burlica2013: sits out 
*** HOLE CARDS ***
fish my nuts: folds 
AlexEliseev7: folds 
shootingGRID: raises $2 to $3
vadjkeee: folds 
Uncalled bet ($2) returned to shootingGRID
shootingGRID collected $2 from pot
*** SUMMARY ***
Total pot $2 | Rake $0 
Seat 1: CMX1998
Seat 4: Burlica2013
Seat 2: vadjkeee (big blind) folded before Flop
Seat 3: fish my nuts folded before Flop (didn't bet)
Seat 5: AlexEliseev7 (button) folded before Flop (didn't bet)
Seat 6: shootingGRID (small blind) collected ($2)



PokerStars Hand #254730770973:  Hold'em No Limit ($0.50/$1.00 USD) - 2025/02/06 7:27:59 WET [2025/02/06 2:27:59 ET]
Table 'Chow' 6-max Seat #6 is the button
Seat 1: CMX1998 ($0 in chips) is sitting out
Seat 4: Burlica2013 ($100 in chips) is sitting out
Seat 2: vadjkeee ($195.72 in chips) 
Seat 3: fish my nuts ($115.05 in chips) 
Seat 5: AlexEliseev7 ($100.07 in chips) 
Seat 6: shootingGRID ($198.76 in chips) 
vadjkeee: posts small blind $0.50
fish my nuts: posts big blind $1
Burlica2013: sits out 
*** HOLE CARDS ***
AlexEliseev7: raises $1.50 to $2.50
shootingGRID: folds 
vadjkeee: folds 
fish my nuts: folds 
Uncalled bet ($1.50) returned to AlexEliseev7
AlexEliseev7 collected $2.50 from pot
AlexEliseev7: doesn't show hand 
*** SUMMARY ***
Total pot $2.50 | Rake $0 
Seat 1: CMX1998
Seat 4: Burlica2013
Seat 2: vadjkeee (small blind) folded before Flop
Seat 3: fish my nuts (big blind) folded before Flop
Seat 5: AlexEliseev7 collected ($2.50)
Seat 6: shootingGRID (button) folded before Flop (didn't bet)



PokerStars Hand #254730772316:  Hold'em No Limit ($0.50/$1.00 USD) - 2025/02/06 7:28:20 WET [2025/02/06 2:28:20 ET]
Table 'Chow' 6-max Seat #2 is the button
Seat 1: CMX1998 ($0 in chips) is sitting out
Seat 2: vadjkeee ($195.22 in chips) 
Seat 3: fish my nuts ($114.05 in chips) 
Seat 4: Burlica2013 ($100 in chips) 
Seat 5: AlexEliseev7 ($101.57 in chips) 
Seat 6: shootingGRID ($198.76 in chips) 
fish my nuts: posts small blind $0.50
Burlica2013: posts big blind $1
*** HOLE CARDS ***
AlexEliseev7: folds 
shootingGRID: folds 
vadjkeee: folds 
fish my nuts: folds 
Uncalled bet ($0.50) returned to Burlica2013
Burlica2013 collected $1 from pot
Burlica2013: doesn't show hand 
*** SUMMARY ***
Total pot $1 | Rake $0 
Seat 1: CMX1998
Seat 2: vadjkeee (button) folded before Flop (didn't bet)
Seat 3: fish my nuts (small blind) folded before Flop
Seat 4: Burlica2013 (big blind) collected ($1)
Seat 5: AlexEliseev7 folded before Flop (didn't bet)
Seat 6: shootingGRID folded before Flop (didn't bet)



PokerStars Hand #254730773082:  Hold'em No Limit ($0.50/$1.00 USD) - 2025/02/06 7:28:31 WET [2025/02/06 2:28:31 ET]
Table 'Chow' 6-max Seat #3 is the button
Seat 1: CMX1998 ($0 in chips) is sitting out
Seat 2: vadjkeee ($195.22 in chips) 
Seat 3: fish my nuts ($113.55 in chips) 
Seat 4: Burlica2013 ($100.50 in chips) 
Seat 5: AlexEliseev7 ($101.57 in chips) 
Seat 6: shootingGRID ($198.76 in chips) 
Burlica2013: posts small blind $0.50
AlexEliseev7: posts big blind $1
*** HOLE CARDS ***
shootingGRID: folds 
vadjkeee: raises $1.50 to $2.50
fish my nuts: folds 
Burlica2013: folds 
AlexEliseev7: calls $1.50
*** FLOP *** [4s 9d Js]
AlexEliseev7: checks 
vadjkeee: checks 
*** TURN *** [4s 9d Js] [3h]
AlexEliseev7: bets $7.88
vadjkeee: folds 
Uncalled bet ($7.88) returned to AlexEliseev7
AlexEliseev7 collected $5.22 from pot
AlexEliseev7: doesn't show hand 
*** SUMMARY ***
Total pot $5.50 | Rake $0.28 
Board [4s 9d Js 3h]
Seat 1: CMX1998
Seat 2: vadjkeee folded on the Turn
Seat 3: fish my nuts (button) folded before Flop (didn't bet)
Seat 4: Burlica2013 (small blind) folded before Flop
Seat 5: AlexEliseev7 (big blind) collected ($5.22)
Seat 6: shootingGRID folded before Flop (didn't bet)



PokerStars Hand #254730777182:  Hold'em No Limit ($0.50/$1.00 USD) - 2025/02/06 7:29:32 WET [2025/02/06 2:29:32 ET]
Table 'Chow' 6-max Seat #4 is the button
Seat 1: CMX1998 ($0 in chips) is sitting out
Seat 2: vadjkeee ($192.72 in chips) 
Seat 3: fish my nuts ($113.55 in chips) 
Seat 4: Burlica2013 ($100 in chips) 
Seat 5: AlexEliseev7 ($104.29 in chips) 
Seat 6: shootingGRID ($198.76 in chips) 
AlexEliseev7: posts small blind $0.50
shootingGRID: posts big blind $1
*** HOLE CARDS ***
vadjkeee: raises $1.50 to $2.50
fish my nuts: folds 
Burlica2013: folds 
AlexEliseev7: folds 
shootingGRID: folds 
Uncalled bet ($1.50) returned to vadjkeee
vadjkeee collected $2.50 from pot
vadjkeee: doesn't show hand 
*** SUMMARY ***
Total pot $2.50 | Rake $0 
Seat 1: CMX1998
Seat 2: vadjkeee collected ($2.50)
Seat 3: fish my nuts folded before Flop (didn't bet)
Seat 4: Burlica2013 (button) folded before Flop (didn't bet)
Seat 5: AlexEliseev7 (small blind) folded before Flop
Seat 6: shootingGRID (big blind) folded before Flop



PokerStars Hand #254730778007:  Hold'em No Limit ($0.50/$1.00 USD) - 2025/02/06 7:29:44 WET [2025/02/06 2:29:44 ET]
Table 'Chow' 6-max Seat #5 is the button
Seat 1: CMX1998 ($0 in chips) is sitting out
Seat 2: vadjkeee ($194.22 in chips) 
Seat 3: fish my nuts ($113.55 in chips) 
Seat 4: Burlica2013 ($100 in chips) 
Seat 5: AlexEliseev7 ($103.79 in chips) 
Seat 6: shootingGRID ($197.76 in chips) 
shootingGRID: posts small blind $0.50
vadjkeee: posts big blind $1
*** HOLE CARDS ***
fish my nuts: folds 
Burlica2013: raises $1.25 to $2.25
AlexEliseev7: folds 
shootingGRID: folds 
vadjkeee: raises $9.75 to $12
Burlica2013: folds 
Uncalled bet ($9.75) returned to vadjkeee
vadjkeee collected $5 from pot
vadjkeee: doesn't show hand 
*** SUMMARY ***
Total pot $5 | Rake $0 
Seat 1: CMX1998
Seat 2: vadjkeee (big blind) collected ($5)
Seat 3: fish my nuts folded before Flop (didn't bet)
Seat 4: Burlica2013 folded before Flop
Seat 5: AlexEliseev7 (button) folded before Flop (didn't bet)
Seat 6: shootingGRID (small blind) folded before Flop



PokerStars Hand #254730780784:  Hold'em No Limit ($0.50/$1.00 USD) - 2025/02/06 7:30:25 WET [2025/02/06 2:30:25 ET]
Table 'Chow' 6-max Seat #6 is the button
Seat 1: CMX1998 ($0 in chips) is sitting out
Seat 2: vadjkeee ($196.97 in chips) 
Seat 3: fish my nuts ($113.55 in chips) 
Seat 4: Burlica2013 ($100 in chips) 
Seat 5: AlexEliseev7 ($103.79 in chips) 
Seat 6: shootingGRID ($197.26 in chips) 
vadjkeee: posts small blind $0.50
fish my nuts: posts big blind $1
*** HOLE CARDS ***
Burlica2013: folds 
AlexEliseev7: raises $1.50 to $2.50
shootingGRID: folds 
vadjkeee: folds 
fish my nuts: folds 
Uncalled bet ($1.50) returned to AlexEliseev7
AlexEliseev7 collected $2.50 from pot
AlexEliseev7: doesn't show hand 
*** SUMMARY ***
Total pot $2.50 | Rake $0 
Seat 1: CMX1998
Seat 2: vadjkeee (small blind) folded before Flop
Seat 3: fish my nuts (big blind) folded before Flop
Seat 4: Burlica2013 folded before Flop (didn't bet)
Seat 5: AlexEliseev7 collected ($2.50)
Seat 6: shootingGRID (button) folded before Flop (didn't bet)



PokerStars Hand #254730781947:  Hold'em No Limit ($0.50/$1.00 USD) - 2025/02/06 7:30:42 WET [2025/02/06 2:30:42 ET]
Table 'Chow' 6-max Seat #2 is the button
Seat 1: CMX1998 ($0 in chips) is sitting out
Seat 2: vadjkeee ($196.47 in chips) 
Seat 3: fish my nuts ($112.55 in chips) 
Seat 4: Burlica2013 ($100 in chips) 
Seat 5: AlexEliseev7 ($105.29 in chips) 
Seat 6: shootingGRID ($197.26 in chips) 
fish my nuts: posts small blind $0.50
Burlica2013: posts big blind $1
*** HOLE CARDS ***
AlexEliseev7: folds 
shootingGRID: raises $1.25 to $2.25
vadjkeee: folds 
fish my nuts: folds 
Burlica2013 has timed out
Burlica2013: folds 
Uncalled bet ($1.25) returned to shootingGRID
shootingGRID collected $2.50 from pot
*** SUMMARY ***
Total pot $2.50 | Rake $0 
Seat 1: CMX1998
Seat 2: vadjkeee (button) folded before Flop (didn't bet)
Seat 3: fish my nuts (small blind) folded before Flop
Seat 4: Burlica2013 (big blind) folded before Flop
Seat 5: AlexEliseev7 folded before Flop (didn't bet)
Seat 6: shootingGRID collected ($2.50)



PokerStars Hand #254730784336:  Hold'em No Limit ($0.50/$1.00 USD) - 2025/02/06 7:31:16 WET [2025/02/06 2:31:16 ET]
Table 'Chow' 6-max Seat #3 is the button
Seat 1: CMX1998 ($0 in chips) is sitting out
Seat 2: vadjkeee ($196.47 in chips) 
Seat 3: fish my nuts ($112.05 in chips) 
Seat 4: Burlica2013 ($100 in chips) 
Seat 5: AlexEliseev7 ($105.29 in chips) 
Seat 6: shootingGRID ($198.76 in chips) 
Burlica2013: posts small blind $0.50
AlexEliseev7: posts big blind $1
*** HOLE CARDS ***
shootingGRID: folds 
vadjkeee: folds 
fish my nuts: folds 
Burlica2013 has timed out
Burlica2013: folds 
Uncalled bet ($0.50) returned to AlexEliseev7
AlexEliseev7 collected $1 from pot
AlexEliseev7: doesn't show hand 
*** SUMMARY ***
Total pot $1 | Rake $0 
Seat 1: CMX1998
Seat 2: vadjkeee folded before Flop (didn't bet)
Seat 3: fish my nuts (button) folded before Flop (didn't bet)
Seat 4: Burlica2013 (small blind) folded before Flop
Seat 5: AlexEliseev7 (big blind) collected ($1)
Seat 6: shootingGRID folded before Flop (didn't bet)



PokerStars Hand #254730785930:  Hold'em No Limit ($0.50/$1.00 USD) - 2025/02/06 7:31:39 WET [2025/02/06 2:31:39 ET]
Table 'Chow' 6-max Seat #4 is the button
Seat 1: CMX1998 ($0 in chips) is sitting out
Seat 2: vadjkeee ($196.47 in chips) 
Seat 3: fish my nuts ($112.05 in chips) 
Seat 4: Burlica2013 ($100 in chips) 
Seat 5: AlexEliseev7 ($105.79 in chips) 
Seat 6: shootingGRID ($198.76 in chips) 
AlexEliseev7: posts small blind $0.50
shootingGRID: posts big blind $1
*** HOLE CARDS ***
vadjkeee: folds 
fish my nuts: folds 
Burlica2013 has timed out
Burlica2013: folds 
AlexEliseev7: raises $2 to $3
shootingGRID: calls $2
*** FLOP *** [Jd 5d 6d]
AlexEliseev7: bets $1.88
shootingGRID: folds 
Uncalled bet ($1.88) returned to AlexEliseev7
AlexEliseev7 collected $5.70 from pot
AlexEliseev7: doesn't show hand 
*** SUMMARY ***
Total pot $6 | Rake $0.30 
Board [Jd 5d 6d]
Seat 1: CMX1998
Seat 2: vadjkeee folded before Flop (didn't bet)
Seat 3: fish my nuts folded before Flop (didn't bet)
Seat 4: Burlica2013 (button) folded before Flop (didn't bet)
Seat 5: AlexEliseev7 (small blind) collected ($5.70)
Seat 6: shootingGRID (big blind) folded on the Flop



PokerStars Hand #254730687451:  Hold'em No Limit ($0.50/$1.00 USD) - 2025/02/06 7:08:00 WET [2025/02/06 2:08:00 ET]
Table 'Chow' 6-max Seat #4 is the button
Seat 1: CMX1998 ($113.44 in chips) 
Seat 2: vadjkeee ($100 in chips) 
Seat 3: fish my nuts ($111.12 in chips) 
Seat 4: Alinyr ($105 in chips) 
Seat 5: AlexEliseev7 ($104.77 in chips) 
Seat 6: shootingGRID ($197.81 in chips) 
AlexEliseev7: posts small blind $0.50
shootingGRID: posts big blind $1
*** HOLE CARDS ***
CMX1998: calls $1
vadjkeee: folds 
fish my nuts: raises $3 to $4
Alinyr: folds 
AlexEliseev7: folds 
shootingGRID: folds 
CMX1998: calls $3
*** FLOP *** [Th 5d 4h]
CMX1998: checks 
fish my nuts: bets $3.16
CMX1998: calls $3.16
*** TURN *** [Th 5d 4h] [6h]
CMX1998: checks 
fish my nuts: checks 
*** RIVER *** [Th 5d 4h 6h] [3s]
CMX1998: bets $5
fish my nuts: calls $5
*** SHOW DOWN ***
CMX1998: shows [6c 6d] (three of a kind, Sixes)
fish my nuts: mucks hand 
CMX1998 collected $24.53 from pot
*** SUMMARY ***
Total pot $25.82 | Rake $1.29 
Board [Th 5d 4h 6h 3s]
Seat 1: CMX1998 showed [6c 6d] and won ($24.53) with three of a kind, Sixes
Seat 2: vadjkeee folded before Flop (didn't bet)
Seat 3: fish my nuts mucked
Seat 4: Alinyr (button) folded before Flop (didn't bet)
Seat 5: AlexEliseev7 (small blind) folded before Flop
Seat 6: shootingGRID (big blind) folded before Flop



PokerStars Hand #254730690017:  Hold'em No Limit ($0.50/$1.00 USD) - 2025/02/06 7:08:37 WET [2025/02/06 2:08:37 ET]
Table 'Chow' 6-max Seat #5 is the button
Seat 1: CMX1998 ($125.81 in chips) 
Seat 2: vadjkeee ($100 in chips) 
Seat 3: fish my nuts ($100 in chips) 
Seat 4: Alinyr ($105 in chips) 
Seat 5: AlexEliseev7 ($104.27 in chips) 
Seat 6: shootingGRID ($196.81 in chips) 
shootingGRID: posts small blind $0.50
CMX1998: posts big blind $1
*** HOLE CARDS ***
vadjkeee: folds 
fish my nuts: raises $1.30 to $2.30
Alinyr: folds 
AlexEliseev7: folds 
shootingGRID: folds 
CMX1998: calls $1.30
*** FLOP *** [Qs 4h 8s]
CMX1998: checks 
fish my nuts: bets $1.69
CMX1998: calls $1.69
*** TURN *** [Qs 4h 8s] [5d]
CMX1998: checks 
fish my nuts: bets $12.49
CMX1998: folds 
Uncalled bet ($12.49) returned to fish my nuts
fish my nuts collected $8.06 from pot
fish my nuts: doesn't show hand 
*** SUMMARY ***
Total pot $8.48 | Rake $0.42 
Board [Qs 4h 8s 5d]
Seat 1: CMX1998 (big blind) folded on the Turn
Seat 2: vadjkeee folded before Flop (didn't bet)
Seat 3: fish my nuts collected ($8.06)
Seat 4: Alinyr folded before Flop (didn't bet)
Seat 5: AlexEliseev7 (button) folded before Flop (didn't bet)
Seat 6: shootingGRID (small blind) folded before Flop



PokerStars Hand #254730693579:  Hold'em No Limit ($0.50/$1.00 USD) - 2025/02/06 7:09:29 WET [2025/02/06 2:09:29 ET]
Table 'Chow' 6-max Seat #6 is the button
Seat 1: CMX1998 ($121.82 in chips) 
Seat 2: vadjkeee ($100 in chips) 
Seat 3: fish my nuts ($104.07 in chips) 
Seat 4: Alinyr ($105 in chips) 
Seat 5: AlexEliseev7 ($104.27 in chips) 
Seat 6: shootingGRID ($196.31 in chips) 
CMX1998: posts small blind $0.50
vadjkeee: posts big blind $1
*** HOLE CARDS ***
fish my nuts: folds 
Alinyr: folds 
AlexEliseev7: folds 
shootingGRID: folds 
CMX1998: calls $0.50
vadjkeee: checks 
*** FLOP *** [2c 6d 5h]
CMX1998: checks 
vadjkeee: bets $1
CMX1998: calls $1
*** TURN *** [2c 6d 5h] [3h]
CMX1998: checks 
vadjkeee: checks 
*** RIVER *** [2c 6d 5h 3h] [Ah]
CMX1998: bets $3
vadjkeee: raises $11 to $14
CMX1998: calls $11
*** SHOW DOWN ***
vadjkeee: shows [7s Qd] (high card Ace)
CMX1998: shows [Kh 6c] (a pair of Sixes)
CMX1998 collected $30.40 from pot
*** SUMMARY ***
Total pot $32 | Rake $1.60 
Board [2c 6d 5h 3h Ah]
Seat 1: CMX1998 (small blind) showed [Kh 6c] and won ($30.40) with a pair of Sixes
Seat 2: vadjkeee (big blind) showed [7s Qd] and lost with high card Ace
Seat 3: fish my nuts folded before Flop (didn't bet)
Seat 4: Alinyr folded before Flop (didn't bet)
Seat 5: AlexEliseev7 folded before Flop (didn't bet)
Seat 6: shootingGRID (button) folded before Flop (didn't bet)



PokerStars Hand #254730789491:  Hold'em No Limit ($0.50/$1.00 USD) - 2025/02/06 7:32:30 WET [2025/02/06 2:32:30 ET]
Table 'Chow' 6-max Seat #5 is the button
Seat 1: CMX1998 ($0 in chips) is sitting out
Seat 2: vadjkeee ($196.47 in chips) 
Seat 3: fish my nuts ($112.05 in chips) 
Seat 4: Burlica2013 ($100 in chips) 
Seat 5: AlexEliseev7 ($108.49 in chips) 
Seat 6: shootingGRID ($195.76 in chips) 
shootingGRID: posts small blind $0.50
vadjkeee: posts big blind $1
*** HOLE CARDS ***
fish my nuts: folds 
Burlica2013: raises $1.25 to $2.25
AlexEliseev7: folds 
shootingGRID: folds 
vadjkeee: folds 
Uncalled bet ($1.25) returned to Burlica2013
Burlica2013 collected $2.50 from pot
CMX1998 leaves the table
Burlica2013: doesn't show hand 
*** SUMMARY ***
Total pot $2.50 | Rake $0 
Seat 1: CMX1998
Seat 2: vadjkeee (big blind) folded before Flop
Seat 3: fish my nuts folded before Flop (didn't bet)
Seat 4: Burlica2013 collected ($2.50)
Seat 5: AlexEliseev7 (button) folded before Flop (didn't bet)
Seat 6: shootingGRID (small blind) folded before Flop



PokerStars Hand #254730790596:  Hold'em No Limit ($0.50/$1.00 USD) - 2025/02/06 7:32:45 WET [2025/02/06 2:32:45 ET]
Table 'Chow' 6-max Seat #6 is the button
Seat 2: vadjkeee ($195.47 in chips) 
Seat 3: fish my nuts ($112.05 in chips) 
Seat 4: Burlica2013 ($101.50 in chips) 
Seat 5: AlexEliseev7 ($108.49 in chips) 
Seat 6: shootingGRID ($195.26 in chips) 
vadjkeee: posts small blind $0.50
fish my nuts: posts big blind $1
*** HOLE CARDS ***
Burlica2013: folds 
Burlica2013 leaves the table
AlexEliseev7: folds 
shootingGRID: folds 
vadjkeee: folds 
Uncalled bet ($0.50) returned to fish my nuts
fish my nuts collected $1 from pot
fish my nuts: doesn't show hand 
*** SUMMARY ***
Total pot $1 | Rake $0 
Seat 2: vadjkeee (small blind) folded before Flop
Seat 3: fish my nuts (big blind) collected ($1)
Seat 4: Burlica2013 folded before Flop (didn't bet)
Seat 5: AlexEliseev7 folded before Flop (didn't bet)
Seat 6: shootingGRID (button) folded before Flop (didn't bet)



PokerStars Hand #254730791487:  Hold'em No Limit ($0.50/$1.00 USD) - 2025/02/06 7:32:58 WET [2025/02/06 2:32:58 ET]
Table 'Chow' 6-max Seat #2 is the button
Seat 5: AlexEliseev7 ($108.49 in chips) is sitting out
Seat 2: vadjkeee ($194.97 in chips) 
Seat 3: fish my nuts ($112.55 in chips) 
Seat 6: shootingGRID ($195.26 in chips) 
fish my nuts: posts small blind $0.50
AlexEliseev7: is sitting out 
shootingGRID: posts big blind $1
*** HOLE CARDS ***
AlexEliseev7 leaves the table
vadjkeee: raises $1.50 to $2.50
fish my nuts: folds 
shootingGRID: folds 
Uncalled bet ($1.50) returned to vadjkeee
vadjkeee collected $2.50 from pot
vadjkeee: doesn't show hand 
*** SUMMARY ***
Total pot $2.50 | Rake $0 
Seat 5: AlexEliseev7
Seat 2: vadjkeee (button) collected ($2.50)
Seat 3: fish my nuts (small blind) folded before Flop
Seat 6: shootingGRID (big blind) folded before Flop



PokerStars Hand #254730792250:  Hold'em No Limit ($0.50/$1.00 USD) - 2025/02/06 7:33:09 WET [2025/02/06 2:33:09 ET]
Table 'Chow' 6-max Seat #6 is the button
Seat 2: vadjkeee ($196.47 in chips) is sitting out
Seat 3: fish my nuts ($112.05 in chips) 
Seat 6: shootingGRID ($194.26 in chips) 
shootingGRID: posts small blind $0.50
vadjkeee: is sitting out 
fish my nuts: posts big blind $1
*** HOLE CARDS ***
shootingGRID: folds 
Uncalled bet ($0.50) returned to fish my nuts
fish my nuts collected $1 from pot
fish my nuts: doesn't show hand 
vadjkeee leaves the table
*** SUMMARY ***
Total pot $1 | Rake $0 
Seat 2: vadjkeee
Seat 3: fish my nuts (big blind) collected ($1)
Seat 6: shootingGRID (button) (small blind) folded before Flop



PokerStars Hand #254730792805:  Hold'em No Limit ($0.50/$1.00 USD) - 2025/02/06 7:33:17 WET [2025/02/06 2:33:17 ET]
Table 'Chow' 6-max Seat #3 is the button
Seat 3: fish my nuts ($112.55 in chips) 
Seat 6: shootingGRID ($193.76 in chips) 
fish my nuts: posts small blind $0.50
shootingGRID: posts big blind $1
*** HOLE CARDS ***
fish my nuts: raises $1.30 to $2.30
shootingGRID: calls $1.30
*** FLOP *** [Js 8s Ah]
shootingGRID: checks 
fish my nuts: bets $4.94
shootingGRID: calls $4.94
*** TURN *** [Js 8s Ah] [8c]
shootingGRID: checks 
fish my nuts: checks 
*** RIVER *** [Js 8s Ah 8c] [2c]
shootingGRID: checks 
fish my nuts: checks 
*** SHOW DOWN ***
shootingGRID: shows [7s 4s] (a pair of Eights)
fish my nuts: shows [9c Qs] (a pair of Eights - Ace+Queen kicker)
fish my nuts collected $13.76 from pot
*** SUMMARY ***
Total pot $14.48 | Rake $0.72 
Board [Js 8s Ah 8c 2c]
Seat 3: fish my nuts (button) (small blind) showed [9c Qs] and won ($13.76) with a pair of Eights
Seat 6: shootingGRID (big blind) showed [7s 4s] and lost with a pair of Eights



PokerStars Hand #254730795403:  Hold'em No Limit ($0.50/$1.00 USD) - 2025/02/06 7:33:53 WET [2025/02/06 2:33:53 ET]
Table 'Chow' 6-max Seat #6 is the button
Seat 3: fish my nuts ($119.07 in chips) 
Seat 6: shootingGRID ($186.52 in chips) 
shootingGRID: posts small blind $0.50
fish my nuts: posts big blind $1
*** HOLE CARDS ***
shootingGRID: raises $1.25 to $2.25
fish my nuts: folds 
Uncalled bet ($1.25) returned to shootingGRID
shootingGRID collected $2 from pot
*** SUMMARY ***
Total pot $2 | Rake $0 
Seat 3: fish my nuts (big blind) folded before Flop
Seat 6: shootingGRID (button) (small blind) collected ($2)



PokerStars Hand #254730614016:  Hold'em No Limit ($0.50/$1.00 USD) - 2025/02/06 6:49:38 WET [2025/02/06 1:49:38 ET]
Table 'Chow' 6-max Seat #5 is the button
Seat 2: vadjkeee ($105.22 in chips) 
Seat 5: Pon4uk.ua ($195.50 in chips) 
Seat 6: shootingGRID ($102 in chips) 
shootingGRID: posts small blind $0.50
vadjkeee: posts big blind $1
*** HOLE CARDS ***
Pon4uk.ua: raises $1.50 to $2.50
shootingGRID: raises $9.50 to $12
vadjkeee: folds 
Pon4uk.ua: folds 
Uncalled bet ($9.50) returned to shootingGRID
shootingGRID collected $6 from pot
*** SUMMARY ***
Total pot $6 | Rake $0 
Seat 2: vadjkeee (big blind) folded before Flop
Seat 5: Pon4uk.ua (button) folded before Flop
Seat 6: shootingGRID (small blind) collected ($6)



PokerStars Hand #254730615604:  Hold'em No Limit ($0.50/$1.00 USD) - 2025/02/06 6:50:01 WET [2025/02/06 1:50:01 ET]
Table 'Chow' 6-max Seat #6 is the button
Seat 2: vadjkeee ($104.22 in chips) 
Seat 5: Pon4uk.ua ($193 in chips) 
Seat 6: shootingGRID ($105.50 in chips) 
vadjkeee: posts small blind $0.50
Pon4uk.ua: posts big blind $1
*** HOLE CARDS ***
shootingGRID: folds 
vadjkeee: folds 
Uncalled bet ($0.50) returned to Pon4uk.ua
Pon4uk.ua collected $1 from pot
Pon4uk.ua: doesn't show hand 
*** SUMMARY ***
Total pot $1 | Rake $0 
Seat 2: vadjkeee (small blind) folded before Flop
Seat 5: Pon4uk.ua (big blind) collected ($1)
Seat 6: shootingGRID (button) folded before Flop (didn't bet)



