PokerStars Hand #254738361140:  Hold'em No Limit ($0.50/$1.00 USD) - 2025/02/06 20:03:09 WET [2025/02/06 15:03:09 ET]
Table 'Bodea' 6-max Seat #4 is the button
Seat 1: XneferX ($100 in chips) 
Seat 4: LuckyShikari ($80 in chips) 
Seat 5: Seavus10 ($100 in chips) 
Seavus10: posts small blind $0.50
XneferX: posts big blind $1
*** HOLE CARDS ***
LuckyShikari: raises $1.25 to $2.25
Seavus10: folds 
XneferX: raises $9.75 to $12
LuckyShikari: folds 
Uncalled bet ($9.75) returned to XneferX
XneferX collected $5 from pot
XneferX: doesn't show hand 
*** SUMMARY ***
Total pot $5 | Rake $0 
Seat 1: XneferX (big blind) collected ($5)
Seat 4: LuckyShikari (button) folded before Flop
Seat 5: Seavus10 (small blind) folded before Flop



PokerStars Hand #254738369860:  Hold'em No Limit ($0.50/$1.00 USD) - 2025/02/06 20:03:39 WET [2025/02/06 15:03:39 ET]
Table 'Bodea' 6-max Seat #5 is the button
Seat 1: XneferX ($102.75 in chips) 
Seat 4: LuckyShikari ($100 in chips) 
Seat 5: Seavus10 ($100 in chips) 
XneferX: posts small blind $0.50
LuckyShikari: posts big blind $1
*** HOLE CARDS ***
Seavus10: folds 
XneferX: folds 
Uncalled bet ($0.50) returned to LuckyShikari
LuckyShikari collected $1 from pot
LuckyShikari: doesn't show hand 
*** SUMMARY ***
Total pot $1 | Rake $0 
Seat 1: XneferX (small blind) folded before Flop
Seat 4: LuckyShikari (big blind) collected ($1)
Seat 5: Seavus10 (button) folded before Flop (didn't bet)



PokerStars Hand #254738373539:  Hold'em No Limit ($0.50/$1.00 USD) - 2025/02/06 20:03:51 WET [2025/02/06 15:03:51 ET]
Table 'Bodea' 6-max Seat #1 is the button
Seat 1: XneferX ($102.25 in chips) 
Seat 4: LuckyShikari ($100.50 in chips) 
Seat 5: Seavus10 ($100 in chips) 
LuckyShikari: posts small blind $0.50
Seavus10: posts big blind $1
*** HOLE CARDS ***
XneferX: folds 
LuckyShikari: raises $1.25 to $2.25
XneferX leaves the table
Seavus10: calls $1.25
*** FLOP *** [Ah 6s Qc]
LuckyShikari: checks 
Seavus10: checks 
*** TURN *** [Ah 6s Qc] [Td]
LuckyShikari: checks 
Alinyr joins the table at seat #1 
Seavus10: checks 
*** RIVER *** [Ah 6s Qc Td] [Ts]
CichiChanMarian joins the table at seat #3 
z00mba joins the table at seat #2 
Becar_06 joins the table at seat #6 
LuckyShikari: checks 
Seavus10: checks 
*** SHOW DOWN ***
LuckyShikari: shows [7s Qh] (two pair, Queens and Tens)
Seavus10: mucks hand 
LuckyShikari collected $4.28 from pot
*** SUMMARY ***
Total pot $4.50 | Rake $0.22 
Board [Ah 6s Qc Td Ts]
Seat 1: XneferX (button) folded before Flop (didn't bet)
Seat 4: LuckyShikari (small blind) showed [7s Qh] and won ($4.28) with two pair, Queens and Tens
Seat 5: Seavus10 (big blind) mucked



PokerStars Hand #254738396838:  Hold'em No Limit ($0.50/$1.00 USD) - 2025/02/06 20:05:08 WET [2025/02/06 15:05:08 ET]
Table 'Bodea' 6-max Seat #4 is the button
Seat 1: Alinyr ($100 in chips) is sitting out
Seat 2: z00mba ($100 in chips) is sitting out
Seat 3: CichiChanMarian ($100 in chips) is sitting out
Seat 4: LuckyShikari ($102.53 in chips) 
Seat 5: Seavus10 ($100 in chips) 
Seat 6: Becar_06 ($40 in chips) 
Seavus10: posts small blind $0.50
Becar_06: posts big blind $1
Alinyr: sits out 
z00mba: sits out 
CichiChanMarian: sits out 
*** HOLE CARDS ***
LuckyShikari: folds 
Seavus10: raises $2 to $3
Becar_06: folds 
Uncalled bet ($2) returned to Seavus10
Seavus10 collected $2 from pot
Seavus10: doesn't show hand 
*** SUMMARY ***
Total pot $2 | Rake $0 
Seat 1: Alinyr
Seat 2: z00mba
Seat 3: CichiChanMarian
Seat 4: LuckyShikari (button) folded before Flop (didn't bet)
Seat 5: Seavus10 (small blind) collected ($2)
Seat 6: Becar_06 (big blind) folded before Flop



PokerStars Hand #254738400257:  Hold'em No Limit ($0.50/$1.00 USD) - 2025/02/06 20:05:20 WET [2025/02/06 15:05:20 ET]
Table 'Bodea' 6-max Seat #5 is the button
Seat 2: z00mba ($100 in chips) is sitting out
Seat 3: CichiChanMarian ($100 in chips) is sitting out
Seat 1: Alinyr ($100 in chips) 
Seat 4: LuckyShikari ($102.53 in chips) 
Seat 5: Seavus10 ($101 in chips) 
Seat 6: Becar_06 ($40 in chips) 
Becar_06: posts small blind $0.50
Alinyr: posts big blind $1
z00mba: sits out 
CichiChanMarian: sits out 
*** HOLE CARDS ***
LuckyShikari: folds 
Seavus10: raises $1.50 to $2.50
Becar_06: folds 
Alinyr: folds 
Uncalled bet ($1.50) returned to Seavus10
Seavus10 collected $2.50 from pot
Seavus10: doesn't show hand 
*** SUMMARY ***
Total pot $2.50 | Rake $0 
Seat 2: z00mba
Seat 3: CichiChanMarian
Seat 1: Alinyr (big blind) folded before Flop
Seat 4: LuckyShikari folded before Flop (didn't bet)
Seat 5: Seavus10 (button) collected ($2.50)
Seat 6: Becar_06 (small blind) folded before Flop



PokerStars Hand #254738407355:  Hold'em No Limit ($0.50/$1.00 USD) - 2025/02/06 20:05:42 WET [2025/02/06 15:05:42 ET]
Table 'Bodea' 6-max Seat #6 is the button
Seat 3: CichiChanMarian ($100 in chips) is sitting out
Seat 1: Alinyr ($100 in chips) 
Seat 2: z00mba ($100 in chips) 
Seat 4: LuckyShikari ($102.53 in chips) 
Seat 5: Seavus10 ($102.50 in chips) 
Seat 6: Becar_06 ($40 in chips) 
Alinyr: posts small blind $0.50
z00mba: posts big blind $1
CichiChanMarian: sits out 
*** HOLE CARDS ***
LuckyShikari: folds 
Seavus10: folds 
Becar_06: folds 
Alinyr: folds 
Uncalled bet ($0.50) returned to z00mba
z00mba collected $1 from pot
z00mba: doesn't show hand 
*** SUMMARY ***
Total pot $1 | Rake $0 
Seat 3: CichiChanMarian
Seat 1: Alinyr (small blind) folded before Flop
Seat 2: z00mba (big blind) collected ($1)
Seat 4: LuckyShikari folded before Flop (didn't bet)
Seat 5: Seavus10 folded before Flop (didn't bet)
Seat 6: Becar_06 (button) folded before Flop (didn't bet)



PokerStars Hand #254738414709:  Hold'em No Limit ($0.50/$1.00 USD) - 2025/02/06 20:06:06 WET [2025/02/06 15:06:06 ET]
Table 'Bodea' 6-max Seat #1 is the button
Seat 1: Alinyr ($100 in chips) 
Seat 2: z00mba ($100.50 in chips) 
Seat 3: CichiChanMarian ($100 in chips) 
Seat 4: LuckyShikari ($102.53 in chips) 
Seat 5: Seavus10 ($102.50 in chips) 
Seat 6: Becar_06 ($40 in chips) 
z00mba: posts small blind $0.50
CichiChanMarian: posts big blind $1
*** HOLE CARDS ***
LuckyShikari: folds 
Seavus10: folds 
Becar_06: raises $1 to $2
Alinyr: folds 
z00mba: folds 
CichiChanMarian: calls $1
*** FLOP *** [4c Ks 8h]
CichiChanMarian: checks 
Becar_06: bets $1.41
CichiChanMarian: folds 
Uncalled bet ($1.41) returned to Becar_06
Becar_06 collected $4.28 from pot
*** SUMMARY ***
Total pot $4.50 | Rake $0.22 
Board [4c Ks 8h]
Seat 1: Alinyr (button) folded before Flop (didn't bet)
Seat 2: z00mba (small blind) folded before Flop
Seat 3: CichiChanMarian (big blind) folded on the Flop
Seat 4: LuckyShikari folded before Flop (didn't bet)
Seat 5: Seavus10 folded before Flop (didn't bet)
Seat 6: Becar_06 collected ($4.28)



PokerStars Hand #254738429045:  Hold'em No Limit ($0.50/$1.00 USD) - 2025/02/06 20:06:52 WET [2025/02/06 15:06:52 ET]
Table 'Bodea' 6-max Seat #2 is the button
Seat 1: Alinyr ($100 in chips) 
Seat 2: z00mba ($100 in chips) 
Seat 3: CichiChanMarian ($100 in chips) 
Seat 4: LuckyShikari ($102.53 in chips) 
Seat 5: Seavus10 ($102.50 in chips) 
Seat 6: Becar_06 ($42.28 in chips) 
CichiChanMarian: posts small blind $0.50
LuckyShikari: posts big blind $1
*** HOLE CARDS ***
Seavus10: folds 
Becar_06: raises $1 to $2
Alinyr: folds 
z00mba: folds 
CichiChanMarian: folds 
LuckyShikari: folds 
Uncalled bet ($1) returned to Becar_06
Becar_06 collected $2.50 from pot
*** SUMMARY ***
Total pot $2.50 | Rake $0 
Seat 1: Alinyr folded before Flop (didn't bet)
Seat 2: z00mba (button) folded before Flop (didn't bet)
Seat 3: CichiChanMarian (small blind) folded before Flop
Seat 4: LuckyShikari (big blind) folded before Flop
Seat 5: Seavus10 folded before Flop (didn't bet)
Seat 6: Becar_06 collected ($2.50)



PokerStars Hand #254738437601:  Hold'em No Limit ($0.50/$1.00 USD) - 2025/02/06 20:07:19 WET [2025/02/06 15:07:19 ET]
Table 'Bodea' 6-max Seat #3 is the button
Seat 1: Alinyr ($100 in chips) 
Seat 2: z00mba ($100 in chips) 
Seat 3: CichiChanMarian ($100 in chips) 
Seat 4: LuckyShikari ($101.53 in chips) 
Seat 5: Seavus10 ($102.50 in chips) 
Seat 6: Becar_06 ($43.78 in chips) 
LuckyShikari: posts small blind $0.50
Seavus10: posts big blind $1
*** HOLE CARDS ***
Becar_06: folds 
Alinyr: folds 
z00mba: folds 
CichiChanMarian: raises $1.50 to $2.50
LuckyShikari: folds 
Seavus10: raises $11.05 to $13.55
CichiChanMarian: calls $11.05
*** FLOP *** [Qh 5s 2c]
Seavus10: bets $6.06
CichiChanMarian: calls $6.06
*** TURN *** [Qh 5s 2c] [7d]
Seavus10: bets $18.87
CichiChanMarian: calls $18.87
*** RIVER *** [Qh 5s 2c 7d] [7c]
Seavus10: bets $64.02 and is all-in
CichiChanMarian: folds 
Uncalled bet ($64.02) returned to Seavus10
Seavus10 collected $74.96 from pot
Seavus10: doesn't show hand 
*** SUMMARY ***
Total pot $77.46 | Rake $2.50 
Board [Qh 5s 2c 7d 7c]
Seat 1: Alinyr folded before Flop (didn't bet)
Seat 2: z00mba folded before Flop (didn't bet)
Seat 3: CichiChanMarian (button) folded on the River
Seat 4: LuckyShikari (small blind) folded before Flop
Seat 5: Seavus10 (big blind) collected ($74.96)
Seat 6: Becar_06 folded before Flop (didn't bet)



PokerStars Hand #254738473645:  Hold'em No Limit ($0.50/$1.00 USD) - 2025/02/06 20:09:15 WET [2025/02/06 15:09:15 ET]
Table 'Bodea' 6-max Seat #5 is the button
Seat 1: Alinyr ($100 in chips) is sitting out
Seat 2: z00mba ($100 in chips) is sitting out
Seat 3: CichiChanMarian ($100 in chips) is sitting out
Seat 6: Becar_06 ($43.78 in chips) is sitting out
Seat 4: LuckyShikari ($101.03 in chips) 
Seat 5: Seavus10 ($138.98 in chips) 
Seavus10: posts small blind $0.50
Becar_06: is sitting out 
Alinyr: is sitting out 
z00mba: is sitting out 
CichiChanMarian: is sitting out 
LuckyShikari: posts big blind $1
*** HOLE CARDS ***
Alinyr leaves the table
Becar_06 leaves the table
Seavus10: raises $1.20 to $2.20
CichiChanMarian leaves the table
LuckyShikari: calls $1.20
*** FLOP *** [7s 2h 3d]
LuckyShikari: checks 
dervesh joins the table at seat #6 
Seavus10: bets $2.09
Birdy318 joins the table at seat #1 
Becar_06 joins the table at seat #3 
LuckyShikari: raises $4.91 to $7
z00mba leaves the table
Seavus10: folds 
Uncalled bet ($4.91) returned to LuckyShikari
LuckyShikari collected $8.15 from pot
LuckyShikari: doesn't show hand 
MaRKiToScoK joins the table at seat #2 
*** SUMMARY ***
Total pot $8.58 | Rake $0.43 
Board [7s 2h 3d]
Seat 1: Alinyr
Seat 2: z00mba
Seat 3: CichiChanMarian
Seat 6: Becar_06
Seat 4: LuckyShikari (big blind) collected ($8.15)
Seat 5: Seavus10 (button) (small blind) folded on the Flop



PokerStars Hand #254738487757:  Hold'em No Limit ($0.50/$1.00 USD) - 2025/02/06 20:10:00 WET [2025/02/06 15:10:00 ET]
Table 'Bodea' 6-max Seat #4 is the button
Seat 2: MaRKiToScoK ($100 in chips) is sitting out
Seat 3: Becar_06 ($100 in chips) is sitting out
Seat 1: Birdy318 ($100 in chips) 
Seat 4: LuckyShikari ($104.89 in chips) 
Seat 5: Seavus10 ($134.69 in chips) 
Seat 6: dervesh ($100 in chips) 
Seavus10: posts small blind $0.50
dervesh: posts big blind $1
Birdy318: posts big blind $1
MaRKiToScoK: sits out 
Becar_06: sits out 
*** HOLE CARDS ***
Birdy318: raises $1.50 to $2.50
LuckyShikari: folds 
Seavus10: folds 
dervesh: folds 
Uncalled bet ($1.50) returned to Birdy318
Birdy318 collected $2.50 from pot
*** SUMMARY ***
Total pot $2.50 | Rake $0 
Seat 2: MaRKiToScoK
Seat 3: Becar_06
Seat 1: Birdy318 collected ($2.50)
Seat 4: LuckyShikari (button) folded before Flop (didn't bet)
Seat 5: Seavus10 (small blind) folded before Flop
Seat 6: dervesh (big blind) folded before Flop



PokerStars Hand #254738493149:  Hold'em No Limit ($0.50/$1.00 USD) - 2025/02/06 20:10:18 WET [2025/02/06 15:10:18 ET]
Table 'Bodea' 6-max Seat #5 is the button
Seat 2: MaRKiToScoK ($100 in chips) is sitting out
Seat 3: Becar_06 ($100 in chips) is sitting out
Seat 1: Birdy318 ($101.50 in chips) 
Seat 4: LuckyShikari ($104.89 in chips) 
Seat 5: Seavus10 ($134.19 in chips) 
Seat 6: dervesh ($100 in chips) 
dervesh: posts small blind $0.50
Birdy318: posts big blind $1
MaRKiToScoK: sits out 
Becar_06: sits out 
*** HOLE CARDS ***
LuckyShikari: folds 
Seavus10: folds 
dervesh: folds 
Uncalled bet ($0.50) returned to Birdy318
Birdy318 collected $1 from pot
*** SUMMARY ***
Total pot $1 | Rake $0 
Seat 2: MaRKiToScoK
Seat 3: Becar_06
Seat 1: Birdy318 (big blind) collected ($1)
Seat 4: LuckyShikari folded before Flop (didn't bet)
Seat 5: Seavus10 (button) folded before Flop (didn't bet)
Seat 6: dervesh (small blind) folded before Flop



PokerStars Hand #254738496616:  Hold'em No Limit ($0.50/$1.00 USD) - 2025/02/06 20:10:29 WET [2025/02/06 15:10:29 ET]
Table 'Bodea' 6-max Seat #6 is the button
Seat 3: Becar_06 ($100 in chips) is sitting out
Seat 1: Birdy318 ($102 in chips) 
Seat 2: MaRKiToScoK ($100 in chips) 
Seat 4: LuckyShikari ($104.89 in chips) 
Seat 5: Seavus10 ($134.19 in chips) 
Seat 6: dervesh ($100 in chips) 
Birdy318: posts small blind $0.50
MaRKiToScoK: posts big blind $1
Becar_06: sits out 
*** HOLE CARDS ***
LuckyShikari: raises $1 to $2
Seavus10: folds 
dervesh: folds 
Birdy318: folds 
MaRKiToScoK: folds 
Uncalled bet ($1) returned to LuckyShikari
LuckyShikari collected $2.50 from pot
LuckyShikari: doesn't show hand 
*** SUMMARY ***
Total pot $2.50 | Rake $0 
Seat 3: Becar_06
Seat 1: Birdy318 (small blind) folded before Flop
Seat 2: MaRKiToScoK (big blind) folded before Flop
Seat 4: LuckyShikari collected ($2.50)
Seat 5: Seavus10 folded before Flop (didn't bet)
Seat 6: dervesh (button) folded before Flop (didn't bet)



PokerStars Hand #254738612086:  Hold'em No Limit ($0.50/$1.00 USD) - 2025/02/06 20:16:35 WET [2025/02/06 15:16:35 ET]
Table 'Bodea' 6-max Seat #4 is the button
Seat 1: Birdy318 ($100 in chips) 
Seat 2: MaRKiToScoK ($102.96 in chips) 
Seat 3: socito ($102.72 in chips) 
Seat 4: LuckyShikari ($101.67 in chips) 
Seat 5: Seavus10 ($115.44 in chips) 
Seat 6: dervesh ($120.02 in chips) 
Seavus10: posts small blind $0.50
dervesh: posts big blind $1
*** HOLE CARDS ***
Birdy318: folds 
MaRKiToScoK: folds 
socito: folds 
LuckyShikari: folds 
Seavus10: raises $2 to $3
dervesh: folds 
Uncalled bet ($2) returned to Seavus10
Seavus10 collected $2 from pot
Seavus10: doesn't show hand 
*** SUMMARY ***
Total pot $2 | Rake $0 
Seat 1: Birdy318 folded before Flop (didn't bet)
Seat 2: MaRKiToScoK folded before Flop (didn't bet)
Seat 3: socito folded before Flop (didn't bet)
Seat 4: LuckyShikari (button) folded before Flop (didn't bet)
Seat 5: Seavus10 (small blind) collected ($2)
Seat 6: dervesh (big blind) folded before Flop



PokerStars Hand #254738619211:  Hold'em No Limit ($0.50/$1.00 USD) - 2025/02/06 20:16:58 WET [2025/02/06 15:16:58 ET]
Table 'Bodea' 6-max Seat #5 is the button
Seat 1: Birdy318 ($100 in chips) 
Seat 2: MaRKiToScoK ($102.96 in chips) 
Seat 3: socito ($102.72 in chips) 
Seat 4: LuckyShikari ($101.67 in chips) 
Seat 5: Seavus10 ($116.44 in chips) 
Seat 6: dervesh ($119.02 in chips) 
dervesh: posts small blind $0.50
Birdy318: posts big blind $1
*** HOLE CARDS ***
MaRKiToScoK: folds 
socito: folds 
LuckyShikari: raises $1.50 to $2.50
Seavus10: folds 
dervesh: folds 
Birdy318: folds 
Uncalled bet ($1.50) returned to LuckyShikari
LuckyShikari collected $2.50 from pot
LuckyShikari: doesn't show hand 
*** SUMMARY ***
Total pot $2.50 | Rake $0 
Seat 1: Birdy318 (big blind) folded before Flop
Seat 2: MaRKiToScoK folded before Flop (didn't bet)
Seat 3: socito folded before Flop (didn't bet)
Seat 4: LuckyShikari collected ($2.50)
Seat 5: Seavus10 (button) folded before Flop (didn't bet)
Seat 6: dervesh (small blind) folded before Flop



PokerStars Hand #254738624817:  Hold'em No Limit ($0.50/$1.00 USD) - 2025/02/06 20:17:15 WET [2025/02/06 15:17:15 ET]
Table 'Bodea' 6-max Seat #6 is the button
Seat 1: Birdy318 ($100 in chips) 
Seat 2: MaRKiToScoK ($102.96 in chips) 
Seat 3: socito ($102.72 in chips) 
Seat 4: LuckyShikari ($103.17 in chips) 
Seat 5: Seavus10 ($116.44 in chips) 
Seat 6: dervesh ($118.52 in chips) 
Birdy318: posts small blind $0.50
MaRKiToScoK: posts big blind $1
*** HOLE CARDS ***
socito: raises $1.50 to $2.50
LuckyShikari: calls $2.50
Seavus10: folds 
dervesh: folds 
Birdy318: folds 
MaRKiToScoK: folds 
*** FLOP *** [3c 6d 5c]
socito: checks 
LuckyShikari: bets $4.50
socito: calls $4.50
*** TURN *** [3c 6d 5c] [5d]
socito: checks 
LuckyShikari: bets $20
socito: calls $20
*** RIVER *** [3c 6d 5c 5d] [7c]
socito: checks 
LuckyShikari: checks 
*** SHOW DOWN ***
socito: shows [Kd Ks] (two pair, Kings and Fives)
LuckyShikari: shows [Ad Ah] (two pair, Aces and Fives)
LuckyShikari collected $53 from pot
*** SUMMARY ***
Total pot $55.50 | Rake $2.50 
Board [3c 6d 5c 5d 7c]
Seat 1: Birdy318 (small blind) folded before Flop
Seat 2: MaRKiToScoK (big blind) folded before Flop
Seat 3: socito showed [Kd Ks] and lost with two pair, Kings and Fives
Seat 4: LuckyShikari showed [Ad Ah] and won ($53) with two pair, Aces and Fives
Seat 5: Seavus10 folded before Flop (didn't bet)
Seat 6: dervesh (button) folded before Flop (didn't bet)



PokerStars Hand #254738659378:  Hold'em No Limit ($0.50/$1.00 USD) - 2025/02/06 20:19:05 WET [2025/02/06 15:19:05 ET]
Table 'Bodea' 6-max Seat #1 is the button
Seat 1: Birdy318 ($100 in chips) 
Seat 2: MaRKiToScoK ($101.96 in chips) 
Seat 3: socito ($100 in chips) 
Seat 4: LuckyShikari ($129.17 in chips) 
Seat 5: Seavus10 ($116.44 in chips) 
Seat 6: dervesh ($118.52 in chips) 
MaRKiToScoK: posts small blind $0.50
socito: posts big blind $1
*** HOLE CARDS ***
LuckyShikari: folds 
Seavus10: folds 
dervesh: raises $1.50 to $2.50
Birdy318: folds 
MaRKiToScoK: folds 
socito: folds 
Uncalled bet ($1.50) returned to dervesh
dervesh collected $2.50 from pot
dervesh: doesn't show hand 
*** SUMMARY ***
Total pot $2.50 | Rake $0 
Seat 1: Birdy318 (button) folded before Flop (didn't bet)
Seat 2: MaRKiToScoK (small blind) folded before Flop
Seat 3: socito (big blind) folded before Flop
Seat 4: LuckyShikari folded before Flop (didn't bet)
Seat 5: Seavus10 folded before Flop (didn't bet)
Seat 6: dervesh collected ($2.50)



PokerStars Hand #254738668145:  Hold'em No Limit ($0.50/$1.00 USD) - 2025/02/06 20:19:33 WET [2025/02/06 15:19:33 ET]
Table 'Bodea' 6-max Seat #2 is the button
Seat 1: Birdy318 ($100 in chips) 
Seat 2: MaRKiToScoK ($101.46 in chips) 
Seat 3: socito ($100 in chips) 
Seat 4: LuckyShikari ($129.17 in chips) 
Seat 5: Seavus10 ($116.44 in chips) 
Seat 6: dervesh ($120.02 in chips) 
socito: posts small blind $0.50
LuckyShikari: posts big blind $1
*** HOLE CARDS ***
Seavus10: folds 
dervesh: folds 
Birdy318: raises $1.50 to $2.50
MaRKiToScoK: folds 
socito: folds 
LuckyShikari: folds 
Uncalled bet ($1.50) returned to Birdy318
Birdy318 collected $2.50 from pot
*** SUMMARY ***
Total pot $2.50 | Rake $0 
Seat 1: Birdy318 collected ($2.50)
Seat 2: MaRKiToScoK (button) folded before Flop (didn't bet)
Seat 3: socito (small blind) folded before Flop
Seat 4: LuckyShikari (big blind) folded before Flop
Seat 5: Seavus10 folded before Flop (didn't bet)
Seat 6: dervesh folded before Flop (didn't bet)



PokerStars Hand #254738676800:  Hold'em No Limit ($0.50/$1.00 USD) - 2025/02/06 20:20:01 WET [2025/02/06 15:20:01 ET]
Table 'Bodea' 6-max Seat #3 is the button
Seat 1: Birdy318 ($101.50 in chips) 
Seat 2: MaRKiToScoK ($101.46 in chips) 
Seat 3: socito ($100 in chips) 
Seat 4: LuckyShikari ($128.17 in chips) 
Seat 5: Seavus10 ($116.44 in chips) 
Seat 6: dervesh ($120.02 in chips) 
LuckyShikari: posts small blind $0.50
Seavus10: posts big blind $1
*** HOLE CARDS ***
dervesh: folds 
Birdy318: folds 
MaRKiToScoK: folds 
socito: folds 
LuckyShikari: folds 
Uncalled bet ($0.50) returned to Seavus10
Seavus10 collected $1 from pot
Seavus10: doesn't show hand 
*** SUMMARY ***
Total pot $1 | Rake $0 
Seat 1: Birdy318 folded before Flop (didn't bet)
Seat 2: MaRKiToScoK folded before Flop (didn't bet)
Seat 3: socito (button) folded before Flop (didn't bet)
Seat 4: LuckyShikari (small blind) folded before Flop
Seat 5: Seavus10 (big blind) collected ($1)
Seat 6: dervesh folded before Flop (didn't bet)



PokerStars Hand #254738685800:  Hold'em No Limit ($0.50/$1.00 USD) - 2025/02/06 20:20:29 WET [2025/02/06 15:20:29 ET]
Table 'Bodea' 6-max Seat #4 is the button
Seat 1: Birdy318 ($101.50 in chips) 
Seat 2: MaRKiToScoK ($101.46 in chips) 
Seat 3: socito ($100 in chips) 
Seat 4: LuckyShikari ($127.67 in chips) 
Seat 5: Seavus10 ($116.94 in chips) 
Seat 6: dervesh ($120.02 in chips) 
Seavus10: posts small blind $0.50
dervesh: posts big blind $1
*** HOLE CARDS ***
Birdy318: folds 
MaRKiToScoK: folds 
socito: folds 
LuckyShikari: raises $1.25 to $2.25
Seavus10: folds 
dervesh: calls $1.25
*** FLOP *** [2s Ks Jc]
dervesh: checks 
LuckyShikari: bets $1.70
dervesh: calls $1.70
*** TURN *** [2s Ks Jc] [3s]
dervesh: checks 
LuckyShikari: checks 
*** RIVER *** [2s Ks Jc 3s] [Kh]
dervesh: checks 
LuckyShikari: bets $6
dervesh: folds 
Uncalled bet ($6) returned to LuckyShikari
LuckyShikari collected $7.98 from pot
LuckyShikari: doesn't show hand 
*** SUMMARY ***
Total pot $8.40 | Rake $0.42 
Board [2s Ks Jc 3s Kh]
Seat 1: Birdy318 folded before Flop (didn't bet)
Seat 2: MaRKiToScoK folded before Flop (didn't bet)
Seat 3: socito folded before Flop (didn't bet)
Seat 4: LuckyShikari (button) collected ($7.98)
Seat 5: Seavus10 (small blind) folded before Flop
Seat 6: dervesh (big blind) folded on the River



PokerStars Hand #254738708375:  Hold'em No Limit ($0.50/$1.00 USD) - 2025/02/06 20:21:41 WET [2025/02/06 15:21:41 ET]
Table 'Bodea' 6-max Seat #5 is the button
Seat 1: Birdy318 ($101.50 in chips) 
Seat 2: MaRKiToScoK ($101.46 in chips) 
Seat 3: socito ($100 in chips) 
Seat 4: LuckyShikari ($131.70 in chips) 
Seat 5: Seavus10 ($116.44 in chips) 
Seat 6: dervesh ($116.07 in chips) 
dervesh: posts small blind $0.50
Birdy318: posts big blind $1
*** HOLE CARDS ***
MaRKiToScoK: folds 
socito: folds 
LuckyShikari: raises $1.50 to $2.50
Seavus10: folds 
dervesh: folds 
Birdy318: calls $1.50
*** FLOP *** [6d 8c Kh]
Birdy318: checks 
LuckyShikari: bets $3.50
Birdy318: folds 
Uncalled bet ($3.50) returned to LuckyShikari
LuckyShikari collected $5.22 from pot
LuckyShikari: doesn't show hand 
*** SUMMARY ***
Total pot $5.50 | Rake $0.28 
Board [6d 8c Kh]
Seat 1: Birdy318 (big blind) folded on the Flop
Seat 2: MaRKiToScoK folded before Flop (didn't bet)
Seat 3: socito folded before Flop (didn't bet)
Seat 4: LuckyShikari collected ($5.22)
Seat 5: Seavus10 (button) folded before Flop (didn't bet)
Seat 6: dervesh (small blind) folded before Flop



PokerStars Hand #254738722261:  Hold'em No Limit ($0.50/$1.00 USD) - 2025/02/06 20:22:25 WET [2025/02/06 15:22:25 ET]
Table 'Bodea' 6-max Seat #6 is the button
Seat 1: Birdy318 ($100 in chips) 
Seat 2: MaRKiToScoK ($101.46 in chips) 
Seat 3: socito ($100 in chips) 
Seat 4: LuckyShikari ($134.42 in chips) 
Seat 5: Seavus10 ($116.44 in chips) 
Seat 6: dervesh ($115.57 in chips) 
Birdy318: posts small blind $0.50
MaRKiToScoK: posts big blind $1
*** HOLE CARDS ***
socito: folds 
LuckyShikari: raises $1.50 to $2.50
Seavus10: folds 
dervesh: folds 
Birdy318: folds 
MaRKiToScoK: folds 
Uncalled bet ($1.50) returned to LuckyShikari
LuckyShikari collected $2.50 from pot
LuckyShikari: doesn't show hand 
*** SUMMARY ***
Total pot $2.50 | Rake $0 
Seat 1: Birdy318 (small blind) folded before Flop
Seat 2: MaRKiToScoK (big blind) folded before Flop
Seat 3: socito folded before Flop (didn't bet)
Seat 4: LuckyShikari collected ($2.50)
Seat 5: Seavus10 folded before Flop (didn't bet)
Seat 6: dervesh (button) folded before Flop (didn't bet)



PokerStars Hand #254738728675:  Hold'em No Limit ($0.50/$1.00 USD) - 2025/02/06 20:22:45 WET [2025/02/06 15:22:45 ET]
Table 'Bodea' 6-max Seat #1 is the button
Seat 1: Birdy318 ($100 in chips) 
Seat 2: MaRKiToScoK ($100.46 in chips) 
Seat 3: socito ($100 in chips) 
Seat 4: LuckyShikari ($135.92 in chips) 
Seat 5: Seavus10 ($116.44 in chips) 
Seat 6: dervesh ($115.57 in chips) 
MaRKiToScoK: posts small blind $0.50
socito: posts big blind $1
*** HOLE CARDS ***
LuckyShikari: folds 
Seavus10: folds 
dervesh: folds 
Birdy318: folds 
MaRKiToScoK: raises $2 to $3
socito: folds 
Uncalled bet ($2) returned to MaRKiToScoK
MaRKiToScoK collected $2 from pot
LuckyShikari leaves the table
*** SUMMARY ***
Total pot $2 | Rake $0 
Seat 1: Birdy318 (button) folded before Flop (didn't bet)
Seat 2: MaRKiToScoK (small blind) collected ($2)
Seat 3: socito (big blind) folded before Flop
Seat 4: LuckyShikari folded before Flop (didn't bet)
Seat 5: Seavus10 folded before Flop (didn't bet)
Seat 6: dervesh folded before Flop (didn't bet)



PokerStars Hand #254738736051:  Hold'em No Limit ($0.50/$1.00 USD) - 2025/02/06 20:23:09 WET [2025/02/06 15:23:09 ET]
Table 'Bodea' 6-max Seat #2 is the button
Seat 1: Birdy318 ($100 in chips) 
Seat 2: MaRKiToScoK ($101.46 in chips) 
Seat 3: socito ($100 in chips) 
Seat 5: Seavus10 ($116.44 in chips) 
Seat 6: dervesh ($115.57 in chips) 
socito: posts small blind $0.50
Seavus10: posts big blind $1
*** HOLE CARDS ***
dervesh: folds 
Birdy318: folds 
MaRKiToScoK: raises $1.50 to $2.50
socito: raises $9 to $11.50
Seavus10: folds 
MaRKiToScoK: folds 
Uncalled bet ($9) returned to socito
socito collected $6 from pot
socito: doesn't show hand 
*** SUMMARY ***
Total pot $6 | Rake $0 
Seat 1: Birdy318 folded before Flop (didn't bet)
Seat 2: MaRKiToScoK (button) folded before Flop
Seat 3: socito (small blind) collected ($6)
Seat 5: Seavus10 (big blind) folded before Flop
Seat 6: dervesh folded before Flop (didn't bet)



PokerStars Hand #254738744333:  Hold'em No Limit ($0.50/$1.00 USD) - 2025/02/06 20:23:35 WET [2025/02/06 15:23:35 ET]
Table 'Bodea' 6-max Seat #3 is the button
Seat 1: Birdy318 ($100 in chips) 
Seat 2: MaRKiToScoK ($100 in chips) 
Seat 3: socito ($103.50 in chips) 
Seat 5: Seavus10 ($115.44 in chips) 
Seat 6: dervesh ($115.57 in chips) 
Seavus10: posts small blind $0.50
dervesh: posts big blind $1
*** HOLE CARDS ***
Birdy318: folds 
MaRKiToScoK: folds 
socito: folds 
Seavus10: raises $2 to $3
dervesh: folds 
Uncalled bet ($2) returned to Seavus10
Seavus10 collected $2 from pot
Seavus10: doesn't show hand 
*** SUMMARY ***
Total pot $2 | Rake $0 
Seat 1: Birdy318 folded before Flop (didn't bet)
Seat 2: MaRKiToScoK folded before Flop (didn't bet)
Seat 3: socito (button) folded before Flop (didn't bet)
Seat 5: Seavus10 (small blind) collected ($2)
Seat 6: dervesh (big blind) folded before Flop



PokerStars Hand #254738749266:  Hold'em No Limit ($0.50/$1.00 USD) - 2025/02/06 20:23:51 WET [2025/02/06 15:23:51 ET]
Table 'Bodea' 6-max Seat #5 is the button
Seat 1: Birdy318 ($100 in chips) 
Seat 2: MaRKiToScoK ($100 in chips) 
Seat 3: socito ($103.50 in chips) 
Seat 5: Seavus10 ($116.44 in chips) 
Seat 6: dervesh ($114.57 in chips) 
dervesh: posts small blind $0.50
Birdy318: posts big blind $1
*** HOLE CARDS ***
santi820 joins the table at seat #4 
MaRKiToScoK: folds 
socito: folds 
Seavus10: raises $1.50 to $2.50
dervesh: folds 
Birdy318: calls $1.50
*** FLOP *** [6c 4s 5s]
Birdy318: checks 
Seavus10: checks 
*** TURN *** [6c 4s 5s] [8h]
Birdy318: bets $1
Seavus10: calls $1
*** RIVER *** [6c 4s 5s 8h] [Qh]
Birdy318: checks 
Seavus10: bets $3.56
Birdy318: calls $3.56
*** SHOW DOWN ***
Seavus10: shows [Ac As] (a pair of Aces)
Birdy318: mucks hand 
Seavus10 collected $13.89 from pot
*** SUMMARY ***
Total pot $14.62 | Rake $0.73 
Board [6c 4s 5s 8h Qh]
Seat 1: Birdy318 (big blind) mucked
Seat 2: MaRKiToScoK folded before Flop (didn't bet)
Seat 3: socito folded before Flop (didn't bet)
Seat 5: Seavus10 (button) showed [Ac As] and won ($13.89) with a pair of Aces
Seat 6: dervesh (small blind) folded before Flop



PokerStars Hand #254738768864:  Hold'em No Limit ($0.50/$1.00 USD) - 2025/02/06 20:24:54 WET [2025/02/06 15:24:54 ET]
Table 'Bodea' 6-max Seat #6 is the button
Seat 4: santi820 ($100 in chips) is sitting out
Seat 1: Birdy318 ($100 in chips) 
Seat 2: MaRKiToScoK ($100 in chips) 
Seat 3: socito ($103.50 in chips) 
Seat 5: Seavus10 ($123.27 in chips) 
Seat 6: dervesh ($114.07 in chips) 
Birdy318: posts small blind $0.50
MaRKiToScoK: posts big blind $1
santi820: sits out 
*** HOLE CARDS ***
socito: folds 
Seavus10: folds 
dervesh: folds 
Birdy318: raises $2 to $3
MaRKiToScoK: calls $2
*** FLOP *** [9d 5d Qs]
Birdy318: bets $2
MaRKiToScoK: calls $2
*** TURN *** [9d 5d Qs] [7c]
Birdy318: bets $6
MaRKiToScoK: raises $20 to $26
Birdy318: raises $24 to $50
MaRKiToScoK: folds 
Uncalled bet ($24) returned to Birdy318
Birdy318 collected $59.50 from pot
*** SUMMARY ***
Total pot $62 | Rake $2.50 
Board [9d 5d Qs 7c]
Seat 4: santi820
Seat 1: Birdy318 (small blind) collected ($59.50)
Seat 2: MaRKiToScoK (big blind) folded on the Turn
Seat 3: socito folded before Flop (didn't bet)
Seat 5: Seavus10 folded before Flop (didn't bet)
Seat 6: dervesh (button) folded before Flop (didn't bet)



PokerStars Hand #254738798066:  Hold'em No Limit ($0.50/$1.00 USD) - 2025/02/06 20:26:26 WET [2025/02/06 15:26:26 ET]
Table 'Bodea' 6-max Seat #1 is the button
Seat 4: santi820 ($100 in chips) is sitting out
Seat 1: Birdy318 ($128.50 in chips) 
Seat 2: MaRKiToScoK ($100 in chips) 
Seat 3: socito ($103.50 in chips) 
Seat 5: Seavus10 ($123.27 in chips) 
Seat 6: dervesh ($114.07 in chips) 
MaRKiToScoK: posts small blind $0.50
socito: posts big blind $1
santi820: sits out 
*** HOLE CARDS ***
Seavus10: folds 
dervesh: folds 
Birdy318: raises $1.50 to $2.50
MaRKiToScoK: folds 
socito: folds 
Uncalled bet ($1.50) returned to Birdy318
Birdy318 collected $2.50 from pot
*** SUMMARY ***
Total pot $2.50 | Rake $0 
Seat 4: santi820
Seat 1: Birdy318 (button) collected ($2.50)
Seat 2: MaRKiToScoK (small blind) folded before Flop
Seat 3: socito (big blind) folded before Flop
Seat 5: Seavus10 folded before Flop (didn't bet)
Seat 6: dervesh folded before Flop (didn't bet)



PokerStars Hand #254738808072:  Hold'em No Limit ($0.50/$1.00 USD) - 2025/02/06 20:26:58 WET [2025/02/06 15:26:58 ET]
Table 'Bodea' 6-max Seat #2 is the button
Seat 1: Birdy318 ($130 in chips) 
Seat 2: MaRKiToScoK ($100 in chips) 
Seat 3: socito ($102.50 in chips) 
Seat 4: santi820 ($100 in chips) 
Seat 5: Seavus10 ($123.27 in chips) 
Seat 6: dervesh ($114.07 in chips) 
socito: posts small blind $0.50
santi820: posts big blind $1
*** HOLE CARDS ***
Seavus10: folds 
dervesh: folds 
Birdy318: raises $1.50 to $2.50
MaRKiToScoK: folds 
socito: folds 
santi820: folds 
Uncalled bet ($1.50) returned to Birdy318
Birdy318 collected $2.50 from pot
*** SUMMARY ***
Total pot $2.50 | Rake $0 
Seat 1: Birdy318 collected ($2.50)
Seat 2: MaRKiToScoK (button) folded before Flop (didn't bet)
Seat 3: socito (small blind) folded before Flop
Seat 4: santi820 (big blind) folded before Flop
Seat 5: Seavus10 folded before Flop (didn't bet)
Seat 6: dervesh folded before Flop (didn't bet)



PokerStars Hand #254738813329:  Hold'em No Limit ($0.50/$1.00 USD) - 2025/02/06 20:27:14 WET [2025/02/06 15:27:14 ET]
Table 'Bodea' 6-max Seat #3 is the button
Seat 1: Birdy318 ($131.50 in chips) 
Seat 2: MaRKiToScoK ($100 in chips) 
Seat 3: socito ($102 in chips) 
Seat 4: santi820 ($100 in chips) 
Seat 5: Seavus10 ($123.27 in chips) 
Seat 6: dervesh ($114.07 in chips) 
santi820: posts small blind $0.50
Seavus10: posts big blind $1
*** HOLE CARDS ***
dervesh: folds 
Birdy318: folds 
MaRKiToScoK: folds 
socito: raises $1.50 to $2.50
santi820: folds 
Seavus10: calls $1.50
*** FLOP *** [8d Ah Th]
Seavus10: checks 
socito: bets $3.92
Seavus10: folds 
Uncalled bet ($3.92) returned to socito
socito collected $5.22 from pot
socito: doesn't show hand 
*** SUMMARY ***
Total pot $5.50 | Rake $0.28 
Board [8d Ah Th]
Seat 1: Birdy318 folded before Flop (didn't bet)
Seat 2: MaRKiToScoK folded before Flop (didn't bet)
Seat 3: socito (button) collected ($5.22)
Seat 4: santi820 (small blind) folded before Flop
Seat 5: Seavus10 (big blind) folded on the Flop
Seat 6: dervesh folded before Flop (didn't bet)



PokerStars Hand #254738827689:  Hold'em No Limit ($0.50/$1.00 USD) - 2025/02/06 20:28:00 WET [2025/02/06 15:28:00 ET]
Table 'Bodea' 6-max Seat #4 is the button
Seat 1: Birdy318 ($131.50 in chips) 
Seat 2: MaRKiToScoK ($100 in chips) 
Seat 3: socito ($104.72 in chips) 
Seat 4: santi820 ($100 in chips) 
Seat 5: Seavus10 ($120.77 in chips) 
Seat 6: dervesh ($114.07 in chips) 
Seavus10: posts small blind $0.50
dervesh: posts big blind $1
*** HOLE CARDS ***
Birdy318: folds 
MaRKiToScoK: folds 
socito: folds 
santi820: folds 
Seavus10: raises $2 to $3
dervesh: folds 
Uncalled bet ($2) returned to Seavus10
Seavus10 collected $2 from pot
Seavus10: doesn't show hand 
*** SUMMARY ***
Total pot $2 | Rake $0 
Seat 1: Birdy318 folded before Flop (didn't bet)
Seat 2: MaRKiToScoK folded before Flop (didn't bet)
Seat 3: socito folded before Flop (didn't bet)
Seat 4: santi820 (button) folded before Flop (didn't bet)
Seat 5: Seavus10 (small blind) collected ($2)
Seat 6: dervesh (big blind) folded before Flop



PokerStars Hand #254738836034:  Hold'em No Limit ($0.50/$1.00 USD) - 2025/02/06 20:28:27 WET [2025/02/06 15:28:27 ET]
Table 'Bodea' 6-max Seat #5 is the button
Seat 1: Birdy318 ($131.50 in chips) 
Seat 2: MaRKiToScoK ($100 in chips) 
Seat 3: socito ($104.72 in chips) 
Seat 4: santi820 ($100 in chips) 
Seat 5: Seavus10 ($121.77 in chips) 
Seat 6: dervesh ($113.07 in chips) 
dervesh: posts small blind $0.50
Birdy318: posts big blind $1
*** HOLE CARDS ***
MaRKiToScoK: folds 
socito: folds 
santi820: folds 
Seavus10: raises $1.50 to $2.50
dervesh: folds 
Birdy318: folds 
Uncalled bet ($1.50) returned to Seavus10
Seavus10 collected $2.50 from pot
Seavus10: doesn't show hand 
*** SUMMARY ***
Total pot $2.50 | Rake $0 
Seat 1: Birdy318 (big blind) folded before Flop
Seat 2: MaRKiToScoK folded before Flop (didn't bet)
Seat 3: socito folded before Flop (didn't bet)
Seat 4: santi820 folded before Flop (didn't bet)
Seat 5: Seavus10 (button) collected ($2.50)
Seat 6: dervesh (small blind) folded before Flop



PokerStars Hand #254738841850:  Hold'em No Limit ($0.50/$1.00 USD) - 2025/02/06 20:28:45 WET [2025/02/06 15:28:45 ET]
Table 'Bodea' 6-max Seat #6 is the button
Seat 2: MaRKiToScoK ($100 in chips) is sitting out
Seat 1: Birdy318 ($130.50 in chips) 
Seat 3: socito ($104.72 in chips) 
Seat 4: santi820 ($100 in chips) 
Seat 5: Seavus10 ($123.27 in chips) 
Seat 6: dervesh ($112.57 in chips) 
Birdy318: posts small blind $0.50
MaRKiToScoK: is sitting out 
socito: posts big blind $1
*** HOLE CARDS ***
MaRKiToScoK leaves the table
santi820: folds 
Seavus10: folds 
dervesh: raises $1.50 to $2.50
Birdy318: raises $7.50 to $10
socito: folds 
dervesh: raises $14 to $24
Birdy318: folds 
Uncalled bet ($14) returned to dervesh
dervesh collected $21 from pot
dervesh: doesn't show hand 
*** SUMMARY ***
Total pot $21 | Rake $0 
Seat 2: MaRKiToScoK
Seat 1: Birdy318 (small blind) folded before Flop
Seat 3: socito (big blind) folded before Flop
Seat 4: santi820 folded before Flop (didn't bet)
Seat 5: Seavus10 folded before Flop (didn't bet)
Seat 6: dervesh (button) collected ($21)



PokerStars Hand #254738852997:  Hold'em No Limit ($0.50/$1.00 USD) - 2025/02/06 20:29:20 WET [2025/02/06 15:29:20 ET]
Table 'Bodea' 6-max Seat #1 is the button
Seat 1: Birdy318 ($120.50 in chips) 
Seat 3: socito ($103.72 in chips) 
Seat 4: santi820 ($100 in chips) 
Seat 5: Seavus10 ($123.27 in chips) 
Seat 6: dervesh ($123.57 in chips) 
socito: posts small blind $0.50
santi820: posts big blind $1
*** HOLE CARDS ***
Seavus10: folds 
dervesh: folds 
Birdy318: folds 
socito: folds 
Uncalled bet ($0.50) returned to santi820
santi820 collected $1 from pot
santi820: doesn't show hand 
*** SUMMARY ***
Total pot $1 | Rake $0 
Seat 1: Birdy318 (button) folded before Flop (didn't bet)
Seat 3: socito (small blind) folded before Flop
Seat 4: santi820 (big blind) collected ($1)
Seat 5: Seavus10 folded before Flop (didn't bet)
Seat 6: dervesh folded before Flop (didn't bet)



PokerStars Hand #254738503124:  Hold'em No Limit ($0.50/$1.00 USD) - 2025/02/06 20:10:49 WET [2025/02/06 15:10:49 ET]
Table 'Bodea' 6-max Seat #1 is the button
Seat 1: Birdy318 ($101.50 in chips) 
Seat 2: MaRKiToScoK ($100 in chips) 
Seat 3: Becar_06 ($100 in chips) 
Seat 4: LuckyShikari ($106.39 in chips) 
Seat 5: Seavus10 ($134.19 in chips) 
Seat 6: dervesh ($100 in chips) 
MaRKiToScoK: posts small blind $0.50
Becar_06: posts big blind $1
*** HOLE CARDS ***
LuckyShikari: folds 
Seavus10: folds 
dervesh: folds 
Birdy318: folds 
MaRKiToScoK: raises $2 to $3
Becar_06: folds 
Uncalled bet ($2) returned to MaRKiToScoK
MaRKiToScoK collected $2 from pot
*** SUMMARY ***
Total pot $2 | Rake $0 
Seat 1: Birdy318 (button) folded before Flop (didn't bet)
Seat 2: MaRKiToScoK (small blind) collected ($2)
Seat 3: Becar_06 (big blind) folded before Flop
Seat 4: LuckyShikari folded before Flop (didn't bet)
Seat 5: Seavus10 folded before Flop (didn't bet)
Seat 6: dervesh folded before Flop (didn't bet)



PokerStars Hand #254738509832:  Hold'em No Limit ($0.50/$1.00 USD) - 2025/02/06 20:11:10 WET [2025/02/06 15:11:10 ET]
Table 'Bodea' 6-max Seat #2 is the button
Seat 4: LuckyShikari ($106.39 in chips) is sitting out
Seat 1: Birdy318 ($101.50 in chips) 
Seat 2: MaRKiToScoK ($101 in chips) 
Seat 3: Becar_06 ($100 in chips) 
Seat 5: Seavus10 ($134.19 in chips) 
Seat 6: dervesh ($100 in chips) 
Becar_06: posts small blind $0.50
LuckyShikari: is sitting out 
Seavus10: posts big blind $1
*** HOLE CARDS ***
dervesh: raises $1.50 to $2.50
Birdy318: folds 
MaRKiToScoK: folds 
Becar_06: folds 
Seavus10: raises $11.05 to $13.55
dervesh: raises $14.95 to $28.50
Seavus10: folds 
Uncalled bet ($14.95) returned to dervesh
dervesh collected $27.60 from pot
dervesh: doesn't show hand 
*** SUMMARY ***
Total pot $27.60 | Rake $0 
Seat 4: LuckyShikari
Seat 1: Birdy318 folded before Flop (didn't bet)
Seat 2: MaRKiToScoK (button) folded before Flop (didn't bet)
Seat 3: Becar_06 (small blind) folded before Flop
Seat 5: Seavus10 (big blind) folded before Flop
Seat 6: dervesh collected ($27.60)



PokerStars Hand #254738527217:  Hold'em No Limit ($0.50/$1.00 USD) - 2025/02/06 20:12:06 WET [2025/02/06 15:12:06 ET]
Table 'Bodea' 6-max Seat #3 is the button
Seat 4: LuckyShikari ($106.39 in chips) is sitting out
Seat 1: Birdy318 ($101.50 in chips) 
Seat 2: MaRKiToScoK ($101 in chips) 
Seat 3: Becar_06 ($100 in chips) 
Seat 5: Seavus10 ($120.64 in chips) 
Seat 6: dervesh ($114.05 in chips) 
Seavus10: posts small blind $0.50
dervesh: posts big blind $1
*** HOLE CARDS ***
Birdy318: raises $1.50 to $2.50
MaRKiToScoK: folds 
Becar_06: folds 
Seavus10: folds 
dervesh: folds 
Uncalled bet ($1.50) returned to Birdy318
Birdy318 collected $2.50 from pot
*** SUMMARY ***
Total pot $2.50 | Rake $0 
Seat 4: LuckyShikari
Seat 1: Birdy318 collected ($2.50)
Seat 2: MaRKiToScoK folded before Flop (didn't bet)
Seat 3: Becar_06 (button) folded before Flop (didn't bet)
Seat 5: Seavus10 (small blind) folded before Flop
Seat 6: dervesh (big blind) folded before Flop



PokerStars Hand #254738537770:  Hold'em No Limit ($0.50/$1.00 USD) - 2025/02/06 20:12:39 WET [2025/02/06 15:12:39 ET]
Table 'Bodea' 6-max Seat #5 is the button
Seat 4: LuckyShikari ($106.39 in chips) is sitting out
Seat 1: Birdy318 ($103 in chips) 
Seat 2: MaRKiToScoK ($101 in chips) 
Seat 3: Becar_06 ($100 in chips) 
Seat 5: Seavus10 ($120.14 in chips) 
Seat 6: dervesh ($113.05 in chips) 
dervesh: posts small blind $0.50
Birdy318: posts big blind $1
*** HOLE CARDS ***
MaRKiToScoK: folds 
Becar_06: folds 
Seavus10: folds 
dervesh: raises $2 to $3
Birdy318: calls $2
*** FLOP *** [Td Qc Ah]
dervesh: bets $1.88
Birdy318: folds 
Uncalled bet ($1.88) returned to dervesh
dervesh collected $5.70 from pot
dervesh: doesn't show hand 
*** SUMMARY ***
Total pot $6 | Rake $0.30 
Board [Td Qc Ah]
Seat 4: LuckyShikari
Seat 1: Birdy318 (big blind) folded on the Flop
Seat 2: MaRKiToScoK folded before Flop (didn't bet)
Seat 3: Becar_06 folded before Flop (didn't bet)
Seat 5: Seavus10 (button) folded before Flop (didn't bet)
Seat 6: dervesh (small blind) collected ($5.70)



PokerStars Hand #254738548282:  Hold'em No Limit ($0.50/$1.00 USD) - 2025/02/06 20:13:13 WET [2025/02/06 15:13:13 ET]
Table 'Bodea' 6-max Seat #6 is the button
Seat 4: LuckyShikari ($106.39 in chips) is sitting out
Seat 1: Birdy318 ($100 in chips) 
Seat 2: MaRKiToScoK ($101 in chips) 
Seat 3: Becar_06 ($100 in chips) 
Seat 5: Seavus10 ($120.14 in chips) 
Seat 6: dervesh ($115.75 in chips) 
Birdy318: posts small blind $0.50
MaRKiToScoK: posts big blind $1
*** HOLE CARDS ***
Becar_06: folds 
Becar_06 leaves the table
Seavus10: raises $1.20 to $2.20
dervesh: folds 
Birdy318: folds 
MaRKiToScoK: calls $1.20
*** FLOP *** [Jd 7s 2d]
MaRKiToScoK: checks 
socito joins the table at seat #3 
Seavus10: checks 
*** TURN *** [Jd 7s 2d] [Qc]
MaRKiToScoK: checks 
Seavus10: checks 
*** RIVER *** [Jd 7s 2d Qc] [8h]
MaRKiToScoK: bets $8.16
Seavus10: folds 
Uncalled bet ($8.16) returned to MaRKiToScoK
MaRKiToScoK collected $4.66 from pot
*** SUMMARY ***
Total pot $4.90 | Rake $0.24 
Board [Jd 7s 2d Qc 8h]
Seat 4: LuckyShikari
Seat 1: Birdy318 (small blind) folded before Flop
Seat 2: MaRKiToScoK (big blind) collected ($4.66)
Seat 3: Becar_06 folded before Flop (didn't bet)
Seat 5: Seavus10 folded on the River
Seat 6: dervesh (button) folded before Flop (didn't bet)



PokerStars Hand #254738572604:  Hold'em No Limit ($0.50/$1.00 USD) - 2025/02/06 20:14:30 WET [2025/02/06 15:14:30 ET]
Table 'Bodea' 6-max Seat #1 is the button
Seat 4: LuckyShikari ($106.39 in chips) is sitting out
Seat 1: Birdy318 ($100 in chips) 
Seat 2: MaRKiToScoK ($103.46 in chips) 
Seat 3: socito ($100 in chips) 
Seat 5: Seavus10 ($117.94 in chips) 
Seat 6: dervesh ($115.75 in chips) 
MaRKiToScoK: posts small blind $0.50
socito: posts big blind $1
LuckyShikari: sits out 
*** HOLE CARDS ***
Seavus10: folds 
dervesh: folds 
Birdy318: folds 
MaRKiToScoK: folds 
Uncalled bet ($0.50) returned to socito
socito collected $1 from pot
socito: doesn't show hand 
*** SUMMARY ***
Total pot $1 | Rake $0 
Seat 4: LuckyShikari
Seat 1: Birdy318 (button) folded before Flop (didn't bet)
Seat 2: MaRKiToScoK (small blind) folded before Flop
Seat 3: socito (big blind) collected ($1)
Seat 5: Seavus10 folded before Flop (didn't bet)
Seat 6: dervesh folded before Flop (didn't bet)



PokerStars Hand #254738575947:  Hold'em No Limit ($0.50/$1.00 USD) - 2025/02/06 20:14:41 WET [2025/02/06 15:14:41 ET]
Table 'Bodea' 6-max Seat #2 is the button
Seat 1: Birdy318 ($100 in chips) 
Seat 2: MaRKiToScoK ($102.96 in chips) 
Seat 3: socito ($100.50 in chips) 
Seat 4: LuckyShikari ($106.39 in chips) 
Seat 5: Seavus10 ($117.94 in chips) 
Seat 6: dervesh ($115.75 in chips) 
socito: posts small blind $0.50
LuckyShikari: posts big blind $1
*** HOLE CARDS ***
Seavus10: folds 
dervesh: raises $1.50 to $2.50
Birdy318: folds 
MaRKiToScoK: folds 
socito: folds 
LuckyShikari: calls $1.50
*** FLOP *** [5h 2s 4c]
LuckyShikari: checks 
dervesh: bets $1.72
LuckyShikari: calls $1.72
*** TURN *** [5h 2s 4c] [Qh]
LuckyShikari: checks 
dervesh: checks 
*** RIVER *** [5h 2s 4c Qh] [7c]
LuckyShikari: checks 
dervesh: checks 
*** SHOW DOWN ***
LuckyShikari: shows [Ah Ts] (high card Ace)
dervesh: shows [Jh As] (high card Ace - Queen+Jack kicker)
dervesh collected $8.49 from pot
*** SUMMARY ***
Total pot $8.94 | Rake $0.45 
Board [5h 2s 4c Qh 7c]
Seat 1: Birdy318 folded before Flop (didn't bet)
Seat 2: MaRKiToScoK (button) folded before Flop (didn't bet)
Seat 3: socito (small blind) folded before Flop
Seat 4: LuckyShikari (big blind) showed [Ah Ts] and lost with high card Ace
Seat 5: Seavus10 folded before Flop (didn't bet)
Seat 6: dervesh showed [Jh As] and won ($8.49) with high card Ace



PokerStars Hand #254738592581:  Hold'em No Limit ($0.50/$1.00 USD) - 2025/02/06 20:15:33 WET [2025/02/06 15:15:33 ET]
Table 'Bodea' 6-max Seat #3 is the button
Seat 1: Birdy318 ($100 in chips) 
Seat 2: MaRKiToScoK ($102.96 in chips) 
Seat 3: socito ($100 in chips) 
Seat 4: LuckyShikari ($102.17 in chips) 
Seat 5: Seavus10 ($117.94 in chips) 
Seat 6: dervesh ($120.02 in chips) 
LuckyShikari: posts small blind $0.50
Seavus10: posts big blind $1
*** HOLE CARDS ***
dervesh: folds 
Birdy318: folds 
MaRKiToScoK: folds 
socito: raises $1.50 to $2.50
LuckyShikari: folds 
Seavus10: calls $1.50
*** FLOP *** [2d 4s 4c]
Seavus10: checks 
socito: bets $1.31
Seavus10: folds 
Uncalled bet ($1.31) returned to socito
socito collected $5.22 from pot
socito: doesn't show hand 
*** SUMMARY ***
Total pot $5.50 | Rake $0.28 
Board [2d 4s 4c]
Seat 1: Birdy318 folded before Flop (didn't bet)
Seat 2: MaRKiToScoK folded before Flop (didn't bet)
Seat 3: socito (button) collected ($5.22)
Seat 4: LuckyShikari (small blind) folded before Flop
Seat 5: Seavus10 (big blind) folded on the Flop
Seat 6: dervesh folded before Flop (didn't bet)



PokerStars Hand #254738857704:  Hold'em No Limit ($0.50/$1.00 USD) - 2025/02/06 20:29:36 WET [2025/02/06 15:29:36 ET]
Table 'Bodea' 6-max Seat #3 is the button
Seat 1: Birdy318 ($120.50 in chips) 
Seat 3: socito ($103.22 in chips) 
Seat 4: santi820 ($100.50 in chips) 
Seat 5: Seavus10 ($123.27 in chips) 
Seat 6: dervesh ($123.57 in chips) 
santi820: posts small blind $0.50
Seavus10: posts big blind $1
*** HOLE CARDS ***
dervesh: folds 
Birdy318: raises $1.50 to $2.50
xxxZeka joins the table at seat #2 
socito: raises $5 to $7.50
santi820: folds 
Seavus10: folds 
Birdy318: raises $14.50 to $22
xxxZeka leaves the table
socito: calls $14.50
*** FLOP *** [6s Kh Qs]
Birdy318: bets $16
socito: folds 
Uncalled bet ($16) returned to Birdy318
Birdy318 collected $43.22 from pot
*** SUMMARY ***
Total pot $45.50 | Rake $2.28 
Board [6s Kh Qs]
Seat 1: Birdy318 collected ($43.22)
Seat 3: socito (button) folded on the Flop
Seat 4: santi820 (small blind) folded before Flop
Seat 5: Seavus10 (big blind) folded before Flop
Seat 6: dervesh folded before Flop (didn't bet)



PokerStars Hand #254738881306:  Hold'em No Limit ($0.50/$1.00 USD) - 2025/02/06 20:30:51 WET [2025/02/06 15:30:51 ET]
Table 'Bodea' 6-max Seat #4 is the button
Seat 1: Birdy318 ($141.72 in chips) 
Seat 3: socito ($100 in chips) 
Seat 4: santi820 ($100 in chips) 
Seat 5: Seavus10 ($122.27 in chips) 
Seat 6: dervesh ($123.57 in chips) 
Seavus10: posts small blind $0.50
dervesh: posts big blind $1
*** HOLE CARDS ***
Aleqseuka joins the table at seat #2 
Birdy318: raises $1.50 to $2.50
socito: folds 
santi820: folds 
Seavus10: folds 
dervesh: folds 
Uncalled bet ($1.50) returned to Birdy318
Birdy318 collected $2.50 from pot
*** SUMMARY ***
Total pot $2.50 | Rake $0 
Seat 1: Birdy318 collected ($2.50)
Seat 3: socito folded before Flop (didn't bet)
Seat 4: santi820 (button) folded before Flop (didn't bet)
Seat 5: Seavus10 (small blind) folded before Flop
Seat 6: dervesh (big blind) folded before Flop



PokerStars Hand #254738890321:  Hold'em No Limit ($0.50/$1.00 USD) - 2025/02/06 20:31:20 WET [2025/02/06 15:31:20 ET]
Table 'Bodea' 6-max Seat #5 is the button
Seat 2: Aleqseuka ($100 in chips) is sitting out
Seat 1: Birdy318 ($143.22 in chips) 
Seat 3: socito ($100 in chips) 
Seat 4: santi820 ($100 in chips) 
Seat 5: Seavus10 ($121.77 in chips) 
Seat 6: dervesh ($122.57 in chips) 
dervesh: posts small blind $0.50
Birdy318: posts big blind $1
Aleqseuka: sits out 
*** HOLE CARDS ***
socito: folds 
santi820: raises $1.30 to $2.30
Seavus10: folds 
dervesh: folds 
Birdy318: folds 
Uncalled bet ($1.30) returned to santi820
santi820 collected $2.50 from pot
santi820: doesn't show hand 
*** SUMMARY ***
Total pot $2.50 | Rake $0 
Seat 2: Aleqseuka
Seat 1: Birdy318 (big blind) folded before Flop
Seat 3: socito folded before Flop (didn't bet)
Seat 4: santi820 collected ($2.50)
Seat 5: Seavus10 (button) folded before Flop (didn't bet)
Seat 6: dervesh (small blind) folded before Flop



PokerStars Hand #254738896415:  Hold'em No Limit ($0.50/$1.00 USD) - 2025/02/06 20:31:39 WET [2025/02/06 15:31:39 ET]
Table 'Bodea' 6-max Seat #6 is the button
Seat 1: Birdy318 ($142.22 in chips) 
Seat 2: Aleqseuka ($100 in chips) 
Seat 3: socito ($100 in chips) 
Seat 4: santi820 ($101.50 in chips) 
Seat 5: Seavus10 ($121.77 in chips) 
Seat 6: dervesh ($122.07 in chips) 
Birdy318: posts small blind $0.50
Aleqseuka: posts big blind $1
*** HOLE CARDS ***
socito: folds 
santi820: folds 
Seavus10: folds 
dervesh: folds 
Birdy318: folds 
Uncalled bet ($0.50) returned to Aleqseuka
Aleqseuka collected $1 from pot
Aleqseuka: doesn't show hand 
*** SUMMARY ***
Total pot $1 | Rake $0 
Seat 1: Birdy318 (small blind) folded before Flop
Seat 2: Aleqseuka (big blind) collected ($1)
Seat 3: socito folded before Flop (didn't bet)
Seat 4: santi820 folded before Flop (didn't bet)
Seat 5: Seavus10 folded before Flop (didn't bet)
Seat 6: dervesh (button) folded before Flop (didn't bet)



PokerStars Hand #254738906006:  Hold'em No Limit ($0.50/$1.00 USD) - 2025/02/06 20:32:10 WET [2025/02/06 15:32:10 ET]
Table 'Bodea' 6-max Seat #1 is the button
Seat 1: Birdy318 ($141.72 in chips) 
Seat 2: Aleqseuka ($100.50 in chips) 
Seat 3: socito ($100 in chips) 
Seat 4: santi820 ($101.50 in chips) 
Seat 5: Seavus10 ($121.77 in chips) 
Seat 6: dervesh ($122.07 in chips) 
Aleqseuka: posts small blind $0.50
socito: posts big blind $1
*** HOLE CARDS ***
santi820: folds 
Seavus10: folds 
dervesh: folds 
Birdy318: folds 
Aleqseuka: raises $2 to $3
socito: folds 
Uncalled bet ($2) returned to Aleqseuka
Aleqseuka collected $2 from pot
Aleqseuka: doesn't show hand 
*** SUMMARY ***
Total pot $2 | Rake $0 
Seat 1: Birdy318 (button) folded before Flop (didn't bet)
Seat 2: Aleqseuka (small blind) collected ($2)
Seat 3: socito (big blind) folded before Flop
Seat 4: santi820 folded before Flop (didn't bet)
Seat 5: Seavus10 folded before Flop (didn't bet)
Seat 6: dervesh folded before Flop (didn't bet)



PokerStars Hand #254738914798:  Hold'em No Limit ($0.50/$1.00 USD) - 2025/02/06 20:32:38 WET [2025/02/06 15:32:38 ET]
Table 'Bodea' 6-max Seat #2 is the button
Seat 1: Birdy318 ($141.72 in chips) 
Seat 2: Aleqseuka ($101.50 in chips) 
Seat 3: socito ($100 in chips) 
Seat 4: santi820 ($101.50 in chips) 
Seat 5: Seavus10 ($121.77 in chips) 
Seat 6: dervesh ($122.07 in chips) 
socito: posts small blind $0.50
santi820: posts big blind $1
*** HOLE CARDS ***
Seavus10: folds 
dervesh: folds 
Birdy318: raises $1.50 to $2.50
Aleqseuka: folds 
socito: raises $9 to $11.50
santi820: folds 
Birdy318: calls $9
*** FLOP *** [Td 7d 6h]
socito: checks 
Birdy318: checks 
*** TURN *** [Td 7d 6h] [3c]
socito: bets $22.80
Birdy318: folds 
Uncalled bet ($22.80) returned to socito
socito collected $22.80 from pot
socito: doesn't show hand 
*** SUMMARY ***
Total pot $24 | Rake $1.20 
Board [Td 7d 6h 3c]
Seat 1: Birdy318 folded on the Turn
Seat 2: Aleqseuka (button) folded before Flop (didn't bet)
Seat 3: socito (small blind) collected ($22.80)
Seat 4: santi820 (big blind) folded before Flop
Seat 5: Seavus10 folded before Flop (didn't bet)
Seat 6: dervesh folded before Flop (didn't bet)



PokerStars Hand #254738933244:  Hold'em No Limit ($0.50/$1.00 USD) - 2025/02/06 20:33:36 WET [2025/02/06 15:33:36 ET]
Table 'Bodea' 6-max Seat #3 is the button
Seat 1: Birdy318 ($130.22 in chips) 
Seat 2: Aleqseuka ($101.50 in chips) 
Seat 3: socito ($111.30 in chips) 
Seat 4: santi820 ($100.50 in chips) 
Seat 5: Seavus10 ($121.77 in chips) 
Seat 6: dervesh ($122.07 in chips) 
santi820: posts small blind $0.50
Seavus10: posts big blind $1
*** HOLE CARDS ***
dervesh: folds 
Birdy318: folds 
Aleqseuka: folds 
socito: raises $1.50 to $2.50
santi820: folds 
Seavus10: folds 
Uncalled bet ($1.50) returned to socito
socito collected $2.50 from pot
socito: doesn't show hand 
*** SUMMARY ***
Total pot $2.50 | Rake $0 
Seat 1: Birdy318 folded before Flop (didn't bet)
Seat 2: Aleqseuka folded before Flop (didn't bet)
Seat 3: socito (button) collected ($2.50)
Seat 4: santi820 (small blind) folded before Flop
Seat 5: Seavus10 (big blind) folded before Flop
Seat 6: dervesh folded before Flop (didn't bet)



PokerStars Hand #254738940376:  Hold'em No Limit ($0.50/$1.00 USD) - 2025/02/06 20:33:59 WET [2025/02/06 15:33:59 ET]
Table 'Bodea' 6-max Seat #4 is the button
Seat 1: Birdy318 ($130.22 in chips) 
Seat 2: Aleqseuka ($101.50 in chips) 
Seat 3: socito ($112.80 in chips) 
Seat 4: santi820 ($100 in chips) 
Seat 5: Seavus10 ($120.77 in chips) 
Seat 6: dervesh ($122.07 in chips) 
Seavus10: posts small blind $0.50
dervesh: posts big blind $1
*** HOLE CARDS ***
Birdy318: folds 
Aleqseuka: folds 
socito: folds 
santi820: folds 
Seavus10: raises $2 to $3
dervesh: raises $8 to $11
Seavus10: calls $8
*** FLOP *** [7h Qd 3c]
Seavus10: checks 
dervesh: bets $6.90
Seavus10: folds 
Uncalled bet ($6.90) returned to dervesh
dervesh collected $20.90 from pot
dervesh: doesn't show hand 
*** SUMMARY ***
Total pot $22 | Rake $1.10 
Board [7h Qd 3c]
Seat 1: Birdy318 folded before Flop (didn't bet)
Seat 2: Aleqseuka folded before Flop (didn't bet)
Seat 3: socito folded before Flop (didn't bet)
Seat 4: santi820 (button) folded before Flop (didn't bet)
Seat 5: Seavus10 (small blind) folded on the Flop
Seat 6: dervesh (big blind) collected ($20.90)



PokerStars Hand #254738955118:  Hold'em No Limit ($0.50/$1.00 USD) - 2025/02/06 20:34:47 WET [2025/02/06 15:34:47 ET]
Table 'Bodea' 6-max Seat #5 is the button
Seat 1: Birdy318 ($130.22 in chips) 
Seat 2: Aleqseuka ($101.50 in chips) 
Seat 3: socito ($112.80 in chips) 
Seat 4: santi820 ($100 in chips) 
Seat 5: Seavus10 ($109.77 in chips) 
Seat 6: dervesh ($131.97 in chips) 
dervesh: posts small blind $0.50
Birdy318: posts big blind $1
*** HOLE CARDS ***
Aleqseuka: folds 
socito: raises $1.50 to $2.50
santi820: folds 
Seavus10: folds 
dervesh: folds 
Birdy318: calls $1.50
*** FLOP *** [2d 7c Qh]
Birdy318: checks 
socito: bets $1.31
Birdy318: calls $1.31
*** TURN *** [2d 7c Qh] [Td]
Birdy318: checks 
socito: checks 
*** RIVER *** [2d 7c Qh Td] [Ad]
Birdy318: checks 
socito: bets $3.86
Birdy318: raises $23.14 to $27
socito: folds 
Uncalled bet ($23.14) returned to Birdy318
Birdy318 collected $15.05 from pot
*** SUMMARY ***
Total pot $15.84 | Rake $0.79 
Board [2d 7c Qh Td Ad]
Seat 1: Birdy318 (big blind) collected ($15.05)
Seat 2: Aleqseuka folded before Flop (didn't bet)
Seat 3: socito folded on the River
Seat 4: santi820 folded before Flop (didn't bet)
Seat 5: Seavus10 (button) folded before Flop (didn't bet)
Seat 6: dervesh (small blind) folded before Flop



PokerStars Hand #254738993231:  Hold'em No Limit ($0.50/$1.00 USD) - 2025/02/06 20:36:50 WET [2025/02/06 15:36:50 ET]
Table 'Bodea' 6-max Seat #6 is the button
Seat 1: Birdy318 ($137.60 in chips) 
Seat 2: Aleqseuka ($101.50 in chips) 
Seat 3: socito ($105.13 in chips) 
Seat 4: santi820 ($100 in chips) 
Seat 5: Seavus10 ($109.77 in chips) 
Seat 6: dervesh ($131.47 in chips) 
Birdy318: posts small blind $0.50
Aleqseuka: posts big blind $1
*** HOLE CARDS ***
socito: folds 
santi820: raises $1 to $2
Seavus10: folds 
dervesh: folds 
Birdy318: folds 
Aleqseuka: folds 
Uncalled bet ($1) returned to santi820
santi820 collected $2.50 from pot
santi820: doesn't show hand 
*** SUMMARY ***
Total pot $2.50 | Rake $0 
Seat 1: Birdy318 (small blind) folded before Flop
Seat 2: Aleqseuka (big blind) folded before Flop
Seat 3: socito folded before Flop (didn't bet)
Seat 4: santi820 collected ($2.50)
Seat 5: Seavus10 folded before Flop (didn't bet)
Seat 6: dervesh (button) folded before Flop (didn't bet)



PokerStars Hand #254738999936:  Hold'em No Limit ($0.50/$1.00 USD) - 2025/02/06 20:37:12 WET [2025/02/06 15:37:12 ET]
Table 'Bodea' 6-max Seat #1 is the button
Seat 1: Birdy318 ($137.10 in chips) 
Seat 2: Aleqseuka ($100.50 in chips) 
Seat 3: socito ($105.13 in chips) 
Seat 4: santi820 ($101.50 in chips) 
Seat 5: Seavus10 ($109.77 in chips) 
Seat 6: dervesh ($131.47 in chips) 
Aleqseuka: posts small blind $0.50
socito: posts big blind $1
*** HOLE CARDS ***
santi820: folds 
Seavus10: folds 
dervesh: raises $1.50 to $2.50
Birdy318: calls $2.50
Aleqseuka: raises $11.50 to $14
socito: folds 
dervesh: folds 
Birdy318: calls $11.50
*** FLOP *** [Ks Kh 2d]
Aleqseuka: bets $7.48
Birdy318: calls $7.48
*** TURN *** [Ks Kh 2d] [5d]
Aleqseuka: checks 
Birdy318: bets $17
Aleqseuka: calls $17
*** RIVER *** [Ks Kh 2d 5d] [5s]
Aleqseuka: checks 
Birdy318: checks 
*** SHOW DOWN ***
Aleqseuka: shows [5h Ah] (a full house, Fives full of Kings)
Birdy318: mucks hand 
Aleqseuka collected $77.96 from pot
*** SUMMARY ***
Total pot $80.46 | Rake $2.50 
Board [Ks Kh 2d 5d 5s]
Seat 1: Birdy318 (button) mucked
Seat 2: Aleqseuka (small blind) showed [5h Ah] and won ($77.96) with a full house, Fives full of Kings
Seat 3: socito (big blind) folded before Flop
Seat 4: santi820 folded before Flop (didn't bet)
Seat 5: Seavus10 folded before Flop (didn't bet)
Seat 6: dervesh folded before Flop



PokerStars Hand #254739031646:  Hold'em No Limit ($0.50/$1.00 USD) - 2025/02/06 20:38:54 WET [2025/02/06 15:38:54 ET]
Table 'Bodea' 6-max Seat #2 is the button
Seat 1: Birdy318 ($100 in chips) 
Seat 2: Aleqseuka ($139.98 in chips) 
Seat 3: socito ($104.13 in chips) 
Seat 4: santi820 ($101.50 in chips) 
Seat 5: Seavus10 ($109.77 in chips) 
Seat 6: dervesh ($128.97 in chips) 
socito: posts small blind $0.50
santi820: posts big blind $1
*** HOLE CARDS ***
Seavus10: raises $1.50 to $2.50
dervesh: calls $2.50
Birdy318: folds 
Aleqseuka: folds 
socito: folds 
santi820: folds 
*** FLOP *** [Js Tc 8c]
Seavus10: checks 
dervesh: checks 
*** TURN *** [Js Tc 8c] [6c]
Seavus10: bets $4.14
dervesh: folds 
Uncalled bet ($4.14) returned to Seavus10
Seavus10 collected $6.18 from pot
Seavus10: doesn't show hand 
*** SUMMARY ***
Total pot $6.50 | Rake $0.32 
Board [Js Tc 8c 6c]
Seat 1: Birdy318 folded before Flop (didn't bet)
Seat 2: Aleqseuka (button) folded before Flop (didn't bet)
Seat 3: socito (small blind) folded before Flop
Seat 4: santi820 (big blind) folded before Flop
Seat 5: Seavus10 collected ($6.18)
Seat 6: dervesh folded on the Turn



PokerStars Hand #254739050887:  Hold'em No Limit ($0.50/$1.00 USD) - 2025/02/06 20:39:56 WET [2025/02/06 15:39:56 ET]
Table 'Bodea' 6-max Seat #3 is the button
Seat 1: Birdy318 ($100 in chips) 
Seat 2: Aleqseuka ($139.98 in chips) 
Seat 3: socito ($103.63 in chips) 
Seat 4: santi820 ($100.50 in chips) 
Seat 5: Seavus10 ($113.45 in chips) 
Seat 6: dervesh ($126.47 in chips) 
santi820: posts small blind $0.50
Seavus10: posts big blind $1
*** HOLE CARDS ***
dervesh: folds 
Birdy318: folds 
Aleqseuka: folds 
socito: folds 
santi820: raises $2 to $3
Seavus10: raises $6 to $9
santi820: calls $6
*** FLOP *** [Ac Tc 6d]
santi820: checks 
Seavus10: bets $5.64
santi820: calls $5.64
*** TURN *** [Ac Tc 6d] [3h]
santi820: checks 
Seavus10: bets $19.87
santi820: calls $19.87
*** RIVER *** [Ac Tc 6d 3h] [Th]
santi820: checks 
Seavus10: checks 
*** SHOW DOWN ***
santi820: shows [As Jh] (two pair, Aces and Tens)
Seavus10: mucks hand 
santi820 collected $66.52 from pot
*** SUMMARY ***
Total pot $69.02 | Rake $2.50 
Board [Ac Tc 6d 3h Th]
Seat 1: Birdy318 folded before Flop (didn't bet)
Seat 2: Aleqseuka folded before Flop (didn't bet)
Seat 3: socito (button) folded before Flop (didn't bet)
Seat 4: santi820 (small blind) showed [As Jh] and won ($66.52) with two pair, Aces and Tens
Seat 5: Seavus10 (big blind) mucked
Seat 6: dervesh folded before Flop (didn't bet)



PokerStars Hand #254739094930:  Hold'em No Limit ($0.50/$1.00 USD) - 2025/02/06 20:42:17 WET [2025/02/06 15:42:17 ET]
Table 'Bodea' 6-max Seat #4 is the button
Seat 1: Birdy318 ($100 in chips) 
Seat 2: Aleqseuka ($139.98 in chips) 
Seat 3: socito ($103.63 in chips) 
Seat 4: santi820 ($132.51 in chips) 
Seat 5: Seavus10 ($100 in chips) 
Seat 6: dervesh ($126.47 in chips) 
Seavus10: posts small blind $0.50
dervesh: posts big blind $1
*** HOLE CARDS ***
Birdy318: raises $1.50 to $2.50
Aleqseuka: folds 
socito: folds 
santi820: folds 
Seavus10: folds 
dervesh: folds 
Uncalled bet ($1.50) returned to Birdy318
Birdy318 collected $2.50 from pot
*** SUMMARY ***
Total pot $2.50 | Rake $0 
Seat 1: Birdy318 collected ($2.50)
Seat 2: Aleqseuka folded before Flop (didn't bet)
Seat 3: socito folded before Flop (didn't bet)
Seat 4: santi820 (button) folded before Flop (didn't bet)
Seat 5: Seavus10 (small blind) folded before Flop
Seat 6: dervesh (big blind) folded before Flop



PokerStars Hand #254739101041:  Hold'em No Limit ($0.50/$1.00 USD) - 2025/02/06 20:42:37 WET [2025/02/06 15:42:37 ET]
Table 'Bodea' 6-max Seat #5 is the button
Seat 1: Birdy318 ($101.50 in chips) 
Seat 2: Aleqseuka ($139.98 in chips) 
Seat 3: socito ($103.63 in chips) 
Seat 4: santi820 ($132.51 in chips) 
Seat 5: Seavus10 ($100 in chips) 
Seat 6: dervesh ($125.47 in chips) 
dervesh: posts small blind $0.50
Birdy318: posts big blind $1
*** HOLE CARDS ***
Aleqseuka: folds 
socito: folds 
santi820 has timed out
santi820: folds 
Seavus10: folds 
dervesh: raises $2 to $3
Birdy318: folds 
Uncalled bet ($2) returned to dervesh
dervesh collected $2 from pot
dervesh: doesn't show hand 
*** SUMMARY ***
Total pot $2 | Rake $0 
Seat 1: Birdy318 (big blind) folded before Flop
Seat 2: Aleqseuka folded before Flop (didn't bet)
Seat 3: socito folded before Flop (didn't bet)
Seat 4: santi820 folded before Flop (didn't bet)
Seat 5: Seavus10 (button) folded before Flop (didn't bet)
Seat 6: dervesh (small blind) collected ($2)



PokerStars Hand #254739109008:  Hold'em No Limit ($0.50/$1.00 USD) - 2025/02/06 20:43:02 WET [2025/02/06 15:43:02 ET]
Table 'Bodea' 6-max Seat #6 is the button
Seat 2: Aleqseuka ($139.98 in chips) is sitting out
Seat 1: Birdy318 ($100.50 in chips) 
Seat 3: socito ($103.63 in chips) 
Seat 4: santi820 ($132.51 in chips) 
Seat 5: Seavus10 ($100 in chips) 
Seat 6: dervesh ($126.47 in chips) 
Birdy318: posts small blind $0.50
Aleqseuka: is sitting out 
socito: posts big blind $1
*** HOLE CARDS ***
Aleqseuka leaves the table
santi820: raises $1 to $2
Seavus10: folds 
dervesh: folds 
Birdy318: calls $1.50
socito: folds 
*** FLOP *** [As Kc Jd]
Birdy318: checks 
tintin641 joins the table at seat #2 
santi820: bets $1.57
Birdy318: calls $1.57
*** TURN *** [As Kc Jd] [Kh]
Birdy318: checks 
santi820: checks 
*** RIVER *** [As Kc Jd Kh] [3h]
Birdy318: checks 
santi820: checks 
*** SHOW DOWN ***
Birdy318: shows [Jh Tc] (two pair, Kings and Jacks)
santi820: shows [Ac Ts] (two pair, Aces and Kings)
santi820 collected $7.73 from pot
*** SUMMARY ***
Total pot $8.14 | Rake $0.41 
Board [As Kc Jd Kh 3h]
Seat 2: Aleqseuka
Seat 1: Birdy318 (small blind) showed [Jh Tc] and lost with two pair, Kings and Jacks
Seat 3: socito (big blind) folded before Flop
Seat 4: santi820 showed [Ac Ts] and won ($7.73) with two pair, Aces and Kings
Seat 5: Seavus10 folded before Flop (didn't bet)
Seat 6: dervesh (button) folded before Flop (didn't bet)



PokerStars Hand #254739127369:  Hold'em No Limit ($0.50/$1.00 USD) - 2025/02/06 20:44:02 WET [2025/02/06 15:44:02 ET]
Table 'Bodea' 6-max Seat #1 is the button
Seat 2: tintin641 ($100 in chips) is sitting out
Seat 1: Birdy318 ($100 in chips) 
Seat 3: socito ($102.63 in chips) 
Seat 4: santi820 ($136.67 in chips) 
Seat 5: Seavus10 ($100 in chips) 
Seat 6: dervesh ($126.47 in chips) 
socito: posts small blind $0.50
santi820: posts big blind $1
*** HOLE CARDS ***
Seavus10: folds 
dervesh: folds 
Birdy318: raises $1.50 to $2.50
socito: folds 
santi820: calls $1.50
*** FLOP *** [Ac 4d 8d]
santi820: checks 
Birdy318: bets $2
santi820: folds 
Uncalled bet ($2) returned to Birdy318
Birdy318 collected $5.22 from pot
*** SUMMARY ***
Total pot $5.50 | Rake $0.28 
Board [Ac 4d 8d]
Seat 2: tintin641
Seat 1: Birdy318 (button) collected ($5.22)
Seat 3: socito (small blind) folded before Flop
Seat 4: santi820 (big blind) folded on the Flop
Seat 5: Seavus10 folded before Flop (didn't bet)
Seat 6: dervesh folded before Flop (didn't bet)



PokerStars Hand #254739144069:  Hold'em No Limit ($0.50/$1.00 USD) - 2025/02/06 20:44:56 WET [2025/02/06 15:44:56 ET]
Table 'Bodea' 6-max Seat #3 is the button
Seat 2: tintin641 ($100 in chips) is sitting out
Seat 1: Birdy318 ($102.72 in chips) 
Seat 3: socito ($102.13 in chips) 
Seat 4: santi820 ($134.17 in chips) 
Seat 5: Seavus10 ($100 in chips) 
Seat 6: dervesh ($126.47 in chips) 
santi820: posts small blind $0.50
Seavus10: posts big blind $1
tintin641: sits out 
*** HOLE CARDS ***
dervesh: raises $1.50 to $2.50
Birdy318: folds 
socito: folds 
santi820: raises $8 to $10.50
Seavus10: folds 
dervesh: calls $8
*** FLOP *** [6h Kh Ah]
santi820: bets $5.20
dervesh: calls $5.20
*** TURN *** [6h Kh Ah] [4h]
santi820: checks 
dervesh: bets $15.39
santi820: folds 
Uncalled bet ($15.39) returned to dervesh
dervesh collected $30.78 from pot
dervesh: doesn't show hand 
*** SUMMARY ***
Total pot $32.40 | Rake $1.62 
Board [6h Kh Ah 4h]
Seat 2: tintin641
Seat 1: Birdy318 folded before Flop (didn't bet)
Seat 3: socito (button) folded before Flop (didn't bet)
Seat 4: santi820 (small blind) folded on the Turn
Seat 5: Seavus10 (big blind) folded before Flop
Seat 6: dervesh collected ($30.78)



PokerStars Hand #254739169883:  Hold'em No Limit ($0.50/$1.00 USD) - 2025/02/06 20:46:20 WET [2025/02/06 15:46:20 ET]
Table 'Bodea' 6-max Seat #4 is the button
Seat 2: tintin641 ($100 in chips) is sitting out
Seat 1: Birdy318 ($102.72 in chips) 
Seat 3: socito ($102.13 in chips) 
Seat 4: santi820 ($118.47 in chips) 
Seat 5: Seavus10 ($100 in chips) 
Seat 6: dervesh ($141.55 in chips) 
Seavus10: posts small blind $0.50
dervesh: posts big blind $1
tintin641: sits out 
*** HOLE CARDS ***
Birdy318: folds 
socito: raises $1.50 to $2.50
santi820: folds 
Seavus10: raises $8.50 to $11
dervesh: folds 
socito: folds 
Uncalled bet ($8.50) returned to Seavus10
Seavus10 collected $6 from pot
Seavus10: doesn't show hand 
*** SUMMARY ***
Total pot $6 | Rake $0 
Seat 2: tintin641
Seat 1: Birdy318 folded before Flop (didn't bet)
Seat 3: socito folded before Flop
Seat 4: santi820 (button) folded before Flop (didn't bet)
Seat 5: Seavus10 (small blind) collected ($6)
Seat 6: dervesh (big blind) folded before Flop



PokerStars Hand #254739181056:  Hold'em No Limit ($0.50/$1.00 USD) - 2025/02/06 20:46:56 WET [2025/02/06 15:46:56 ET]
Table 'Bodea' 6-max Seat #5 is the button
Seat 2: tintin641 ($100 in chips) is sitting out
Seat 1: Birdy318 ($102.72 in chips) 
Seat 3: socito ($100 in chips) 
Seat 4: santi820 ($118.47 in chips) 
Seat 5: Seavus10 ($103.50 in chips) 
Seat 6: dervesh ($140.55 in chips) 
dervesh: posts small blind $0.50
Birdy318: posts big blind $1
tintin641: sits out 
*** HOLE CARDS ***
socito: raises $1.50 to $2.50
santi820: folds 
Seavus10: raises $5 to $7.50
dervesh: folds 
Birdy318: folds 
socito: folds 
Uncalled bet ($5) returned to Seavus10
Seavus10 collected $6.50 from pot
Seavus10: doesn't show hand 
*** SUMMARY ***
Total pot $6.50 | Rake $0 
Seat 2: tintin641
Seat 1: Birdy318 (big blind) folded before Flop
Seat 3: socito folded before Flop
Seat 4: santi820 folded before Flop (didn't bet)
Seat 5: Seavus10 (button) collected ($6.50)
Seat 6: dervesh (small blind) folded before Flop



PokerStars Hand #254739188061:  Hold'em No Limit ($0.50/$1.00 USD) - 2025/02/06 20:47:19 WET [2025/02/06 15:47:19 ET]
Table 'Bodea' 6-max Seat #6 is the button
Seat 1: Birdy318 ($101.72 in chips) 
Seat 2: tintin641 ($100 in chips) 
Seat 3: socito ($100 in chips) 
Seat 4: santi820 ($118.47 in chips) 
Seat 5: Seavus10 ($107.50 in chips) 
Seat 6: dervesh ($140.05 in chips) 
Birdy318: posts small blind $0.50
tintin641: posts big blind $1
*** HOLE CARDS ***
socito: folds 
santi820 has timed out
santi820: folds 
Seavus10: raises $1.20 to $2.20
dervesh: folds 
Birdy318: folds 
tintin641: calls $1.20
*** FLOP *** [8d 5h 9d]
tintin641: checks 
Seavus10: checks 
*** TURN *** [8d 5h 9d] [2c]
tintin641: checks 
Seavus10: checks 
*** RIVER *** [8d 5h 9d 2c] [7d]
tintin641: checks 
Seavus10: checks 
*** SHOW DOWN ***
tintin641: shows [9h Ad] (a pair of Nines)
Seavus10: mucks hand 
tintin641 collected $4.66 from pot
*** SUMMARY ***
Total pot $4.90 | Rake $0.24 
Board [8d 5h 9d 2c 7d]
Seat 1: Birdy318 (small blind) folded before Flop
Seat 2: tintin641 (big blind) showed [9h Ad] and won ($4.66) with a pair of Nines
Seat 3: socito folded before Flop (didn't bet)
Seat 4: santi820 folded before Flop (didn't bet)
Seat 5: Seavus10 mucked
Seat 6: dervesh (button) folded before Flop (didn't bet)



PokerStars Hand #254739212099:  Hold'em No Limit ($0.50/$1.00 USD) - 2025/02/06 20:48:36 WET [2025/02/06 15:48:36 ET]
Table 'Bodea' 6-max Seat #1 is the button
Seat 1: Birdy318 ($101.22 in chips) 
Seat 2: tintin641 ($102.46 in chips) 
Seat 3: socito ($100 in chips) 
Seat 4: santi820 ($118.47 in chips) 
Seat 5: Seavus10 ($105.30 in chips) 
Seat 6: dervesh ($140.05 in chips) 
tintin641: posts small blind $0.50
socito: posts big blind $1
*** HOLE CARDS ***
santi820: folds 
Seavus10: folds 
dervesh: raises $1.50 to $2.50
Birdy318: folds 
Birdy318 leaves the table
tintin641: folds 
socito: folds 
Uncalled bet ($1.50) returned to dervesh
dervesh collected $2.50 from pot
dervesh: doesn't show hand 
*** SUMMARY ***
Total pot $2.50 | Rake $0 
Seat 1: Birdy318 (button) folded before Flop (didn't bet)
Seat 2: tintin641 (small blind) folded before Flop
Seat 3: socito (big blind) folded before Flop
Seat 4: santi820 folded before Flop (didn't bet)
Seat 5: Seavus10 folded before Flop (didn't bet)
Seat 6: dervesh collected ($2.50)



PokerStars Hand #254739219742:  Hold'em No Limit ($0.50/$1.00 USD) - 2025/02/06 20:49:01 WET [2025/02/06 15:49:01 ET]
Table 'Bodea' 6-max Seat #2 is the button
Seat 2: tintin641 ($101.96 in chips) 
Seat 3: socito ($100 in chips) 
Seat 4: santi820 ($118.47 in chips) 
Seat 5: Seavus10 ($105.30 in chips) 
Seat 6: dervesh ($141.55 in chips) 
socito: posts small blind $0.50
santi820: posts big blind $1
*** HOLE CARDS ***
Seavus10: folds 
dervesh: folds 
tintin641: folds 
socito: folds 
Uncalled bet ($0.50) returned to santi820
santi820 collected $1 from pot
santi820: doesn't show hand 
*** SUMMARY ***
Total pot $1 | Rake $0 
Seat 2: tintin641 (button) folded before Flop (didn't bet)
Seat 3: socito (small blind) folded before Flop
Seat 4: santi820 (big blind) collected ($1)
Seat 5: Seavus10 folded before Flop (didn't bet)
Seat 6: dervesh folded before Flop (didn't bet)



PokerStars Hand #254739225302:  Hold'em No Limit ($0.50/$1.00 USD) - 2025/02/06 20:49:19 WET [2025/02/06 15:49:19 ET]
Table 'Bodea' 6-max Seat #3 is the button
Seat 2: tintin641 ($101.96 in chips) 
Seat 3: socito ($100 in chips) 
Seat 4: santi820 ($118.97 in chips) 
Seat 5: Seavus10 ($105.30 in chips) 
Seat 6: dervesh ($141.55 in chips) 
santi820: posts small blind $0.50
Seavus10: posts big blind $1
*** HOLE CARDS ***
dervesh: folds 
tintin641: folds 
socito: folds 
santi820: raises $2 to $3
Seavus10: raises $6 to $9
santi820: folds 
Uncalled bet ($6) returned to Seavus10
Seavus10 collected $6 from pot
Seavus10: doesn't show hand 
*** SUMMARY ***
Total pot $6 | Rake $0 
Seat 2: tintin641 folded before Flop (didn't bet)
Seat 3: socito (button) folded before Flop (didn't bet)
Seat 4: santi820 (small blind) folded before Flop
Seat 5: Seavus10 (big blind) collected ($6)
Seat 6: dervesh folded before Flop (didn't bet)



PokerStars Hand #254739238692:  Hold'em No Limit ($0.50/$1.00 USD) - 2025/02/06 20:50:03 WET [2025/02/06 15:50:03 ET]
Table 'Bodea' 6-max Seat #4 is the button
Seat 2: tintin641 ($101.96 in chips) 
Seat 3: socito ($100 in chips) 
Seat 4: santi820 ($115.97 in chips) 
Seat 5: Seavus10 ($108.30 in chips) 
Seat 6: dervesh ($141.55 in chips) 
Seavus10: posts small blind $0.50
dervesh: posts big blind $1
*** HOLE CARDS ***
tintin641: raises $1.50 to $2.50
socito: folds 
santi820: folds 
Seavus10: folds 
dervesh: folds 
Uncalled bet ($1.50) returned to tintin641
tintin641 collected $2.50 from pot
tintin641: doesn't show hand 
*** SUMMARY ***
Total pot $2.50 | Rake $0 
Seat 2: tintin641 collected ($2.50)
Seat 3: socito folded before Flop (didn't bet)
Seat 4: santi820 (button) folded before Flop (didn't bet)
Seat 5: Seavus10 (small blind) folded before Flop
Seat 6: dervesh (big blind) folded before Flop



PokerStars Hand #254739243836:  Hold'em No Limit ($0.50/$1.00 USD) - 2025/02/06 20:50:19 WET [2025/02/06 15:50:19 ET]
Table 'Bodea' 6-max Seat #5 is the button
Seat 2: tintin641 ($103.46 in chips) 
Seat 3: socito ($100 in chips) 
Seat 4: santi820 ($115.97 in chips) 
Seat 5: Seavus10 ($107.80 in chips) 
Seat 6: dervesh ($140.55 in chips) 
dervesh: posts small blind $0.50
tintin641: posts big blind $1
*** HOLE CARDS ***
socito: folds 
santi820: folds 
Seavus10: folds 
dervesh: raises $2 to $3
tintin641: calls $2
*** FLOP *** [6s 9h 3h]
dervesh: checks 
tintin641: checks 
*** TURN *** [6s 9h 3h] [9d]
dervesh: checks 
tintin641: checks 
*** RIVER *** [6s 9h 3h 9d] [9c]
dervesh: checks 
tintin641: checks 
*** SHOW DOWN ***
dervesh: shows [Ac 4c] (three of a kind, Nines)
tintin641: mucks hand 
dervesh collected $5.70 from pot
*** SUMMARY ***
Total pot $6 | Rake $0.30 
Board [6s 9h 3h 9d 9c]
Seat 2: tintin641 (big blind) mucked
Seat 3: socito folded before Flop (didn't bet)
Seat 4: santi820 folded before Flop (didn't bet)
Seat 5: Seavus10 (button) folded before Flop (didn't bet)
Seat 6: dervesh (small blind) showed [Ac 4c] and won ($5.70) with three of a kind, Nines



PokerStars Hand #254739261912:  Hold'em No Limit ($0.50/$1.00 USD) - 2025/02/06 20:51:17 WET [2025/02/06 15:51:17 ET]
Table 'Bodea' 6-max Seat #6 is the button
Seat 3: socito ($100 in chips) is sitting out
Seat 2: tintin641 ($100.46 in chips) 
Seat 4: santi820 ($115.97 in chips) 
Seat 5: Seavus10 ($107.80 in chips) 
Seat 6: dervesh ($143.25 in chips) 
tintin641: posts small blind $0.50
socito: is sitting out 
santi820: posts big blind $1
*** HOLE CARDS ***
socito leaves the table
Seavus10: folds 
dervesh: folds 
michasia joins the table at seat #3 
tintin641: raises $2 to $3
santi820: calls $2
*** FLOP *** [Tc 3d Kc]
tintin641: bets $1.88
santi820: calls $1.88
*** TURN *** [Tc 3d Kc] [6d]
tintin641: checks 
Artero10 joins the table at seat #1 
santi820: checks 
*** RIVER *** [Tc 3d Kc 6d] [5d]
tintin641: bets $3.06
santi820: folds 
Uncalled bet ($3.06) returned to tintin641
tintin641 collected $9.27 from pot
tintin641: doesn't show hand 
*** SUMMARY ***
Total pot $9.76 | Rake $0.49 
Board [Tc 3d Kc 6d 5d]
Seat 3: socito
Seat 2: tintin641 (small blind) collected ($9.27)
Seat 4: santi820 (big blind) folded on the River
Seat 5: Seavus10 folded before Flop (didn't bet)
Seat 6: dervesh (button) folded before Flop (didn't bet)



PokerStars Hand #254739295584:  Hold'em No Limit ($0.50/$1.00 USD) - 2025/02/06 20:53:07 WET [2025/02/06 15:53:07 ET]
Table 'Bodea' 6-max Seat #2 is the button
Seat 1: Artero10 ($100 in chips) is sitting out
Seat 3: michasia ($100 in chips) is sitting out
Seat 2: tintin641 ($104.85 in chips) 
Seat 4: santi820 ($111.09 in chips) 
Seat 5: Seavus10 ($107.80 in chips) 
Seat 6: dervesh ($143.25 in chips) 
santi820: posts small blind $0.50
Seavus10: posts big blind $1
Artero10: sits out 
*** HOLE CARDS ***
dervesh: raises $1.50 to $2.50
tintin641: folds 
santi820: raises $8 to $10.50
Seavus10: folds 
dervesh: folds 
Uncalled bet ($8) returned to santi820
santi820 collected $6 from pot
santi820: doesn't show hand 
*** SUMMARY ***
Total pot $6 | Rake $0 
Seat 1: Artero10
Seat 3: michasia
Seat 2: tintin641 (button) folded before Flop (didn't bet)
Seat 4: santi820 (small blind) collected ($6)
Seat 5: Seavus10 (big blind) folded before Flop
Seat 6: dervesh folded before Flop



PokerStars Hand #254739304998:  Hold'em No Limit ($0.50/$1.00 USD) - 2025/02/06 20:53:37 WET [2025/02/06 15:53:37 ET]
Table 'Bodea' 6-max Seat #4 is the button
Seat 1: Artero10 ($100 in chips) is sitting out
Seat 3: michasia ($100 in chips) is sitting out
Seat 2: tintin641 ($104.85 in chips) 
Seat 4: santi820 ($114.59 in chips) 
Seat 5: Seavus10 ($106.80 in chips) 
Seat 6: dervesh ($140.75 in chips) 
Seavus10: posts small blind $0.50
dervesh: posts big blind $1
Artero10: sits out 
michasia: sits out 
*** HOLE CARDS ***
tintin641: folds 
santi820 has timed out
santi820: folds 
Seavus10: raises $2 to $3
dervesh: folds 
Uncalled bet ($2) returned to Seavus10
Seavus10 collected $2 from pot
Seavus10: doesn't show hand 
*** SUMMARY ***
Total pot $2 | Rake $0 
Seat 1: Artero10
Seat 3: michasia
Seat 2: tintin641 folded before Flop (didn't bet)
Seat 4: santi820 (button) folded before Flop (didn't bet)
Seat 5: Seavus10 (small blind) collected ($2)
Seat 6: dervesh (big blind) folded before Flop



PokerStars Hand #254739315753:  Hold'em No Limit ($0.50/$1.00 USD) - 2025/02/06 20:54:12 WET [2025/02/06 15:54:12 ET]
Table 'Bodea' 6-max Seat #5 is the button
Seat 3: michasia ($100 in chips) is sitting out
Seat 1: Artero10 ($100 in chips) 
Seat 2: tintin641 ($104.85 in chips) 
Seat 4: santi820 ($114.59 in chips) 
Seat 5: Seavus10 ($107.80 in chips) 
Seat 6: dervesh ($139.75 in chips) 
dervesh: posts small blind $0.50
Artero10: posts big blind $1
michasia: sits out 
*** HOLE CARDS ***
tintin641: folds 
santi820: folds 
michasia leaves the table
Seavus10: folds 
dervesh: folds 
Uncalled bet ($0.50) returned to Artero10
Artero10 collected $1 from pot
*** SUMMARY ***
Total pot $1 | Rake $0 
Seat 3: michasia
Seat 1: Artero10 (big blind) collected ($1)
Seat 2: tintin641 folded before Flop (didn't bet)
Seat 4: santi820 folded before Flop (didn't bet)
Seat 5: Seavus10 (button) folded before Flop (didn't bet)
Seat 6: dervesh (small blind) folded before Flop



PokerStars Hand #254739321435:  Hold'em No Limit ($0.50/$1.00 USD) - 2025/02/06 20:54:31 WET [2025/02/06 15:54:31 ET]
Table 'Bodea' 6-max Seat #6 is the button
Seat 1: Artero10 ($100.50 in chips) 
Seat 2: tintin641 ($104.85 in chips) 
Seat 4: santi820 ($114.59 in chips) 
Seat 5: Seavus10 ($107.80 in chips) 
Seat 6: dervesh ($139.25 in chips) 
Artero10: posts small blind $0.50
tintin641: posts big blind $1
*** HOLE CARDS ***
santi820: folds 
lumberjack101 joins the table at seat #3 
lumberjack101 is disconnected 
Seavus10: folds 
dervesh: raises $1.50 to $2.50
Artero10: folds 
tintin641: folds 
Uncalled bet ($1.50) returned to dervesh
dervesh collected $2.50 from pot
dervesh: doesn't show hand 
*** SUMMARY ***
Total pot $2.50 | Rake $0 
Seat 1: Artero10 (small blind) folded before Flop
Seat 2: tintin641 (big blind) folded before Flop
Seat 4: santi820 folded before Flop (didn't bet)
Seat 5: Seavus10 folded before Flop (didn't bet)
Seat 6: dervesh (button) collected ($2.50)



PokerStars Hand #254739333364:  Hold'em No Limit ($0.50/$1.00 USD) - 2025/02/06 20:55:12 WET [2025/02/06 15:55:12 ET]
Table 'Bodea' 6-max Seat #1 is the button
Seat 1: Artero10 ($100 in chips) 
Seat 2: tintin641 ($103.85 in chips) 
Seat 3: lumberjack101 ($100 in chips) 
Seat 4: santi820 ($114.59 in chips) 
Seat 5: Seavus10 ($107.80 in chips) 
Seat 6: dervesh ($140.75 in chips) 
tintin641: posts small blind $0.50
lumberjack101: posts big blind $1
*** HOLE CARDS ***
santi820: folds 
Seavus10: folds 
dervesh: raises $1.50 to $2.50
Artero10: folds 
tintin641: folds 
lumberjack101: calls $1.50
*** FLOP *** [7d Tc Qc]
lumberjack101: checks 
dervesh: bets $1.72
lumberjack101: calls $1.72
*** TURN *** [7d Tc Qc] [Qh]
lumberjack101: checks 
dervesh: checks 
*** RIVER *** [7d Tc Qc Qh] [6d]
lumberjack101: bets $4.25
dervesh: folds 
Uncalled bet ($4.25) returned to lumberjack101
lumberjack101 collected $8.49 from pot
*** SUMMARY ***
Total pot $8.94 | Rake $0.45 
Board [7d Tc Qc Qh 6d]
Seat 1: Artero10 (button) folded before Flop (didn't bet)
Seat 2: tintin641 (small blind) folded before Flop
Seat 3: lumberjack101 (big blind) collected ($8.49)
Seat 4: santi820 folded before Flop (didn't bet)
Seat 5: Seavus10 folded before Flop (didn't bet)
Seat 6: dervesh folded on the River



PokerStars Hand #254739349569:  Hold'em No Limit ($0.50/$1.00 USD) - 2025/02/06 20:56:31 WET [2025/02/06 15:56:31 ET]
Table 'Bodea' 6-max Seat #2 is the button
Seat 1: Artero10 ($100 in chips) 
Seat 2: tintin641 ($103.35 in chips) 
Seat 3: lumberjack101 ($104.27 in chips) 
Seat 4: santi820 ($114.59 in chips) 
Seat 5: Seavus10 ($107.80 in chips) 
Seat 6: dervesh ($136.53 in chips) 
lumberjack101: posts small blind $0.50
santi820: posts big blind $1
*** HOLE CARDS ***
Seavus10: raises $1.20 to $2.20
dervesh: folds 
Artero10: calls $2.20
tintin641: folds 
lumberjack101: calls $1.70
santi820: folds 
*** FLOP *** [Jc 3c 2d]
lumberjack101: checks 
Seavus10: checks 
Artero10: checks 
*** TURN *** [Jc 3c 2d] [5s]
lumberjack101: checks 
Seavus10: checks 
Artero10: bets $4
lumberjack101: folds 
Seavus10: folds 
Uncalled bet ($4) returned to Artero10
Artero10 collected $7.22 from pot
*** SUMMARY ***
Total pot $7.60 | Rake $0.38 
Board [Jc 3c 2d 5s]
Seat 1: Artero10 collected ($7.22)
Seat 2: tintin641 (button) folded before Flop (didn't bet)
Seat 3: lumberjack101 (small blind) folded on the Turn
Seat 4: santi820 (big blind) folded before Flop
Seat 5: Seavus10 folded on the Turn
Seat 6: dervesh folded before Flop (didn't bet)



PokerStars Hand #254739365474:  Hold'em No Limit ($0.50/$1.00 USD) - 2025/02/06 20:57:46 WET [2025/02/06 15:57:46 ET]
Table 'Bodea' 6-max Seat #3 is the button
Seat 1: Artero10 ($105.02 in chips) 
Seat 2: tintin641 ($103.35 in chips) 
Seat 3: lumberjack101 ($102.07 in chips) 
Seat 4: santi820 ($113.59 in chips) 
Seat 5: Seavus10 ($105.60 in chips) 
Seat 6: dervesh ($136.53 in chips) 
santi820: posts small blind $0.50
Seavus10: posts big blind $1
*** HOLE CARDS ***
dervesh: folds 
Artero10: raises $1.50 to $2.50
tintin641: folds 
lumberjack101: folds 
santi820: folds 
Seavus10: folds 
Uncalled bet ($1.50) returned to Artero10
Artero10 collected $2.50 from pot
*** SUMMARY ***
Total pot $2.50 | Rake $0 
Seat 1: Artero10 collected ($2.50)
Seat 2: tintin641 folded before Flop (didn't bet)
Seat 3: lumberjack101 (button) folded before Flop (didn't bet)
Seat 4: santi820 (small blind) folded before Flop
Seat 5: Seavus10 (big blind) folded before Flop
Seat 6: dervesh folded before Flop (didn't bet)



PokerStars Hand #254739374545:  Hold'em No Limit ($0.50/$1.00 USD) - 2025/02/06 20:58:29 WET [2025/02/06 15:58:29 ET]
Table 'Bodea' 6-max Seat #4 is the button
Seat 1: Artero10 ($106.52 in chips) 
Seat 2: tintin641 ($103.35 in chips) 
Seat 3: lumberjack101 ($102.07 in chips) 
Seat 4: santi820 ($113.09 in chips) 
Seat 5: Seavus10 ($104.60 in chips) 
Seat 6: dervesh ($136.53 in chips) 
Seavus10: posts small blind $0.50
dervesh: posts big blind $1
*** HOLE CARDS ***
Artero10: folds 
tintin641: raises $1.50 to $2.50
lumberjack101: folds 
santi820: folds 
Seavus10: folds 
dervesh: folds 
Uncalled bet ($1.50) returned to tintin641
tintin641 collected $2.50 from pot
tintin641: doesn't show hand 
*** SUMMARY ***
Total pot $2.50 | Rake $0 
Seat 1: Artero10 folded before Flop (didn't bet)
Seat 2: tintin641 collected ($2.50)
Seat 3: lumberjack101 folded before Flop (didn't bet)
Seat 4: santi820 (button) folded before Flop (didn't bet)
Seat 5: Seavus10 (small blind) folded before Flop
Seat 6: dervesh (big blind) folded before Flop



PokerStars Hand #254739377986:  Hold'em No Limit ($0.50/$1.00 USD) - 2025/02/06 20:58:45 WET [2025/02/06 15:58:45 ET]
Table 'Bodea' 6-max Seat #5 is the button
Seat 1: Artero10 ($106.52 in chips) 
Seat 2: tintin641 ($104.85 in chips) 
Seat 3: lumberjack101 ($102.07 in chips) 
Seat 4: santi820 ($113.09 in chips) 
Seat 5: Seavus10 ($104.10 in chips) 
Seat 6: dervesh ($135.53 in chips) 
dervesh: posts small blind $0.50
Artero10: posts big blind $1
*** HOLE CARDS ***
tintin641: folds 
lumberjack101: raises $1 to $2
santi820: raises $4.50 to $6.50
Seavus10: folds 
dervesh: folds 
Artero10: folds 
lumberjack101: calls $4.50
*** FLOP *** [5s 3h Jc]
lumberjack101: checks 
santi820: checks 
*** TURN *** [5s 3h Jc] [3d]
lumberjack101: checks 
santi820: bets $10.34
lumberjack101: folds 
Uncalled bet ($10.34) returned to santi820
santi820 collected $13.78 from pot
santi820: doesn't show hand 
*** SUMMARY ***
Total pot $14.50 | Rake $0.72 
Board [5s 3h Jc 3d]
Seat 1: Artero10 (big blind) folded before Flop
Seat 2: tintin641 folded before Flop (didn't bet)
Seat 3: lumberjack101 folded on the Turn
Seat 4: santi820 collected ($13.78)
Seat 5: Seavus10 (button) folded before Flop (didn't bet)
Seat 6: dervesh (small blind) folded before Flop



PokerStars Hand #254739394899:  Hold'em No Limit ($0.50/$1.00 USD) - 2025/02/06 21:00:04 WET [2025/02/06 16:00:04 ET]
Table 'Bodea' 6-max Seat #6 is the button
Seat 1: Artero10 ($105.52 in chips) 
Seat 2: tintin641 ($104.85 in chips) 
Seat 3: lumberjack101 ($95.57 in chips) 
Seat 4: santi820 ($120.37 in chips) 
Seat 5: Seavus10 ($104.10 in chips) 
Seat 6: dervesh ($135.03 in chips) 
Artero10: posts small blind $0.50
tintin641: posts big blind $1
*** HOLE CARDS ***
lumberjack101: folds 
santi820: folds 
Seavus10: raises $1.20 to $2.20
dervesh: folds 
Artero10: folds 
tintin641: folds 
Uncalled bet ($1.20) returned to Seavus10
Seavus10 collected $2.50 from pot
Seavus10: doesn't show hand 
*** SUMMARY ***
Total pot $2.50 | Rake $0 
Seat 1: Artero10 (small blind) folded before Flop
Seat 2: tintin641 (big blind) folded before Flop
Seat 3: lumberjack101 folded before Flop (didn't bet)
Seat 4: santi820 folded before Flop (didn't bet)
Seat 5: Seavus10 collected ($2.50)
Seat 6: dervesh (button) folded before Flop (didn't bet)



PokerStars Hand #254739400334:  Hold'em No Limit ($0.50/$1.00 USD) - 2025/02/06 21:00:28 WET [2025/02/06 16:00:28 ET]
Table 'Bodea' 6-max Seat #1 is the button
Seat 1: Artero10 ($105.02 in chips) 
Seat 2: tintin641 ($103.85 in chips) 
Seat 3: lumberjack101 ($95.57 in chips) 
Seat 4: santi820 ($120.37 in chips) 
Seat 5: Seavus10 ($105.60 in chips) 
Seat 6: dervesh ($135.03 in chips) 
tintin641: posts small blind $0.50
lumberjack101: posts big blind $1
*** HOLE CARDS ***
santi820: folds 
Seavus10: raises $1.20 to $2.20
dervesh: folds 
Artero10: folds 
tintin641: folds 
lumberjack101: folds 
Uncalled bet ($1.20) returned to Seavus10
Seavus10 collected $2.50 from pot
Seavus10: doesn't show hand 
*** SUMMARY ***
Total pot $2.50 | Rake $0 
Seat 1: Artero10 (button) folded before Flop (didn't bet)
Seat 2: tintin641 (small blind) folded before Flop
Seat 3: lumberjack101 (big blind) folded before Flop
Seat 4: santi820 folded before Flop (didn't bet)
Seat 5: Seavus10 collected ($2.50)
Seat 6: dervesh folded before Flop (didn't bet)



PokerStars Hand #254739407276:  Hold'em No Limit ($0.50/$1.00 USD) - 2025/02/06 21:00:57 WET [2025/02/06 16:00:57 ET]
Table 'Bodea' 6-max Seat #2 is the button
Seat 1: Artero10 ($105.02 in chips) 
Seat 2: tintin641 ($103.35 in chips) 
Seat 3: lumberjack101 ($94.57 in chips) 
Seat 4: santi820 ($120.37 in chips) 
Seat 5: Seavus10 ($107.10 in chips) 
Seat 6: dervesh ($135.03 in chips) 
lumberjack101: posts small blind $0.50
santi820: posts big blind $1
*** HOLE CARDS ***
Seavus10: raises $1 to $2
dervesh: folds 
Artero10: folds 
tintin641: folds 
lumberjack101: folds 
santi820: folds 
Uncalled bet ($1) returned to Seavus10
Seavus10 collected $2.50 from pot
Seavus10: doesn't show hand 
*** SUMMARY ***
Total pot $2.50 | Rake $0 
Seat 1: Artero10 folded before Flop (didn't bet)
Seat 2: tintin641 (button) folded before Flop (didn't bet)
Seat 3: lumberjack101 (small blind) folded before Flop
Seat 4: santi820 (big blind) folded before Flop
Seat 5: Seavus10 collected ($2.50)
Seat 6: dervesh folded before Flop (didn't bet)



PokerStars Hand #254739412086:  Hold'em No Limit ($0.50/$1.00 USD) - 2025/02/06 21:01:16 WET [2025/02/06 16:01:16 ET]
Table 'Bodea' 6-max Seat #3 is the button
Seat 1: Artero10 ($105.02 in chips) 
Seat 2: tintin641 ($103.35 in chips) 
Seat 3: lumberjack101 ($94.07 in chips) 
Seat 4: santi820 ($119.37 in chips) 
Seat 5: Seavus10 ($108.60 in chips) 
Seat 6: dervesh ($135.03 in chips) 
santi820: posts small blind $0.50
Seavus10: posts big blind $1
*** HOLE CARDS ***
dervesh: folds 
Artero10: raises $1.50 to $2.50
tintin641: folds 
lumberjack101: raises $1.50 to $4
santi820: folds 
Seavus10: folds 
Artero10: raises $10 to $14
lumberjack101: calls $10
*** FLOP *** [Js 5h 8h]
Artero10: bets $3.50
lumberjack101: calls $3.50
*** TURN *** [Js 5h 8h] [7h]
Artero10: checks 
lumberjack101: checks 
*** RIVER *** [Js 5h 8h 7h] [3d]
Artero10: checks 
lumberjack101: checks 
*** SHOW DOWN ***
Artero10: shows [Jc Jd] (three of a kind, Jacks)
lumberjack101: mucks hand 
Artero10 collected $34.68 from pot
*** SUMMARY ***
Total pot $36.50 | Rake $1.82 
Board [Js 5h 8h 7h 3d]
Seat 1: Artero10 showed [Jc Jd] and won ($34.68) with three of a kind, Jacks
Seat 2: tintin641 folded before Flop (didn't bet)
Seat 3: lumberjack101 (button) mucked
Seat 4: santi820 (small blind) folded before Flop
Seat 5: Seavus10 (big blind) folded before Flop
Seat 6: dervesh folded before Flop (didn't bet)



PokerStars Hand #254739440307:  Hold'em No Limit ($0.50/$1.00 USD) - 2025/02/06 21:02:53 WET [2025/02/06 16:02:53 ET]
Table 'Bodea' 6-max Seat #4 is the button
Seat 1: Artero10 ($122.20 in chips) 
Seat 2: tintin641 ($103.35 in chips) 
Seat 3: lumberjack101 ($76.57 in chips) 
Seat 4: santi820 ($118.87 in chips) 
Seat 5: Seavus10 ($107.60 in chips) 
Seat 6: dervesh ($135.03 in chips) 
Seavus10: posts small blind $0.50
dervesh: posts big blind $1
*** HOLE CARDS ***
Artero10: folds 
tintin641: folds 
lumberjack101: folds 
santi820: raises $1.50 to $2.50
Seavus10: raises $8.50 to $11
dervesh: folds 
santi820: calls $8.50
*** FLOP *** [7d 4s 3h]
Seavus10: checks 
santi820: checks 
*** TURN *** [7d 4s 3h] [Qd]
Seavus10: bets $21.85
santi820: folds 
Uncalled bet ($21.85) returned to Seavus10
Seavus10 collected $21.85 from pot
Seavus10: doesn't show hand 
*** SUMMARY ***
Total pot $23 | Rake $1.15 
Board [7d 4s 3h Qd]
Seat 1: Artero10 folded before Flop (didn't bet)
Seat 2: tintin641 folded before Flop (didn't bet)
Seat 3: lumberjack101 folded before Flop (didn't bet)
Seat 4: santi820 (button) folded on the Turn
Seat 5: Seavus10 (small blind) collected ($21.85)
Seat 6: dervesh (big blind) folded before Flop



PokerStars Hand #254739465621:  Hold'em No Limit ($0.50/$1.00 USD) - 2025/02/06 21:04:17 WET [2025/02/06 16:04:17 ET]
Table 'Bodea' 6-max Seat #5 is the button
Seat 1: Artero10 ($122.20 in chips) 
Seat 2: tintin641 ($103.35 in chips) 
Seat 3: lumberjack101 ($76.57 in chips) 
Seat 4: santi820 ($107.87 in chips) 
Seat 5: Seavus10 ($118.45 in chips) 
Seat 6: dervesh ($134.03 in chips) 
dervesh: posts small blind $0.50
Artero10: posts big blind $1
*** HOLE CARDS ***
tintin641: folds 
lumberjack101: folds 
santi820: raises $1.30 to $2.30
Seavus10: folds 
dervesh: folds 
Artero10: calls $1.30
*** FLOP *** [7d Ah 4s]
Artero10: checks 
santi820: checks 
*** TURN *** [7d Ah 4s] [Ts]
Artero10: checks 
santi820: bets $7.26
Artero10: calls $7.26
*** RIVER *** [7d Ah 4s Ts] [9s]
Artero10: checks 
santi820: checks 
*** SHOW DOWN ***
Artero10: shows [Ad 3c] (a pair of Aces)
santi820: shows [6c Ac] (a pair of Aces)
Artero10 collected $9.32 from pot
santi820 collected $9.32 from pot
*** SUMMARY ***
Total pot $19.62 | Rake $0.98 
Board [7d Ah 4s Ts 9s]
Seat 1: Artero10 (big blind) showed [Ad 3c] and won ($9.32) with a pair of Aces
Seat 2: tintin641 folded before Flop (didn't bet)
Seat 3: lumberjack101 folded before Flop (didn't bet)
Seat 4: santi820 showed [6c Ac] and won ($9.32) with a pair of Aces
Seat 5: Seavus10 (button) folded before Flop (didn't bet)
Seat 6: dervesh (small blind) folded before Flop



PokerStars Hand #254739484097:  Hold'em No Limit ($0.50/$1.00 USD) - 2025/02/06 21:05:16 WET [2025/02/06 16:05:16 ET]
Table 'Bodea' 6-max Seat #6 is the button
Seat 1: Artero10 ($121.96 in chips) 
Seat 2: tintin641 ($103.35 in chips) 
Seat 3: lumberjack101 ($76.57 in chips) 
Seat 4: santi820 ($107.63 in chips) 
Seat 5: Seavus10 ($118.45 in chips) 
Seat 6: dervesh ($133.53 in chips) 
Artero10: posts small blind $0.50
tintin641: posts big blind $1
*** HOLE CARDS ***
lumberjack101: folds 
santi820: folds 
Seavus10: folds 
lumberjack101 leaves the table
dervesh: folds 
Artero10: raises $2 to $3
tintin641: folds 
Uncalled bet ($2) returned to Artero10
Artero10 collected $2 from pot
*** SUMMARY ***
Total pot $2 | Rake $0 
Seat 1: Artero10 (small blind) collected ($2)
Seat 2: tintin641 (big blind) folded before Flop
Seat 3: lumberjack101 folded before Flop (didn't bet)
Seat 4: santi820 folded before Flop (didn't bet)
Seat 5: Seavus10 folded before Flop (didn't bet)
Seat 6: dervesh (button) folded before Flop (didn't bet)



PokerStars Hand #254739493898:  Hold'em No Limit ($0.50/$1.00 USD) - 2025/02/06 21:05:48 WET [2025/02/06 16:05:48 ET]
Table 'Bodea' 6-max Seat #1 is the button
Seat 1: Artero10 ($122.96 in chips) 
Seat 2: tintin641 ($102.35 in chips) 
Seat 4: santi820 ($107.63 in chips) 
Seat 5: Seavus10 ($118.45 in chips) 
Seat 6: dervesh ($133.53 in chips) 
tintin641: posts small blind $0.50
santi820: posts big blind $1
*** HOLE CARDS ***
Seavus10: raises $1.20 to $2.20
dervesh: folds 
Artero10: folds 
Iseedora joins the table at seat #3 
tintin641: folds 
santi820: folds 
Uncalled bet ($1.20) returned to Seavus10
Seavus10 collected $2.50 from pot
Seavus10: doesn't show hand 
*** SUMMARY ***
Total pot $2.50 | Rake $0 
Seat 1: Artero10 (button) folded before Flop (didn't bet)
Seat 2: tintin641 (small blind) folded before Flop
Seat 4: santi820 (big blind) folded before Flop
Seat 5: Seavus10 collected ($2.50)
Seat 6: dervesh folded before Flop (didn't bet)



PokerStars Hand #254739498454:  Hold'em No Limit ($0.50/$1.00 USD) - 2025/02/06 21:06:02 WET [2025/02/06 16:06:02 ET]
Table 'Bodea' 6-max Seat #2 is the button
Seat 3: Iseedora ($100 in chips) is sitting out
Seat 1: Artero10 ($122.96 in chips) 
Seat 2: tintin641 ($101.85 in chips) 
Seat 4: santi820 ($106.63 in chips) 
Seat 5: Seavus10 ($119.95 in chips) 
Seat 6: dervesh ($133.53 in chips) 
santi820: posts small blind $0.50
Seavus10: posts big blind $1
*** HOLE CARDS ***
dervesh: folds 
Artero10: folds 
tintin641: folds 
santi820: raises $1.70 to $2.70
Seavus10: raises $5.40 to $8.10
santi820: folds 
Uncalled bet ($5.40) returned to Seavus10
Seavus10 collected $5.40 from pot
Seavus10: doesn't show hand 
*** SUMMARY ***
Total pot $5.40 | Rake $0 
Seat 3: Iseedora
Seat 1: Artero10 folded before Flop (didn't bet)
Seat 2: tintin641 (button) folded before Flop (didn't bet)
Seat 4: santi820 (small blind) folded before Flop
Seat 5: Seavus10 (big blind) collected ($5.40)
Seat 6: dervesh folded before Flop (didn't bet)



PokerStars Hand #254739508273:  Hold'em No Limit ($0.50/$1.00 USD) - 2025/02/06 21:06:34 WET [2025/02/06 16:06:34 ET]
Table 'Bodea' 6-max Seat #4 is the button
Seat 3: Iseedora ($100 in chips) is sitting out
Seat 1: Artero10 ($122.96 in chips) 
Seat 2: tintin641 ($101.85 in chips) 
Seat 4: santi820 ($103.93 in chips) 
Seat 5: Seavus10 ($122.65 in chips) 
Seat 6: dervesh ($133.53 in chips) 
Seavus10: posts small blind $0.50
dervesh: posts big blind $1
Iseedora: sits out 
*** HOLE CARDS ***
Artero10: folds 
tintin641: folds 
santi820: folds 
Seavus10: raises $2 to $3
dervesh: folds 
Uncalled bet ($2) returned to Seavus10
Seavus10 collected $2 from pot
Seavus10: doesn't show hand 
*** SUMMARY ***
Total pot $2 | Rake $0 
Seat 3: Iseedora
Seat 1: Artero10 folded before Flop (didn't bet)
Seat 2: tintin641 folded before Flop (didn't bet)
Seat 4: santi820 (button) folded before Flop (didn't bet)
Seat 5: Seavus10 (small blind) collected ($2)
Seat 6: dervesh (big blind) folded before Flop



PokerStars Hand #254739515878:  Hold'em No Limit ($0.50/$1.00 USD) - 2025/02/06 21:06:58 WET [2025/02/06 16:06:58 ET]
Table 'Bodea' 6-max Seat #5 is the button
Seat 3: Iseedora ($100 in chips) is sitting out
Seat 1: Artero10 ($122.96 in chips) 
Seat 2: tintin641 ($101.85 in chips) 
Seat 4: santi820 ($103.93 in chips) 
Seat 5: Seavus10 ($123.65 in chips) 
Seat 6: dervesh ($132.53 in chips) 
dervesh: posts small blind $0.50
Artero10: posts big blind $1
Iseedora: sits out 
*** HOLE CARDS ***
tintin641: folds 
santi820: folds 
Seavus10: raises $1.50 to $2.50
dervesh: raises $8.50 to $11
Artero10: folds 
Seavus10: folds 
Uncalled bet ($8.50) returned to dervesh
dervesh collected $6 from pot
dervesh: doesn't show hand 
*** SUMMARY ***
Total pot $6 | Rake $0 
Seat 3: Iseedora
Seat 1: Artero10 (big blind) folded before Flop
Seat 2: tintin641 folded before Flop (didn't bet)
Seat 4: santi820 folded before Flop (didn't bet)
Seat 5: Seavus10 (button) folded before Flop
Seat 6: dervesh (small blind) collected ($6)



PokerStars Hand #254739522367:  Hold'em No Limit ($0.50/$1.00 USD) - 2025/02/06 21:07:19 WET [2025/02/06 16:07:19 ET]
Table 'Bodea' 6-max Seat #6 is the button
Seat 3: Iseedora ($100 in chips) is sitting out
Seat 1: Artero10 ($121.96 in chips) 
Seat 2: tintin641 ($101.85 in chips) 
Seat 4: santi820 ($103.93 in chips) 
Seat 5: Seavus10 ($121.15 in chips) 
Seat 6: dervesh ($136.03 in chips) 
Artero10: posts small blind $0.50
tintin641: posts big blind $1
Iseedora: sits out 
*** HOLE CARDS ***
santi820: folds 
Seavus10: folds 
dervesh: folds 
Artero10: folds 
Uncalled bet ($0.50) returned to tintin641
tintin641 collected $1 from pot
tintin641: doesn't show hand 
*** SUMMARY ***
Total pot $1 | Rake $0 
Seat 3: Iseedora
Seat 1: Artero10 (small blind) folded before Flop
Seat 2: tintin641 (big blind) collected ($1)
Seat 4: santi820 folded before Flop (didn't bet)
Seat 5: Seavus10 folded before Flop (didn't bet)
Seat 6: dervesh (button) folded before Flop (didn't bet)



PokerStars Hand #254739531109:  Hold'em No Limit ($0.50/$1.00 USD) - 2025/02/06 21:07:47 WET [2025/02/06 16:07:47 ET]
Table 'Bodea' 6-max Seat #1 is the button
Seat 1: Artero10 ($121.46 in chips) 
Seat 2: tintin641 ($102.35 in chips) 
Seat 3: Iseedora ($100 in chips) 
Seat 4: santi820 ($103.93 in chips) 
Seat 5: Seavus10 ($121.15 in chips) 
Seat 6: dervesh ($136.03 in chips) 
tintin641: posts small blind $0.50
Iseedora: posts big blind $1
*** HOLE CARDS ***
santi820: folds 
Seavus10: folds 
dervesh: folds 
Artero10: folds 
tintin641: folds 
Uncalled bet ($0.50) returned to Iseedora
Iseedora collected $1 from pot
Iseedora: doesn't show hand 
*** SUMMARY ***
Total pot $1 | Rake $0 
Seat 1: Artero10 (button) folded before Flop (didn't bet)
Seat 2: tintin641 (small blind) folded before Flop
Seat 3: Iseedora (big blind) collected ($1)
Seat 4: santi820 folded before Flop (didn't bet)
Seat 5: Seavus10 folded before Flop (didn't bet)
Seat 6: dervesh folded before Flop (didn't bet)



PokerStars Hand #254739689250:  Hold'em No Limit ($0.50/$1.00 USD) - 2025/02/06 21:16:10 WET [2025/02/06 16:16:10 ET]
Table 'Bodea' 6-max Seat #5 is the button
Seat 3: michasia ($100 in chips) is sitting out
Seat 1: Artero10 ($129.04 in chips) 
Seat 4: MaRKiToScoK ($107 in chips) 
Seat 5: Seavus10 ($119.65 in chips) 
Seat 6: dervesh ($118.03 in chips) 
dervesh: posts small blind $0.50
Artero10: posts big blind $1
michasia: sits out 
*** HOLE CARDS ***
MaRKiToScoK: folds 
xxxZeka joins the table at seat #2 
Seavus10: raises $1.50 to $2.50
dervesh: folds 
Artero10: folds 
Uncalled bet ($1.50) returned to Seavus10
Seavus10 collected $2.50 from pot
Seavus10: doesn't show hand 
*** SUMMARY ***
Total pot $2.50 | Rake $0 
Seat 3: michasia
Seat 1: Artero10 (big blind) folded before Flop
Seat 4: MaRKiToScoK folded before Flop (didn't bet)
Seat 5: Seavus10 (button) collected ($2.50)
Seat 6: dervesh (small blind) folded before Flop



PokerStars Hand #254739696407:  Hold'em No Limit ($0.50/$1.00 USD) - 2025/02/06 21:16:32 WET [2025/02/06 16:16:32 ET]
Table 'Bodea' 6-max Seat #6 is the button
Seat 3: michasia ($100 in chips) is sitting out
Seat 1: Artero10 ($128.04 in chips) 
Seat 2: xxxZeka ($100 in chips) 
Seat 4: MaRKiToScoK ($107 in chips) 
Seat 5: Seavus10 ($121.15 in chips) 
Seat 6: dervesh ($117.53 in chips) 
Artero10: posts small blind $0.50
xxxZeka: posts big blind $1
michasia: sits out 
*** HOLE CARDS ***
MaRKiToScoK: raises $1 to $2
michasia leaves the table
fataleggs13 joins the table at seat #3 
Seavus10: folds 
dervesh: raises $6.50 to $8.50
Artero10: folds 
xxxZeka: folds 
MaRKiToScoK: folds 
Uncalled bet ($6.50) returned to dervesh
dervesh collected $5.50 from pot
dervesh: doesn't show hand 
*** SUMMARY ***
Total pot $5.50 | Rake $0 
Seat 3: michasia
Seat 1: Artero10 (small blind) folded before Flop
Seat 2: xxxZeka (big blind) folded before Flop
Seat 4: MaRKiToScoK folded before Flop
Seat 5: Seavus10 folded before Flop (didn't bet)
Seat 6: dervesh (button) collected ($5.50)



PokerStars Hand #254739713465:  Hold'em No Limit ($0.50/$1.00 USD) - 2025/02/06 21:17:26 WET [2025/02/06 16:17:26 ET]
Table 'Bodea' 6-max Seat #1 is the button
Seat 1: Artero10 ($127.54 in chips) 
Seat 2: xxxZeka ($100 in chips) 
Seat 3: fataleggs13 ($75 in chips) 
Seat 4: MaRKiToScoK ($105 in chips) 
Seat 5: Seavus10 ($121.15 in chips) 
Seat 6: dervesh ($121.03 in chips) 
xxxZeka: posts small blind $0.50
fataleggs13: posts big blind $1
*** HOLE CARDS ***
MaRKiToScoK: raises $1 to $2
Seavus10: folds 
dervesh: folds 
Artero10: folds 
xxxZeka: folds 
fataleggs13: folds 
Uncalled bet ($1) returned to MaRKiToScoK
MaRKiToScoK collected $2.50 from pot
*** SUMMARY ***
Total pot $2.50 | Rake $0 
Seat 1: Artero10 (button) folded before Flop (didn't bet)
Seat 2: xxxZeka (small blind) folded before Flop
Seat 3: fataleggs13 (big blind) folded before Flop
Seat 4: MaRKiToScoK collected ($2.50)
Seat 5: Seavus10 folded before Flop (didn't bet)
Seat 6: dervesh folded before Flop (didn't bet)



PokerStars Hand #254739728627:  Hold'em No Limit ($0.50/$1.00 USD) - 2025/02/06 21:18:14 WET [2025/02/06 16:18:14 ET]
Table 'Bodea' 6-max Seat #2 is the button
Seat 4: MaRKiToScoK ($106.50 in chips) is sitting out
Seat 1: Artero10 ($127.54 in chips) 
Seat 2: xxxZeka ($100 in chips) 
Seat 3: fataleggs13 ($75 in chips) 
Seat 5: Seavus10 ($121.15 in chips) 
Seat 6: dervesh ($121.03 in chips) 
fataleggs13: posts small blind $0.50
MaRKiToScoK: is sitting out 
Seavus10: posts big blind $1
*** HOLE CARDS ***
dervesh: folds 
Artero10: folds 
xxxZeka: folds 
fataleggs13: folds 
Uncalled bet ($0.50) returned to Seavus10
MaRKiToScoK leaves the table
Seavus10 collected $1 from pot
Seavus10: doesn't show hand 
*** SUMMARY ***
Total pot $1 | Rake $0 
Seat 4: MaRKiToScoK
Seat 1: Artero10 folded before Flop (didn't bet)
Seat 2: xxxZeka (button) folded before Flop (didn't bet)
Seat 3: fataleggs13 (small blind) folded before Flop
Seat 5: Seavus10 (big blind) collected ($1)
Seat 6: dervesh folded before Flop (didn't bet)



PokerStars Hand #254739734116:  Hold'em No Limit ($0.50/$1.00 USD) - 2025/02/06 21:18:31 WET [2025/02/06 16:18:31 ET]
Table 'Bodea' 6-max Seat #3 is the button
Seat 1: Artero10 ($127.54 in chips) 
Seat 2: xxxZeka ($100 in chips) 
Seat 3: fataleggs13 ($75 in chips) 
Seat 5: Seavus10 ($121.65 in chips) 
Seat 6: dervesh ($121.03 in chips) 
Seavus10: posts small blind $0.50
dervesh: posts big blind $1
*** HOLE CARDS ***
Artero10: raises $1.10 to $2.10
xxxZeka: folds 
fataleggs13: folds 
Seavus10: folds 
dervesh: folds 
Uncalled bet ($1.10) returned to Artero10
Artero10 collected $2.50 from pot
*** SUMMARY ***
Total pot $2.50 | Rake $0 
Seat 1: Artero10 collected ($2.50)
Seat 2: xxxZeka folded before Flop (didn't bet)
Seat 3: fataleggs13 (button) folded before Flop (didn't bet)
Seat 5: Seavus10 (small blind) folded before Flop
Seat 6: dervesh (big blind) folded before Flop



PokerStars Hand #254739739690:  Hold'em No Limit ($0.50/$1.00 USD) - 2025/02/06 21:18:49 WET [2025/02/06 16:18:49 ET]
Table 'Bodea' 6-max Seat #5 is the button
Seat 1: Artero10 ($129.04 in chips) 
Seat 2: xxxZeka ($100 in chips) 
Seat 3: fataleggs13 ($75 in chips) 
Seat 5: Seavus10 ($121.15 in chips) 
Seat 6: dervesh ($120.03 in chips) 
dervesh: posts small blind $0.50
Artero10: posts big blind $1
*** HOLE CARDS ***
xxxZeka: folds 
fataleggs13: folds 
Seavus10: folds 
dervesh: folds 
Uncalled bet ($0.50) returned to Artero10
Artero10 collected $1 from pot
*** SUMMARY ***
Total pot $1 | Rake $0 
Seat 1: Artero10 (big blind) collected ($1)
Seat 2: xxxZeka folded before Flop (didn't bet)
Seat 3: fataleggs13 folded before Flop (didn't bet)
Seat 5: Seavus10 (button) folded before Flop (didn't bet)
Seat 6: dervesh (small blind) folded before Flop



PokerStars Hand #254739743294:  Hold'em No Limit ($0.50/$1.00 USD) - 2025/02/06 21:19:00 WET [2025/02/06 16:19:00 ET]
Table 'Bodea' 6-max Seat #6 is the button
Seat 1: Artero10 ($129.54 in chips) 
Seat 2: xxxZeka ($100 in chips) 
Seat 3: fataleggs13 ($75 in chips) 
Seat 5: Seavus10 ($121.15 in chips) 
Seat 6: dervesh ($119.53 in chips) 
Artero10: posts small blind $0.50
xxxZeka: posts big blind $1
*** HOLE CARDS ***
fataleggs13: folds 
Seavus10: raises $1.20 to $2.20
dervesh: folds 
Artero10: folds 
xxxZeka: calls $1.20
*** FLOP *** [5h Kh 6c]
xxxZeka: checks 
Seavus10: checks 
*** TURN *** [5h Kh 6c] [Td]
xxxZeka: bets $1.54
pipza05 joins the table at seat #4 
pipza05 is disconnected 
Seavus10: calls $1.54
*** RIVER *** [5h Kh 6c Td] [6d]
xxxZeka: checks 
Seavus10: checks 
*** SHOW DOWN ***
xxxZeka: shows [3h Ah] (a pair of Sixes)
Seavus10: shows [4c 5c] (two pair, Sixes and Fives)
Seavus10 collected $7.58 from pot
*** SUMMARY ***
Total pot $7.98 | Rake $0.40 
Board [5h Kh 6c Td 6d]
Seat 1: Artero10 (small blind) folded before Flop
Seat 2: xxxZeka (big blind) showed [3h Ah] and lost with a pair of Sixes
Seat 3: fataleggs13 folded before Flop (didn't bet)
Seat 5: Seavus10 showed [4c 5c] and won ($7.58) with two pair, Sixes and Fives
Seat 6: dervesh (button) folded before Flop (didn't bet)



PokerStars Hand #254739764768:  Hold'em No Limit ($0.50/$1.00 USD) - 2025/02/06 21:20:08 WET [2025/02/06 16:20:08 ET]
Table 'Bodea' 6-max Seat #1 is the button
Seat 4: pipza05 ($42.70 in chips) is sitting out
Seat 1: Artero10 ($129.04 in chips) 
Seat 2: xxxZeka ($100 in chips) 
Seat 3: fataleggs13 ($75 in chips) 
Seat 5: Seavus10 ($124.99 in chips) 
Seat 6: dervesh ($119.53 in chips) 
xxxZeka: posts small blind $0.50
fataleggs13: posts big blind $1
pipza05: sits out 
*** HOLE CARDS ***
Seavus10: folds 
dervesh: folds 
Artero10: folds 
xxxZeka: folds 
Uncalled bet ($0.50) returned to fataleggs13
fataleggs13 collected $1 from pot
fataleggs13: doesn't show hand 
*** SUMMARY ***
Total pot $1 | Rake $0 
Seat 4: pipza05
Seat 1: Artero10 (button) folded before Flop (didn't bet)
Seat 2: xxxZeka (small blind) folded before Flop
Seat 3: fataleggs13 (big blind) collected ($1)
Seat 5: Seavus10 folded before Flop (didn't bet)
Seat 6: dervesh folded before Flop (didn't bet)



PokerStars Hand #254739768304:  Hold'em No Limit ($0.50/$1.00 USD) - 2025/02/06 21:20:20 WET [2025/02/06 16:20:20 ET]
Table 'Bodea' 6-max Seat #2 is the button
Seat 1: Artero10 ($129.04 in chips) 
Seat 2: xxxZeka ($100 in chips) 
Seat 3: fataleggs13 ($75.50 in chips) 
Seat 4: pipza05 ($42.70 in chips) 
Seat 5: Seavus10 ($124.99 in chips) 
Seat 6: dervesh ($119.53 in chips) 
fataleggs13: posts small blind $0.50
pipza05: posts big blind $1
*** HOLE CARDS ***
Seavus10: folds 
dervesh: folds 
Artero10: raises $1.50 to $2.50
xxxZeka: folds 
fataleggs13: folds 
pipza05: calls $1.50
*** FLOP *** [2s 2d 7s]
pipza05: checks 
Artero10: bets $1.50
pipza05: folds 
Uncalled bet ($1.50) returned to Artero10
Artero10 collected $5.22 from pot
*** SUMMARY ***
Total pot $5.50 | Rake $0.28 
Board [2s 2d 7s]
Seat 1: Artero10 collected ($5.22)
Seat 2: xxxZeka (button) folded before Flop (didn't bet)
Seat 3: fataleggs13 (small blind) folded before Flop
Seat 4: pipza05 (big blind) folded on the Flop
Seat 5: Seavus10 folded before Flop (didn't bet)
Seat 6: dervesh folded before Flop (didn't bet)



PokerStars Hand #254739784311:  Hold'em No Limit ($0.50/$1.00 USD) - 2025/02/06 21:21:10 WET [2025/02/06 16:21:10 ET]
Table 'Bodea' 6-max Seat #3 is the button
Seat 1: Artero10 ($131.76 in chips) 
Seat 2: xxxZeka ($100 in chips) 
Seat 3: fataleggs13 ($75 in chips) 
Seat 4: pipza05 ($40.20 in chips) 
Seat 5: Seavus10 ($124.99 in chips) 
Seat 6: dervesh ($119.53 in chips) 
pipza05: posts small blind $0.50
Seavus10: posts big blind $1
*** HOLE CARDS ***
dervesh: folds 
Artero10: folds 
xxxZeka: raises $1.50 to $2.50
fataleggs13: folds 
pipza05: folds 
Seavus10: folds 
Uncalled bet ($1.50) returned to xxxZeka
xxxZeka collected $2.50 from pot
xxxZeka: doesn't show hand 
*** SUMMARY ***
Total pot $2.50 | Rake $0 
Seat 1: Artero10 folded before Flop (didn't bet)
Seat 2: xxxZeka collected ($2.50)
Seat 3: fataleggs13 (button) folded before Flop (didn't bet)
Seat 4: pipza05 (small blind) folded before Flop
Seat 5: Seavus10 (big blind) folded before Flop
Seat 6: dervesh folded before Flop (didn't bet)



PokerStars Hand #254739788773:  Hold'em No Limit ($0.50/$1.00 USD) - 2025/02/06 21:21:25 WET [2025/02/06 16:21:25 ET]
Table 'Bodea' 6-max Seat #4 is the button
Seat 1: Artero10 ($131.76 in chips) 
Seat 2: xxxZeka ($101.50 in chips) 
Seat 3: fataleggs13 ($75 in chips) 
Seat 4: pipza05 ($39.70 in chips) 
Seat 5: Seavus10 ($123.99 in chips) 
Seat 6: dervesh ($119.53 in chips) 
Seavus10: posts small blind $0.50
dervesh: posts big blind $1
*** HOLE CARDS ***
Artero10: folds 
xxxZeka: folds 
fataleggs13: folds 
pipza05: folds 
Seavus10: folds 
Uncalled bet ($0.50) returned to dervesh
dervesh collected $1 from pot
dervesh: doesn't show hand 
*** SUMMARY ***
Total pot $1 | Rake $0 
Seat 1: Artero10 folded before Flop (didn't bet)
Seat 2: xxxZeka folded before Flop (didn't bet)
Seat 3: fataleggs13 folded before Flop (didn't bet)
Seat 4: pipza05 (button) folded before Flop (didn't bet)
Seat 5: Seavus10 (small blind) folded before Flop
Seat 6: dervesh (big blind) collected ($1)



PokerStars Hand #254739794435:  Hold'em No Limit ($0.50/$1.00 USD) - 2025/02/06 21:21:43 WET [2025/02/06 16:21:43 ET]
Table 'Bodea' 6-max Seat #5 is the button
Seat 1: Artero10 ($131.76 in chips) 
Seat 2: xxxZeka ($101.50 in chips) 
Seat 3: fataleggs13 ($75 in chips) 
Seat 4: pipza05 ($39.70 in chips) 
Seat 5: Seavus10 ($123.49 in chips) 
Seat 6: dervesh ($120.03 in chips) 
dervesh: posts small blind $0.50
Artero10: posts big blind $1
*** HOLE CARDS ***
xxxZeka: folds 
fataleggs13: folds 
pipza05: folds 
Seavus10: raises $1.50 to $2.50
dervesh: raises $8.50 to $11
Artero10: folds 
Seavus10: folds 
Uncalled bet ($8.50) returned to dervesh
dervesh collected $6 from pot
dervesh: doesn't show hand 
*** SUMMARY ***
Total pot $6 | Rake $0 
Seat 1: Artero10 (big blind) folded before Flop
Seat 2: xxxZeka folded before Flop (didn't bet)
Seat 3: fataleggs13 folded before Flop (didn't bet)
Seat 4: pipza05 folded before Flop (didn't bet)
Seat 5: Seavus10 (button) folded before Flop
Seat 6: dervesh (small blind) collected ($6)



PokerStars Hand #254739801292:  Hold'em No Limit ($0.50/$1.00 USD) - 2025/02/06 21:22:05 WET [2025/02/06 16:22:05 ET]
Table 'Bodea' 6-max Seat #6 is the button
Seat 1: Artero10 ($130.76 in chips) 
Seat 2: xxxZeka ($101.50 in chips) 
Seat 3: fataleggs13 ($75 in chips) 
Seat 4: pipza05 ($39.70 in chips) 
Seat 5: Seavus10 ($120.99 in chips) 
Seat 6: dervesh ($123.53 in chips) 
Artero10: posts small blind $0.50
xxxZeka: posts big blind $1
*** HOLE CARDS ***
fataleggs13: folds 
pipza05: folds 
Seavus10: folds 
dervesh: raises $1.50 to $2.50
Artero10: folds 
xxxZeka: calls $1.50
*** FLOP *** [6d 7c 8d]
xxxZeka: checks 
dervesh: bets $1.72
xxxZeka: folds 
Uncalled bet ($1.72) returned to dervesh
dervesh collected $5.22 from pot
dervesh: doesn't show hand 
*** SUMMARY ***
Total pot $5.50 | Rake $0.28 
Board [6d 7c 8d]
Seat 1: Artero10 (small blind) folded before Flop
Seat 2: xxxZeka (big blind) folded on the Flop
Seat 3: fataleggs13 folded before Flop (didn't bet)
Seat 4: pipza05 folded before Flop (didn't bet)
Seat 5: Seavus10 folded before Flop (didn't bet)
Seat 6: dervesh (button) collected ($5.22)



PokerStars Hand #254739813928:  Hold'em No Limit ($0.50/$1.00 USD) - 2025/02/06 21:22:45 WET [2025/02/06 16:22:45 ET]
Table 'Bodea' 6-max Seat #1 is the button
Seat 1: Artero10 ($130.26 in chips) 
Seat 2: xxxZeka ($100 in chips) 
Seat 3: fataleggs13 ($75 in chips) 
Seat 4: pipza05 ($39.70 in chips) 
Seat 5: Seavus10 ($120.99 in chips) 
Seat 6: dervesh ($126.25 in chips) 
xxxZeka: posts small blind $0.50
fataleggs13: posts big blind $1
*** HOLE CARDS ***
pipza05: folds 
Seavus10: folds 
dervesh: raises $1.50 to $2.50
Artero10: folds 
xxxZeka: folds 
fataleggs13: calls $1.50
*** FLOP *** [6s 8h Tc]
fataleggs13: checks 
dervesh: bets $1.72
fataleggs13: raises $4.78 to $6.50
dervesh: calls $4.78
*** TURN *** [6s 8h Tc] [5d]
fataleggs13: bets $14
dervesh: folds 
Uncalled bet ($14) returned to fataleggs13
fataleggs13 collected $17.58 from pot
fataleggs13: doesn't show hand 
*** SUMMARY ***
Total pot $18.50 | Rake $0.92 
Board [6s 8h Tc 5d]
Seat 1: Artero10 (button) folded before Flop (didn't bet)
Seat 2: xxxZeka (small blind) folded before Flop
Seat 3: fataleggs13 (big blind) collected ($17.58)
Seat 4: pipza05 folded before Flop (didn't bet)
Seat 5: Seavus10 folded before Flop (didn't bet)
Seat 6: dervesh folded on the Turn



PokerStars Hand #254739833267:  Hold'em No Limit ($0.50/$1.00 USD) - 2025/02/06 21:23:47 WET [2025/02/06 16:23:47 ET]
Table 'Bodea' 6-max Seat #2 is the button
Seat 1: Artero10 ($130.26 in chips) 
Seat 2: xxxZeka ($100 in chips) 
Seat 3: fataleggs13 ($83.58 in chips) 
Seat 4: pipza05 ($39.70 in chips) 
Seat 5: Seavus10 ($120.99 in chips) 
Seat 6: dervesh ($117.25 in chips) 
fataleggs13: posts small blind $0.50
pipza05: posts big blind $1
*** HOLE CARDS ***
Seavus10: raises $1.20 to $2.20
dervesh: folds 
Artero10: calls $2.20
xxxZeka: folds 
fataleggs13: raises $10.30 to $12.50
pipza05: folds 
Seavus10: raises $14.25 to $26.75
Artero10: folds 
fataleggs13: raises $56.83 to $83.58 and is all-in
Seavus10: calls $56.83
*** FIRST FLOP *** [8h Ah 9c]
*** FIRST TURN *** [8h Ah 9c] [9h]
*** FIRST RIVER *** [8h Ah 9c 9h] [7d]
*** SECOND FLOP *** [5c 7s Jd]
*** SECOND TURN *** [5c 7s Jd] [6c]
*** SECOND RIVER *** [5c 7s Jd 6c] [6s]
*** FIRST SHOW DOWN ***
fataleggs13: shows [Qs Qh] (two pair, Queens and Nines)
Seavus10: shows [Kc Kh] (two pair, Kings and Nines)
Seavus10 collected $83.93 from pot
*** SECOND SHOW DOWN ***
fataleggs13: shows [Qs Qh] (two pair, Queens and Sixes)
Seavus10: shows [Kc Kh] (two pair, Kings and Sixes)
Seavus10 collected $83.93 from pot
*** SUMMARY ***
Total pot $170.36 | Rake $2.50 
Hand was run twice
FIRST Board [8h Ah 9c 9h 7d]
SECOND Board [5c 7s Jd 6c 6s]
Seat 1: Artero10 folded before Flop
Seat 2: xxxZeka (button) folded before Flop (didn't bet)
Seat 3: fataleggs13 (small blind) showed [Qs Qh] and lost with two pair, Queens and Nines, and lost with two pair, Queens and Sixes
Seat 4: pipza05 (big blind) folded before Flop
Seat 5: Seavus10 showed [Kc Kh] and won ($83.93) with two pair, Kings and Nines, and won ($83.93) with two pair, Kings and Sixes
Seat 6: dervesh folded before Flop (didn't bet)



PokerStars Hand #254739856312:  Hold'em No Limit ($0.50/$1.00 USD) - 2025/02/06 21:25:00 WET [2025/02/06 16:25:00 ET]
Table 'Bodea' 6-max Seat #3 is the button
Seat 1: Artero10 ($128.06 in chips) 
Seat 2: xxxZeka ($100 in chips) 
Seat 3: fataleggs13 ($75 in chips) 
Seat 4: pipza05 ($38.70 in chips) 
Seat 5: Seavus10 ($205.27 in chips) 
Seat 6: dervesh ($117.25 in chips) 
pipza05: posts small blind $0.50
Seavus10: posts big blind $1
*** HOLE CARDS ***
dervesh: folds 
Artero10: raises $1.50 to $2.50
xxxZeka: folds 
fataleggs13: folds 
pipza05: folds 
Seavus10: folds 
Uncalled bet ($1.50) returned to Artero10
Artero10 collected $2.50 from pot
*** SUMMARY ***
Total pot $2.50 | Rake $0 
Seat 1: Artero10 collected ($2.50)
Seat 2: xxxZeka folded before Flop (didn't bet)
Seat 3: fataleggs13 (button) folded before Flop (didn't bet)
Seat 4: pipza05 (small blind) folded before Flop
Seat 5: Seavus10 (big blind) folded before Flop
Seat 6: dervesh folded before Flop (didn't bet)



PokerStars Hand #254739862662:  Hold'em No Limit ($0.50/$1.00 USD) - 2025/02/06 21:25:21 WET [2025/02/06 16:25:21 ET]
Table 'Bodea' 6-max Seat #4 is the button
Seat 1: Artero10 ($129.56 in chips) 
Seat 2: xxxZeka ($100 in chips) 
Seat 3: fataleggs13 ($75 in chips) 
Seat 4: pipza05 ($38.20 in chips) 
Seat 5: Seavus10 ($204.27 in chips) 
Seat 6: dervesh ($117.25 in chips) 
Seavus10: posts small blind $0.50
dervesh: posts big blind $1
*** HOLE CARDS ***
Artero10: folds 
xxxZeka: folds 
fataleggs13: raises $1.20 to $2.20
pipza05: calls $2.20
Seavus10: folds 
dervesh: calls $1.20
*** FLOP *** [Jc 6s 5c]
dervesh: checks 
fataleggs13: checks 
pipza05: bets $1
dervesh: folds 
fataleggs13: calls $1
*** TURN *** [Jc 6s 5c] [5h]
fataleggs13: checks 
pipza05: bets $1
fataleggs13: calls $1
*** RIVER *** [Jc 6s 5c 5h] [7h]
fataleggs13: checks 
pipza05: bets $3
fataleggs13: folds 
Uncalled bet ($3) returned to pipza05
pipza05 collected $10.40 from pot
*** SUMMARY ***
Total pot $11.10 | Rake $0.70 
Board [Jc 6s 5c 5h 7h]
Seat 1: Artero10 folded before Flop (didn't bet)
Seat 2: xxxZeka folded before Flop (didn't bet)
Seat 3: fataleggs13 folded on the River
Seat 4: pipza05 (button) collected ($10.40)
Seat 5: Seavus10 (small blind) folded before Flop
Seat 6: dervesh (big blind) folded on the Flop



PokerStars Hand #254739885967:  Hold'em No Limit ($0.50/$1.00 USD) - 2025/02/06 21:26:35 WET [2025/02/06 16:26:35 ET]
Table 'Bodea' 6-max Seat #5 is the button
Seat 1: Artero10 ($129.56 in chips) 
Seat 2: xxxZeka ($100 in chips) 
Seat 3: fataleggs13 ($75 in chips) 
Seat 4: pipza05 ($44.40 in chips) 
Seat 5: Seavus10 ($203.77 in chips) 
Seat 6: dervesh ($115.05 in chips) 
dervesh: posts small blind $0.50
Artero10: posts big blind $1
*** HOLE CARDS ***
xxxZeka: folds 
fataleggs13: folds 
pipza05: folds 
Seavus10: raises $1.50 to $2.50
dervesh: folds 
Artero10: folds 
Uncalled bet ($1.50) returned to Seavus10
Seavus10 collected $2.50 from pot
Seavus10: doesn't show hand 
*** SUMMARY ***
Total pot $2.50 | Rake $0 
Seat 1: Artero10 (big blind) folded before Flop
Seat 2: xxxZeka folded before Flop (didn't bet)
Seat 3: fataleggs13 folded before Flop (didn't bet)
Seat 4: pipza05 folded before Flop (didn't bet)
Seat 5: Seavus10 (button) collected ($2.50)
Seat 6: dervesh (small blind) folded before Flop



PokerStars Hand #254739891790:  Hold'em No Limit ($0.50/$1.00 USD) - 2025/02/06 21:26:53 WET [2025/02/06 16:26:53 ET]
Table 'Bodea' 6-max Seat #6 is the button
Seat 1: Artero10 ($128.56 in chips) 
Seat 2: xxxZeka ($100 in chips) 
Seat 3: fataleggs13 ($75 in chips) 
Seat 4: pipza05 ($44.40 in chips) 
Seat 5: Seavus10 ($205.27 in chips) 
Seat 6: dervesh ($114.55 in chips) 
Artero10: posts small blind $0.50
xxxZeka: posts big blind $1
*** HOLE CARDS ***
fataleggs13: folds 
pipza05: folds 
Seavus10: folds 
dervesh: folds 
Artero10: folds 
Uncalled bet ($0.50) returned to xxxZeka
xxxZeka collected $1 from pot
xxxZeka: doesn't show hand 
*** SUMMARY ***
Total pot $1 | Rake $0 
Seat 1: Artero10 (small blind) folded before Flop
Seat 2: xxxZeka (big blind) collected ($1)
Seat 3: fataleggs13 folded before Flop (didn't bet)
Seat 4: pipza05 folded before Flop (didn't bet)
Seat 5: Seavus10 folded before Flop (didn't bet)
Seat 6: dervesh (button) folded before Flop (didn't bet)



PokerStars Hand #254739898953:  Hold'em No Limit ($0.50/$1.00 USD) - 2025/02/06 21:27:17 WET [2025/02/06 16:27:17 ET]
Table 'Bodea' 6-max Seat #1 is the button
Seat 1: Artero10 ($128.06 in chips) 
Seat 2: xxxZeka ($100.50 in chips) 
Seat 3: fataleggs13 ($75 in chips) 
Seat 4: pipza05 ($44.40 in chips) 
Seat 5: Seavus10 ($205.27 in chips) 
Seat 6: dervesh ($114.55 in chips) 
xxxZeka: posts small blind $0.50
fataleggs13: posts big blind $1
*** HOLE CARDS ***
pipza05: folds 
Seavus10: folds 
dervesh: raises $1.50 to $2.50
Artero10: folds 
xxxZeka: folds 
fataleggs13: folds 
Uncalled bet ($1.50) returned to dervesh
dervesh collected $2.50 from pot
dervesh: doesn't show hand 
*** SUMMARY ***
Total pot $2.50 | Rake $0 
Seat 1: Artero10 (button) folded before Flop (didn't bet)
Seat 2: xxxZeka (small blind) folded before Flop
Seat 3: fataleggs13 (big blind) folded before Flop
Seat 4: pipza05 folded before Flop (didn't bet)
Seat 5: Seavus10 folded before Flop (didn't bet)
Seat 6: dervesh collected ($2.50)



PokerStars Hand #254739904772:  Hold'em No Limit ($0.50/$1.00 USD) - 2025/02/06 21:27:35 WET [2025/02/06 16:27:35 ET]
Table 'Bodea' 6-max Seat #2 is the button
Seat 1: Artero10 ($128.06 in chips) 
Seat 2: xxxZeka ($100 in chips) 
Seat 3: fataleggs13 ($75 in chips) 
Seat 4: pipza05 ($44.40 in chips) 
Seat 5: Seavus10 ($205.27 in chips) 
Seat 6: dervesh ($116.05 in chips) 
fataleggs13: posts small blind $0.50
pipza05: posts big blind $1
*** HOLE CARDS ***
Seavus10: folds 
dervesh: folds 
Artero10: folds 
xxxZeka: raises $1.50 to $2.50
fataleggs13: folds 
pipza05: folds 
Uncalled bet ($1.50) returned to xxxZeka
xxxZeka collected $2.50 from pot
xxxZeka: doesn't show hand 
*** SUMMARY ***
Total pot $2.50 | Rake $0 
Seat 1: Artero10 folded before Flop (didn't bet)
Seat 2: xxxZeka (button) collected ($2.50)
Seat 3: fataleggs13 (small blind) folded before Flop
Seat 4: pipza05 (big blind) folded before Flop
Seat 5: Seavus10 folded before Flop (didn't bet)
Seat 6: dervesh folded before Flop (didn't bet)



PokerStars Hand #254739911497:  Hold'em No Limit ($0.50/$1.00 USD) - 2025/02/06 21:27:58 WET [2025/02/06 16:27:58 ET]
Table 'Bodea' 6-max Seat #3 is the button
Seat 1: Artero10 ($128.06 in chips) 
Seat 2: xxxZeka ($101.50 in chips) 
Seat 3: fataleggs13 ($75 in chips) 
Seat 4: pipza05 ($43.40 in chips) 
Seat 5: Seavus10 ($205.27 in chips) 
Seat 6: dervesh ($116.05 in chips) 
pipza05: posts small blind $0.50
Seavus10: posts big blind $1
*** HOLE CARDS ***
dervesh: folds 
Artero10: folds 
xxxZeka: raises $1.50 to $2.50
fataleggs13: folds 
pipza05: calls $2
Seavus10: folds 
*** FLOP *** [7c 6s As]
pipza05: bets $1
xxxZeka: folds 
Uncalled bet ($1) returned to pipza05
pipza05 collected $5.62 from pot
*** SUMMARY ***
Total pot $6 | Rake $0.38 
Board [7c 6s As]
Seat 1: Artero10 folded before Flop (didn't bet)
Seat 2: xxxZeka folded on the Flop
Seat 3: fataleggs13 (button) folded before Flop (didn't bet)
Seat 4: pipza05 (small blind) collected ($5.62)
Seat 5: Seavus10 (big blind) folded before Flop
Seat 6: dervesh folded before Flop (didn't bet)



PokerStars Hand #254739924633:  Hold'em No Limit ($0.50/$1.00 USD) - 2025/02/06 21:28:41 WET [2025/02/06 16:28:41 ET]
Table 'Bodea' 6-max Seat #4 is the button
Seat 1: Artero10 ($128.06 in chips) 
Seat 2: xxxZeka ($100 in chips) 
Seat 3: fataleggs13 ($75 in chips) 
Seat 4: pipza05 ($46.52 in chips) 
Seat 5: Seavus10 ($204.27 in chips) 
Seat 6: dervesh ($116.05 in chips) 
Seavus10: posts small blind $0.50
dervesh: posts big blind $1
*** HOLE CARDS ***
Artero10: folds 
xxxZeka: folds 
fataleggs13: folds 
pipza05: raises $2 to $3
Seavus10: folds 
dervesh: calls $2
*** FLOP *** [Kd 5h 3s]
dervesh: checks 
pipza05: bets $3
dervesh: calls $3
*** TURN *** [Kd 5h 3s] [Ad]
dervesh: checks 
pipza05: checks 
*** RIVER *** [Kd 5h 3s Ad] [Jd]
dervesh: bets $8.91
pipza05: folds 
Uncalled bet ($8.91) returned to dervesh
dervesh collected $11.88 from pot
dervesh: doesn't show hand 
*** SUMMARY ***
Total pot $12.50 | Rake $0.62 
Board [Kd 5h 3s Ad Jd]
Seat 1: Artero10 folded before Flop (didn't bet)
Seat 2: xxxZeka folded before Flop (didn't bet)
Seat 3: fataleggs13 folded before Flop (didn't bet)
Seat 4: pipza05 (button) folded on the River
Seat 5: Seavus10 (small blind) folded before Flop
Seat 6: dervesh (big blind) collected ($11.88)



PokerStars Hand #254739939497:  Hold'em No Limit ($0.50/$1.00 USD) - 2025/02/06 21:29:29 WET [2025/02/06 16:29:29 ET]
Table 'Bodea' 6-max Seat #5 is the button
Seat 1: Artero10 ($128.06 in chips) 
Seat 2: xxxZeka ($100 in chips) 
Seat 3: fataleggs13 ($75 in chips) 
Seat 4: pipza05 ($40.52 in chips) 
Seat 5: Seavus10 ($203.77 in chips) 
Seat 6: dervesh ($121.93 in chips) 
dervesh: posts small blind $0.50
Artero10: posts big blind $1
*** HOLE CARDS ***
xxxZeka: folds 
xxxZeka leaves the table
JUANS2 joins the table at seat #2 
fataleggs13: folds 
pipza05: folds 
Seavus10: folds 
dervesh: raises $2 to $3
Artero10: folds 
Uncalled bet ($2) returned to dervesh
dervesh collected $2 from pot
dervesh: doesn't show hand 
*** SUMMARY ***
Total pot $2 | Rake $0 
Seat 1: Artero10 (big blind) folded before Flop
Seat 2: xxxZeka folded before Flop (didn't bet)
Seat 3: fataleggs13 folded before Flop (didn't bet)
Seat 4: pipza05 folded before Flop (didn't bet)
Seat 5: Seavus10 (button) folded before Flop (didn't bet)
Seat 6: dervesh (small blind) collected ($2)



PokerStars Hand #254739953526:  Hold'em No Limit ($0.50/$1.00 USD) - 2025/02/06 21:30:14 WET [2025/02/06 16:30:14 ET]
Table 'Bodea' 6-max Seat #6 is the button
Seat 1: Artero10 ($127.06 in chips) 
Seat 2: JUANS2 ($100 in chips) 
Seat 3: fataleggs13 ($75 in chips) 
Seat 4: pipza05 ($40.52 in chips) 
Seat 5: Seavus10 ($203.77 in chips) 
Seat 6: dervesh ($122.93 in chips) 
Artero10: posts small blind $0.50
JUANS2: posts big blind $1
*** HOLE CARDS ***
fataleggs13: raises $1.20 to $2.20
pipza05: calls $2.20
Seavus10: folds 
dervesh: folds 
Artero10: folds 
JUANS2: folds 
*** FLOP *** [4s Jh Ad]
fataleggs13: bets $1.96
pipza05: calls $1.96
*** TURN *** [4s Jh Ad] [5h]
fataleggs13: bets $7
pipza05: calls $7
*** RIVER *** [4s Jh Ad 5h] [9c]
fataleggs13: bets $63.84 and is all-in
pipza05: folds 
Uncalled bet ($63.84) returned to fataleggs13
fataleggs13 collected $22.63 from pot
fataleggs13: doesn't show hand 
*** SUMMARY ***
Total pot $23.82 | Rake $1.19 
Board [4s Jh Ad 5h 9c]
Seat 1: Artero10 (small blind) folded before Flop
Seat 2: JUANS2 (big blind) folded before Flop
Seat 3: fataleggs13 collected ($22.63)
Seat 4: pipza05 folded on the River
Seat 5: Seavus10 folded before Flop (didn't bet)
Seat 6: dervesh (button) folded before Flop (didn't bet)



PokerStars Hand #254739972208:  Hold'em No Limit ($0.50/$1.00 USD) - 2025/02/06 21:31:14 WET [2025/02/06 16:31:14 ET]
Table 'Bodea' 6-max Seat #1 is the button
Seat 1: Artero10 ($126.56 in chips) 
Seat 2: JUANS2 ($100 in chips) 
Seat 3: fataleggs13 ($86.47 in chips) 
Seat 4: pipza05 ($29.36 in chips) 
Seat 5: Seavus10 ($203.77 in chips) 
Seat 6: dervesh ($122.93 in chips) 
JUANS2: posts small blind $0.50
fataleggs13: posts big blind $1
*** HOLE CARDS ***
pipza05: folds 
Seavus10: folds 
dervesh: folds 
Artero10 has timed out
Artero10: folds 
JUANS2: raises $2 to $3
fataleggs13: folds 
Uncalled bet ($2) returned to JUANS2
JUANS2 collected $2 from pot
JUANS2: doesn't show hand 
*** SUMMARY ***
Total pot $2 | Rake $0 
Seat 1: Artero10 (button) folded before Flop (didn't bet)
Seat 2: JUANS2 (small blind) collected ($2)
Seat 3: fataleggs13 (big blind) folded before Flop
Seat 4: pipza05 folded before Flop (didn't bet)
Seat 5: Seavus10 folded before Flop (didn't bet)
Seat 6: dervesh folded before Flop (didn't bet)



PokerStars Hand #254739981651:  Hold'em No Limit ($0.50/$1.00 USD) - 2025/02/06 21:31:44 WET [2025/02/06 16:31:44 ET]
Table 'Bodea' 6-max Seat #2 is the button
Seat 1: Artero10 ($126.56 in chips) 
Seat 2: JUANS2 ($101 in chips) 
Seat 3: fataleggs13 ($85.47 in chips) 
Seat 4: pipza05 ($29.36 in chips) 
Seat 5: Seavus10 ($203.77 in chips) 
Seat 6: dervesh ($122.93 in chips) 
fataleggs13: posts small blind $0.50
pipza05: posts big blind $1
*** HOLE CARDS ***
Seavus10: raises $1.20 to $2.20
dervesh: folds 
Artero10: raises $5.30 to $7.50
JUANS2: folds 
fataleggs13: folds 
pipza05: calls $6.50
Seavus10: folds 
*** FLOP *** [Qh 7d As]
pipza05: bets $21.86 and is all-in
Artero10: calls $21.86
*** TURN *** [Qh 7d As] [Kh]
*** RIVER *** [Qh 7d As Kh] [Ah]
*** SHOW DOWN ***
pipza05: shows [Jc Th] (a straight, Ten to Ace)
Artero10: shows [Ac Js] (three of a kind, Aces)
pipza05 collected $58.30 from pot
*** SUMMARY ***
Total pot $61.42 | Rake $3.12 
Board [Qh 7d As Kh Ah]
Seat 1: Artero10 showed [Ac Js] and lost with three of a kind, Aces
Seat 2: JUANS2 (button) folded before Flop (didn't bet)
Seat 3: fataleggs13 (small blind) folded before Flop
Seat 4: pipza05 (big blind) showed [Jc Th] and won ($58.30) with a straight, Ten to Ace
Seat 5: Seavus10 folded before Flop
Seat 6: dervesh folded before Flop (didn't bet)



PokerStars Hand #254739993913:  Hold'em No Limit ($0.50/$1.00 USD) - 2025/02/06 21:32:24 WET [2025/02/06 16:32:24 ET]
Table 'Bodea' 6-max Seat #3 is the button
Seat 1: Artero10 ($97.20 in chips) 
Seat 2: JUANS2 ($101 in chips) 
Seat 3: fataleggs13 ($84.97 in chips) 
Seat 4: pipza05 ($58.30 in chips) 
Seat 5: Seavus10 ($201.57 in chips) 
Seat 6: dervesh ($122.93 in chips) 
pipza05: posts small blind $0.50
Seavus10: posts big blind $1
*** HOLE CARDS ***
dervesh: folds 
Artero10: folds 
JUANS2: raises $1.50 to $2.50
fataleggs13: raises $5 to $7.50
pipza05: folds 
Seavus10: folds 
JUANS2: raises $13 to $20.50
fataleggs13: folds 
Uncalled bet ($13) returned to JUANS2
JUANS2 collected $16.50 from pot
JUANS2: doesn't show hand 
*** SUMMARY ***
Total pot $16.50 | Rake $0 
Seat 1: Artero10 folded before Flop (didn't bet)
Seat 2: JUANS2 collected ($16.50)
Seat 3: fataleggs13 (button) folded before Flop
Seat 4: pipza05 (small blind) folded before Flop
Seat 5: Seavus10 (big blind) folded before Flop
Seat 6: dervesh folded before Flop (didn't bet)



PokerStars Hand #254740005834:  Hold'em No Limit ($0.50/$1.00 USD) - 2025/02/06 21:33:03 WET [2025/02/06 16:33:03 ET]
Table 'Bodea' 6-max Seat #4 is the button
Seat 1: Artero10 ($97.20 in chips) 
Seat 2: JUANS2 ($110 in chips) 
Seat 3: fataleggs13 ($77.47 in chips) 
Seat 4: pipza05 ($57.80 in chips) 
Seat 5: Seavus10 ($200.57 in chips) 
Seat 6: dervesh ($122.93 in chips) 
Seavus10: posts small blind $0.50
dervesh: posts big blind $1
*** HOLE CARDS ***
Artero10: folds 
JUANS2: folds 
fataleggs13: folds 
pipza05: folds 
Seavus10: folds 
Uncalled bet ($0.50) returned to dervesh
dervesh collected $1 from pot
dervesh: doesn't show hand 
*** SUMMARY ***
Total pot $1 | Rake $0 
Seat 1: Artero10 folded before Flop (didn't bet)
Seat 2: JUANS2 folded before Flop (didn't bet)
Seat 3: fataleggs13 folded before Flop (didn't bet)
Seat 4: pipza05 (button) folded before Flop (didn't bet)
Seat 5: Seavus10 (small blind) folded before Flop
Seat 6: dervesh (big blind) collected ($1)



PokerStars Hand #254740010260:  Hold'em No Limit ($0.50/$1.00 USD) - 2025/02/06 21:33:17 WET [2025/02/06 16:33:17 ET]
Table 'Bodea' 6-max Seat #5 is the button
Seat 1: Artero10 ($97.20 in chips) 
Seat 2: JUANS2 ($110 in chips) 
Seat 3: fataleggs13 ($77.47 in chips) 
Seat 4: pipza05 ($57.80 in chips) 
Seat 5: Seavus10 ($200.07 in chips) 
Seat 6: dervesh ($123.43 in chips) 
dervesh: posts small blind $0.50
Artero10: posts big blind $1
*** HOLE CARDS ***
JUANS2: folds 
fataleggs13: folds 
pipza05: folds 
Seavus10: folds 
dervesh: folds 
Uncalled bet ($0.50) returned to Artero10
Artero10 collected $1 from pot
*** SUMMARY ***
Total pot $1 | Rake $0 
Seat 1: Artero10 (big blind) collected ($1)
Seat 2: JUANS2 folded before Flop (didn't bet)
Seat 3: fataleggs13 folded before Flop (didn't bet)
Seat 4: pipza05 folded before Flop (didn't bet)
Seat 5: Seavus10 (button) folded before Flop (didn't bet)
Seat 6: dervesh (small blind) folded before Flop



PokerStars Hand #254740014776:  Hold'em No Limit ($0.50/$1.00 USD) - 2025/02/06 21:33:32 WET [2025/02/06 16:33:32 ET]
Table 'Bodea' 6-max Seat #6 is the button
Seat 1: Artero10 ($97.70 in chips) 
Seat 2: JUANS2 ($110 in chips) 
Seat 3: fataleggs13 ($77.47 in chips) 
Seat 4: pipza05 ($57.80 in chips) 
Seat 5: Seavus10 ($200.07 in chips) 
Seat 6: dervesh ($122.93 in chips) 
Artero10: posts small blind $0.50
JUANS2: posts big blind $1
*** HOLE CARDS ***
fataleggs13 is disconnected 
fataleggs13 has timed out while disconnected
fataleggs13: folds 
pipza05: folds 
Seavus10: raises $1.20 to $2.20
dervesh: calls $2.20
Artero10: calls $1.70
JUANS2: folds 
*** FLOP *** [Jd As Jh]
Artero10: checks 
Seavus10: bets $1.80
dervesh: folds 
Artero10: calls $1.80
*** TURN *** [Jd As Jh] [6c]
Artero10: checks 
Seavus10: checks 
*** RIVER *** [Jd As Jh 6c] [8c]
Artero10: checks 
Seavus10: checks 
*** SHOW DOWN ***
Artero10: shows [4c 4s] (two pair, Jacks and Fours)
Seavus10: shows [Ac 5c] (two pair, Aces and Jacks)
Seavus10 collected $10.64 from pot
*** SUMMARY ***
Total pot $11.20 | Rake $0.56 
Board [Jd As Jh 6c 8c]
Seat 1: Artero10 (small blind) showed [4c 4s] and lost with two pair, Jacks and Fours
Seat 2: JUANS2 (big blind) folded before Flop
Seat 3: fataleggs13 folded before Flop (didn't bet)
Seat 4: pipza05 folded before Flop (didn't bet)
Seat 5: Seavus10 showed [Ac 5c] and won ($10.64) with two pair, Aces and Jacks
Seat 6: dervesh (button) folded on the Flop



PokerStars Hand #254740037137:  Hold'em No Limit ($0.50/$1.00 USD) - 2025/02/06 21:34:45 WET [2025/02/06 16:34:45 ET]
Table 'Bodea' 6-max Seat #1 is the button
Seat 1: Artero10 ($93.70 in chips) 
Seat 2: JUANS2 ($109 in chips) 
Seat 3: fataleggs13 ($77.47 in chips) 
Seat 4: pipza05 ($57.80 in chips) 
Seat 5: Seavus10 ($206.71 in chips) 
Seat 6: dervesh ($120.73 in chips) 
JUANS2: posts small blind $0.50
fataleggs13: posts big blind $1
*** HOLE CARDS ***
pipza05: calls $1
Seavus10: folds 
dervesh: folds 
Artero10: folds 
JUANS2: raises $4.50 to $5.50
fataleggs13 has timed out
fataleggs13: folds 
pipza05: folds 
Uncalled bet ($4.50) returned to JUANS2
JUANS2 collected $3 from pot
JUANS2: doesn't show hand 
*** SUMMARY ***
Total pot $3 | Rake $0 
Seat 1: Artero10 (button) folded before Flop (didn't bet)
Seat 2: JUANS2 (small blind) collected ($3)
Seat 3: fataleggs13 (big blind) folded before Flop
Seat 4: pipza05 folded before Flop
Seat 5: Seavus10 folded before Flop (didn't bet)
Seat 6: dervesh folded before Flop (didn't bet)



PokerStars Hand #254740050766:  Hold'em No Limit ($0.50/$1.00 USD) - 2025/02/06 21:35:30 WET [2025/02/06 16:35:30 ET]
Table 'Bodea' 6-max Seat #2 is the button
Seat 3: fataleggs13 ($76.47 in chips) is sitting out
Seat 1: Artero10 ($93.70 in chips) 
Seat 2: JUANS2 ($111 in chips) 
Seat 4: pipza05 ($56.80 in chips) 
Seat 5: Seavus10 ($206.71 in chips) 
Seat 6: dervesh ($120.73 in chips) 
pipza05: posts small blind $0.50
Seavus10: posts big blind $1
*** HOLE CARDS ***
dervesh: folds 
Artero10: folds 
JUANS2: raises $1.50 to $2.50
pipza05: calls $2
fataleggs13 leaves the table
Seavus10: raises $11.05 to $13.55
JUANS2: folds 
pipza05: calls $11.05
*** FLOP *** [2h Ad 7d]
pipza05: checks 
MaRKiToScoK joins the table at seat #3 
Seavus10: bets $7.03
pipza05: folds 
Uncalled bet ($7.03) returned to Seavus10
Seavus10 collected $28.12 from pot
Seavus10: doesn't show hand 
*** SUMMARY ***
Total pot $29.60 | Rake $1.48 
Board [2h Ad 7d]
Seat 3: fataleggs13
Seat 1: Artero10 folded before Flop (didn't bet)
Seat 2: JUANS2 (button) folded before Flop
Seat 4: pipza05 (small blind) folded on the Flop
Seat 5: Seavus10 (big blind) collected ($28.12)
Seat 6: dervesh folded before Flop (didn't bet)



PokerStars Hand #254740067169:  Hold'em No Limit ($0.50/$1.00 USD) - 2025/02/06 21:36:24 WET [2025/02/06 16:36:24 ET]
Table 'Bodea' 6-max Seat #4 is the button
Seat 3: MaRKiToScoK ($106.50 in chips) is sitting out
Seat 1: Artero10 ($93.70 in chips) 
Seat 2: JUANS2 ($108.50 in chips) 
Seat 4: pipza05 ($43.25 in chips) 
Seat 5: Seavus10 ($221.28 in chips) 
Seat 6: dervesh ($120.73 in chips) 
Seavus10: posts small blind $0.50
dervesh: posts big blind $1
MaRKiToScoK: sits out 
*** HOLE CARDS ***
Artero10: folds 
JUANS2: folds 
pipza05: folds 
Seavus10: folds 
Uncalled bet ($0.50) returned to dervesh
dervesh collected $1 from pot
dervesh: doesn't show hand 
*** SUMMARY ***
Total pot $1 | Rake $0 
Seat 3: MaRKiToScoK
Seat 1: Artero10 folded before Flop (didn't bet)
Seat 2: JUANS2 folded before Flop (didn't bet)
Seat 4: pipza05 (button) folded before Flop (didn't bet)
Seat 5: Seavus10 (small blind) folded before Flop
Seat 6: dervesh (big blind) collected ($1)



PokerStars Hand #254740075565:  Hold'em No Limit ($0.50/$1.00 USD) - 2025/02/06 21:36:52 WET [2025/02/06 16:36:52 ET]
Table 'Bodea' 6-max Seat #5 is the button
Seat 3: MaRKiToScoK ($106.50 in chips) is sitting out
Seat 1: Artero10 ($93.70 in chips) 
Seat 2: JUANS2 ($108.50 in chips) 
Seat 4: pipza05 ($43.25 in chips) 
Seat 5: Seavus10 ($220.78 in chips) 
Seat 6: dervesh ($121.23 in chips) 
dervesh: posts small blind $0.50
Artero10: posts big blind $1
MaRKiToScoK: sits out 
*** HOLE CARDS ***
JUANS2: raises $1.20 to $2.20
pipza05: folds 
Seavus10: folds 
dervesh: folds 
Artero10: calls $1.20
*** FLOP *** [7c 3d Jd]
Artero10: checks 
JUANS2: bets $2.33
Artero10: folds 
Uncalled bet ($2.33) returned to JUANS2
JUANS2 collected $4.66 from pot
JUANS2: doesn't show hand 
*** SUMMARY ***
Total pot $4.90 | Rake $0.24 
Board [7c 3d Jd]
Seat 3: MaRKiToScoK
Seat 1: Artero10 (big blind) folded on the Flop
Seat 2: JUANS2 collected ($4.66)
Seat 4: pipza05 folded before Flop (didn't bet)
Seat 5: Seavus10 (button) folded before Flop (didn't bet)
Seat 6: dervesh (small blind) folded before Flop



PokerStars Hand #254740084189:  Hold'em No Limit ($0.50/$1.00 USD) - 2025/02/06 21:37:20 WET [2025/02/06 16:37:20 ET]
Table 'Bodea' 6-max Seat #6 is the button
Seat 3: MaRKiToScoK ($106.50 in chips) is sitting out
Seat 1: Artero10 ($100 in chips) 
Seat 2: JUANS2 ($110.96 in chips) 
Seat 4: pipza05 ($43.25 in chips) 
Seat 5: Seavus10 ($220.78 in chips) 
Seat 6: dervesh ($120.73 in chips) 
Artero10: posts small blind $0.50
JUANS2: posts big blind $1
MaRKiToScoK: sits out 
*** HOLE CARDS ***
pipza05: calls $1
Seavus10: folds 
dervesh: folds 
Artero10: calls $0.50
JUANS2: raises $5.50 to $6.50
pipza05: calls $5.50
Artero10: folds 
*** FLOP *** [4d 3s Ad]
JUANS2: checks 
pipza05: checks 
*** TURN *** [4d 3s Ad] [4s]
JUANS2: bets $9.98
pipza05: folds 
Uncalled bet ($9.98) returned to JUANS2
JUANS2 collected $13.30 from pot
JUANS2: doesn't show hand 
*** SUMMARY ***
Total pot $14 | Rake $0.70 
Board [4d 3s Ad 4s]
Seat 3: MaRKiToScoK
Seat 1: Artero10 (small blind) folded before Flop
Seat 2: JUANS2 (big blind) collected ($13.30)
Seat 4: pipza05 folded on the Turn
Seat 5: Seavus10 folded before Flop (didn't bet)
Seat 6: dervesh (button) folded before Flop (didn't bet)



PokerStars Hand #254740098487:  Hold'em No Limit ($0.50/$1.00 USD) - 2025/02/06 21:38:07 WET [2025/02/06 16:38:07 ET]
Table 'Bodea' 6-max Seat #1 is the button
Seat 1: Artero10 ($99 in chips) 
Seat 2: JUANS2 ($117.76 in chips) 
Seat 3: MaRKiToScoK ($106.50 in chips) 
Seat 4: pipza05 ($36.75 in chips) 
Seat 5: Seavus10 ($220.78 in chips) 
Seat 6: dervesh ($120.73 in chips) 
JUANS2: posts small blind $0.50
MaRKiToScoK: posts big blind $1
*** HOLE CARDS ***
pipza05: folds 
Seavus10: raises $1.20 to $2.20
dervesh: folds 
Artero10: raises $5.30 to $7.50
JUANS2: raises $12.50 to $20
MaRKiToScoK: folds 
Seavus10: folds 
Artero10: folds 
Uncalled bet ($12.50) returned to JUANS2
JUANS2 collected $18.20 from pot
JUANS2: doesn't show hand 
*** SUMMARY ***
Total pot $18.20 | Rake $0 
Seat 1: Artero10 (button) folded before Flop
Seat 2: JUANS2 (small blind) collected ($18.20)
Seat 3: MaRKiToScoK (big blind) folded before Flop
Seat 4: pipza05 folded before Flop (didn't bet)
Seat 5: Seavus10 folded before Flop
Seat 6: dervesh folded before Flop (didn't bet)



PokerStars Hand #254740115077:  Hold'em No Limit ($0.50/$1.00 USD) - 2025/02/06 21:39:00 WET [2025/02/06 16:39:00 ET]
Table 'Bodea' 6-max Seat #2 is the button
Seat 1: Artero10 ($91.50 in chips) 
Seat 2: JUANS2 ($128.46 in chips) 
Seat 3: MaRKiToScoK ($105.50 in chips) 
Seat 4: pipza05 ($36.75 in chips) 
Seat 5: Seavus10 ($218.58 in chips) 
Seat 6: dervesh ($120.73 in chips) 
MaRKiToScoK: posts small blind $0.50
pipza05: posts big blind $1
*** HOLE CARDS ***
Seavus10: folds 
dervesh: folds 
Artero10: raises $1.10 to $2.10
JUANS2: folds 
MaRKiToScoK: folds 
pipza05: calls $1.10
*** FLOP *** [6c As 8d]
pipza05: checks 
Artero10: bets $1.50
pipza05: calls $1.50
*** TURN *** [6c As 8d] [3c]
pipza05: checks 
Artero10: bets $3.66
pipza05: folds 
Uncalled bet ($3.66) returned to Artero10
Artero10 collected $7.32 from pot
*** SUMMARY ***
Total pot $7.70 | Rake $0.38 
Board [6c As 8d 3c]
Seat 1: Artero10 collected ($7.32)
Seat 2: JUANS2 (button) folded before Flop (didn't bet)
Seat 3: MaRKiToScoK (small blind) folded before Flop
Seat 4: pipza05 (big blind) folded on the Turn
Seat 5: Seavus10 folded before Flop (didn't bet)
Seat 6: dervesh folded before Flop (didn't bet)



PokerStars Hand #254740130961:  Hold'em No Limit ($0.50/$1.00 USD) - 2025/02/06 21:39:53 WET [2025/02/06 16:39:53 ET]
Table 'Bodea' 6-max Seat #3 is the button
Seat 1: Artero10 ($100 in chips) 
Seat 2: JUANS2 ($128.46 in chips) 
Seat 3: MaRKiToScoK ($105 in chips) 
Seat 4: pipza05 ($33.15 in chips) 
Seat 5: Seavus10 ($218.58 in chips) 
Seat 6: dervesh ($120.73 in chips) 
pipza05: posts small blind $0.50
Seavus10: posts big blind $1
*** HOLE CARDS ***
dervesh: raises $1.50 to $2.50
Artero10: folds 
JUANS2: folds 
MaRKiToScoK: folds 
pipza05: raises $2.50 to $5
Seavus10: folds 
dervesh: raises $14 to $19
pipza05: raises $14.15 to $33.15 and is all-in
dervesh: calls $14.15
*** FLOP *** [5d 2c 7d]
*** TURN *** [5d 2c 7d] [8h]
*** RIVER *** [5d 2c 7d 8h] [Jh]
*** SHOW DOWN ***
pipza05: shows [8c Ac] (a pair of Eights)
dervesh: shows [As Ks] (high card Ace)
pipza05 collected $64.18 from pot
*** SUMMARY ***
Total pot $67.30 | Rake $3.12 
Board [5d 2c 7d 8h Jh]
Seat 1: Artero10 folded before Flop (didn't bet)
Seat 2: JUANS2 folded before Flop (didn't bet)
Seat 3: MaRKiToScoK (button) folded before Flop (didn't bet)
Seat 4: pipza05 (small blind) showed [8c Ac] and won ($64.18) with a pair of Eights
Seat 5: Seavus10 (big blind) folded before Flop
Seat 6: dervesh showed [As Ks] and lost with high card Ace



PokerStars Hand #254740146664:  Hold'em No Limit ($0.50/$1.00 USD) - 2025/02/06 21:40:45 WET [2025/02/06 16:40:45 ET]
Table 'Bodea' 6-max Seat #4 is the button
Seat 1: Artero10 ($100 in chips) 
Seat 2: JUANS2 ($128.46 in chips) 
Seat 3: MaRKiToScoK ($105 in chips) 
Seat 4: pipza05 ($64.18 in chips) 
Seat 5: Seavus10 ($217.58 in chips) 
Seat 6: dervesh ($100 in chips) 
Seavus10: posts small blind $0.50
dervesh: posts big blind $1
*** HOLE CARDS ***
Artero10: folds 
JUANS2: folds 
MaRKiToScoK: folds 
pipza05: folds 
Seavus10: folds 
Uncalled bet ($0.50) returned to dervesh
dervesh collected $1 from pot
dervesh: doesn't show hand 
*** SUMMARY ***
Total pot $1 | Rake $0 
Seat 1: Artero10 folded before Flop (didn't bet)
Seat 2: JUANS2 folded before Flop (didn't bet)
Seat 3: MaRKiToScoK folded before Flop (didn't bet)
Seat 4: pipza05 (button) folded before Flop (didn't bet)
Seat 5: Seavus10 (small blind) folded before Flop
Seat 6: dervesh (big blind) collected ($1)



PokerStars Hand #254740151296:  Hold'em No Limit ($0.50/$1.00 USD) - 2025/02/06 21:41:00 WET [2025/02/06 16:41:00 ET]
Table 'Bodea' 6-max Seat #5 is the button
Seat 1: Artero10 ($100 in chips) 
Seat 2: JUANS2 ($128.46 in chips) 
Seat 3: MaRKiToScoK ($105 in chips) 
Seat 4: pipza05 ($64.18 in chips) 
Seat 5: Seavus10 ($217.08 in chips) 
Seat 6: dervesh ($100.50 in chips) 
dervesh: posts small blind $0.50
Artero10: posts big blind $1
*** HOLE CARDS ***
JUANS2: folds 
MaRKiToScoK: folds 
pipza05: calls $1
Seavus10: folds 
dervesh: calls $0.50
Artero10: checks 
*** FLOP *** [Kd 9h Qs]
dervesh: checks 
Artero10: checks 
pipza05: checks 
*** TURN *** [Kd 9h Qs] [3h]
dervesh: checks 
Artero10: checks 
pipza05: checks 
*** RIVER *** [Kd 9h Qs 3h] [As]
dervesh: checks 
Artero10: bets $3
pipza05: raises $4.43 to $7.43
dervesh: folds 
Artero10: calls $4.43
*** SHOW DOWN ***
pipza05: shows [Ad 9s] (two pair, Aces and Nines)
Artero10: mucks hand 
pipza05 collected $16.75 from pot
*** SUMMARY ***
Total pot $17.86 | Rake $1.11 
Board [Kd 9h Qs 3h As]
Seat 1: Artero10 (big blind) mucked
Seat 2: JUANS2 folded before Flop (didn't bet)
Seat 3: MaRKiToScoK folded before Flop (didn't bet)
Seat 4: pipza05 showed [Ad 9s] and won ($16.75) with two pair, Aces and Nines
Seat 5: Seavus10 (button) folded before Flop (didn't bet)
Seat 6: dervesh (small blind) folded on the River



PokerStars Hand #254740164935:  Hold'em No Limit ($0.50/$1.00 USD) - 2025/02/06 21:41:45 WET [2025/02/06 16:41:45 ET]
Table 'Bodea' 6-max Seat #6 is the button
Seat 1: Artero10 ($91.57 in chips) 
Seat 2: JUANS2 ($128.46 in chips) 
Seat 3: MaRKiToScoK ($105 in chips) 
Seat 4: pipza05 ($72.50 in chips) 
Seat 5: Seavus10 ($217.08 in chips) 
Seat 6: dervesh ($100 in chips) 
Artero10: posts small blind $0.50
JUANS2: posts big blind $1
*** HOLE CARDS ***
MaRKiToScoK: folds 
pipza05: folds 
Seavus10: folds 
dervesh: raises $1.50 to $2.50
Artero10: folds 
JUANS2: calls $1.50
*** FLOP *** [7d 6d 4h]
JUANS2: checks 
dervesh: bets $1.72
JUANS2: raises $3.78 to $5.50
dervesh: folds 
Uncalled bet ($3.78) returned to JUANS2
JUANS2 collected $8.49 from pot
JUANS2: doesn't show hand 
*** SUMMARY ***
Total pot $8.94 | Rake $0.45 
Board [7d 6d 4h]
Seat 1: Artero10 (small blind) folded before Flop
Seat 2: JUANS2 (big blind) collected ($8.49)
Seat 3: MaRKiToScoK folded before Flop (didn't bet)
Seat 4: pipza05 folded before Flop (didn't bet)
Seat 5: Seavus10 folded before Flop (didn't bet)
Seat 6: dervesh (button) folded on the Flop



PokerStars Hand #254740178384:  Hold'em No Limit ($0.50/$1.00 USD) - 2025/02/06 21:42:29 WET [2025/02/06 16:42:29 ET]
Table 'Bodea' 6-max Seat #1 is the button
Seat 1: Artero10 ($99.50 in chips) 
Seat 2: JUANS2 ($132.73 in chips) 
Seat 3: MaRKiToScoK ($105 in chips) 
Seat 4: pipza05 ($72.50 in chips) 
Seat 5: Seavus10 ($217.08 in chips) 
Seat 6: dervesh ($100 in chips) 
JUANS2: posts small blind $0.50
MaRKiToScoK: posts big blind $1
*** HOLE CARDS ***
pipza05: calls $1
Seavus10: folds 
dervesh: folds 
Artero10: folds 
JUANS2: folds 
MaRKiToScoK: checks 
*** FLOP *** [8d Jh 3s]
MaRKiToScoK: checks 
pipza05: bets $1
MaRKiToScoK: calls $1
*** TURN *** [8d Jh 3s] [6h]
MaRKiToScoK: checks 
pipza05: checks 
*** RIVER *** [8d Jh 3s 6h] [2c]
MaRKiToScoK: checks 
pipza05: checks 
*** SHOW DOWN ***
MaRKiToScoK: shows [3c 5c] (a pair of Threes)
pipza05: mucks hand 
MaRKiToScoK collected $4.28 from pot
*** SUMMARY ***
Total pot $4.50 | Rake $0.22 
Board [8d Jh 3s 6h 2c]
Seat 1: Artero10 (button) folded before Flop (didn't bet)
Seat 2: JUANS2 (small blind) folded before Flop
Seat 3: MaRKiToScoK (big blind) showed [3c 5c] and won ($4.28) with a pair of Threes
Seat 4: pipza05 mucked
Seat 5: Seavus10 folded before Flop (didn't bet)
Seat 6: dervesh folded before Flop (didn't bet)



PokerStars Hand #254740188343:  Hold'em No Limit ($0.50/$1.00 USD) - 2025/02/06 21:43:02 WET [2025/02/06 16:43:02 ET]
Table 'Bodea' 6-max Seat #2 is the button
Seat 1: Artero10 ($99.50 in chips) 
Seat 2: JUANS2 ($132.23 in chips) 
Seat 3: MaRKiToScoK ($107.28 in chips) 
Seat 4: pipza05 ($70.50 in chips) 
Seat 5: Seavus10 ($217.08 in chips) 
Seat 6: dervesh ($100 in chips) 
MaRKiToScoK: posts small blind $0.50
pipza05: posts big blind $1
*** HOLE CARDS ***
Seavus10: folds 
dervesh: folds 
Artero10: folds 
JUANS2: folds 
MaRKiToScoK: folds 
Uncalled bet ($0.50) returned to pipza05
pipza05 collected $1 from pot
*** SUMMARY ***
Total pot $1 | Rake $0 
Seat 1: Artero10 folded before Flop (didn't bet)
Seat 2: JUANS2 (button) folded before Flop (didn't bet)
Seat 3: MaRKiToScoK (small blind) folded before Flop
Seat 4: pipza05 (big blind) collected ($1)
Seat 5: Seavus10 folded before Flop (didn't bet)
Seat 6: dervesh folded before Flop (didn't bet)



PokerStars Hand #254740191892:  Hold'em No Limit ($0.50/$1.00 USD) - 2025/02/06 21:43:14 WET [2025/02/06 16:43:14 ET]
Table 'Bodea' 6-max Seat #3 is the button
Seat 1: Artero10 ($99.50 in chips) 
Seat 2: JUANS2 ($132.23 in chips) 
Seat 3: MaRKiToScoK ($106.78 in chips) 
Seat 4: pipza05 ($71 in chips) 
Seat 5: Seavus10 ($217.08 in chips) 
Seat 6: dervesh ($100 in chips) 
pipza05: posts small blind $0.50
Seavus10: posts big blind $1
*** HOLE CARDS ***
dervesh: folds 
Artero10: folds 
JUANS2: folds 
MaRKiToScoK: folds 
pipza05: calls $0.50
Seavus10: checks 
*** FLOP *** [As 7s 2c]
pipza05: checks 
Seavus10: checks 
*** TURN *** [As 7s 2c] [Kd]
pipza05: bets $2
Seavus10: folds 
Uncalled bet ($2) returned to pipza05
pipza05 collected $1.88 from pot
*** SUMMARY ***
Total pot $2 | Rake $0.12 
Board [As 7s 2c Kd]
Seat 1: Artero10 folded before Flop (didn't bet)
Seat 2: JUANS2 folded before Flop (didn't bet)
Seat 3: MaRKiToScoK (button) folded before Flop (didn't bet)
Seat 4: pipza05 (small blind) collected ($1.88)
Seat 5: Seavus10 (big blind) folded on the Turn
Seat 6: dervesh folded before Flop (didn't bet)



PokerStars Hand #254740207493:  Hold'em No Limit ($0.50/$1.00 USD) - 2025/02/06 21:44:06 WET [2025/02/06 16:44:06 ET]
Table 'Bodea' 6-max Seat #4 is the button
Seat 1: Artero10 ($99.50 in chips) 
Seat 2: JUANS2 ($132.23 in chips) 
Seat 3: MaRKiToScoK ($106.78 in chips) 
Seat 4: pipza05 ($71.88 in chips) 
Seat 5: Seavus10 ($216.08 in chips) 
Seat 6: dervesh ($100 in chips) 
Seavus10: posts small blind $0.50
dervesh: posts big blind $1
*** HOLE CARDS ***
Artero10: folds 
JUANS2: folds 
MaRKiToScoK: folds 
pipza05: calls $1
Seavus10: folds 
dervesh: checks 
*** FLOP *** [Jd Jc 2d]
dervesh: checks 
pipza05: checks 
*** TURN *** [Jd Jc 2d] [6h]
dervesh: checks 
pipza05: checks 
*** RIVER *** [Jd Jc 2d 6h] [7c]
dervesh: checks 
pipza05: checks 
*** SHOW DOWN ***
dervesh: shows [4h Kc] (a pair of Jacks)
pipza05: mucks hand 
dervesh collected $2.38 from pot
*** SUMMARY ***
Total pot $2.50 | Rake $0.12 
Board [Jd Jc 2d 6h 7c]
Seat 1: Artero10 folded before Flop (didn't bet)
Seat 2: JUANS2 folded before Flop (didn't bet)
Seat 3: MaRKiToScoK folded before Flop (didn't bet)
Seat 4: pipza05 (button) mucked
Seat 5: Seavus10 (small blind) folded before Flop
Seat 6: dervesh (big blind) showed [4h Kc] and won ($2.38) with a pair of Jacks



PokerStars Hand #254740217399:  Hold'em No Limit ($0.50/$1.00 USD) - 2025/02/06 21:44:39 WET [2025/02/06 16:44:39 ET]
Table 'Bodea' 6-max Seat #5 is the button
Seat 1: Artero10 ($99.50 in chips) 
Seat 2: JUANS2 ($132.23 in chips) 
Seat 3: MaRKiToScoK ($106.78 in chips) 
Seat 4: pipza05 ($70.88 in chips) 
Seat 5: Seavus10 ($215.58 in chips) 
Seat 6: dervesh ($101.38 in chips) 
dervesh: posts small blind $0.50
Artero10: posts big blind $1
*** HOLE CARDS ***
JUANS2: raises $1.20 to $2.20
MaRKiToScoK: folds 
pipza05: calls $2.20
Seavus10: folds 
dervesh: folds 
Artero10: calls $1.20
*** FLOP *** [Qs 9h 7c]
Artero10: checks 
JUANS2: checks 
pipza05: checks 
*** TURN *** [Qs 9h 7c] [6d]
Artero10: checks 
JUANS2: checks 
pipza05: checks 
*** RIVER *** [Qs 9h 7c 6d] [4c]
Artero10: checks 
JUANS2: checks 
pipza05: checks 
*** SHOW DOWN ***
Artero10: shows [Td Kd] (high card King)
JUANS2: shows [Ah Js] (high card Ace)
pipza05: shows [5d 5c] (a pair of Fives)
pipza05 collected $6.65 from pot
*** SUMMARY ***
Total pot $7.10 | Rake $0.45 
Board [Qs 9h 7c 6d 4c]
Seat 1: Artero10 (big blind) showed [Td Kd] and lost with high card King
Seat 2: JUANS2 showed [Ah Js] and lost with high card Ace
Seat 3: MaRKiToScoK folded before Flop (didn't bet)
Seat 4: pipza05 showed [5d 5c] and won ($6.65) with a pair of Fives
Seat 5: Seavus10 (button) folded before Flop (didn't bet)
Seat 6: dervesh (small blind) folded before Flop



PokerStars Hand #254740228183:  Hold'em No Limit ($0.50/$1.00 USD) - 2025/02/06 21:45:15 WET [2025/02/06 16:45:15 ET]
Table 'Bodea' 6-max Seat #6 is the button
Seat 1: Artero10 ($97.30 in chips) 
Seat 2: JUANS2 ($130.03 in chips) 
Seat 3: MaRKiToScoK ($106.78 in chips) 
Seat 4: pipza05 ($75.33 in chips) 
Seat 5: Seavus10 ($215.58 in chips) 
Seat 6: dervesh ($100.88 in chips) 
Artero10: posts small blind $0.50
JUANS2: posts big blind $1
*** HOLE CARDS ***
MaRKiToScoK: folds 
pipza05: raises $1 to $2
Seavus10: folds 
dervesh: raises $7.50 to $9.50
Artero10: folds 
JUANS2: folds 
pipza05: calls $7.50
*** FLOP *** [2d Qh 7d]
pipza05: checks 
dervesh: bets $6.43
pipza05: calls $6.43
*** TURN *** [2d Qh 7d] [6d]
pipza05: checks 
dervesh: bets $15.85
pipza05: calls $15.85
*** RIVER *** [2d Qh 7d 6d] [6h]
pipza05: checks 
dervesh: bets $31.28
pipza05: raises $12.27 to $43.55 and is all-in
dervesh: calls $12.27
*** SHOW DOWN ***
pipza05: shows [Th Tc] (two pair, Tens and Sixes)
dervesh: shows [Qc Qd] (a full house, Queens full of Sixes)
dervesh collected $149.66 from pot
*** SUMMARY ***
Total pot $152.16 | Rake $2.50 
Board [2d Qh 7d 6d 6h]
Seat 1: Artero10 (small blind) folded before Flop
Seat 2: JUANS2 (big blind) folded before Flop
Seat 3: MaRKiToScoK folded before Flop (didn't bet)
Seat 4: pipza05 showed [Th Tc] and lost with two pair, Tens and Sixes
Seat 5: Seavus10 folded before Flop (didn't bet)
Seat 6: dervesh (button) showed [Qc Qd] and won ($149.66) with a full house, Queens full of Sixes



PokerStars Hand #254740248072:  Hold'em No Limit ($0.50/$1.00 USD) - 2025/02/06 21:46:20 WET [2025/02/06 16:46:20 ET]
Table 'Bodea' 6-max Seat #1 is the button
Seat 4: pipza05 ($0 in chips) is sitting out
Seat 1: Artero10 ($96.80 in chips) 
Seat 2: JUANS2 ($129.03 in chips) 
Seat 3: MaRKiToScoK ($106.78 in chips) 
Seat 5: Seavus10 ($215.58 in chips) 
Seat 6: dervesh ($175.21 in chips) 
JUANS2: posts small blind $0.50
MaRKiToScoK: posts big blind $1
*** HOLE CARDS ***
pipza05 is disconnected 
Seavus10: folds 
dervesh: folds 
Artero10: folds 
JUANS2: folds 
Uncalled bet ($0.50) returned to MaRKiToScoK
MaRKiToScoK collected $1 from pot
*** SUMMARY ***
Total pot $1 | Rake $0 
Seat 4: pipza05
Seat 1: Artero10 (button) folded before Flop (didn't bet)
Seat 2: JUANS2 (small blind) folded before Flop
Seat 3: MaRKiToScoK (big blind) collected ($1)
Seat 5: Seavus10 folded before Flop (didn't bet)
Seat 6: dervesh folded before Flop (didn't bet)



PokerStars Hand #254740254343:  Hold'em No Limit ($0.50/$1.00 USD) - 2025/02/06 21:46:41 WET [2025/02/06 16:46:41 ET]
Table 'Bodea' 6-max Seat #2 is the button
Seat 4: pipza05 ($0 in chips) is sitting out
Seat 1: Artero10 ($96.80 in chips) 
Seat 2: JUANS2 ($128.53 in chips) 
Seat 3: MaRKiToScoK ($107.28 in chips) 
Seat 5: Seavus10 ($215.58 in chips) 
Seat 6: dervesh ($175.21 in chips) 
MaRKiToScoK: posts small blind $0.50
Seavus10: posts big blind $1
*** HOLE CARDS ***
dervesh: folds 
Artero10: folds 
JUANS2: raises $1.50 to $2.50
MaRKiToScoK: folds 
Seavus10: raises $11.05 to $13.55
JUANS2: folds 
Uncalled bet ($11.05) returned to Seavus10
Seavus10 collected $5.50 from pot
Seavus10: doesn't show hand 
*** SUMMARY ***
Total pot $5.50 | Rake $0 
Seat 4: pipza05
Seat 1: Artero10 folded before Flop (didn't bet)
Seat 2: JUANS2 (button) folded before Flop
Seat 3: MaRKiToScoK (small blind) folded before Flop
Seat 5: Seavus10 (big blind) collected ($5.50)
Seat 6: dervesh folded before Flop (didn't bet)



PokerStars Hand #254740268024:  Hold'em No Limit ($0.50/$1.00 USD) - 2025/02/06 21:47:26 WET [2025/02/06 16:47:26 ET]
Table 'Bodea' 6-max Seat #3 is the button
Seat 4: pipza05 ($0 in chips) is sitting out
Seat 1: Artero10 ($96.80 in chips) 
Seat 2: JUANS2 ($126.03 in chips) 
Seat 3: MaRKiToScoK ($106.78 in chips) 
Seat 5: Seavus10 ($218.58 in chips) 
Seat 6: dervesh ($175.21 in chips) 
Seavus10: posts small blind $0.50
dervesh: posts big blind $1
*** HOLE CARDS ***
Artero10: folds 
JUANS2: folds 
MaRKiToScoK: folds 
Seavus10: raises $2 to $3
dervesh: folds 
Uncalled bet ($2) returned to Seavus10
Seavus10 collected $2 from pot
Seavus10: doesn't show hand 
*** SUMMARY ***
Total pot $2 | Rake $0 
Seat 4: pipza05
Seat 1: Artero10 folded before Flop (didn't bet)
Seat 2: JUANS2 folded before Flop (didn't bet)
Seat 3: MaRKiToScoK (button) folded before Flop (didn't bet)
Seat 5: Seavus10 (small blind) collected ($2)
Seat 6: dervesh (big blind) folded before Flop



PokerStars Hand #254740273562:  Hold'em No Limit ($0.50/$1.00 USD) - 2025/02/06 21:47:45 WET [2025/02/06 16:47:45 ET]
Table 'Bodea' 6-max Seat #5 is the button
Seat 4: pipza05 ($0 in chips) is sitting out
Seat 1: Artero10 ($96.80 in chips) 
Seat 2: JUANS2 ($126.03 in chips) 
Seat 3: MaRKiToScoK ($106.78 in chips) 
Seat 5: Seavus10 ($219.58 in chips) 
Seat 6: dervesh ($174.21 in chips) 
dervesh: posts small blind $0.50
Artero10: posts big blind $1
*** HOLE CARDS ***
JUANS2: raises $1.20 to $2.20
MaRKiToScoK: folds 
Seavus10: raises $5 to $7.20
dervesh: folds 
Artero10: folds 
JUANS2: raises $13.30 to $20.50
Seavus10: folds 
Uncalled bet ($13.30) returned to JUANS2
JUANS2 collected $15.90 from pot
JUANS2: doesn't show hand 
*** SUMMARY ***
Total pot $15.90 | Rake $0 
Seat 4: pipza05
Seat 1: Artero10 (big blind) folded before Flop
Seat 2: JUANS2 collected ($15.90)
Seat 3: MaRKiToScoK folded before Flop (didn't bet)
Seat 5: Seavus10 (button) folded before Flop
Seat 6: dervesh (small blind) folded before Flop



PokerStars Hand #254740288589:  Hold'em No Limit ($0.50/$1.00 USD) - 2025/02/06 21:48:35 WET [2025/02/06 16:48:35 ET]
Table 'Bodea' 6-max Seat #6 is the button
Seat 4: pipza05 ($0 in chips) is sitting out
Seat 1: Artero10 ($95.80 in chips) 
Seat 2: JUANS2 ($134.73 in chips) 
Seat 3: MaRKiToScoK ($106.78 in chips) 
Seat 5: Seavus10 ($212.38 in chips) 
Seat 6: dervesh ($173.71 in chips) 
Artero10: posts small blind $0.50
JUANS2: posts big blind $1
*** HOLE CARDS ***
MaRKiToScoK: folds 
Seavus10: folds 
dervesh: raises $1.50 to $2.50
Artero10: folds 
JUANS2: calls $1.50
*** FLOP *** [8d 9h 7s]
JUANS2: checks 
dervesh: bets $1.72
JUANS2: calls $1.72
*** TURN *** [8d 9h 7s] [5s]
JUANS2: bets $2.80
dervesh: folds 
Uncalled bet ($2.80) returned to JUANS2
JUANS2 collected $8.49 from pot
JUANS2: doesn't show hand 
*** SUMMARY ***
Total pot $8.94 | Rake $0.45 
Board [8d 9h 7s 5s]
Seat 4: pipza05
Seat 1: Artero10 (small blind) folded before Flop
Seat 2: JUANS2 (big blind) collected ($8.49)
Seat 3: MaRKiToScoK folded before Flop (didn't bet)
Seat 5: Seavus10 folded before Flop (didn't bet)
Seat 6: dervesh (button) folded on the Turn



PokerStars Hand #254740301245:  Hold'em No Limit ($0.50/$1.00 USD) - 2025/02/06 21:49:17 WET [2025/02/06 16:49:17 ET]
Table 'Bodea' 6-max Seat #1 is the button
Seat 3: MaRKiToScoK ($106.78 in chips) is sitting out
Seat 4: pipza05 ($0 in chips) is sitting out
Seat 1: Artero10 ($95.30 in chips) 
Seat 2: JUANS2 ($139 in chips) 
Seat 5: Seavus10 ($212.38 in chips) 
Seat 6: dervesh ($169.49 in chips) 
JUANS2: posts small blind $0.50
MaRKiToScoK: is sitting out 
Seavus10: posts big blind $1
*** HOLE CARDS ***
dervesh: folds 
Artero10: folds 
JUANS2: raises $2 to $3
Seavus10: calls $2
*** FLOP *** [6d Td Th]
JUANS2: bets $2.85
Seavus10: folds 
Uncalled bet ($2.85) returned to JUANS2
JUANS2 collected $5.70 from pot
JUANS2: doesn't show hand 
*** SUMMARY ***
Total pot $6 | Rake $0.30 
Board [6d Td Th]
Seat 3: MaRKiToScoK
Seat 4: pipza05
Seat 1: Artero10 (button) folded before Flop (didn't bet)
Seat 2: JUANS2 (small blind) collected ($5.70)
Seat 5: Seavus10 (big blind) folded on the Flop
Seat 6: dervesh folded before Flop (didn't bet)



PokerStars Hand #254740319110:  Hold'em No Limit ($0.50/$1.00 USD) - 2025/02/06 21:50:17 WET [2025/02/06 16:50:17 ET]
Table 'Bodea' 6-max Seat #2 is the button
Seat 3: MaRKiToScoK ($106.78 in chips) is sitting out
Seat 4: pipza05 ($0 in chips) is sitting out
Seat 1: Artero10 ($95.30 in chips) 
Seat 2: JUANS2 ($141.70 in chips) 
Seat 5: Seavus10 ($209.38 in chips) 
Seat 6: dervesh ($169.49 in chips) 
Seavus10: posts small blind $0.50
dervesh: posts big blind $1
*** HOLE CARDS ***
Artero10: folds 
JUANS2: raises $1.50 to $2.50
Seavus10: folds 
dervesh: calls $1.50
*** FLOP *** [Ad 2c Kh]
dervesh: checks 
JUANS2: checks 
*** TURN *** [Ad 2c Kh] [3d]
dervesh: checks 
JUANS2: checks 
*** RIVER *** [Ad 2c Kh 3d] [3h]
dervesh: checks 
JUANS2: bets $1.20
dervesh: folds 
Uncalled bet ($1.20) returned to JUANS2
JUANS2 collected $5.22 from pot
JUANS2: doesn't show hand 
*** SUMMARY ***
Total pot $5.50 | Rake $0.28 
Board [Ad 2c Kh 3d 3h]
Seat 3: MaRKiToScoK
Seat 4: pipza05
Seat 1: Artero10 folded before Flop (didn't bet)
Seat 2: JUANS2 (button) collected ($5.22)
Seat 5: Seavus10 (small blind) folded before Flop
Seat 6: dervesh (big blind) folded on the River



PokerStars Hand #254740337487:  Hold'em No Limit ($0.50/$1.00 USD) - 2025/02/06 21:51:18 WET [2025/02/06 16:51:18 ET]
Table 'Bodea' 6-max Seat #5 is the button
Seat 3: MaRKiToScoK ($106.78 in chips) is sitting out
Seat 4: pipza05 ($0 in chips) is sitting out
Seat 1: Artero10 ($95.30 in chips) 
Seat 2: JUANS2 ($144.42 in chips) 
Seat 5: Seavus10 ($208.88 in chips) 
Seat 6: dervesh ($166.99 in chips) 
dervesh: posts small blind $0.50
Artero10: posts big blind $1
*** HOLE CARDS ***
JUANS2: raises $1.50 to $2.50
Seavus10: folds 
dervesh: folds 
Artero10: folds 
Uncalled bet ($1.50) returned to JUANS2
JUANS2 collected $2.50 from pot
JUANS2: doesn't show hand 
*** SUMMARY ***
Total pot $2.50 | Rake $0 
Seat 3: MaRKiToScoK
Seat 4: pipza05
Seat 1: Artero10 (big blind) folded before Flop
Seat 2: JUANS2 collected ($2.50)
Seat 5: Seavus10 (button) folded before Flop (didn't bet)
Seat 6: dervesh (small blind) folded before Flop



PokerStars Hand #254740341202:  Hold'em No Limit ($0.50/$1.00 USD) - 2025/02/06 21:51:31 WET [2025/02/06 16:51:31 ET]
Table 'Bodea' 6-max Seat #6 is the button
Seat 2: JUANS2 ($145.92 in chips) is sitting out
Seat 3: MaRKiToScoK ($106.78 in chips) is sitting out
Seat 4: pipza05 ($0 in chips) is sitting out
Seat 1: Artero10 ($94.30 in chips) 
Seat 5: Seavus10 ($208.88 in chips) 
Seat 6: dervesh ($166.49 in chips) 
Artero10: posts small blind $0.50
JUANS2: is sitting out 
Seavus10: posts big blind $1
*** HOLE CARDS ***
dervesh: raises $1.50 to $2.50
JUANS2 leaves the table
Artero10: folds 
Seavus10: folds 
Uncalled bet ($1.50) returned to dervesh
dervesh collected $2.50 from pot
dervesh: doesn't show hand 
*** SUMMARY ***
Total pot $2.50 | Rake $0 
Seat 2: JUANS2
Seat 3: MaRKiToScoK
Seat 4: pipza05
Seat 1: Artero10 (small blind) folded before Flop
Seat 5: Seavus10 (big blind) folded before Flop
Seat 6: dervesh (button) collected ($2.50)



PokerStars Hand #254740344260:  Hold'em No Limit ($0.50/$1.00 USD) - 2025/02/06 21:51:42 WET [2025/02/06 16:51:42 ET]
Table 'Bodea' 6-max Seat #1 is the button
Seat 3: MaRKiToScoK ($106.78 in chips) is sitting out
Seat 4: pipza05 ($0 in chips) is sitting out
Seat 1: Artero10 ($93.80 in chips) 
Seat 5: Seavus10 ($207.88 in chips) 
Seat 6: dervesh ($167.99 in chips) 
Seavus10: posts small blind $0.50
dervesh: posts big blind $1
*** HOLE CARDS ***
Artero10: raises $1.50 to $2.50
Seavus10: folds 
dervesh: calls $1.50
*** FLOP *** [2d Qh 8s]
dervesh: checks 
Artero10: bets $2.61
dervesh: folds 
Uncalled bet ($2.61) returned to Artero10
Artero10 collected $5.22 from pot
*** SUMMARY ***
Total pot $5.50 | Rake $0.28 
Board [2d Qh 8s]
Seat 3: MaRKiToScoK
Seat 4: pipza05
Seat 1: Artero10 (button) collected ($5.22)
Seat 5: Seavus10 (small blind) folded before Flop
Seat 6: dervesh (big blind) folded on the Flop



PokerStars Hand #254740354431:  Hold'em No Limit ($0.50/$1.00 USD) - 2025/02/06 21:52:16 WET [2025/02/06 16:52:16 ET]
Table 'Bodea' 6-max Seat #5 is the button
Seat 3: MaRKiToScoK ($106.78 in chips) is sitting out
Seat 4: pipza05 ($0 in chips) is sitting out
Seat 1: Artero10 ($96.52 in chips) 
Seat 5: Seavus10 ($207.38 in chips) 
Seat 6: dervesh ($165.49 in chips) 
dervesh: posts small blind $0.50
Artero10: posts big blind $1
*** HOLE CARDS ***
Seavus10: raises $1.50 to $2.50
dervesh: folds 
Artero10: calls $1.50
*** FLOP *** [6h Ts Kh]
Artero10: checks 
Seavus10: bets $3.92
Artero10: folds 
Uncalled bet ($3.92) returned to Seavus10
Seavus10 collected $5.22 from pot
Seavus10: doesn't show hand 
*** SUMMARY ***
Total pot $5.50 | Rake $0.28 
Board [6h Ts Kh]
Seat 3: MaRKiToScoK
Seat 4: pipza05
Seat 1: Artero10 (big blind) folded on the Flop
Seat 5: Seavus10 (button) collected ($5.22)
Seat 6: dervesh (small blind) folded before Flop



PokerStars Hand #254740360364:  Hold'em No Limit ($0.50/$1.00 USD) - 2025/02/06 21:52:36 WET [2025/02/06 16:52:36 ET]
Table 'Bodea' 6-max Seat #6 is the button
Seat 3: MaRKiToScoK ($106.78 in chips) is sitting out
Seat 4: pipza05 ($0 in chips) is sitting out
Seat 1: Artero10 ($94.02 in chips) 
Seat 5: Seavus10 ($210.10 in chips) 
Seat 6: dervesh ($164.99 in chips) 
Artero10: posts small blind $0.50
Seavus10: posts big blind $1
*** HOLE CARDS ***
dervesh: raises $1.50 to $2.50
Artero10: folds 
Seavus10: folds 
Uncalled bet ($1.50) returned to dervesh
dervesh collected $2.50 from pot
pipza05 leaves the table
dervesh: doesn't show hand 
*** SUMMARY ***
Total pot $2.50 | Rake $0 
Seat 3: MaRKiToScoK
Seat 4: pipza05
Seat 1: Artero10 (small blind) folded before Flop
Seat 5: Seavus10 (big blind) folded before Flop
Seat 6: dervesh (button) collected ($2.50)



PokerStars Hand #254740364920:  Hold'em No Limit ($0.50/$1.00 USD) - 2025/02/06 21:52:52 WET [2025/02/06 16:52:52 ET]
Table 'Bodea' 6-max Seat #1 is the button
Seat 3: MaRKiToScoK ($106.78 in chips) is sitting out
Seat 1: Artero10 ($93.52 in chips) 
Seat 5: Seavus10 ($209.10 in chips) 
Seat 6: dervesh ($166.49 in chips) 
Seavus10: posts small blind $0.50
dervesh: posts big blind $1
*** HOLE CARDS ***
Artero10: folds 
Artero10 leaves the table
Seavus10: folds 
Uncalled bet ($0.50) returned to dervesh
dervesh collected $1 from pot
dervesh: doesn't show hand 
*** SUMMARY ***
Total pot $1 | Rake $0 
Seat 3: MaRKiToScoK
Seat 1: Artero10 (button) folded before Flop (didn't bet)
Seat 5: Seavus10 (small blind) folded before Flop
Seat 6: dervesh (big blind) collected ($1)



