PokerStars Hand #254740528808:  Hold'em No Limit ($0.50/$1.00 USD) - 2025/02/06 22:03:58 WET [2025/02/06 17:03:58 ET]
Table 'Urhixidur II' 6-max Seat #1 is the button
Seat 1: BoyLoc0 ($105.45 in chips) 
Seat 2: Aleqseuka ($100 in chips) 
BoyLoc0: posts small blind $0.50
Aleqseuka: posts big blind $1
*** HOLE CARDS ***
BoyLoc0: raises $1.50 to $2.50
Aleqseuka: raises $9.50 to $12
BoyLoc0: folds 
Uncalled bet ($9.50) returned to Aleqseuka
Aleqseuka collected $5 from pot
Aleqseuka: doesn't show hand 
*** SUMMARY ***
Total pot $5 | Rake $0 
Seat 1: BoyLoc0 (button) (small blind) folded before Flop
Seat 2: Aleqseuka (big blind) collected ($5)



PokerStars Hand #254740532825:  Hold'em No Limit ($0.50/$1.00 USD) - 2025/02/06 22:04:12 WET [2025/02/06 17:04:12 ET]
Table 'Urhixidur II' 6-max Seat #2 is the button
Seat 1: BoyLoc0 ($102.95 in chips) 
Seat 2: Aleqseuka ($102.50 in chips) 
Aleqseuka: posts small blind $0.50
BoyLoc0: posts big blind $1
*** HOLE CARDS ***
Aleqseuka: folds 
Uncalled bet ($0.50) returned to BoyLoc0
BoyLoc0 collected $1 from pot
BoyLoc0: doesn't show hand 
*** SUMMARY ***
Total pot $1 | Rake $0 
Seat 1: BoyLoc0 (big blind) collected ($1)
Seat 2: Aleqseuka (button) (small blind) folded before Flop



PokerStars Hand #254740534489:  Hold'em No Limit ($0.50/$1.00 USD) - 2025/02/06 22:04:18 WET [2025/02/06 17:04:18 ET]
Table 'Urhixidur II' 6-max Seat #1 is the button
Seat 1: BoyLoc0 ($103.45 in chips) 
Seat 2: Aleqseuka ($102 in chips) 
BoyLoc0: posts small blind $0.50
Aleqseuka: posts big blind $1
*** HOLE CARDS ***
BoyLoc0: folds 
Uncalled bet ($0.50) returned to Aleqseuka
Aleqseuka collected $1 from pot
Aleqseuka: doesn't show hand 
*** SUMMARY ***
Total pot $1 | Rake $0 
Seat 1: BoyLoc0 (button) (small blind) folded before Flop
Seat 2: Aleqseuka (big blind) collected ($1)



PokerStars Hand #254740537300:  Hold'em No Limit ($0.50/$1.00 USD) - 2025/02/06 22:04:28 WET [2025/02/06 17:04:28 ET]
Table 'Urhixidur II' 6-max Seat #2 is the button
Seat 1: BoyLoc0 ($102.95 in chips) 
Seat 2: Aleqseuka ($102.50 in chips) 
Aleqseuka: posts small blind $0.50
BoyLoc0: posts big blind $1
*** HOLE CARDS ***
Aleqseuka: raises $1.50 to $2.50
BoyLoc0: folds 
Uncalled bet ($1.50) returned to Aleqseuka
Aleqseuka collected $2 from pot
Aleqseuka: doesn't show hand 
*** SUMMARY ***
Total pot $2 | Rake $0 
Seat 1: BoyLoc0 (big blind) folded before Flop
Seat 2: Aleqseuka (button) (small blind) collected ($2)



PokerStars Hand #254740541824:  Hold'em No Limit ($0.50/$1.00 USD) - 2025/02/06 22:04:43 WET [2025/02/06 17:04:43 ET]
Table 'Urhixidur II' 6-max Seat #1 is the button
Seat 1: BoyLoc0 ($101.95 in chips) 
Seat 2: Aleqseuka ($103.50 in chips) 
BoyLoc0: posts small blind $0.50
Aleqseuka: posts big blind $1
*** HOLE CARDS ***
BoyLoc0: raises $1.50 to $2.50
Aleqseuka: raises $9.50 to $12
BoyLoc0: folds 
Uncalled bet ($9.50) returned to Aleqseuka
Aleqseuka collected $5 from pot
Aleqseuka: doesn't show hand 
*** SUMMARY ***
Total pot $5 | Rake $0 
Seat 1: BoyLoc0 (button) (small blind) folded before Flop
Seat 2: Aleqseuka (big blind) collected ($5)



PokerStars Hand #254740545482:  Hold'em No Limit ($0.50/$1.00 USD) - 2025/02/06 22:04:56 WET [2025/02/06 17:04:56 ET]
Table 'Urhixidur II' 6-max Seat #2 is the button
Seat 1: BoyLoc0 ($100 in chips) 
Seat 2: Aleqseuka ($106 in chips) 
Aleqseuka: posts small blind $0.50
BoyLoc0: posts big blind $1
*** HOLE CARDS ***
Aleqseuka: raises $1.50 to $2.50
BoyLoc0: folds 
Uncalled bet ($1.50) returned to Aleqseuka
Aleqseuka collected $2 from pot
Aleqseuka: doesn't show hand 
*** SUMMARY ***
Total pot $2 | Rake $0 
Seat 1: BoyLoc0 (big blind) folded before Flop
Seat 2: Aleqseuka (button) (small blind) collected ($2)



PokerStars Hand #254740547609:  Hold'em No Limit ($0.50/$1.00 USD) - 2025/02/06 22:05:03 WET [2025/02/06 17:05:03 ET]
Table 'Urhixidur II' 6-max Seat #1 is the button
Seat 1: BoyLoc0 ($100 in chips) 
Seat 2: Aleqseuka ($107 in chips) 
BoyLoc0: posts small blind $0.50
Aleqseuka: posts big blind $1
*** HOLE CARDS ***
BoyLoc0: raises $1.50 to $2.50
Aleqseuka: folds 
Uncalled bet ($1.50) returned to BoyLoc0
BoyLoc0 collected $2 from pot
BoyLoc0: doesn't show hand 
*** SUMMARY ***
Total pot $2 | Rake $0 
Seat 1: BoyLoc0 (button) (small blind) collected ($2)
Seat 2: Aleqseuka (big blind) folded before Flop



PokerStars Hand #254740549621:  Hold'em No Limit ($0.50/$1.00 USD) - 2025/02/06 22:05:10 WET [2025/02/06 17:05:10 ET]
Table 'Urhixidur II' 6-max Seat #2 is the button
Seat 1: BoyLoc0 ($101 in chips) 
Seat 2: Aleqseuka ($106 in chips) 
Aleqseuka: posts small blind $0.50
BoyLoc0: posts big blind $1
*** HOLE CARDS ***
Mariodax joins the table at seat #3 
Mariodax is disconnected 
andutu34 joins the table at seat #4 
Aleqseuka: raises $1.50 to $2.50
BoyLoc0: calls $1.50
*** FLOP *** [7c 8d 2c]
BoyLoc0: checks 
Aleqseuka: bets $3.56
BoyLoc0: calls $3.56
*** TURN *** [7c 8d 2c] [Qs]
BoyLoc0: checks 
Aleqseuka: bets $18.19
BoyLoc0: calls $18.19
*** RIVER *** [7c 8d 2c Qs] [Jc]
BoyLoc0: checks 
Aleqseuka: checks 
*** SHOW DOWN ***
BoyLoc0: shows [8s 9h] (a pair of Eights)
Aleqseuka: shows [Ah Qc] (a pair of Queens)
raiseinthedarkk joins the table at seat #6 
Aleqseuka collected $47.50 from pot
*** SUMMARY ***
Total pot $48.50 | Rake $1 
Board [7c 8d 2c Qs Jc]
Seat 1: BoyLoc0 (big blind) showed [8s 9h] and lost with a pair of Eights
Seat 2: Aleqseuka (button) (small blind) showed [Ah Qc] and won ($47.50) with a pair of Queens



PokerStars Hand #254740560311:  Hold'em No Limit ($0.50/$1.00 USD) - 2025/02/06 22:05:47 WET [2025/02/06 17:05:47 ET]
Table 'Urhixidur II' 6-max Seat #1 is the button
Seat 4: andutu34 ($100 in chips) is sitting out
Seat 6: raiseinthedarkk ($100 in chips) is sitting out
Seat 1: BoyLoc0 ($100 in chips) 
Seat 2: Aleqseuka ($129.25 in chips) 
Seat 3: Mariodax ($100 in chips) 
Aleqseuka: posts small blind $0.50
Mariodax: posts big blind $1
andutu34: sits out 
raiseinthedarkk: sits out 
*** HOLE CARDS ***
BoyLoc0: raises $1.50 to $2.50
Aleqseuka: raises $9.50 to $12
avstero joins the table at seat #5 
Mariodax: folds 
BoyLoc0: raises $14 to $26
Aleqseuka: raises $103.25 to $129.25 and is all-in
BoyLoc0: calls $74 and is all-in
Uncalled bet ($29.25) returned to Aleqseuka
*** FLOP *** [9d 2c Qh]
*** TURN *** [9d 2c Qh] [5d]
*** RIVER *** [9d 2c Qh 5d] [6s]
*** SHOW DOWN ***
Aleqseuka: shows [Kh As] (high card Ace)
BoyLoc0: shows [Ts Tc] (a pair of Tens)
BoyLoc0 collected $200 from pot
*** SUMMARY ***
Total pot $201 | Rake $1 
Board [9d 2c Qh 5d 6s]
Seat 4: andutu34
Seat 6: raiseinthedarkk
Seat 1: BoyLoc0 (button) showed [Ts Tc] and won ($200) with a pair of Tens
Seat 2: Aleqseuka (small blind) showed [Kh As] and lost with high card Ace
Seat 3: Mariodax (big blind) folded before Flop



PokerStars Hand #254740570796:  Hold'em No Limit ($0.50/$1.00 USD) - 2025/02/06 22:06:24 WET [2025/02/06 17:06:24 ET]
Table 'Urhixidur II' 6-max Seat #2 is the button
Seat 5: avstero ($100 in chips) is sitting out
Seat 6: raiseinthedarkk ($100 in chips) is sitting out
Seat 1: BoyLoc0 ($200 in chips) 
Seat 2: Aleqseuka ($100 in chips) 
Seat 3: Mariodax ($99 in chips) 
Seat 4: andutu34 ($100 in chips) 
Mariodax: posts small blind $0.50
andutu34: posts big blind $1
avstero: sits out 
raiseinthedarkk: sits out 
*** HOLE CARDS ***
BoyLoc0: folds 
Aleqseuka: raises $1.50 to $2.50
Mariodax: folds 
andutu34: folds 
Uncalled bet ($1.50) returned to Aleqseuka
Aleqseuka collected $2.50 from pot
Aleqseuka: doesn't show hand 
*** SUMMARY ***
Total pot $2.50 | Rake $0 
Seat 5: avstero
Seat 6: raiseinthedarkk
Seat 1: BoyLoc0 folded before Flop (didn't bet)
Seat 2: Aleqseuka (button) collected ($2.50)
Seat 3: Mariodax (small blind) folded before Flop
Seat 4: andutu34 (big blind) folded before Flop



PokerStars Hand #254740575248:  Hold'em No Limit ($0.50/$1.00 USD) - 2025/02/06 22:06:39 WET [2025/02/06 17:06:39 ET]
Table 'Urhixidur II' 6-max Seat #3 is the button
Seat 6: raiseinthedarkk ($100 in chips) is sitting out
Seat 1: BoyLoc0 ($200 in chips) 
Seat 2: Aleqseuka ($101.50 in chips) 
Seat 3: Mariodax ($98.50 in chips) 
Seat 4: andutu34 ($100 in chips) 
Seat 5: avstero ($100 in chips) 
andutu34: posts small blind $0.50
avstero: posts big blind $1
raiseinthedarkk: sits out 
*** HOLE CARDS ***
BoyLoc0: folds 
Aleqseuka: raises $1.50 to $2.50
Mariodax: calls $2.50
andutu34: raises $11.50 to $14
avstero: folds 
Aleqseuka: folds 
Mariodax: folds 
Uncalled bet ($11.50) returned to andutu34
andutu34 collected $8.50 from pot
andutu34: doesn't show hand 
*** SUMMARY ***
Total pot $8.50 | Rake $0 
Seat 6: raiseinthedarkk
Seat 1: BoyLoc0 folded before Flop (didn't bet)
Seat 2: Aleqseuka folded before Flop
Seat 3: Mariodax (button) folded before Flop
Seat 4: andutu34 (small blind) collected ($8.50)
Seat 5: avstero (big blind) folded before Flop



PokerStars Hand #254740587364:  Hold'em No Limit ($0.50/$1.00 USD) - 2025/02/06 22:07:21 WET [2025/02/06 17:07:21 ET]
Table 'Urhixidur II' 6-max Seat #4 is the button
Seat 1: BoyLoc0 ($200 in chips) 
Seat 2: Aleqseuka ($100 in chips) 
Seat 3: Mariodax ($96 in chips) 
Seat 4: andutu34 ($106 in chips) 
Seat 5: avstero ($99 in chips) 
Seat 6: raiseinthedarkk ($100 in chips) 
avstero: posts small blind $0.50
raiseinthedarkk: posts big blind $1
*** HOLE CARDS ***
BoyLoc0: folds 
Aleqseuka: raises $1.35 to $2.35
Mariodax: calls $2.35
andutu34: raises $7.27 to $9.62
avstero: folds 
raiseinthedarkk: folds 
Aleqseuka: folds 
Mariodax: folds 
Uncalled bet ($7.27) returned to andutu34
andutu34 collected $8.55 from pot
andutu34: doesn't show hand 
*** SUMMARY ***
Total pot $8.55 | Rake $0 
Seat 1: BoyLoc0 folded before Flop (didn't bet)
Seat 2: Aleqseuka folded before Flop
Seat 3: Mariodax folded before Flop
Seat 4: andutu34 (button) collected ($8.55)
Seat 5: avstero (small blind) folded before Flop
Seat 6: raiseinthedarkk (big blind) folded before Flop



PokerStars Hand #254740594800:  Hold'em No Limit ($0.50/$1.00 USD) - 2025/02/06 22:07:47 WET [2025/02/06 17:07:47 ET]
Table 'Urhixidur II' 6-max Seat #5 is the button
Seat 1: BoyLoc0 ($200 in chips) 
Seat 2: Aleqseuka ($100 in chips) 
Seat 3: Mariodax ($93.65 in chips) 
Seat 4: andutu34 ($112.20 in chips) 
Seat 5: avstero ($100 in chips) 
Seat 6: raiseinthedarkk ($100 in chips) 
raiseinthedarkk: posts small blind $0.50
BoyLoc0: posts big blind $1
*** HOLE CARDS ***
Aleqseuka: folds 
Mariodax: folds 
andutu34: folds 
avstero: folds 
raiseinthedarkk: raises $2 to $3
BoyLoc0: raises $7 to $10
raiseinthedarkk: calls $7
*** FLOP *** [4d Ts Kh]
raiseinthedarkk: checks 
BoyLoc0: bets $6.27
raiseinthedarkk: raises $7.23 to $13.50
BoyLoc0: folds 
Uncalled bet ($7.23) returned to raiseinthedarkk
raiseinthedarkk collected $30.91 from pot
raiseinthedarkk: doesn't show hand 
*** SUMMARY ***
Total pot $32.54 | Rake $1.63 
Board [4d Ts Kh]
Seat 1: BoyLoc0 (big blind) folded on the Flop
Seat 2: Aleqseuka folded before Flop (didn't bet)
Seat 3: Mariodax folded before Flop (didn't bet)
Seat 4: andutu34 folded before Flop (didn't bet)
Seat 5: avstero (button) folded before Flop (didn't bet)
Seat 6: raiseinthedarkk (small blind) collected ($30.91)



PokerStars Hand #254740613416:  Hold'em No Limit ($0.50/$1.00 USD) - 2025/02/06 22:08:51 WET [2025/02/06 17:08:51 ET]
Table 'Urhixidur II' 6-max Seat #6 is the button
Seat 1: BoyLoc0 ($183.73 in chips) 
Seat 2: Aleqseuka ($100 in chips) 
Seat 3: Mariodax ($93.65 in chips) 
Seat 4: andutu34 ($112.20 in chips) 
Seat 5: avstero ($100 in chips) 
Seat 6: raiseinthedarkk ($114.64 in chips) 
BoyLoc0: posts small blind $0.50
Aleqseuka: posts big blind $1
*** HOLE CARDS ***
Mariodax: folds 
andutu34: folds 
avstero: folds 
raiseinthedarkk: folds 
BoyLoc0: folds 
Uncalled bet ($0.50) returned to Aleqseuka
Aleqseuka collected $1 from pot
Aleqseuka: doesn't show hand 
*** SUMMARY ***
Total pot $1 | Rake $0 
Seat 1: BoyLoc0 (small blind) folded before Flop
Seat 2: Aleqseuka (big blind) collected ($1)
Seat 3: Mariodax folded before Flop (didn't bet)
Seat 4: andutu34 folded before Flop (didn't bet)
Seat 5: avstero folded before Flop (didn't bet)
Seat 6: raiseinthedarkk (button) folded before Flop (didn't bet)



PokerStars Hand #254740616312:  Hold'em No Limit ($0.50/$1.00 USD) - 2025/02/06 22:09:01 WET [2025/02/06 17:09:01 ET]
Table 'Urhixidur II' 6-max Seat #1 is the button
Seat 1: BoyLoc0 ($183.23 in chips) 
Seat 2: Aleqseuka ($100.50 in chips) 
Seat 3: Mariodax ($93.65 in chips) 
Seat 4: andutu34 ($112.20 in chips) 
Seat 5: avstero ($100 in chips) 
Seat 6: raiseinthedarkk ($114.64 in chips) 
Aleqseuka: posts small blind $0.50
Mariodax: posts big blind $1
*** HOLE CARDS ***
andutu34: folds 
avstero: folds 
raiseinthedarkk: folds 
BoyLoc0: raises $1.50 to $2.50
andutu34 leaves the table
Aleqseuka: raises $9.50 to $12
Mariodax: folds 
BoyLoc0: folds 
Uncalled bet ($9.50) returned to Aleqseuka
Aleqseuka collected $6 from pot
Aleqseuka: doesn't show hand 
*** SUMMARY ***
Total pot $6 | Rake $0 
Seat 1: BoyLoc0 (button) folded before Flop
Seat 2: Aleqseuka (small blind) collected ($6)
Seat 3: Mariodax (big blind) folded before Flop
Seat 4: andutu34 folded before Flop (didn't bet)
Seat 5: avstero folded before Flop (didn't bet)
Seat 6: raiseinthedarkk folded before Flop (didn't bet)



PokerStars Hand #254740622906:  Hold'em No Limit ($0.50/$1.00 USD) - 2025/02/06 22:09:24 WET [2025/02/06 17:09:24 ET]
Table 'Urhixidur II' 6-max Seat #2 is the button
Seat 1: BoyLoc0 ($180.73 in chips) 
Seat 2: Aleqseuka ($104 in chips) 
Seat 3: Mariodax ($92.65 in chips) 
Seat 5: avstero ($100 in chips) 
Seat 6: raiseinthedarkk ($114.64 in chips) 
Mariodax: posts small blind $0.50
avstero: posts big blind $1
*** HOLE CARDS ***
raiseinthedarkk: folds 
BoyLoc0: raises $1.50 to $2.50
raiseinthedarkk leaves the table
Aleqseuka: folds 
Mariodax: folds 
avstero: calls $1.50
*** FLOP *** [7d 9d 8h]
Joe_Li7 joins the table at seat #4 
avstero: bets $1.66
BoyLoc0: calls $1.66
*** TURN *** [7d 9d 8h] [Qs]
J0SHB0SH joins the table at seat #6 
avstero: checks 
BoyLoc0: bets $6.29
avstero: calls $6.29
*** RIVER *** [7d 9d 8h Qs] [Ts]
avstero: checks 
BoyLoc0: bets $15.25
avstero has timed out
avstero: folds 
Uncalled bet ($15.25) returned to BoyLoc0
BoyLoc0 collected $20.33 from pot
BoyLoc0: doesn't show hand 
*** SUMMARY ***
Total pot $21.40 | Rake $1.07 
Board [7d 9d 8h Qs Ts]
Seat 1: BoyLoc0 collected ($20.33)
Seat 2: Aleqseuka (button) folded before Flop (didn't bet)
Seat 3: Mariodax (small blind) folded before Flop
Seat 5: avstero (big blind) folded on the River
Seat 6: raiseinthedarkk folded before Flop (didn't bet)



PokerStars Hand #254740663181:  Hold'em No Limit ($0.50/$1.00 USD) - 2025/02/06 22:11:42 WET [2025/02/06 17:11:42 ET]
Table 'Urhixidur II' 6-max Seat #3 is the button
Seat 4: Joe_Li7 ($100 in chips) is sitting out
Seat 1: BoyLoc0 ($190.61 in chips) 
Seat 2: Aleqseuka ($104 in chips) 
Seat 3: Mariodax ($92.15 in chips) 
Seat 5: avstero ($100 in chips) 
Seat 6: J0SHB0SH ($100 in chips) 
avstero: posts small blind $0.50
J0SHB0SH: posts big blind $1
*** HOLE CARDS ***
BoyLoc0: folds 
Aleqseuka: raises $1.50 to $2.50
Mariodax: calls $2.50
avstero: folds 
J0SHB0SH: folds 
*** FLOP *** [3s 5c Ac]
Aleqseuka: checks 
Mariodax: checks 
*** TURN *** [3s 5c Ac] [Qh]
Aleqseuka: bets $7.91
Mariodax: folds 
Uncalled bet ($7.91) returned to Aleqseuka
Aleqseuka collected $6.18 from pot
Aleqseuka: doesn't show hand 
*** SUMMARY ***
Total pot $6.50 | Rake $0.32 
Board [3s 5c Ac Qh]
Seat 4: Joe_Li7
Seat 1: BoyLoc0 folded before Flop (didn't bet)
Seat 2: Aleqseuka collected ($6.18)
Seat 3: Mariodax (button) folded on the Turn
Seat 5: avstero (small blind) folded before Flop
Seat 6: J0SHB0SH (big blind) folded before Flop



PokerStars Hand #254740678393:  Hold'em No Limit ($0.50/$1.00 USD) - 2025/02/06 22:12:35 WET [2025/02/06 17:12:35 ET]
Table 'Urhixidur II' 6-max Seat #5 is the button
Seat 4: Joe_Li7 ($100 in chips) is sitting out
Seat 1: BoyLoc0 ($190.61 in chips) 
Seat 2: Aleqseuka ($107.68 in chips) 
Seat 3: Mariodax ($89.65 in chips) 
Seat 5: avstero ($99.50 in chips) 
Seat 6: J0SHB0SH ($100 in chips) 
J0SHB0SH: posts small blind $0.50
BoyLoc0: posts big blind $1
Joe_Li7: sits out 
*** HOLE CARDS ***
Aleqseuka: folds 
Mariodax: folds 
avstero: folds 
J0SHB0SH: folds 
Uncalled bet ($0.50) returned to BoyLoc0
BoyLoc0 collected $1 from pot
BoyLoc0: doesn't show hand 
*** SUMMARY ***
Total pot $1 | Rake $0 
Seat 4: Joe_Li7
Seat 1: BoyLoc0 (big blind) collected ($1)
Seat 2: Aleqseuka folded before Flop (didn't bet)
Seat 3: Mariodax folded before Flop (didn't bet)
Seat 5: avstero (button) folded before Flop (didn't bet)
Seat 6: J0SHB0SH (small blind) folded before Flop



PokerStars Hand #254740682457:  Hold'em No Limit ($0.50/$1.00 USD) - 2025/02/06 22:12:48 WET [2025/02/06 17:12:48 ET]
Table 'Urhixidur II' 6-max Seat #6 is the button
Seat 4: Joe_Li7 ($100 in chips) is sitting out
Seat 1: BoyLoc0 ($191.11 in chips) 
Seat 2: Aleqseuka ($107.68 in chips) 
Seat 3: Mariodax ($89.65 in chips) 
Seat 5: avstero ($99.50 in chips) 
Seat 6: J0SHB0SH ($100 in chips) 
BoyLoc0: posts small blind $0.50
Aleqseuka: posts big blind $1
Joe_Li7: sits out 
*** HOLE CARDS ***
Mariodax: folds 
avstero: folds 
J0SHB0SH: folds 
BoyLoc0: folds 
Uncalled bet ($0.50) returned to Aleqseuka
Aleqseuka collected $1 from pot
Aleqseuka: doesn't show hand 
*** SUMMARY ***
Total pot $1 | Rake $0 
Seat 4: Joe_Li7
Seat 1: BoyLoc0 (small blind) folded before Flop
Seat 2: Aleqseuka (big blind) collected ($1)
Seat 3: Mariodax folded before Flop (didn't bet)
Seat 5: avstero folded before Flop (didn't bet)
Seat 6: J0SHB0SH (button) folded before Flop (didn't bet)



PokerStars Hand #254740686833:  Hold'em No Limit ($0.50/$1.00 USD) - 2025/02/06 22:13:03 WET [2025/02/06 17:13:03 ET]
Table 'Urhixidur II' 6-max Seat #1 is the button
Seat 4: Joe_Li7 ($100 in chips) is sitting out
Seat 1: BoyLoc0 ($190.61 in chips) 
Seat 2: Aleqseuka ($108.18 in chips) 
Seat 3: Mariodax ($89.65 in chips) 
Seat 5: avstero ($99.50 in chips) 
Seat 6: J0SHB0SH ($100 in chips) 
Aleqseuka: posts small blind $0.50
Mariodax: posts big blind $1
Joe_Li7: sits out 
*** HOLE CARDS ***
avstero: folds 
J0SHB0SH: folds 
BoyLoc0: raises $1.50 to $2.50
Aleqseuka: folds 
Mariodax: folds 
Uncalled bet ($1.50) returned to BoyLoc0
BoyLoc0 collected $2.50 from pot
BoyLoc0: doesn't show hand 
*** SUMMARY ***
Total pot $2.50 | Rake $0 
Seat 4: Joe_Li7
Seat 1: BoyLoc0 (button) collected ($2.50)
Seat 2: Aleqseuka (small blind) folded before Flop
Seat 3: Mariodax (big blind) folded before Flop
Seat 5: avstero folded before Flop (didn't bet)
Seat 6: J0SHB0SH folded before Flop (didn't bet)



PokerStars Hand #254740693193:  Hold'em No Limit ($0.50/$1.00 USD) - 2025/02/06 22:13:25 WET [2025/02/06 17:13:25 ET]
Table 'Urhixidur II' 6-max Seat #2 is the button
Seat 1: BoyLoc0 ($192.11 in chips) 
Seat 2: Aleqseuka ($107.68 in chips) 
Seat 3: Mariodax ($88.65 in chips) 
Seat 4: Joe_Li7 ($100 in chips) 
Seat 5: avstero ($99.50 in chips) 
Seat 6: J0SHB0SH ($100 in chips) 
Mariodax: posts small blind $0.50
Joe_Li7: posts big blind $1
*** HOLE CARDS ***
avstero: folds 
J0SHB0SH: folds 
BoyLoc0: raises $1.50 to $2.50
Aleqseuka: raises $5 to $7.50
Mariodax: folds 
Joe_Li7: folds 
BoyLoc0: folds 
Uncalled bet ($5) returned to Aleqseuka
Aleqseuka collected $6.50 from pot
Aleqseuka: doesn't show hand 
*** SUMMARY ***
Total pot $6.50 | Rake $0 
Seat 1: BoyLoc0 folded before Flop
Seat 2: Aleqseuka (button) collected ($6.50)
Seat 3: Mariodax (small blind) folded before Flop
Seat 4: Joe_Li7 (big blind) folded before Flop
Seat 5: avstero folded before Flop (didn't bet)
Seat 6: J0SHB0SH folded before Flop (didn't bet)



PokerStars Hand #254740699251:  Hold'em No Limit ($0.50/$1.00 USD) - 2025/02/06 22:13:46 WET [2025/02/06 17:13:46 ET]
Table 'Urhixidur II' 6-max Seat #3 is the button
Seat 1: BoyLoc0 ($189.61 in chips) 
Seat 2: Aleqseuka ($111.68 in chips) 
Seat 3: Mariodax ($88.15 in chips) 
Seat 4: Joe_Li7 ($100 in chips) 
Seat 5: avstero ($99.50 in chips) 
Seat 6: J0SHB0SH ($100 in chips) 
Joe_Li7: posts small blind $0.50
avstero: posts big blind $1
*** HOLE CARDS ***
J0SHB0SH: raises $1 to $2
BoyLoc0: folds 
Aleqseuka: raises $4.50 to $6.50
Mariodax: folds 
Joe_Li7: folds 
avstero: folds 
J0SHB0SH: calls $4.50
*** FLOP *** [Td 9d Qs]
J0SHB0SH: checks 
Aleqseuka: checks 
*** TURN *** [Td 9d Qs] [4c]
J0SHB0SH: checks 
Aleqseuka: bets $10.34
J0SHB0SH: folds 
Uncalled bet ($10.34) returned to Aleqseuka
Aleqseuka collected $13.78 from pot
Aleqseuka: doesn't show hand 
*** SUMMARY ***
Total pot $14.50 | Rake $0.72 
Board [Td 9d Qs 4c]
Seat 1: BoyLoc0 folded before Flop (didn't bet)
Seat 2: Aleqseuka collected ($13.78)
Seat 3: Mariodax (button) folded before Flop (didn't bet)
Seat 4: Joe_Li7 (small blind) folded before Flop
Seat 5: avstero (big blind) folded before Flop
Seat 6: J0SHB0SH folded on the Turn



PokerStars Hand #254740718263:  Hold'em No Limit ($0.50/$1.00 USD) - 2025/02/06 22:14:52 WET [2025/02/06 17:14:52 ET]
Table 'Urhixidur II' 6-max Seat #4 is the button
Seat 1: BoyLoc0 ($189.61 in chips) 
Seat 2: Aleqseuka ($118.96 in chips) 
Seat 3: Mariodax ($88.15 in chips) 
Seat 4: Joe_Li7 ($100 in chips) 
Seat 5: avstero ($100 in chips) 
Seat 6: J0SHB0SH ($100 in chips) 
avstero: posts small blind $0.50
J0SHB0SH: posts big blind $1
*** HOLE CARDS ***
BoyLoc0: folds 
Aleqseuka: folds 
Mariodax: raises $2 to $3
Joe_Li7: folds 
avstero: raises $8 to $11
J0SHB0SH: folds 
Mariodax: calls $8
*** FLOP *** [4s 4c 7h]
avstero: bets $14.64
Mariodax: calls $14.64
*** TURN *** [4s 4c 7h] [4d]
avstero: bets $30
Mariodax: raises $32.51 to $62.51 and is all-in
avstero: calls $32.51
*** RIVER *** [4s 4c 7h 4d] [6d]
*** SHOW DOWN ***
avstero: shows [Tc Th] (a full house, Fours full of Tens)
Mariodax: shows [Kd 8h] (three of a kind, Fours)
avstero collected $174.80 from pot
*** SUMMARY ***
Total pot $177.30 | Rake $2.50 
Board [4s 4c 7h 4d 6d]
Seat 1: BoyLoc0 folded before Flop (didn't bet)
Seat 2: Aleqseuka folded before Flop (didn't bet)
Seat 3: Mariodax showed [Kd 8h] and lost with three of a kind, Fours
Seat 4: Joe_Li7 (button) folded before Flop (didn't bet)
Seat 5: avstero (small blind) showed [Tc Th] and won ($174.80) with a full house, Fours full of Tens
Seat 6: J0SHB0SH (big blind) folded before Flop



PokerStars Hand #254740737543:  Hold'em No Limit ($0.50/$1.00 USD) - 2025/02/06 22:15:58 WET [2025/02/06 17:15:58 ET]
Table 'Urhixidur II' 6-max Seat #5 is the button
Seat 3: Mariodax ($0 in chips) is sitting out
Seat 1: BoyLoc0 ($189.61 in chips) 
Seat 2: Aleqseuka ($118.96 in chips) 
Seat 4: Joe_Li7 ($100 in chips) 
Seat 5: avstero ($186.65 in chips) 
Seat 6: J0SHB0SH ($100 in chips) 
J0SHB0SH: posts small blind $0.50
BoyLoc0: posts big blind $1
*** HOLE CARDS ***
Aleqseuka: folds 
Joe_Li7: raises $1.20 to $2.20
Mariodax leaves the table
avstero: folds 
J0SHB0SH: folds 
BoyLoc0: calls $1.20
*** FLOP *** [2h Ks 4s]
BoyLoc0: checks 
Joe_Li7: bets $1.54
BoyLoc0: folds 
Uncalled bet ($1.54) returned to Joe_Li7
Joe_Li7 collected $4.66 from pot
*** SUMMARY ***
Total pot $4.90 | Rake $0.24 
Board [2h Ks 4s]
Seat 3: Mariodax
Seat 1: BoyLoc0 (big blind) folded on the Flop
Seat 2: Aleqseuka folded before Flop (didn't bet)
Seat 4: Joe_Li7 collected ($4.66)
Seat 5: avstero (button) folded before Flop (didn't bet)
Seat 6: J0SHB0SH (small blind) folded before Flop



PokerStars Hand #254740750471:  Hold'em No Limit ($0.50/$1.00 USD) - 2025/02/06 22:16:43 WET [2025/02/06 17:16:43 ET]
Table 'Urhixidur II' 6-max Seat #6 is the button
Seat 1: BoyLoc0 ($187.41 in chips) 
Seat 2: Aleqseuka ($118.96 in chips) 
Seat 4: Joe_Li7 ($102.46 in chips) 
Seat 5: avstero ($186.65 in chips) 
Seat 6: J0SHB0SH ($100 in chips) 
BoyLoc0: posts small blind $0.50
Aleqseuka: posts big blind $1
*** HOLE CARDS ***
Joe_Li7: folds 
avstero: raises $1.20 to $2.20
J0SHB0SH: folds 
BoyLoc0: raises $7.80 to $10
Aleqseuka: folds 
avstero: folds 
Uncalled bet ($7.80) returned to BoyLoc0
BoyLoc0 collected $5.40 from pot
BoyLoc0: doesn't show hand 
*** SUMMARY ***
Total pot $5.40 | Rake $0 
Seat 1: BoyLoc0 (small blind) collected ($5.40)
Seat 2: Aleqseuka (big blind) folded before Flop
Seat 4: Joe_Li7 folded before Flop (didn't bet)
Seat 5: avstero folded before Flop
Seat 6: J0SHB0SH (button) folded before Flop (didn't bet)



PokerStars Hand #254740759493:  Hold'em No Limit ($0.50/$1.00 USD) - 2025/02/06 22:17:14 WET [2025/02/06 17:17:14 ET]
Table 'Urhixidur II' 6-max Seat #1 is the button
Seat 4: Joe_Li7 ($102.46 in chips) is sitting out
Seat 5: avstero ($184.45 in chips) is sitting out
Seat 1: BoyLoc0 ($190.61 in chips) 
Seat 2: Aleqseuka ($117.96 in chips) 
Seat 6: J0SHB0SH ($100 in chips) 
Aleqseuka: posts small blind $0.50
Joe_Li7: is sitting out 
avstero: is sitting out 
J0SHB0SH: posts big blind $1
*** HOLE CARDS ***
BoyLoc0: raises $1.50 to $2.50
Aleqseuka: folds 
Joe_Li7 leaves the table
avstero leaves the table
J0SHB0SH: raises $9.50 to $12
BoyLoc0: calls $9.50
*** FLOP *** [3c Ts 8c]
J0SHB0SH: bets $7.76
BoyLoc0: calls $7.76
*** TURN *** [3c Ts 8c] [Kd]
michasia joins the table at seat #4 
J0SHB0SH: checks 
BoyLoc0: checks 
*** RIVER *** [3c Ts 8c Kd] [7h]
BGS013 joins the table at seat #5 
J0SHB0SH: checks 
BoyLoc0: bets $29.27
J0SHB0SH: calls $29.27
*** SHOW DOWN ***
BoyLoc0: shows [Jc Ad] (high card Ace)
J0SHB0SH: shows [Th 6h] (a pair of Tens)
J0SHB0SH collected $97.56 from pot
*** SUMMARY ***
Total pot $98.56 | Rake $1 
Board [3c Ts 8c Kd 7h]
Seat 4: Joe_Li7
Seat 5: avstero
Seat 1: BoyLoc0 (button) showed [Jc Ad] and lost with high card Ace
Seat 2: Aleqseuka (small blind) folded before Flop
Seat 6: J0SHB0SH (big blind) showed [Th 6h] and won ($97.56) with a pair of Tens



PokerStars Hand #254740778794:  Hold'em No Limit ($0.50/$1.00 USD) - 2025/02/06 22:18:21 WET [2025/02/06 17:18:21 ET]
Table 'Urhixidur II' 6-max Seat #2 is the button
Seat 4: michasia ($100 in chips) is sitting out
Seat 5: BGS013 ($100 in chips) is sitting out
Seat 1: BoyLoc0 ($141.58 in chips) 
Seat 2: Aleqseuka ($117.46 in chips) 
Seat 6: J0SHB0SH ($148.53 in chips) 
J0SHB0SH: posts small blind $0.50
BoyLoc0: posts big blind $1
*** HOLE CARDS ***
Aleqseuka: folds 
J0SHB0SH: raises $2 to $3
BoyLoc0: calls $2
*** FLOP *** [6d Qd 2c]
J0SHB0SH: checks 
BoyLoc0: checks 
*** TURN *** [6d Qd 2c] [Jd]
J0SHB0SH: bets $4.28
BoyLoc0: calls $4.28
*** RIVER *** [6d Qd 2c Jd] [Jh]
J0SHB0SH: checks 
BoyLoc0: bets $20.75
J0SHB0SH: folds 
Uncalled bet ($20.75) returned to BoyLoc0
BoyLoc0 collected $13.83 from pot
BoyLoc0: doesn't show hand 
*** SUMMARY ***
Total pot $14.56 | Rake $0.73 
Board [6d Qd 2c Jd Jh]
Seat 4: michasia
Seat 5: BGS013
Seat 1: BoyLoc0 (big blind) collected ($13.83)
Seat 2: Aleqseuka (button) folded before Flop (didn't bet)
Seat 6: J0SHB0SH (small blind) folded on the River



PokerStars Hand #254740794142:  Hold'em No Limit ($0.50/$1.00 USD) - 2025/02/06 22:19:14 WET [2025/02/06 17:19:14 ET]
Table 'Urhixidur II' 6-max Seat #6 is the button
Seat 4: michasia ($100 in chips) is sitting out
Seat 5: BGS013 ($100 in chips) is sitting out
Seat 1: BoyLoc0 ($148.13 in chips) 
Seat 2: Aleqseuka ($117.46 in chips) 
Seat 6: J0SHB0SH ($141.25 in chips) 
BoyLoc0: posts small blind $0.50
Aleqseuka: posts big blind $1
michasia: sits out 
BGS013: sits out 
*** HOLE CARDS ***
J0SHB0SH: folds 
BoyLoc0: folds 
Uncalled bet ($0.50) returned to Aleqseuka
Aleqseuka collected $1 from pot
Aleqseuka: doesn't show hand 
*** SUMMARY ***
Total pot $1 | Rake $0 
Seat 4: michasia
Seat 5: BGS013
Seat 1: BoyLoc0 (small blind) folded before Flop
Seat 2: Aleqseuka (big blind) collected ($1)
Seat 6: J0SHB0SH (button) folded before Flop (didn't bet)



PokerStars Hand #254740797021:  Hold'em No Limit ($0.50/$1.00 USD) - 2025/02/06 22:19:24 WET [2025/02/06 17:19:24 ET]
Table 'Urhixidur II' 6-max Seat #1 is the button
Seat 5: BGS013 ($100 in chips) is sitting out
Seat 1: BoyLoc0 ($147.63 in chips) 
Seat 2: Aleqseuka ($117.96 in chips) 
Seat 4: michasia ($100 in chips) 
Seat 6: J0SHB0SH ($141.25 in chips) 
Aleqseuka: posts small blind $0.50
michasia: posts big blind $1
BGS013: sits out 
*** HOLE CARDS ***
J0SHB0SH: folds 
BoyLoc0: folds 
Aleqseuka: raises $2 to $3
michasia: folds 
Uncalled bet ($2) returned to Aleqseuka
Aleqseuka collected $2 from pot
Aleqseuka: doesn't show hand 
*** SUMMARY ***
Total pot $2 | Rake $0 
Seat 5: BGS013
Seat 1: BoyLoc0 (button) folded before Flop (didn't bet)
Seat 2: Aleqseuka (small blind) collected ($2)
Seat 4: michasia (big blind) folded before Flop
Seat 6: J0SHB0SH folded before Flop (didn't bet)



PokerStars Hand #254740800665:  Hold'em No Limit ($0.50/$1.00 USD) - 2025/02/06 22:19:37 WET [2025/02/06 17:19:37 ET]
Table 'Urhixidur II' 6-max Seat #2 is the button
Seat 1: BoyLoc0 ($147.63 in chips) 
Seat 2: Aleqseuka ($118.96 in chips) 
Seat 4: michasia ($100 in chips) 
Seat 5: BGS013 ($100 in chips) 
Seat 6: J0SHB0SH ($141.25 in chips) 
michasia: posts small blind $0.50
BGS013: posts big blind $1
*** HOLE CARDS ***
J0SHB0SH: folds 
BoyLoc0: folds 
Aleqseuka: raises $1.50 to $2.50
michasia: folds 
BGS013: calls $1.50
*** FLOP *** [Ac 3h Tc]
BGS013: checks 
Aleqseuka: checks 
*** TURN *** [Ac 3h Tc] [Js]
BGS013: bets $1.36
Aleqseuka: folds 
Uncalled bet ($1.36) returned to BGS013
BGS013 collected $5.22 from pot
BGS013: doesn't show hand 
*** SUMMARY ***
Total pot $5.50 | Rake $0.28 
Board [Ac 3h Tc Js]
Seat 1: BoyLoc0 folded before Flop (didn't bet)
Seat 2: Aleqseuka (button) folded on the Turn
Seat 4: michasia (small blind) folded before Flop
Seat 5: BGS013 (big blind) collected ($5.22)
Seat 6: J0SHB0SH folded before Flop (didn't bet)



PokerStars Hand #254740811126:  Hold'em No Limit ($0.50/$1.00 USD) - 2025/02/06 22:20:14 WET [2025/02/06 17:20:14 ET]
Table 'Urhixidur II' 6-max Seat #4 is the button
Seat 6: J0SHB0SH ($141.25 in chips) is sitting out
Seat 1: BoyLoc0 ($147.63 in chips) 
Seat 2: Aleqseuka ($116.46 in chips) 
Seat 4: michasia ($100 in chips) 
Seat 5: BGS013 ($102.72 in chips) 
BGS013: posts small blind $0.50
J0SHB0SH: is sitting out 
BoyLoc0: posts big blind $1
*** HOLE CARDS ***
Aleqseuka: raises $1.50 to $2.50
michasia: folds 
BGS013: folds 
BoyLoc0: calls $1.50
*** FLOP *** [Td 2h Qs]
BoyLoc0: checks 
Aleqseuka: bets $1.72
BoyLoc0: folds 
Uncalled bet ($1.72) returned to Aleqseuka
Aleqseuka collected $5.22 from pot
Aleqseuka: doesn't show hand 
*** SUMMARY ***
Total pot $5.50 | Rake $0.28 
Board [Td 2h Qs]
Seat 6: J0SHB0SH
Seat 1: BoyLoc0 (big blind) folded on the Flop
Seat 2: Aleqseuka collected ($5.22)
Seat 4: michasia (button) folded before Flop (didn't bet)
Seat 5: BGS013 (small blind) folded before Flop



PokerStars Hand #254740817630:  Hold'em No Limit ($0.50/$1.00 USD) - 2025/02/06 22:20:37 WET [2025/02/06 17:20:37 ET]
Table 'Urhixidur II' 6-max Seat #5 is the button
Seat 6: J0SHB0SH ($141.25 in chips) is sitting out
Seat 1: BoyLoc0 ($145.13 in chips) 
Seat 2: Aleqseuka ($119.18 in chips) 
Seat 4: michasia ($100 in chips) 
Seat 5: BGS013 ($102.22 in chips) 
BoyLoc0: posts small blind $0.50
Aleqseuka: posts big blind $1
*** HOLE CARDS ***
michasia: raises $1.80 to $2.80
BGS013: folds 
BoyLoc0: folds 
Aleqseuka: folds 
Uncalled bet ($1.80) returned to michasia
michasia collected $2.50 from pot
michasia: doesn't show hand 
*** SUMMARY ***
Total pot $2.50 | Rake $0 
Seat 6: J0SHB0SH
Seat 1: BoyLoc0 (small blind) folded before Flop
Seat 2: Aleqseuka (big blind) folded before Flop
Seat 4: michasia collected ($2.50)
Seat 5: BGS013 (button) folded before Flop (didn't bet)



PokerStars Hand #254740820852:  Hold'em No Limit ($0.50/$1.00 USD) - 2025/02/06 22:20:49 WET [2025/02/06 17:20:49 ET]
Table 'Urhixidur II' 6-max Seat #1 is the button
Seat 6: J0SHB0SH ($141.25 in chips) is sitting out
Seat 1: BoyLoc0 ($144.63 in chips) 
Seat 2: Aleqseuka ($118.18 in chips) 
Seat 4: michasia ($101.50 in chips) 
Seat 5: BGS013 ($102.22 in chips) 
Aleqseuka: posts small blind $0.50
michasia: posts big blind $1
J0SHB0SH: sits out 
*** HOLE CARDS ***
BGS013: folds 
maxalfelfi joins the table at seat #3 
BoyLoc0: raises $1.50 to $2.50
Aleqseuka: folds 
michasia: folds 
Uncalled bet ($1.50) returned to BoyLoc0
BoyLoc0 collected $2.50 from pot
BoyLoc0: doesn't show hand 
*** SUMMARY ***
Total pot $2.50 | Rake $0 
Seat 6: J0SHB0SH
Seat 1: BoyLoc0 (button) collected ($2.50)
Seat 2: Aleqseuka (small blind) folded before Flop
Seat 4: michasia (big blind) folded before Flop
Seat 5: BGS013 folded before Flop (didn't bet)



PokerStars Hand #254740825740:  Hold'em No Limit ($0.50/$1.00 USD) - 2025/02/06 22:21:06 WET [2025/02/06 17:21:06 ET]
Table 'Urhixidur II' 6-max Seat #2 is the button
Seat 3: maxalfelfi ($79.52 in chips) is sitting out
Seat 6: J0SHB0SH ($141.25 in chips) is sitting out
Seat 1: BoyLoc0 ($146.13 in chips) 
Seat 2: Aleqseuka ($117.68 in chips) 
Seat 4: michasia ($100.50 in chips) 
Seat 5: BGS013 ($102.22 in chips) 
michasia: posts small blind $0.50
BGS013: posts big blind $1
J0SHB0SH: sits out 
*** HOLE CARDS ***
BoyLoc0: folds 
Aleqseuka: raises $1.50 to $2.50
michasia: folds 
BGS013: folds 
Uncalled bet ($1.50) returned to Aleqseuka
Aleqseuka collected $2.50 from pot
Aleqseuka: doesn't show hand 
*** SUMMARY ***
Total pot $2.50 | Rake $0 
Seat 3: maxalfelfi
Seat 6: J0SHB0SH
Seat 1: BoyLoc0 folded before Flop (didn't bet)
Seat 2: Aleqseuka (button) collected ($2.50)
Seat 4: michasia (small blind) folded before Flop
Seat 5: BGS013 (big blind) folded before Flop



PokerStars Hand #254740830602:  Hold'em No Limit ($0.50/$1.00 USD) - 2025/02/06 22:21:23 WET [2025/02/06 17:21:23 ET]
Table 'Urhixidur II' 6-max Seat #4 is the button
Seat 3: maxalfelfi ($79.52 in chips) is sitting out
Seat 1: BoyLoc0 ($146.13 in chips) 
Seat 2: Aleqseuka ($119.18 in chips) 
Seat 4: michasia ($100 in chips) 
Seat 5: BGS013 ($101.22 in chips) 
Seat 6: J0SHB0SH ($141.25 in chips) 
BGS013: posts small blind $0.50
J0SHB0SH: posts big blind $1
maxalfelfi: sits out 
*** HOLE CARDS ***
BoyLoc0: folds 
Aleqseuka: raises $1.50 to $2.50
michasia: folds 
BGS013: folds 
J0SHB0SH: folds 
Uncalled bet ($1.50) returned to Aleqseuka
Aleqseuka collected $2.50 from pot
Aleqseuka: doesn't show hand 
*** SUMMARY ***
Total pot $2.50 | Rake $0 
Seat 3: maxalfelfi
Seat 1: BoyLoc0 folded before Flop (didn't bet)
Seat 2: Aleqseuka collected ($2.50)
Seat 4: michasia (button) folded before Flop (didn't bet)
Seat 5: BGS013 (small blind) folded before Flop
Seat 6: J0SHB0SH (big blind) folded before Flop



PokerStars Hand #254740834531:  Hold'em No Limit ($0.50/$1.00 USD) - 2025/02/06 22:21:37 WET [2025/02/06 17:21:37 ET]
Table 'Urhixidur II' 6-max Seat #5 is the button
Seat 3: maxalfelfi ($79.52 in chips) is sitting out
Seat 1: BoyLoc0 ($146.13 in chips) 
Seat 2: Aleqseuka ($120.68 in chips) 
Seat 4: michasia ($100 in chips) 
Seat 5: BGS013 ($100.72 in chips) 
Seat 6: J0SHB0SH ($140.25 in chips) 
J0SHB0SH: posts small blind $0.50
BoyLoc0: posts big blind $1
maxalfelfi: sits out 
*** HOLE CARDS ***
Aleqseuka: folds 
michasia: folds 
BGS013: raises $1.50 to $2.50
J0SHB0SH: raises $9.50 to $12
BoyLoc0: folds 
BGS013: folds 
Uncalled bet ($9.50) returned to J0SHB0SH
J0SHB0SH collected $6 from pot
J0SHB0SH: doesn't show hand 
*** SUMMARY ***
Total pot $6 | Rake $0 
Seat 3: maxalfelfi
Seat 1: BoyLoc0 (big blind) folded before Flop
Seat 2: Aleqseuka folded before Flop (didn't bet)
Seat 4: michasia folded before Flop (didn't bet)
Seat 5: BGS013 (button) folded before Flop
Seat 6: J0SHB0SH (small blind) collected ($6)



PokerStars Hand #254740839021:  Hold'em No Limit ($0.50/$1.00 USD) - 2025/02/06 22:21:52 WET [2025/02/06 17:21:52 ET]
Table 'Urhixidur II' 6-max Seat #6 is the button
Seat 3: maxalfelfi ($79.52 in chips) is sitting out
Seat 1: BoyLoc0 ($145.13 in chips) 
Seat 2: Aleqseuka ($120.68 in chips) 
Seat 4: michasia ($100 in chips) 
Seat 5: BGS013 ($100 in chips) 
Seat 6: J0SHB0SH ($143.75 in chips) 
BoyLoc0: posts small blind $0.50
Aleqseuka: posts big blind $1
maxalfelfi: sits out 
*** HOLE CARDS ***
michasia: folds 
BGS013: folds 
J0SHB0SH: raises $1.50 to $2.50
BoyLoc0: raises $9.50 to $12
Aleqseuka: folds 
J0SHB0SH: calls $9.50
*** FLOP *** [2h Jh Qd]
BoyLoc0: bets $7.84
J0SHB0SH: folds 
Uncalled bet ($7.84) returned to BoyLoc0
BoyLoc0 collected $23.75 from pot
BoyLoc0: doesn't show hand 
*** SUMMARY ***
Total pot $25 | Rake $1.25 
Board [2h Jh Qd]
Seat 3: maxalfelfi
Seat 1: BoyLoc0 (small blind) collected ($23.75)
Seat 2: Aleqseuka (big blind) folded before Flop
Seat 4: michasia folded before Flop (didn't bet)
Seat 5: BGS013 folded before Flop (didn't bet)
Seat 6: J0SHB0SH (button) folded on the Flop



PokerStars Hand #254740848520:  Hold'em No Limit ($0.50/$1.00 USD) - 2025/02/06 22:22:26 WET [2025/02/06 17:22:26 ET]
Table 'Urhixidur II' 6-max Seat #1 is the button
Seat 1: BoyLoc0 ($156.88 in chips) 
Seat 2: Aleqseuka ($119.68 in chips) 
Seat 3: maxalfelfi ($79.52 in chips) 
Seat 4: michasia ($100 in chips) 
Seat 5: BGS013 ($100 in chips) 
Seat 6: J0SHB0SH ($131.75 in chips) 
Aleqseuka: posts small blind $0.50
maxalfelfi: posts big blind $1
*** HOLE CARDS ***
michasia: folds 
BGS013: raises $1 to $2
J0SHB0SH: folds 
BoyLoc0: folds 
Aleqseuka: folds 
maxalfelfi: calls $1
*** FLOP *** [Jh 2s Td]
maxalfelfi: checks 
BGS013: bets $3.34
maxalfelfi: calls $3.34
*** TURN *** [Jh 2s Td] [Js]
maxalfelfi: bets $11
BGS013: calls $11
*** RIVER *** [Jh 2s Td Js] [4d]
maxalfelfi: checks 
BGS013: checks 
*** SHOW DOWN ***
maxalfelfi: shows [Ts 9s] (two pair, Jacks and Tens)
BGS013: shows [Qh Qd] (two pair, Queens and Jacks)
BGS013 collected $31.52 from pot
*** SUMMARY ***
Total pot $33.18 | Rake $1.66 
Board [Jh 2s Td Js 4d]
Seat 1: BoyLoc0 (button) folded before Flop (didn't bet)
Seat 2: Aleqseuka (small blind) folded before Flop
Seat 3: maxalfelfi (big blind) showed [Ts 9s] and lost with two pair, Jacks and Tens
Seat 4: michasia folded before Flop (didn't bet)
Seat 5: BGS013 showed [Qh Qd] and won ($31.52) with two pair, Queens and Jacks
Seat 6: J0SHB0SH folded before Flop (didn't bet)



PokerStars Hand #254740866276:  Hold'em No Limit ($0.50/$1.00 USD) - 2025/02/06 22:23:30 WET [2025/02/06 17:23:30 ET]
Table 'Urhixidur II' 6-max Seat #2 is the button
Seat 4: michasia ($100 in chips) is sitting out
Seat 1: BoyLoc0 ($156.88 in chips) 
Seat 2: Aleqseuka ($119.18 in chips) 
Seat 3: maxalfelfi ($63.18 in chips) 
Seat 5: BGS013 ($115.18 in chips) 
Seat 6: J0SHB0SH ($131.75 in chips) 
maxalfelfi: posts small blind $0.50
michasia: is sitting out 
BGS013: posts big blind $1
*** HOLE CARDS ***
J0SHB0SH: raises $1 to $2
BoyLoc0: folds 
michasia leaves the table
Aleqseuka: folds 
maxalfelfi: folds 
Joe_Li7 joins the table at seat #4 
BGS013: folds 
Uncalled bet ($1) returned to J0SHB0SH
J0SHB0SH collected $2.50 from pot
J0SHB0SH: doesn't show hand 
*** SUMMARY ***
Total pot $2.50 | Rake $0 
Seat 4: michasia
Seat 1: BoyLoc0 folded before Flop (didn't bet)
Seat 2: Aleqseuka (button) folded before Flop (didn't bet)
Seat 3: maxalfelfi (small blind) folded before Flop
Seat 5: BGS013 (big blind) folded before Flop
Seat 6: J0SHB0SH collected ($2.50)



PokerStars Hand #254740873678:  Hold'em No Limit ($0.50/$1.00 USD) - 2025/02/06 22:23:56 WET [2025/02/06 17:23:56 ET]
Table 'Urhixidur II' 6-max Seat #3 is the button
Seat 4: Joe_Li7 ($102.46 in chips) is sitting out
Seat 1: BoyLoc0 ($156.88 in chips) 
Seat 2: Aleqseuka ($119.18 in chips) 
Seat 3: maxalfelfi ($62.68 in chips) 
Seat 5: BGS013 ($114.18 in chips) 
Seat 6: J0SHB0SH ($133.25 in chips) 
BGS013: posts small blind $0.50
J0SHB0SH: posts big blind $1
*** HOLE CARDS ***
BoyLoc0: folds 
Aleqseuka: folds 
maxalfelfi: folds 
BGS013: raises $2 to $3
J0SHB0SH: folds 
Uncalled bet ($2) returned to BGS013
BGS013 collected $2 from pot
BGS013: doesn't show hand 
*** SUMMARY ***
Total pot $2 | Rake $0 
Seat 4: Joe_Li7
Seat 1: BoyLoc0 folded before Flop (didn't bet)
Seat 2: Aleqseuka folded before Flop (didn't bet)
Seat 3: maxalfelfi (button) folded before Flop (didn't bet)
Seat 5: BGS013 (small blind) collected ($2)
Seat 6: J0SHB0SH (big blind) folded before Flop



PokerStars Hand #254740876915:  Hold'em No Limit ($0.50/$1.00 USD) - 2025/02/06 22:24:08 WET [2025/02/06 17:24:08 ET]
Table 'Urhixidur II' 6-max Seat #5 is the button
Seat 4: Joe_Li7 ($102.46 in chips) is sitting out
Seat 1: BoyLoc0 ($156.88 in chips) 
Seat 2: Aleqseuka ($119.18 in chips) 
Seat 3: maxalfelfi ($62.68 in chips) 
Seat 5: BGS013 ($115.18 in chips) 
Seat 6: J0SHB0SH ($132.25 in chips) 
J0SHB0SH: posts small blind $0.50
BoyLoc0: posts big blind $1
Joe_Li7: sits out 
*** HOLE CARDS ***
Aleqseuka: raises $1.35 to $2.35
maxalfelfi: folds 
BGS013: folds 
J0SHB0SH: folds 
BoyLoc0: calls $1.35
*** FLOP *** [6c Qs 2s]
BoyLoc0: checks 
Aleqseuka: bets $1.63
BoyLoc0: calls $1.63
*** TURN *** [6c Qs 2s] [8d]
BoyLoc0: checks 
Aleqseuka: checks 
*** RIVER *** [6c Qs 2s 8d] [6d]
BoyLoc0: bets $6.03
Aleqseuka: calls $6.03
*** SHOW DOWN ***
BoyLoc0: shows [Ad Qc] (two pair, Queens and Sixes)
Aleqseuka: mucks hand 
BoyLoc0 collected $19.49 from pot
*** SUMMARY ***
Total pot $20.52 | Rake $1.03 
Board [6c Qs 2s 8d 6d]
Seat 4: Joe_Li7
Seat 1: BoyLoc0 (big blind) showed [Ad Qc] and won ($19.49) with two pair, Queens and Sixes
Seat 2: Aleqseuka mucked
Seat 3: maxalfelfi folded before Flop (didn't bet)
Seat 5: BGS013 (button) folded before Flop (didn't bet)
Seat 6: J0SHB0SH (small blind) folded before Flop



PokerStars Hand #254740889552:  Hold'em No Limit ($0.50/$1.00 USD) - 2025/02/06 22:24:54 WET [2025/02/06 17:24:54 ET]
Table 'Urhixidur II' 6-max Seat #6 is the button
Seat 2: Aleqseuka ($109.17 in chips) is sitting out
Seat 4: Joe_Li7 ($102.46 in chips) is sitting out
Seat 1: BoyLoc0 ($166.36 in chips) 
Seat 3: maxalfelfi ($62.68 in chips) 
Seat 5: BGS013 ($115.18 in chips) 
Seat 6: J0SHB0SH ($131.75 in chips) 
BoyLoc0: posts small blind $0.50
Aleqseuka: is sitting out 
maxalfelfi: posts big blind $1
Aleqseuka leaves the table
Joe_Li7: sits out 
*** HOLE CARDS ***
BGS013: folds 
J0SHB0SH: folds 
BoyLoc0: folds 
Uncalled bet ($0.50) returned to maxalfelfi
maxalfelfi collected $1 from pot
maxalfelfi: doesn't show hand 
raiseinthedarkk joins the table at seat #2 
*** SUMMARY ***
Total pot $1 | Rake $0 
Seat 2: Aleqseuka
Seat 4: Joe_Li7
Seat 1: BoyLoc0 (small blind) folded before Flop
Seat 3: maxalfelfi (big blind) collected ($1)
Seat 5: BGS013 folded before Flop (didn't bet)
Seat 6: J0SHB0SH (button) folded before Flop (didn't bet)



PokerStars Hand #254740892271:  Hold'em No Limit ($0.50/$1.00 USD) - 2025/02/06 22:25:03 WET [2025/02/06 17:25:03 ET]
Table 'Urhixidur II' 6-max Seat #1 is the button
Seat 2: raiseinthedarkk ($114.64 in chips) is sitting out
Seat 1: BoyLoc0 ($165.86 in chips) 
Seat 3: maxalfelfi ($63.18 in chips) 
Seat 4: Joe_Li7 ($102.46 in chips) 
Seat 5: BGS013 ($115.18 in chips) 
Seat 6: J0SHB0SH ($131.75 in chips) 
maxalfelfi: posts small blind $0.50
Joe_Li7: posts big blind $1
*** HOLE CARDS ***
BGS013: raises $1 to $2
J0SHB0SH: folds 
BoyLoc0: folds 
raiseinthedarkk leaves the table
maxalfelfi: raises $10 to $12
raiseinthedarkk joins the table at seat #2 
Joe_Li7: folds 
BGS013: raises $10 to $22
maxalfelfi: calls $10
*** FLOP *** [Kc 8s Jc]
maxalfelfi: checks 
BGS013: bets $11.12
maxalfelfi: folds 
Uncalled bet ($11.12) returned to BGS013
BGS013 collected $42.75 from pot
BGS013: doesn't show hand 
*** SUMMARY ***
Total pot $45 | Rake $2.25 
Board [Kc 8s Jc]
Seat 2: raiseinthedarkk
Seat 1: BoyLoc0 (button) folded before Flop (didn't bet)
Seat 3: maxalfelfi (small blind) folded on the Flop
Seat 4: Joe_Li7 (big blind) folded before Flop
Seat 5: BGS013 collected ($42.75)
Seat 6: J0SHB0SH folded before Flop (didn't bet)



PokerStars Hand #254740903368:  Hold'em No Limit ($0.50/$1.00 USD) - 2025/02/06 22:25:43 WET [2025/02/06 17:25:43 ET]
Table 'Urhixidur II' 6-max Seat #3 is the button
Seat 2: raiseinthedarkk ($114.64 in chips) is sitting out
Seat 1: BoyLoc0 ($165.86 in chips) 
Seat 3: maxalfelfi ($41.18 in chips) 
Seat 4: Joe_Li7 ($101.46 in chips) 
Seat 5: BGS013 ($135.93 in chips) 
Seat 6: J0SHB0SH ($131.75 in chips) 
Joe_Li7: posts small blind $0.50
BGS013: posts big blind $1
raiseinthedarkk: sits out 
*** HOLE CARDS ***
J0SHB0SH: folds 
BoyLoc0: raises $1.50 to $2.50
maxalfelfi: calls $2.50
Joe_Li7: folds 
BGS013: folds 
*** FLOP *** [4c 8h 4d]
BoyLoc0: checks 
maxalfelfi: bets $38.68 and is all-in
BoyLoc0: folds 
Uncalled bet ($38.68) returned to maxalfelfi
maxalfelfi collected $6.18 from pot
maxalfelfi: doesn't show hand 
*** SUMMARY ***
Total pot $6.50 | Rake $0.32 
Board [4c 8h 4d]
Seat 2: raiseinthedarkk
Seat 1: BoyLoc0 folded on the Flop
Seat 3: maxalfelfi (button) collected ($6.18)
Seat 4: Joe_Li7 (small blind) folded before Flop
Seat 5: BGS013 (big blind) folded before Flop
Seat 6: J0SHB0SH folded before Flop (didn't bet)



PokerStars Hand #254740910666:  Hold'em No Limit ($0.50/$1.00 USD) - 2025/02/06 22:26:10 WET [2025/02/06 17:26:10 ET]
Table 'Urhixidur II' 6-max Seat #4 is the button
Seat 2: raiseinthedarkk ($114.64 in chips) is sitting out
Seat 1: BoyLoc0 ($163.36 in chips) 
Seat 3: maxalfelfi ($44.86 in chips) 
Seat 4: Joe_Li7 ($100.96 in chips) 
Seat 5: BGS013 ($134.93 in chips) 
Seat 6: J0SHB0SH ($131.75 in chips) 
BGS013: posts small blind $0.50
J0SHB0SH: posts big blind $1
raiseinthedarkk: sits out 
*** HOLE CARDS ***
BoyLoc0: folds 
maxalfelfi: folds 
Joe_Li7: folds 
BGS013: folds 
Uncalled bet ($0.50) returned to J0SHB0SH
J0SHB0SH collected $1 from pot
J0SHB0SH: doesn't show hand 
*** SUMMARY ***
Total pot $1 | Rake $0 
Seat 2: raiseinthedarkk
Seat 1: BoyLoc0 folded before Flop (didn't bet)
Seat 3: maxalfelfi folded before Flop (didn't bet)
Seat 4: Joe_Li7 (button) folded before Flop (didn't bet)
Seat 5: BGS013 (small blind) folded before Flop
Seat 6: J0SHB0SH (big blind) collected ($1)



PokerStars Hand #254740912924:  Hold'em No Limit ($0.50/$1.00 USD) - 2025/02/06 22:26:18 WET [2025/02/06 17:26:18 ET]
Table 'Urhixidur II' 6-max Seat #5 is the button
Seat 2: raiseinthedarkk ($114.64 in chips) is sitting out
Seat 1: BoyLoc0 ($163.36 in chips) 
Seat 3: maxalfelfi ($44.86 in chips) 
Seat 4: Joe_Li7 ($100.96 in chips) 
Seat 5: BGS013 ($134.43 in chips) 
Seat 6: J0SHB0SH ($132.25 in chips) 
J0SHB0SH: posts small blind $0.50
BoyLoc0: posts big blind $1
raiseinthedarkk: sits out 
*** HOLE CARDS ***
maxalfelfi: folds 
Joe_Li7: raises $1.20 to $2.20
BGS013: folds 
J0SHB0SH: folds 
BoyLoc0: folds 
Uncalled bet ($1.20) returned to Joe_Li7
Joe_Li7 collected $2.50 from pot
*** SUMMARY ***
Total pot $2.50 | Rake $0 
Seat 2: raiseinthedarkk
Seat 1: BoyLoc0 (big blind) folded before Flop
Seat 3: maxalfelfi folded before Flop (didn't bet)
Seat 4: Joe_Li7 collected ($2.50)
Seat 5: BGS013 (button) folded before Flop (didn't bet)
Seat 6: J0SHB0SH (small blind) folded before Flop



PokerStars Hand #254740917041:  Hold'em No Limit ($0.50/$1.00 USD) - 2025/02/06 22:26:33 WET [2025/02/06 17:26:33 ET]
Table 'Urhixidur II' 6-max Seat #6 is the button
Seat 1: BoyLoc0 ($162.36 in chips) 
Seat 2: raiseinthedarkk ($114.64 in chips) 
Seat 3: maxalfelfi ($44.86 in chips) 
Seat 4: Joe_Li7 ($102.46 in chips) 
Seat 5: BGS013 ($134.43 in chips) 
Seat 6: J0SHB0SH ($131.75 in chips) 
BoyLoc0: posts small blind $0.50
raiseinthedarkk: posts big blind $1
*** HOLE CARDS ***
maxalfelfi: raises $5 to $6
Joe_Li7: folds 
BGS013: folds 
J0SHB0SH: folds 
BoyLoc0: folds 
raiseinthedarkk: folds 
Uncalled bet ($5) returned to maxalfelfi
maxalfelfi collected $2.50 from pot
maxalfelfi: doesn't show hand 
*** SUMMARY ***
Total pot $2.50 | Rake $0 
Seat 1: BoyLoc0 (small blind) folded before Flop
Seat 2: raiseinthedarkk (big blind) folded before Flop
Seat 3: maxalfelfi collected ($2.50)
Seat 4: Joe_Li7 folded before Flop (didn't bet)
Seat 5: BGS013 folded before Flop (didn't bet)
Seat 6: J0SHB0SH (button) folded before Flop (didn't bet)



PokerStars Hand #254740922379:  Hold'em No Limit ($0.50/$1.00 USD) - 2025/02/06 22:26:52 WET [2025/02/06 17:26:52 ET]
Table 'Urhixidur II' 6-max Seat #1 is the button
Seat 1: BoyLoc0 ($161.86 in chips) 
Seat 2: raiseinthedarkk ($113.64 in chips) 
Seat 3: maxalfelfi ($46.36 in chips) 
Seat 4: Joe_Li7 ($102.46 in chips) 
Seat 5: BGS013 ($134.43 in chips) 
Seat 6: J0SHB0SH ($131.75 in chips) 
raiseinthedarkk: posts small blind $0.50
maxalfelfi: posts big blind $1
*** HOLE CARDS ***
Joe_Li7: folds 
BGS013: folds 
J0SHB0SH: raises $1.50 to $2.50
BoyLoc0: folds 
raiseinthedarkk: folds 
maxalfelfi: folds 
Uncalled bet ($1.50) returned to J0SHB0SH
J0SHB0SH collected $2.50 from pot
J0SHB0SH: doesn't show hand 
*** SUMMARY ***
Total pot $2.50 | Rake $0 
Seat 1: BoyLoc0 (button) folded before Flop (didn't bet)
Seat 2: raiseinthedarkk (small blind) folded before Flop
Seat 3: maxalfelfi (big blind) folded before Flop
Seat 4: Joe_Li7 folded before Flop (didn't bet)
Seat 5: BGS013 folded before Flop (didn't bet)
Seat 6: J0SHB0SH collected ($2.50)



PokerStars Hand #254740928101:  Hold'em No Limit ($0.50/$1.00 USD) - 2025/02/06 22:27:13 WET [2025/02/06 17:27:13 ET]
Table 'Urhixidur II' 6-max Seat #2 is the button
Seat 1: BoyLoc0 ($161.86 in chips) 
Seat 2: raiseinthedarkk ($113.14 in chips) 
Seat 3: maxalfelfi ($45.36 in chips) 
Seat 4: Joe_Li7 ($102.46 in chips) 
Seat 5: BGS013 ($134.43 in chips) 
Seat 6: J0SHB0SH ($133.25 in chips) 
maxalfelfi: posts small blind $0.50
Joe_Li7: posts big blind $1
*** HOLE CARDS ***
BGS013: folds 
J0SHB0SH: folds 
BoyLoc0: folds 
raiseinthedarkk: folds 
maxalfelfi: folds 
Uncalled bet ($0.50) returned to Joe_Li7
Joe_Li7 collected $1 from pot
*** SUMMARY ***
Total pot $1 | Rake $0 
Seat 1: BoyLoc0 folded before Flop (didn't bet)
Seat 2: raiseinthedarkk (button) folded before Flop (didn't bet)
Seat 3: maxalfelfi (small blind) folded before Flop
Seat 4: Joe_Li7 (big blind) collected ($1)
Seat 5: BGS013 folded before Flop (didn't bet)
Seat 6: J0SHB0SH folded before Flop (didn't bet)



PokerStars Hand #254740931489:  Hold'em No Limit ($0.50/$1.00 USD) - 2025/02/06 22:27:25 WET [2025/02/06 17:27:25 ET]
Table 'Urhixidur II' 6-max Seat #3 is the button
Seat 1: BoyLoc0 ($161.86 in chips) 
Seat 2: raiseinthedarkk ($113.14 in chips) 
Seat 3: maxalfelfi ($44.86 in chips) 
Seat 4: Joe_Li7 ($102.96 in chips) 
Seat 5: BGS013 ($134.43 in chips) 
Seat 6: J0SHB0SH ($133.25 in chips) 
Joe_Li7: posts small blind $0.50
BGS013: posts big blind $1
*** HOLE CARDS ***
J0SHB0SH: folds 
BoyLoc0: folds 
raiseinthedarkk: folds 
maxalfelfi: raises $10 to $11
Joe_Li7: folds 
BGS013: folds 
Uncalled bet ($10) returned to maxalfelfi
maxalfelfi collected $2.50 from pot
maxalfelfi: doesn't show hand 
*** SUMMARY ***
Total pot $2.50 | Rake $0 
Seat 1: BoyLoc0 folded before Flop (didn't bet)
Seat 2: raiseinthedarkk folded before Flop (didn't bet)
Seat 3: maxalfelfi (button) collected ($2.50)
Seat 4: Joe_Li7 (small blind) folded before Flop
Seat 5: BGS013 (big blind) folded before Flop
Seat 6: J0SHB0SH folded before Flop (didn't bet)



PokerStars Hand #254740936252:  Hold'em No Limit ($0.50/$1.00 USD) - 2025/02/06 22:27:43 WET [2025/02/06 17:27:43 ET]
Table 'Urhixidur II' 6-max Seat #4 is the button
Seat 1: BoyLoc0 ($161.86 in chips) 
Seat 2: raiseinthedarkk ($113.14 in chips) 
Seat 3: maxalfelfi ($46.36 in chips) 
Seat 4: Joe_Li7 ($102.46 in chips) 
Seat 5: BGS013 ($133.43 in chips) 
Seat 6: J0SHB0SH ($133.25 in chips) 
BGS013: posts small blind $0.50
J0SHB0SH: posts big blind $1
*** HOLE CARDS ***
BoyLoc0: folds 
raiseinthedarkk: raises $1.20 to $2.20
maxalfelfi: folds 
Joe_Li7: folds 
BGS013: folds 
J0SHB0SH: calls $1.20
*** FLOP *** [8h 6s 9s]
J0SHB0SH: checks 
raiseinthedarkk: checks 
*** TURN *** [8h 6s 9s] [Kh]
J0SHB0SH: bets $3.50
raiseinthedarkk: folds 
Uncalled bet ($3.50) returned to J0SHB0SH
J0SHB0SH collected $4.66 from pot
J0SHB0SH: doesn't show hand 
*** SUMMARY ***
Total pot $4.90 | Rake $0.24 
Board [8h 6s 9s Kh]
Seat 1: BoyLoc0 folded before Flop (didn't bet)
Seat 2: raiseinthedarkk folded on the Turn
Seat 3: maxalfelfi folded before Flop (didn't bet)
Seat 4: Joe_Li7 (button) folded before Flop (didn't bet)
Seat 5: BGS013 (small blind) folded before Flop
Seat 6: J0SHB0SH (big blind) collected ($4.66)



PokerStars Hand #254740949626:  Hold'em No Limit ($0.50/$1.00 USD) - 2025/02/06 22:28:31 WET [2025/02/06 17:28:31 ET]
Table 'Urhixidur II' 6-max Seat #5 is the button
Seat 1: BoyLoc0 ($161.86 in chips) 
Seat 2: raiseinthedarkk ($110.94 in chips) 
Seat 3: maxalfelfi ($46.36 in chips) 
Seat 4: Joe_Li7 ($102.46 in chips) 
Seat 5: BGS013 ($132.93 in chips) 
Seat 6: J0SHB0SH ($135.71 in chips) 
J0SHB0SH: posts small blind $0.50
BoyLoc0: posts big blind $1
*** HOLE CARDS ***
raiseinthedarkk: folds 
maxalfelfi: calls $1
Joe_Li7: raises $3 to $4
BGS013: folds 
J0SHB0SH: folds 
BoyLoc0: folds 
maxalfelfi: folds 
Uncalled bet ($3) returned to Joe_Li7
Joe_Li7 collected $3.50 from pot
*** SUMMARY ***
Total pot $3.50 | Rake $0 
Seat 1: BoyLoc0 (big blind) folded before Flop
Seat 2: raiseinthedarkk folded before Flop (didn't bet)
Seat 3: maxalfelfi folded before Flop
Seat 4: Joe_Li7 collected ($3.50)
Seat 5: BGS013 (button) folded before Flop (didn't bet)
Seat 6: J0SHB0SH (small blind) folded before Flop



PokerStars Hand #254740959109:  Hold'em No Limit ($0.50/$1.00 USD) - 2025/02/06 22:29:06 WET [2025/02/06 17:29:06 ET]
Table 'Urhixidur II' 6-max Seat #6 is the button
Seat 2: raiseinthedarkk ($110.94 in chips) is sitting out
Seat 1: BoyLoc0 ($160.86 in chips) 
Seat 3: maxalfelfi ($45.36 in chips) 
Seat 4: Joe_Li7 ($104.96 in chips) 
Seat 5: BGS013 ($132.93 in chips) 
Seat 6: J0SHB0SH ($135.21 in chips) 
BoyLoc0: posts small blind $0.50
raiseinthedarkk: is sitting out 
maxalfelfi: posts big blind $1
*** HOLE CARDS ***
Joe_Li7: folds 
BGS013: folds 
raiseinthedarkk leaves the table
J0SHB0SH: raises $1.50 to $2.50
Seavus10 joins the table at seat #2 
BoyLoc0: folds 
maxalfelfi: raises $25.50 to $28
J0SHB0SH: folds 
Uncalled bet ($25.50) returned to maxalfelfi
maxalfelfi collected $5.50 from pot
maxalfelfi: doesn't show hand 
BoyLoc0 leaves the table
*** SUMMARY ***
Total pot $5.50 | Rake $0 
Seat 2: raiseinthedarkk
Seat 1: BoyLoc0 (small blind) folded before Flop
Seat 3: maxalfelfi (big blind) collected ($5.50)
Seat 4: Joe_Li7 folded before Flop (didn't bet)
Seat 5: BGS013 folded before Flop (didn't bet)
Seat 6: J0SHB0SH (button) folded before Flop



PokerStars Hand #254740965597:  Hold'em No Limit ($0.50/$1.00 USD) - 2025/02/06 22:29:29 WET [2025/02/06 17:29:29 ET]
Table 'Urhixidur II' 6-max Seat #3 is the button
Seat 2: Seavus10 ($100 in chips) is sitting out
Seat 3: maxalfelfi ($48.36 in chips) 
Seat 4: Joe_Li7 ($104.96 in chips) 
Seat 5: BGS013 ($132.93 in chips) 
Seat 6: J0SHB0SH ($132.71 in chips) 
Joe_Li7: posts small blind $0.50
BGS013: posts big blind $1
Seavus10: sits out 
*** HOLE CARDS ***
J0SHB0SH: raises $1.50 to $2.50
maxalfelfi: raises $42.50 to $45
Joe_Li7: folds 
BGS013: folds 
J0SHB0SH: folds 
Uncalled bet ($42.50) returned to maxalfelfi
maxalfelfi collected $6.50 from pot
maxalfelfi: doesn't show hand 
*** SUMMARY ***
Total pot $6.50 | Rake $0 
Seat 2: Seavus10
Seat 3: maxalfelfi (button) collected ($6.50)
Seat 4: Joe_Li7 (small blind) folded before Flop
Seat 5: BGS013 (big blind) folded before Flop
Seat 6: J0SHB0SH folded before Flop



PokerStars Hand #254740977375:  Hold'em No Limit ($0.50/$1.00 USD) - 2025/02/06 22:30:12 WET [2025/02/06 17:30:12 ET]
Table 'Urhixidur II' 6-max Seat #4 is the button
Seat 2: Seavus10 ($100 in chips) is sitting out
Seat 3: maxalfelfi ($52.36 in chips) 
Seat 4: Joe_Li7 ($104.46 in chips) 
Seat 5: BGS013 ($131.93 in chips) 
Seat 6: J0SHB0SH ($130.21 in chips) 
BGS013: posts small blind $0.50
J0SHB0SH: posts big blind $1
Seavus10: sits out 
*** HOLE CARDS ***
maxalfelfi: folds 
Joe_Li7: raises $1.20 to $2.20
BGS013: folds 
J0SHB0SH: folds 
Uncalled bet ($1.20) returned to Joe_Li7
Joe_Li7 collected $2.50 from pot
*** SUMMARY ***
Total pot $2.50 | Rake $0 
Seat 2: Seavus10
Seat 3: maxalfelfi folded before Flop (didn't bet)
Seat 4: Joe_Li7 (button) collected ($2.50)
Seat 5: BGS013 (small blind) folded before Flop
Seat 6: J0SHB0SH (big blind) folded before Flop



PokerStars Hand #254740980426:  Hold'em No Limit ($0.50/$1.00 USD) - 2025/02/06 22:30:23 WET [2025/02/06 17:30:23 ET]
Table 'Urhixidur II' 6-max Seat #5 is the button
Seat 2: Seavus10 ($100 in chips) 
Seat 3: maxalfelfi ($52.36 in chips) 
Seat 4: Joe_Li7 ($105.96 in chips) 
Seat 5: BGS013 ($131.43 in chips) 
Seat 6: J0SHB0SH ($129.21 in chips) 
J0SHB0SH: posts small blind $0.50
Seavus10: posts big blind $1
*** HOLE CARDS ***
maxalfelfi: folds 
Joe_Li7: folds 
BGS013: folds 
J0SHB0SH: folds 
Uncalled bet ($0.50) returned to Seavus10
Seavus10 collected $1 from pot
Seavus10: doesn't show hand 
*** SUMMARY ***
Total pot $1 | Rake $0 
Seat 2: Seavus10 (big blind) collected ($1)
Seat 3: maxalfelfi folded before Flop (didn't bet)
Seat 4: Joe_Li7 folded before Flop (didn't bet)
Seat 5: BGS013 (button) folded before Flop (didn't bet)
Seat 6: J0SHB0SH (small blind) folded before Flop



PokerStars Hand #254740982844:  Hold'em No Limit ($0.50/$1.00 USD) - 2025/02/06 22:30:31 WET [2025/02/06 17:30:31 ET]
Table 'Urhixidur II' 6-max Seat #6 is the button
Seat 2: Seavus10 ($100.50 in chips) 
Seat 3: maxalfelfi ($52.36 in chips) 
Seat 4: Joe_Li7 ($105.96 in chips) 
Seat 5: BGS013 ($131.43 in chips) 
Seat 6: J0SHB0SH ($128.71 in chips) 
Seavus10: posts small blind $0.50
maxalfelfi: posts big blind $1
*** HOLE CARDS ***
Joe_Li7: folds 
BGS013: folds 
J0SHB0SH: raises $1.50 to $2.50
Seavus10: calls $2
maxalfelfi: calls $1.50
*** FLOP *** [8s 4d 7h]
Seavus10: checks 
maxalfelfi: checks 
J0SHB0SH: checks 
*** TURN *** [8s 4d 7h] [8c]
Seavus10: bets $5.34
maxalfelfi: folds 
J0SHB0SH: calls $5.34
*** RIVER *** [8s 4d 7h 8c] [7s]
Seavus10: bets $12.95
J0SHB0SH: folds 
Uncalled bet ($12.95) returned to Seavus10
Seavus10 collected $17.27 from pot
Seavus10: doesn't show hand 
*** SUMMARY ***
Total pot $18.18 | Rake $0.91 
Board [8s 4d 7h 8c 7s]
Seat 2: Seavus10 (small blind) collected ($17.27)
Seat 3: maxalfelfi (big blind) folded on the Turn
Seat 4: Joe_Li7 folded before Flop (didn't bet)
Seat 5: BGS013 folded before Flop (didn't bet)
Seat 6: J0SHB0SH (button) folded on the River



PokerStars Hand #254741008324:  Hold'em No Limit ($0.50/$1.00 USD) - 2025/02/06 22:32:03 WET [2025/02/06 17:32:03 ET]
Table 'Urhixidur II' 6-max Seat #2 is the button
Seat 2: Seavus10 ($109.93 in chips) 
Seat 3: maxalfelfi ($49.86 in chips) 
Seat 4: Joe_Li7 ($105.96 in chips) 
Seat 5: BGS013 ($131.43 in chips) 
Seat 6: J0SHB0SH ($120.87 in chips) 
maxalfelfi: posts small blind $0.50
Joe_Li7: posts big blind $1
*** HOLE CARDS ***
BGS013: folds 
J0SHB0SH: raises $1.50 to $2.50
Seavus10: calls $2.50
maxalfelfi: calls $2
Joe_Li7: folds 
*** FLOP *** [5s Ah Tc]
maxalfelfi: checks 
J0SHB0SH: checks 
Seavus10: checks 
*** TURN *** [5s Ah Tc] [Ts]
maxalfelfi: checks 
J0SHB0SH: checks 
Seavus10: bets $6.06
maxalfelfi: folds 
J0SHB0SH: folds 
Uncalled bet ($6.06) returned to Seavus10
Seavus10 collected $8.08 from pot
Seavus10: doesn't show hand 
*** SUMMARY ***
Total pot $8.50 | Rake $0.42 
Board [5s Ah Tc Ts]
Seat 2: Seavus10 (button) collected ($8.08)
Seat 3: maxalfelfi (small blind) folded on the Turn
Seat 4: Joe_Li7 (big blind) folded before Flop
Seat 5: BGS013 folded before Flop (didn't bet)
Seat 6: J0SHB0SH folded on the Turn



PokerStars Hand #254741027674:  Hold'em No Limit ($0.50/$1.00 USD) - 2025/02/06 22:33:13 WET [2025/02/06 17:33:13 ET]
Table 'Urhixidur II' 6-max Seat #3 is the button
Seat 2: Seavus10 ($115.51 in chips) 
Seat 3: maxalfelfi ($47.36 in chips) 
Seat 4: Joe_Li7 ($104.96 in chips) 
Seat 5: BGS013 ($131.43 in chips) 
Seat 6: J0SHB0SH ($118.37 in chips) 
Joe_Li7: posts small blind $0.50
BGS013: posts big blind $1
*** HOLE CARDS ***
J0SHB0SH: raises $1 to $2
Seavus10: folds 
maxalfelfi: folds 
Joe_Li7: folds 
BGS013: folds 
Uncalled bet ($1) returned to J0SHB0SH
J0SHB0SH collected $2.50 from pot
J0SHB0SH: doesn't show hand 
*** SUMMARY ***
Total pot $2.50 | Rake $0 
Seat 2: Seavus10 folded before Flop (didn't bet)
Seat 3: maxalfelfi (button) folded before Flop (didn't bet)
Seat 4: Joe_Li7 (small blind) folded before Flop
Seat 5: BGS013 (big blind) folded before Flop
Seat 6: J0SHB0SH collected ($2.50)



PokerStars Hand #254741031634:  Hold'em No Limit ($0.50/$1.00 USD) - 2025/02/06 22:33:27 WET [2025/02/06 17:33:27 ET]
Table 'Urhixidur II' 6-max Seat #4 is the button
Seat 2: Seavus10 ($115.51 in chips) 
Seat 3: maxalfelfi ($47.36 in chips) 
Seat 4: Joe_Li7 ($104.46 in chips) 
Seat 5: BGS013 ($130.43 in chips) 
Seat 6: J0SHB0SH ($119.87 in chips) 
BGS013: posts small blind $0.50
J0SHB0SH: posts big blind $1
*** HOLE CARDS ***
Seavus10: raises $1.20 to $2.20
maxalfelfi: folds 
Joe_Li7: folds 
BGS013: folds 
J0SHB0SH: folds 
Uncalled bet ($1.20) returned to Seavus10
Seavus10 collected $2.50 from pot
Seavus10: doesn't show hand 
*** SUMMARY ***
Total pot $2.50 | Rake $0 
Seat 2: Seavus10 collected ($2.50)
Seat 3: maxalfelfi folded before Flop (didn't bet)
Seat 4: Joe_Li7 (button) folded before Flop (didn't bet)
Seat 5: BGS013 (small blind) folded before Flop
Seat 6: J0SHB0SH (big blind) folded before Flop



PokerStars Hand #254741034794:  Hold'em No Limit ($0.50/$1.00 USD) - 2025/02/06 22:33:39 WET [2025/02/06 17:33:39 ET]
Table 'Urhixidur II' 6-max Seat #5 is the button
Seat 2: Seavus10 ($117.01 in chips) 
Seat 3: maxalfelfi ($47.36 in chips) 
Seat 4: Joe_Li7 ($104.46 in chips) 
Seat 5: BGS013 ($129.93 in chips) 
Seat 6: J0SHB0SH ($118.87 in chips) 
J0SHB0SH: posts small blind $0.50
Seavus10: posts big blind $1
*** HOLE CARDS ***
maxalfelfi: folds 
Joe_Li7: raises $1.20 to $2.20
BGS013: folds 
J0SHB0SH: folds 
Seavus10: calls $1.20
*** FLOP *** [Th 6d 7s]
Seavus10: checks 
Joe_Li7: checks 
*** TURN *** [Th 6d 7s] [8h]
Seavus10: bets $6.99
Joe_Li7: folds 
Uncalled bet ($6.99) returned to Seavus10
Seavus10 collected $4.66 from pot
Seavus10: doesn't show hand 
*** SUMMARY ***
Total pot $4.90 | Rake $0.24 
Board [Th 6d 7s 8h]
Seat 2: Seavus10 (big blind) collected ($4.66)
Seat 3: maxalfelfi folded before Flop (didn't bet)
Seat 4: Joe_Li7 folded on the Turn
Seat 5: BGS013 (button) folded before Flop (didn't bet)
Seat 6: J0SHB0SH (small blind) folded before Flop



PokerStars Hand #254741049889:  Hold'em No Limit ($0.50/$1.00 USD) - 2025/02/06 22:34:34 WET [2025/02/06 17:34:34 ET]
Table 'Urhixidur II' 6-max Seat #6 is the button
Seat 2: Seavus10 ($119.47 in chips) 
Seat 3: maxalfelfi ($47.36 in chips) 
Seat 4: Joe_Li7 ($102.26 in chips) 
Seat 5: BGS013 ($129.93 in chips) 
Seat 6: J0SHB0SH ($118.37 in chips) 
Seavus10: posts small blind $0.50
maxalfelfi: posts big blind $1
*** HOLE CARDS ***
Joe_Li7: raises $1.20 to $2.20
BGS013: folds 
J0SHB0SH: folds 
Seavus10: raises $8.80 to $11
maxalfelfi: folds 
Joe_Li7: calls $8.80
*** FLOP *** [8h 2h 8c]
BoyLoc0 joins the table at seat #1 
Seavus10: bets $10.93
Joe_Li7: calls $10.93
*** TURN *** [8h 2h 8c] [Kc]
Seavus10: bets $21.31
Joe_Li7: calls $21.31
*** RIVER *** [8h 2h 8c Kc] [7d]
Seavus10: checks 
Joe_Li7: checks 
*** SHOW DOWN ***
Seavus10: shows [Ah Qd] (a pair of Eights)
Joe_Li7: shows [Qc Ac] (a pair of Eights)
Seavus10 collected $42.49 from pot
Joe_Li7 collected $42.49 from pot
*** SUMMARY ***
Total pot $87.48 | Rake $2.50 
Board [8h 2h 8c Kc 7d]
Seat 2: Seavus10 (small blind) showed [Ah Qd] and won ($42.49) with a pair of Eights
Seat 3: maxalfelfi (big blind) folded before Flop
Seat 4: Joe_Li7 showed [Qc Ac] and won ($42.49) with a pair of Eights
Seat 5: BGS013 folded before Flop (didn't bet)
Seat 6: J0SHB0SH (button) folded before Flop (didn't bet)



PokerStars Hand #254741082666:  Hold'em No Limit ($0.50/$1.00 USD) - 2025/02/06 22:36:31 WET [2025/02/06 17:36:31 ET]
Table 'Urhixidur II' 6-max Seat #2 is the button
Seat 1: BoyLoc0 ($160.36 in chips) is sitting out
Seat 2: Seavus10 ($118.72 in chips) 
Seat 3: maxalfelfi ($46.36 in chips) 
Seat 4: Joe_Li7 ($101.51 in chips) 
Seat 5: BGS013 ($129.93 in chips) 
Seat 6: J0SHB0SH ($118.37 in chips) 
maxalfelfi: posts small blind $0.50
Joe_Li7: posts big blind $1
BoyLoc0: sits out 
*** HOLE CARDS ***
BGS013: folds 
J0SHB0SH: raises $1.50 to $2.50
Seavus10: folds 
maxalfelfi: folds 
Joe_Li7: folds 
Uncalled bet ($1.50) returned to J0SHB0SH
J0SHB0SH collected $2.50 from pot
J0SHB0SH: doesn't show hand 
*** SUMMARY ***
Total pot $2.50 | Rake $0 
Seat 1: BoyLoc0
Seat 2: Seavus10 (button) folded before Flop (didn't bet)
Seat 3: maxalfelfi (small blind) folded before Flop
Seat 4: Joe_Li7 (big blind) folded before Flop
Seat 5: BGS013 folded before Flop (didn't bet)
Seat 6: J0SHB0SH collected ($2.50)



PokerStars Hand #254741086946:  Hold'em No Limit ($0.50/$1.00 USD) - 2025/02/06 22:36:47 WET [2025/02/06 17:36:47 ET]
Table 'Urhixidur II' 6-max Seat #3 is the button
Seat 1: BoyLoc0 ($160.36 in chips) is sitting out
Seat 2: Seavus10 ($118.72 in chips) 
Seat 3: maxalfelfi ($45.86 in chips) 
Seat 4: Joe_Li7 ($100.51 in chips) 
Seat 5: BGS013 ($129.93 in chips) 
Seat 6: J0SHB0SH ($119.87 in chips) 
Joe_Li7: posts small blind $0.50
BGS013: posts big blind $1
BoyLoc0: sits out 
*** HOLE CARDS ***
J0SHB0SH: folds 
Seavus10: folds 
maxalfelfi: folds 
Joe_Li7: folds 
Uncalled bet ($0.50) returned to BGS013
BGS013 collected $1 from pot
BGS013: doesn't show hand 
*** SUMMARY ***
Total pot $1 | Rake $0 
Seat 1: BoyLoc0
Seat 2: Seavus10 folded before Flop (didn't bet)
Seat 3: maxalfelfi (button) folded before Flop (didn't bet)
Seat 4: Joe_Li7 (small blind) folded before Flop
Seat 5: BGS013 (big blind) collected ($1)
Seat 6: J0SHB0SH folded before Flop (didn't bet)



PokerStars Hand #254741089910:  Hold'em No Limit ($0.50/$1.00 USD) - 2025/02/06 22:36:58 WET [2025/02/06 17:36:58 ET]
Table 'Urhixidur II' 6-max Seat #4 is the button
Seat 1: BoyLoc0 ($160.36 in chips) is sitting out
Seat 2: Seavus10 ($118.72 in chips) 
Seat 3: maxalfelfi ($45.86 in chips) 
Seat 4: Joe_Li7 ($100.01 in chips) 
Seat 5: BGS013 ($130.43 in chips) 
Seat 6: J0SHB0SH ($119.87 in chips) 
BGS013: posts small blind $0.50
J0SHB0SH: posts big blind $1
BoyLoc0: sits out 
*** HOLE CARDS ***
Seavus10: folds 
maxalfelfi: folds 
Joe_Li7: raises $1.20 to $2.20
BGS013: folds 
J0SHB0SH: calls $1.20
*** FLOP *** [3d 6s Ad]
J0SHB0SH: checks 
Joe_Li7: bets $1.54
J0SHB0SH: calls $1.54
*** TURN *** [3d 6s Ad] [Js]
J0SHB0SH: checks 
Joe_Li7: checks 
*** RIVER *** [3d 6s Ad Js] [3c]
J0SHB0SH: checks 
Joe_Li7: checks 
*** SHOW DOWN ***
J0SHB0SH: shows [Ah 9d] (two pair, Aces and Threes)
Joe_Li7: mucks hand 
J0SHB0SH collected $7.58 from pot
*** SUMMARY ***
Total pot $7.98 | Rake $0.40 
Board [3d 6s Ad Js 3c]
Seat 1: BoyLoc0
Seat 2: Seavus10 folded before Flop (didn't bet)
Seat 3: maxalfelfi folded before Flop (didn't bet)
Seat 4: Joe_Li7 (button) mucked
Seat 5: BGS013 (small blind) folded before Flop
Seat 6: J0SHB0SH (big blind) showed [Ah 9d] and won ($7.58) with two pair, Aces and Threes



PokerStars Hand #254741190555:  Hold'em No Limit ($0.50/$1.00 USD) - 2025/02/06 22:43:06 WET [2025/02/06 17:43:06 ET]
Table 'Urhixidur II' 6-max Seat #5 is the button
Seat 1: Iseedora ($100 in chips) 
Seat 2: Seavus10 ($121.30 in chips) 
Seat 3: maxalfelfi ($97.15 in chips) 
Seat 4: Joe_Li7 ($100 in chips) 
Seat 5: BGS013 ($128.43 in chips) 
Seat 6: J0SHB0SH ($100 in chips) 
J0SHB0SH: posts small blind $0.50
Iseedora: posts big blind $1
*** HOLE CARDS ***
Seavus10: raises $1 to $2
maxalfelfi: folds 
Joe_Li7: folds 
BGS013: folds 
J0SHB0SH: folds 
Iseedora: calls $1
*** FLOP *** [3h 4c Kh]
Iseedora: checks 
Seavus10: checks 
*** TURN *** [3h 4c Kh] [7s]
Iseedora: bets $5.65
Seavus10: folds 
Uncalled bet ($5.65) returned to Iseedora
Iseedora collected $4.28 from pot
Iseedora: doesn't show hand 
*** SUMMARY ***
Total pot $4.50 | Rake $0.22 
Board [3h 4c Kh 7s]
Seat 1: Iseedora (big blind) collected ($4.28)
Seat 2: Seavus10 folded on the Turn
Seat 3: maxalfelfi folded before Flop (didn't bet)
Seat 4: Joe_Li7 folded before Flop (didn't bet)
Seat 5: BGS013 (button) folded before Flop (didn't bet)
Seat 6: J0SHB0SH (small blind) folded before Flop



PokerStars Hand #254741205511:  Hold'em No Limit ($0.50/$1.00 USD) - 2025/02/06 22:44:01 WET [2025/02/06 17:44:01 ET]
Table 'Urhixidur II' 6-max Seat #6 is the button
Seat 1: Iseedora ($102.28 in chips) 
Seat 2: Seavus10 ($119.30 in chips) 
Seat 3: maxalfelfi ($97.15 in chips) 
Seat 4: Joe_Li7 ($100 in chips) 
Seat 5: BGS013 ($128.43 in chips) 
Seat 6: J0SHB0SH ($100 in chips) 
Iseedora: posts small blind $0.50
Seavus10: posts big blind $1
*** HOLE CARDS ***
maxalfelfi: folds 
Joe_Li7: raises $1.20 to $2.20
BGS013: folds 
J0SHB0SH: folds 
Iseedora: folds 
Seavus10: folds 
Uncalled bet ($1.20) returned to Joe_Li7
Joe_Li7 collected $2.50 from pot
*** SUMMARY ***
Total pot $2.50 | Rake $0 
Seat 1: Iseedora (small blind) folded before Flop
Seat 2: Seavus10 (big blind) folded before Flop
Seat 3: maxalfelfi folded before Flop (didn't bet)
Seat 4: Joe_Li7 collected ($2.50)
Seat 5: BGS013 folded before Flop (didn't bet)
Seat 6: J0SHB0SH (button) folded before Flop (didn't bet)



PokerStars Hand #254741209973:  Hold'em No Limit ($0.50/$1.00 USD) - 2025/02/06 22:44:18 WET [2025/02/06 17:44:18 ET]
Table 'Urhixidur II' 6-max Seat #1 is the button
Seat 3: maxalfelfi ($97.15 in chips) is sitting out
Seat 1: Iseedora ($101.78 in chips) 
Seat 2: Seavus10 ($118.30 in chips) 
Seat 4: Joe_Li7 ($101.50 in chips) 
Seat 5: BGS013 ($128.43 in chips) 
Seat 6: J0SHB0SH ($100 in chips) 
Seavus10: posts small blind $0.50
Joe_Li7: posts big blind $1
*** HOLE CARDS ***
BGS013: folds 
J0SHB0SH: raises $1.50 to $2.50
Iseedora: folds 
Seavus10: folds 
Joe_Li7: calls $1.50
*** FLOP *** [7d 9s Qh]
Joe_Li7: checks 
maxalfelfi is disconnected 
J0SHB0SH: checks 
*** TURN *** [7d 9s Qh] [3d]
Joe_Li7: checks 
J0SHB0SH: checks 
*** RIVER *** [7d 9s Qh 3d] [5d]
Joe_Li7: bets $1.72
J0SHB0SH: calls $1.72
*** SHOW DOWN ***
Joe_Li7: shows [4s Ks] (high card King)
J0SHB0SH: shows [8c 8d] (a pair of Eights)
J0SHB0SH collected $8.49 from pot
*** SUMMARY ***
Total pot $8.94 | Rake $0.45 
Board [7d 9s Qh 3d 5d]
Seat 3: maxalfelfi
Seat 1: Iseedora (button) folded before Flop (didn't bet)
Seat 2: Seavus10 (small blind) folded before Flop
Seat 4: Joe_Li7 (big blind) showed [4s Ks] and lost with high card King
Seat 5: BGS013 folded before Flop (didn't bet)
Seat 6: J0SHB0SH showed [8c 8d] and won ($8.49) with a pair of Eights



PokerStars Hand #254741227956:  Hold'em No Limit ($0.50/$1.00 USD) - 2025/02/06 22:45:24 WET [2025/02/06 17:45:24 ET]
Table 'Urhixidur II' 6-max Seat #2 is the button
Seat 3: maxalfelfi ($97.15 in chips) is sitting out
Seat 1: Iseedora ($101.78 in chips) 
Seat 2: Seavus10 ($117.80 in chips) 
Seat 4: Joe_Li7 ($100 in chips) 
Seat 5: BGS013 ($128.43 in chips) 
Seat 6: J0SHB0SH ($104.27 in chips) 
Joe_Li7: posts small blind $0.50
BGS013: posts big blind $1
*** HOLE CARDS ***
J0SHB0SH: folds 
Iseedora: raises $1.20 to $2.20
Seavus10 has timed out
Seavus10: folds 
Joe_Li7: folds 
BGS013: calls $1.20
*** FLOP *** [5h 8s 9h]
BGS013: checks 
Iseedora: checks 
*** TURN *** [5h 8s 9h] [3s]
BGS013: bets $5.92
Iseedora: calls $5.92
*** RIVER *** [5h 8s 9h 3s] [Kc]
BGS013: checks 
Iseedora: checks 
*** SHOW DOWN ***
BGS013: shows [Js 7s] (high card King)
Iseedora: shows [Jd Th] (high card King - Jack+Ten kicker)
Iseedora collected $15.90 from pot
*** SUMMARY ***
Total pot $16.74 | Rake $0.84 
Board [5h 8s 9h 3s Kc]
Seat 3: maxalfelfi
Seat 1: Iseedora showed [Jd Th] and won ($15.90) with high card King
Seat 2: Seavus10 (button) folded before Flop (didn't bet)
Seat 4: Joe_Li7 (small blind) folded before Flop
Seat 5: BGS013 (big blind) showed [Js 7s] and lost with high card King
Seat 6: J0SHB0SH folded before Flop (didn't bet)



PokerStars Hand #254741265268:  Hold'em No Limit ($0.50/$1.00 USD) - 2025/02/06 22:47:41 WET [2025/02/06 17:47:41 ET]
Table 'Urhixidur II' 6-max Seat #4 is the button
Seat 3: maxalfelfi ($97.15 in chips) is sitting out
Seat 1: Iseedora ($109.56 in chips) 
Seat 2: Seavus10 ($117.80 in chips) 
Seat 4: Joe_Li7 ($100 in chips) 
Seat 5: BGS013 ($120.31 in chips) 
Seat 6: J0SHB0SH ($104.27 in chips) 
BGS013: posts small blind $0.50
J0SHB0SH: posts big blind $1
*** HOLE CARDS ***
Iseedora: folds 
Seavus10: folds 
Joe_Li7: raises $1.20 to $2.20
BGS013: folds 
J0SHB0SH: folds 
Uncalled bet ($1.20) returned to Joe_Li7
Joe_Li7 collected $2.50 from pot
*** SUMMARY ***
Total pot $2.50 | Rake $0 
Seat 3: maxalfelfi
Seat 1: Iseedora folded before Flop (didn't bet)
Seat 2: Seavus10 folded before Flop (didn't bet)
Seat 4: Joe_Li7 (button) collected ($2.50)
Seat 5: BGS013 (small blind) folded before Flop
Seat 6: J0SHB0SH (big blind) folded before Flop



PokerStars Hand #254741269596:  Hold'em No Limit ($0.50/$1.00 USD) - 2025/02/06 22:47:58 WET [2025/02/06 17:47:58 ET]
Table 'Urhixidur II' 6-max Seat #5 is the button
Seat 1: Iseedora ($109.56 in chips) is sitting out
Seat 3: maxalfelfi ($97.15 in chips) is sitting out
Seat 2: Seavus10 ($117.80 in chips) 
Seat 4: Joe_Li7 ($101.50 in chips) 
Seat 5: BGS013 ($119.81 in chips) 
Seat 6: J0SHB0SH ($103.27 in chips) 
J0SHB0SH: posts small blind $0.50
Iseedora: is sitting out 
Iseedora leaves the table
Seavus10: posts big blind $1
*** HOLE CARDS ***
Joe_Li7: folds 
BGS013: folds 
J0SHB0SH: folds 
Uncalled bet ($0.50) returned to Seavus10
Seavus10 collected $1 from pot
Seavus10: doesn't show hand 
*** SUMMARY ***
Total pot $1 | Rake $0 
Seat 1: Iseedora
Seat 3: maxalfelfi
Seat 2: Seavus10 (big blind) collected ($1)
Seat 4: Joe_Li7 folded before Flop (didn't bet)
Seat 5: BGS013 (button) folded before Flop (didn't bet)
Seat 6: J0SHB0SH (small blind) folded before Flop



PokerStars Hand #254741272651:  Hold'em No Limit ($0.50/$1.00 USD) - 2025/02/06 22:48:09 WET [2025/02/06 17:48:09 ET]
Table 'Urhixidur II' 6-max Seat #6 is the button
Seat 3: maxalfelfi ($97.15 in chips) is sitting out
Seat 2: Seavus10 ($118.30 in chips) 
Seat 4: Joe_Li7 ($101.50 in chips) 
Seat 5: BGS013 ($119.81 in chips) 
Seat 6: J0SHB0SH ($102.77 in chips) 
Seavus10: posts small blind $0.50
Joe_Li7: posts big blind $1
*** HOLE CARDS ***
BGS013: raises $1.50 to $2.50
J0SHB0SH: folds 
Seavus10: raises $8.50 to $11
Joe_Li7: folds 
BGS013: calls $8.50
*** FLOP *** [8d Ah 4d]
coeeeelho joins the table at seat #1 
Seavus10: bets $5.50
BGS013: calls $5.50
*** TURN *** [8d Ah 4d] [Js]
coeeeelho leaves the table
Seavus10: bets $24.75
BGS013: calls $24.75
*** RIVER *** [8d Ah 4d Js] [2d]
Seavus10: bets $9.90
BGS013: raises $68.66 to $78.56 and is all-in
Seavus10: calls $67.15 and is all-in
Uncalled bet ($1.51) returned to BGS013
*** SHOW DOWN ***
BGS013: shows [As Ts] (a pair of Aces)
Seavus10: shows [Kd Ad] (a flush, Ace high)
Seavus10 collected $236.60 from pot
*** SUMMARY ***
Total pot $237.60 | Rake $1 
Board [8d Ah 4d Js 2d]
Seat 3: maxalfelfi
Seat 2: Seavus10 (small blind) showed [Kd Ad] and won ($236.60) with a flush, Ace high
Seat 4: Joe_Li7 (big blind) folded before Flop
Seat 5: BGS013 showed [As Ts] and lost with a pair of Aces
Seat 6: J0SHB0SH (button) folded before Flop (didn't bet)



PokerStars Hand #254741307247:  Hold'em No Limit ($0.50/$1.00 USD) - 2025/02/06 22:50:18 WET [2025/02/06 17:50:18 ET]
Table 'Urhixidur II' 6-max Seat #2 is the button
Seat 3: maxalfelfi ($97.15 in chips) is sitting out
Seat 2: Seavus10 ($236.60 in chips) 
Seat 4: Joe_Li7 ($100.50 in chips) 
Seat 5: BGS013 ($100 in chips) 
Seat 6: J0SHB0SH ($102.77 in chips) 
Joe_Li7: posts small blind $0.50
BGS013: posts big blind $1
*** HOLE CARDS ***
J0SHB0SH: folds 
Seavus10: folds 
Joe_Li7: raises $2 to $3
BGS013: raises $6.50 to $9.50
Joe_Li7: calls $6.50
*** FLOP *** [As 6c 3h]
Joe_Li7: checks 
BGS013: bets $4.69
Joe_Li7: calls $4.69
*** TURN *** [As 6c 3h] [7d]
Joe_Li7: checks 
BGS013: checks 
*** RIVER *** [As 6c 3h 7d] [Ks]
Joe_Li7: bets $20.55
BGS013: folds 
Uncalled bet ($20.55) returned to Joe_Li7
Joe_Li7 collected $27.38 from pot
*** SUMMARY ***
Total pot $28.38 | Rake $1 
Board [As 6c 3h 7d Ks]
Seat 3: maxalfelfi
Seat 2: Seavus10 (button) folded before Flop (didn't bet)
Seat 4: Joe_Li7 (small blind) collected ($27.38)
Seat 5: BGS013 (big blind) folded on the River
Seat 6: J0SHB0SH folded before Flop (didn't bet)



PokerStars Hand #254741335229:  Hold'em No Limit ($0.50/$1.00 USD) - 2025/02/06 22:52:03 WET [2025/02/06 17:52:03 ET]
Table 'Urhixidur II' 6-max Seat #4 is the button
Seat 3: maxalfelfi ($97.15 in chips) is sitting out
Seat 2: Seavus10 ($236.60 in chips) 
Seat 4: Joe_Li7 ($113.69 in chips) 
Seat 5: BGS013 ($100 in chips) 
Seat 6: J0SHB0SH ($102.77 in chips) 
BGS013: posts small blind $0.50
J0SHB0SH: posts big blind $1
*** HOLE CARDS ***
Seavus10: folds 
Joe_Li7: raises $1.20 to $2.20
BGS013: folds 
J0SHB0SH: calls $1.20
*** FLOP *** [9s 6s Tc]
J0SHB0SH: checks 
coeeeelho joins the table at seat #1 
Joe_Li7: bets $2.33
J0SHB0SH: raises $7.67 to $10
Joe_Li7: folds 
Uncalled bet ($7.67) returned to J0SHB0SH
J0SHB0SH collected $9.08 from pot
J0SHB0SH: doesn't show hand 
*** SUMMARY ***
Total pot $9.56 | Rake $0.48 
Board [9s 6s Tc]
Seat 3: maxalfelfi
Seat 2: Seavus10 folded before Flop (didn't bet)
Seat 4: Joe_Li7 (button) folded on the Flop
Seat 5: BGS013 (small blind) folded before Flop
Seat 6: J0SHB0SH (big blind) collected ($9.08)



PokerStars Hand #254741344993:  Hold'em No Limit ($0.50/$1.00 USD) - 2025/02/06 22:52:40 WET [2025/02/06 17:52:40 ET]
Table 'Urhixidur II' 6-max Seat #5 is the button
Seat 3: maxalfelfi ($97.15 in chips) is sitting out
Seat 1: coeeeelho ($100 in chips) 
Seat 2: Seavus10 ($236.60 in chips) 
Seat 4: Joe_Li7 ($109.16 in chips) 
Seat 5: BGS013 ($100 in chips) 
Seat 6: J0SHB0SH ($107.32 in chips) 
J0SHB0SH: posts small blind $0.50
coeeeelho: posts big blind $1
*** HOLE CARDS ***
Seavus10: folds 
Joe_Li7: folds 
BGS013: raises $1.50 to $2.50
J0SHB0SH: raises $9.50 to $12
coeeeelho: folds 
BGS013: folds 
Uncalled bet ($9.50) returned to J0SHB0SH
J0SHB0SH collected $6 from pot
J0SHB0SH: doesn't show hand 
*** SUMMARY ***
Total pot $6 | Rake $0 
Seat 3: maxalfelfi
Seat 1: coeeeelho (big blind) folded before Flop
Seat 2: Seavus10 folded before Flop (didn't bet)
Seat 4: Joe_Li7 folded before Flop (didn't bet)
Seat 5: BGS013 (button) folded before Flop
Seat 6: J0SHB0SH (small blind) collected ($6)



PokerStars Hand #254741351323:  Hold'em No Limit ($0.50/$1.00 USD) - 2025/02/06 22:53:04 WET [2025/02/06 17:53:04 ET]
Table 'Urhixidur II' 6-max Seat #6 is the button
Seat 3: maxalfelfi ($97.15 in chips) is sitting out
Seat 1: coeeeelho ($100 in chips) 
Seat 2: Seavus10 ($236.60 in chips) 
Seat 4: Joe_Li7 ($109.16 in chips) 
Seat 5: BGS013 ($100 in chips) 
Seat 6: J0SHB0SH ($110.82 in chips) 
coeeeelho: posts small blind $0.50
Seavus10: posts big blind $1
*** HOLE CARDS ***
Joe_Li7: raises $1.20 to $2.20
BGS013: folds 
J0SHB0SH: folds 
coeeeelho: folds 
Seavus10: calls $1.20
*** FLOP *** [3s 5c 8c]
Seavus10: checks 
Joe_Li7: checks 
*** TURN *** [3s 5c 8c] [Tc]
Seavus10 has timed out
Seavus10: checks 
Joe_Li7: checks 
*** RIVER *** [3s 5c 8c Tc] [2c]
Seavus10: bets $3.50
Joe_Li7: raises $11.66 to $15.16
Seavus10: folds 
Uncalled bet ($11.66) returned to Joe_Li7
Joe_Li7 collected $11.30 from pot
*** SUMMARY ***
Total pot $11.90 | Rake $0.60 
Board [3s 5c 8c Tc 2c]
Seat 3: maxalfelfi
Seat 1: coeeeelho (small blind) folded before Flop
Seat 2: Seavus10 (big blind) folded on the River
Seat 4: Joe_Li7 collected ($11.30)
Seat 5: BGS013 folded before Flop (didn't bet)
Seat 6: J0SHB0SH (button) folded before Flop (didn't bet)



PokerStars Hand #254741375066:  Hold'em No Limit ($0.50/$1.00 USD) - 2025/02/06 22:54:33 WET [2025/02/06 17:54:33 ET]
Table 'Urhixidur II' 6-max Seat #1 is the button
Seat 3: maxalfelfi ($97.15 in chips) is sitting out
Seat 1: coeeeelho ($100 in chips) 
Seat 2: Seavus10 ($230.90 in chips) 
Seat 4: Joe_Li7 ($114.76 in chips) 
Seat 5: BGS013 ($100 in chips) 
Seat 6: J0SHB0SH ($110.82 in chips) 
Seavus10: posts small blind $0.50
Joe_Li7: posts big blind $1
*** HOLE CARDS ***
BGS013: folds 
J0SHB0SH: folds 
coeeeelho: raises $1.50 to $2.50
Seavus10: folds 
maxalfelfi leaves the table
Joe_Li7: calls $1.50
*** FLOP *** [Th 3c 3h]
Joe_Li7: checks 
coeeeelho: bets $3.50
Joe_Li7: calls $3.50
*** TURN *** [Th 3c 3h] [2d]
Joe_Li7: checks 
coeeeelho: checks 
*** RIVER *** [Th 3c 3h 2d] [4d]
Joe_Li7: bets $8.93
coeeeelho: folds 
Uncalled bet ($8.93) returned to Joe_Li7
Joe_Li7 collected $11.88 from pot
*** SUMMARY ***
Total pot $12.50 | Rake $0.62 
Board [Th 3c 3h 2d 4d]
Seat 3: maxalfelfi
Seat 1: coeeeelho (button) folded on the River
Seat 2: Seavus10 (small blind) folded before Flop
Seat 4: Joe_Li7 (big blind) collected ($11.88)
Seat 5: BGS013 folded before Flop (didn't bet)
Seat 6: J0SHB0SH folded before Flop (didn't bet)



PokerStars Hand #254741393285:  Hold'em No Limit ($0.50/$1.00 USD) - 2025/02/06 22:55:56 WET [2025/02/06 17:55:56 ET]
Table 'Urhixidur II' 6-max Seat #2 is the button
Seat 1: coeeeelho ($100 in chips) 
Seat 2: Seavus10 ($230.40 in chips) 
Seat 4: Joe_Li7 ($120.64 in chips) 
Seat 5: BGS013 ($100 in chips) 
Seat 6: J0SHB0SH ($110.82 in chips) 
Joe_Li7: posts small blind $0.50
BGS013: posts big blind $1
*** HOLE CARDS ***
J0SHB0SH: folds 
coeeeelho: raises $1.30 to $2.30
Seavus10: folds 
Joe_Li7: folds 
BGS013: folds 
Uncalled bet ($1.30) returned to coeeeelho
coeeeelho collected $2.50 from pot
*** SUMMARY ***
Total pot $2.50 | Rake $0 
Seat 1: coeeeelho collected ($2.50)
Seat 2: Seavus10 (button) folded before Flop (didn't bet)
Seat 4: Joe_Li7 (small blind) folded before Flop
Seat 5: BGS013 (big blind) folded before Flop
Seat 6: J0SHB0SH folded before Flop (didn't bet)



PokerStars Hand #254741398793:  Hold'em No Limit ($0.50/$1.00 USD) - 2025/02/06 22:56:25 WET [2025/02/06 17:56:25 ET]
Table 'Urhixidur II' 6-max Seat #4 is the button
Seat 1: coeeeelho ($101.50 in chips) 
Seat 2: Seavus10 ($230.40 in chips) 
Seat 4: Joe_Li7 ($120.14 in chips) 
Seat 5: BGS013 ($100 in chips) 
Seat 6: J0SHB0SH ($110.82 in chips) 
BGS013: posts small blind $0.50
J0SHB0SH: posts big blind $1
*** HOLE CARDS ***
coeeeelho: folds 
Seavus10: folds 
Joe_Li7: raises $1.20 to $2.20
BGS013: folds 
J0SHB0SH: calls $1.20
*** FLOP *** [5h 9s Ks]
J0SHB0SH: checks 
Joe_Li7: bets $1.54
J0SHB0SH: raises $5.11 to $6.65
Joe_Li7: calls $5.11
*** TURN *** [5h 9s Ks] [Jh]
J0SHB0SH: bets $25.94
Herby1808 joins the table at seat #3 
Joe_Li7: folds 
Uncalled bet ($25.94) returned to J0SHB0SH
J0SHB0SH collected $17.29 from pot
J0SHB0SH: doesn't show hand 
*** SUMMARY ***
Total pot $18.20 | Rake $0.91 
Board [5h 9s Ks Jh]
Seat 1: coeeeelho folded before Flop (didn't bet)
Seat 2: Seavus10 folded before Flop (didn't bet)
Seat 4: Joe_Li7 (button) folded on the Turn
Seat 5: BGS013 (small blind) folded before Flop
Seat 6: J0SHB0SH (big blind) collected ($17.29)



PokerStars Hand #254741412843:  Hold'em No Limit ($0.50/$1.00 USD) - 2025/02/06 22:57:37 WET [2025/02/06 17:57:37 ET]
Table 'Urhixidur II' 6-max Seat #5 is the button
Seat 3: Herby1808 ($100 in chips) is sitting out
Seat 1: coeeeelho ($101.50 in chips) 
Seat 2: Seavus10 ($230.40 in chips) 
Seat 4: Joe_Li7 ($111.29 in chips) 
Seat 5: BGS013 ($100 in chips) 
Seat 6: J0SHB0SH ($119.26 in chips) 
J0SHB0SH: posts small blind $0.50
coeeeelho: posts big blind $1
Herby1808: sits out 
*** HOLE CARDS ***
Seavus10: folds 
Joe_Li7: raises $1.20 to $2.20
BGS013: folds 
J0SHB0SH: folds 
coeeeelho: folds 
Uncalled bet ($1.20) returned to Joe_Li7
Joe_Li7 collected $2.50 from pot
*** SUMMARY ***
Total pot $2.50 | Rake $0 
Seat 3: Herby1808
Seat 1: coeeeelho (big blind) folded before Flop
Seat 2: Seavus10 folded before Flop (didn't bet)
Seat 4: Joe_Li7 collected ($2.50)
Seat 5: BGS013 (button) folded before Flop (didn't bet)
Seat 6: J0SHB0SH (small blind) folded before Flop



PokerStars Hand #254741415895:  Hold'em No Limit ($0.50/$1.00 USD) - 2025/02/06 22:57:53 WET [2025/02/06 17:57:53 ET]
Table 'Urhixidur II' 6-max Seat #6 is the button
Seat 3: Herby1808 ($100 in chips) is sitting out
Seat 1: coeeeelho ($100.50 in chips) 
Seat 2: Seavus10 ($230.40 in chips) 
Seat 4: Joe_Li7 ($112.79 in chips) 
Seat 5: BGS013 ($100 in chips) 
Seat 6: J0SHB0SH ($118.76 in chips) 
coeeeelho: posts small blind $0.50
Seavus10: posts big blind $1
*** HOLE CARDS ***
Joe_Li7: raises $1.20 to $2.20
BGS013: folds 
J0SHB0SH: folds 
coeeeelho: folds 
Seavus10: calls $1.20
*** FLOP *** [2c 2d Kd]
Seavus10: checks 
Joe_Li7: bets $1.17
Seavus10: calls $1.17
*** TURN *** [2c 2d Kd] [9c]
Seavus10: checks 
Joe_Li7: bets $9.63
Seavus10: folds 
Uncalled bet ($9.63) returned to Joe_Li7
Joe_Li7 collected $6.88 from pot
*** SUMMARY ***
Total pot $7.24 | Rake $0.36 
Board [2c 2d Kd 9c]
Seat 3: Herby1808
Seat 1: coeeeelho (small blind) folded before Flop
Seat 2: Seavus10 (big blind) folded on the Turn
Seat 4: Joe_Li7 collected ($6.88)
Seat 5: BGS013 folded before Flop (didn't bet)
Seat 6: J0SHB0SH (button) folded before Flop (didn't bet)



PokerStars Hand #254741431046:  Hold'em No Limit ($0.50/$1.00 USD) - 2025/02/06 22:59:12 WET [2025/02/06 17:59:12 ET]
Table 'Urhixidur II' 6-max Seat #1 is the button
Seat 3: Herby1808 ($100 in chips) is sitting out
Seat 1: coeeeelho ($100 in chips) 
Seat 2: Seavus10 ($227.03 in chips) 
Seat 4: Joe_Li7 ($116.30 in chips) 
Seat 5: BGS013 ($100 in chips) 
Seat 6: J0SHB0SH ($118.76 in chips) 
Seavus10: posts small blind $0.50
Joe_Li7: posts big blind $1
*** HOLE CARDS ***
BGS013: folds 
J0SHB0SH: folds 
coeeeelho: folds 
Seavus10: raises $2 to $3
Joe_Li7: raises $6 to $9
Seavus10: raises $12.99 to $21.99
J0SHB0SH leaves the table
Joe_Li7: calls $12.99
*** FLOP *** [Ts 8d 7c]
XneferX joins the table at seat #6 
Seavus10: checks 
Joe_Li7: checks 
*** TURN *** [Ts 8d 7c] [Jc]
Seavus10: checks 
Joe_Li7: bets $13.79
Seavus10: folds 
Uncalled bet ($13.79) returned to Joe_Li7
Joe_Li7 collected $41.78 from pot
*** SUMMARY ***
Total pot $43.98 | Rake $2.20 
Board [Ts 8d 7c Jc]
Seat 3: Herby1808
Seat 1: coeeeelho (button) folded before Flop (didn't bet)
Seat 2: Seavus10 (small blind) folded on the Turn
Seat 4: Joe_Li7 (big blind) collected ($41.78)
Seat 5: BGS013 folded before Flop (didn't bet)
Seat 6: J0SHB0SH folded before Flop (didn't bet)



PokerStars Hand #254741455072:  Hold'em No Limit ($0.50/$1.00 USD) - 2025/02/06 23:01:08 WET [2025/02/06 18:01:08 ET]
Table 'Urhixidur II' 6-max Seat #2 is the button
Seat 3: Herby1808 ($100 in chips) is sitting out
Seat 6: XneferX ($100 in chips) is sitting out
Seat 1: coeeeelho ($100 in chips) 
Seat 2: Seavus10 ($205.04 in chips) 
Seat 4: Joe_Li7 ($136.09 in chips) 
Seat 5: BGS013 ($100 in chips) 
Joe_Li7: posts small blind $0.50
BGS013: posts big blind $1
XneferX: sits out 
*** HOLE CARDS ***
coeeeelho: folds 
Seavus10: raises $1.50 to $2.50
Joe_Li7: folds 
BGS013: calls $1.50
*** FLOP *** [Th Ah 6d]
BGS013: checks 
Seavus10: checks 
*** TURN *** [Th Ah 6d] [Kd]
BGS013: checks 
Seavus10: checks 
*** RIVER *** [Th Ah 6d Kd] [5c]
BGS013: bets $4.07
Seavus10: folds 
Uncalled bet ($4.07) returned to BGS013
BGS013 collected $5.22 from pot
BGS013: doesn't show hand 
*** SUMMARY ***
Total pot $5.50 | Rake $0.28 
Board [Th Ah 6d Kd 5c]
Seat 3: Herby1808
Seat 6: XneferX
Seat 1: coeeeelho folded before Flop (didn't bet)
Seat 2: Seavus10 (button) folded on the River
Seat 4: Joe_Li7 (small blind) folded before Flop
Seat 5: BGS013 (big blind) collected ($5.22)



PokerStars Hand #254741473056:  Hold'em No Limit ($0.50/$1.00 USD) - 2025/02/06 23:02:22 WET [2025/02/06 18:02:22 ET]
Table 'Urhixidur II' 6-max Seat #4 is the button
Seat 3: Herby1808 ($100 in chips) is sitting out
Seat 1: coeeeelho ($100 in chips) 
Seat 2: Seavus10 ($202.54 in chips) 
Seat 4: Joe_Li7 ($135.59 in chips) 
Seat 5: BGS013 ($102.72 in chips) 
Seat 6: XneferX ($100 in chips) 
BGS013: posts small blind $0.50
XneferX: posts big blind $1
*** HOLE CARDS ***
coeeeelho: folds 
Seavus10: raises $1.20 to $2.20
Joe_Li7: folds 
BGS013: folds 
XneferX: folds 
Uncalled bet ($1.20) returned to Seavus10
Seavus10 collected $2.50 from pot
Seavus10: doesn't show hand 
*** SUMMARY ***
Total pot $2.50 | Rake $0 
Seat 3: Herby1808
Seat 1: coeeeelho folded before Flop (didn't bet)
Seat 2: Seavus10 collected ($2.50)
Seat 4: Joe_Li7 (button) folded before Flop (didn't bet)
Seat 5: BGS013 (small blind) folded before Flop
Seat 6: XneferX (big blind) folded before Flop



PokerStars Hand #254741476515:  Hold'em No Limit ($0.50/$1.00 USD) - 2025/02/06 23:02:35 WET [2025/02/06 18:02:35 ET]
Table 'Urhixidur II' 6-max Seat #5 is the button
Seat 3: Herby1808 ($100 in chips) is sitting out
Seat 1: coeeeelho ($100 in chips) 
Seat 2: Seavus10 ($204.04 in chips) 
Seat 4: Joe_Li7 ($135.59 in chips) 
Seat 5: BGS013 ($102.22 in chips) 
Seat 6: XneferX ($100 in chips) 
XneferX: posts small blind $0.50
coeeeelho: posts big blind $1
*** HOLE CARDS ***
Seavus10: folds 
Joe_Li7: raises $1.20 to $2.20
BGS013: raises $5.80 to $8
XneferX: folds 
coeeeelho: folds 
Joe_Li7: folds 
Uncalled bet ($5.80) returned to BGS013
BGS013 collected $5.90 from pot
BGS013: doesn't show hand 
*** SUMMARY ***
Total pot $5.90 | Rake $0 
Seat 3: Herby1808
Seat 1: coeeeelho (big blind) folded before Flop
Seat 2: Seavus10 folded before Flop (didn't bet)
Seat 4: Joe_Li7 folded before Flop
Seat 5: BGS013 (button) collected ($5.90)
Seat 6: XneferX (small blind) folded before Flop



PokerStars Hand #254741481936:  Hold'em No Limit ($0.50/$1.00 USD) - 2025/02/06 23:02:55 WET [2025/02/06 18:02:55 ET]
Table 'Urhixidur II' 6-max Seat #6 is the button
Seat 3: Herby1808 ($100 in chips) is sitting out
Seat 1: coeeeelho ($100 in chips) 
Seat 2: Seavus10 ($204.04 in chips) 
Seat 4: Joe_Li7 ($133.39 in chips) 
Seat 5: BGS013 ($105.92 in chips) 
Seat 6: XneferX ($100 in chips) 
coeeeelho: posts small blind $0.50
Seavus10: posts big blind $1
*** HOLE CARDS ***
Joe_Li7: raises $1.20 to $2.20
BGS013: folds 
XneferX: folds 
coeeeelho: folds 
Seavus10: folds 
Uncalled bet ($1.20) returned to Joe_Li7
Joe_Li7 collected $2.50 from pot
*** SUMMARY ***
Total pot $2.50 | Rake $0 
Seat 3: Herby1808
Seat 1: coeeeelho (small blind) folded before Flop
Seat 2: Seavus10 (big blind) folded before Flop
Seat 4: Joe_Li7 collected ($2.50)
Seat 5: BGS013 folded before Flop (didn't bet)
Seat 6: XneferX (button) folded before Flop (didn't bet)



PokerStars Hand #254741487210:  Hold'em No Limit ($0.50/$1.00 USD) - 2025/02/06 23:03:16 WET [2025/02/06 18:03:16 ET]
Table 'Urhixidur II' 6-max Seat #1 is the button
Seat 3: Herby1808 ($100 in chips) is sitting out
Seat 4: Joe_Li7 ($134.89 in chips) is sitting out
Seat 1: coeeeelho ($100 in chips) 
Seat 2: Seavus10 ($203.04 in chips) 
Seat 5: BGS013 ($105.92 in chips) 
Seat 6: XneferX ($100 in chips) 
Seavus10: posts small blind $0.50
Joe_Li7: is sitting out 
BGS013: posts big blind $1
*** HOLE CARDS ***
XneferX: folds 
coeeeelho: raises $1.50 to $2.50
Seavus10: folds 
BGS013: folds 
Uncalled bet ($1.50) returned to coeeeelho
coeeeelho collected $2.50 from pot
*** SUMMARY ***
Total pot $2.50 | Rake $0 
Seat 3: Herby1808
Seat 4: Joe_Li7
Seat 1: coeeeelho (button) collected ($2.50)
Seat 2: Seavus10 (small blind) folded before Flop
Seat 5: BGS013 (big blind) folded before Flop
Seat 6: XneferX folded before Flop (didn't bet)



PokerStars Hand #254741492794:  Hold'em No Limit ($0.50/$1.00 USD) - 2025/02/06 23:03:38 WET [2025/02/06 18:03:38 ET]
Table 'Urhixidur II' 6-max Seat #2 is the button
Seat 3: Herby1808 ($100 in chips) is sitting out
Seat 4: Joe_Li7 ($134.89 in chips) is sitting out
Seat 1: coeeeelho ($101.50 in chips) 
Seat 2: Seavus10 ($202.54 in chips) 
Seat 5: BGS013 ($104.92 in chips) 
Seat 6: XneferX ($100 in chips) 
BGS013: posts small blind $0.50
XneferX: posts big blind $1
*** HOLE CARDS ***
coeeeelho: folds 
Joe_Li7 leaves the table
Seavus10: folds 
BGS013: raises $2 to $3
IREQO joins the table at seat #4 
XneferX: calls $2
*** FLOP *** [8h Ac 9c]
BGS013: checks 
coeeeelho leaves the table
XneferX: bets $1.94
BGS013: folds 
Uncalled bet ($1.94) returned to XneferX
XneferX collected $5.70 from pot
XneferX: doesn't show hand 
*** SUMMARY ***
Total pot $6 | Rake $0.30 
Board [8h Ac 9c]
Seat 3: Herby1808
Seat 4: Joe_Li7
Seat 1: coeeeelho folded before Flop (didn't bet)
Seat 2: Seavus10 (button) folded before Flop (didn't bet)
Seat 5: BGS013 (small blind) folded on the Flop
Seat 6: XneferX (big blind) collected ($5.70)



PokerStars Hand #254741505135:  Hold'em No Limit ($0.50/$1.00 USD) - 2025/02/06 23:04:27 WET [2025/02/06 18:04:27 ET]
Table 'Urhixidur II' 6-max Seat #5 is the button
Seat 3: Herby1808 ($100 in chips) is sitting out
Seat 2: Seavus10 ($202.54 in chips) 
Seat 4: IREQO ($100 in chips) 
Seat 5: BGS013 ($101.92 in chips) 
Seavus10: posts small blind $0.50
IREQO: posts big blind $1
*** HOLE CARDS ***
BGS013: raises $1.50 to $2.50
Seavus10: folds 
IREQO: folds 
Uncalled bet ($1.50) returned to BGS013
BGS013 collected $2.50 from pot
BGS013: doesn't show hand 
*** SUMMARY ***
Total pot $2.50 | Rake $0 
Seat 3: Herby1808
Seat 2: Seavus10 (small blind) folded before Flop
Seat 4: IREQO (big blind) folded before Flop
Seat 5: BGS013 (button) collected ($2.50)



PokerStars Hand #254741511238:  Hold'em No Limit ($0.50/$1.00 USD) - 2025/02/06 23:04:50 WET [2025/02/06 18:04:50 ET]
Table 'Urhixidur II' 6-max Seat #2 is the button
Seat 3: Herby1808 ($100 in chips) is sitting out
Seat 2: Seavus10 ($202.04 in chips) 
Seat 4: IREQO ($100 in chips) 
Seat 5: BGS013 ($103.42 in chips) 
IREQO: posts small blind $0.50
BGS013: posts big blind $1
*** HOLE CARDS ***
Seavus10: folds 
IREQO: folds 
Uncalled bet ($0.50) returned to BGS013
BGS013 collected $1 from pot
BGS013: doesn't show hand 
*** SUMMARY ***
Total pot $1 | Rake $0 
Seat 3: Herby1808
Seat 2: Seavus10 (button) folded before Flop (didn't bet)
Seat 4: IREQO (small blind) folded before Flop
Seat 5: BGS013 (big blind) collected ($1)



PokerStars Hand #254741514380:  Hold'em No Limit ($0.50/$1.00 USD) - 2025/02/06 23:05:03 WET [2025/02/06 18:05:03 ET]
Table 'Urhixidur II' 6-max Seat #4 is the button
Seat 3: Herby1808 ($100 in chips) is sitting out
Seat 2: Seavus10 ($202.04 in chips) 
Seat 4: IREQO ($100 in chips) 
Seat 5: BGS013 ($103.92 in chips) 
BGS013: posts small blind $0.50
Seavus10: posts big blind $1
*** HOLE CARDS ***
IREQO: folds 
BGS013: folds 
Uncalled bet ($0.50) returned to Seavus10
Seavus10 collected $1 from pot
Seavus10: doesn't show hand 
IREQO leaves the table
*** SUMMARY ***
Total pot $1 | Rake $0 
Seat 3: Herby1808
Seat 2: Seavus10 (big blind) collected ($1)
Seat 4: IREQO (button) folded before Flop (didn't bet)
Seat 5: BGS013 (small blind) folded before Flop



PokerStars Hand #254741518201:  Hold'em No Limit ($0.50/$1.00 USD) - 2025/02/06 23:05:17 WET [2025/02/06 18:05:17 ET]
Table 'Urhixidur II' 6-max Seat #2 is the button
Seat 3: Herby1808 ($100 in chips) is sitting out
Seat 2: Seavus10 ($202.54 in chips) 
Seat 5: BGS013 ($103.42 in chips) 
Seavus10: posts small blind $0.50
BGS013: posts big blind $1
*** HOLE CARDS ***
Seavus10: folds 
Uncalled bet ($0.50) returned to BGS013
BGS013 collected $1 from pot
Herby1808 leaves the table
BGS013: doesn't show hand 
*** SUMMARY ***
Total pot $1 | Rake $0 
Seat 3: Herby1808
Seat 2: Seavus10 (button) (small blind) folded before Flop
Seat 5: BGS013 (big blind) collected ($1)



PokerStars Hand #254741519852:  Hold'em No Limit ($0.50/$1.00 USD) - 2025/02/06 23:05:24 WET [2025/02/06 18:05:24 ET]
Table 'Urhixidur II' 6-max Seat #5 is the button
Seat 2: Seavus10 ($202.04 in chips) 
Seat 5: BGS013 ($103.92 in chips) 
BGS013: posts small blind $0.50
Seavus10: posts big blind $1
*** HOLE CARDS ***
BGS013: raises $1.50 to $2.50
Seavus10: calls $1.50
*** FLOP *** [7c 8d Js]
Seavus10: checks 
BGS013: checks 
*** TURN *** [7c 8d Js] [3d]
Seavus10: checks 
BGS013: checks 
*** RIVER *** [7c 8d Js 3d] [Qc]
Seavus10: checks 
BGS013: checks 
*** SHOW DOWN ***
Seavus10: shows [4c Kc] (high card King)
BGS013: shows [Tc Ts] (a pair of Tens)
BGS013 collected $4.75 from pot
*** SUMMARY ***
Total pot $5 | Rake $0.25 
Board [7c 8d Js 3d Qc]
Seat 2: Seavus10 (big blind) showed [4c Kc] and lost with high card King
Seat 5: BGS013 (button) (small blind) showed [Tc Ts] and won ($4.75) with a pair of Tens



