PokerStars Hand #254734300805:  Hold'em No Limit ($0.50/$1.00 USD) - 2025/02/06 15:26:07 WET [2025/02/06 10:26:07 ET]
Table 'Tatjana II' 6-max Seat #2 is the button
Seat 2: ReVeu710 ($100 in chips) 
Seat 3: CichiChanMarian ($102.95 in chips) 
Seat 4: fugitive-Ty3 ($100 in chips) 
Seat 5: app1e_j@ck ($100 in chips) 
Seat 6: Burlica2013 ($100 in chips) 
CichiChanMarian: posts small blind $0.50
fugitive-Ty3: posts big blind $1
*** HOLE CARDS ***
app1e_j@ck: folds 
Burlica2013: folds 
ReVeu710: folds 
CichiChanMarian: raises $2 to $3
fugitive-Ty3: calls $2
*** FLOP *** [7h 8s Ks]
CichiChanMarian: checks 
fugitive-Ty3: checks 
*** TURN *** [7h 8s Ks] [3h]
CichiChanMarian: checks 
fugitive-Ty3: checks 
*** RIVER *** [7h 8s Ks 3h] [Qs]
CichiChanMarian: checks 
fugitive-Ty3: bets $4.28
CichiChanMarian: calls $4.28
*** SHOW DOWN ***
fugitive-Ty3: shows [9d Qc] (a pair of Queens)
CichiChanMarian: mucks hand 
fugitive-Ty3 collected $13.83 from pot
*** SUMMARY ***
Total pot $14.56 | Rake $0.73 
Board [7h 8s Ks 3h Qs]
Seat 2: ReVeu710 (button) folded before Flop (didn't bet)
Seat 3: CichiChanMarian (small blind) mucked
Seat 4: fugitive-Ty3 (big blind) showed [9d Qc] and won ($13.83) with a pair of Queens
Seat 5: app1e_j@ck folded before Flop (didn't bet)
Seat 6: Burlica2013 folded before Flop (didn't bet)



PokerStars Hand #254734313343:  Hold'em No Limit ($0.50/$1.00 USD) - 2025/02/06 15:27:09 WET [2025/02/06 10:27:09 ET]
Table 'Tatjana II' 6-max Seat #3 is the button
Seat 2: ReVeu710 ($100 in chips) 
Seat 3: CichiChanMarian ($100 in chips) 
Seat 4: fugitive-Ty3 ($106.55 in chips) 
Seat 5: app1e_j@ck ($100 in chips) 
Seat 6: Burlica2013 ($100 in chips) 
fugitive-Ty3: posts small blind $0.50
app1e_j@ck: posts big blind $1
*** HOLE CARDS ***
Burlica2013: folds 
ReVeu710: folds 
CichiChanMarian: raises $1.50 to $2.50
fugitive-Ty3: folds 
app1e_j@ck: folds 
Uncalled bet ($1.50) returned to CichiChanMarian
CichiChanMarian collected $2.50 from pot
CichiChanMarian: doesn't show hand 
*** SUMMARY ***
Total pot $2.50 | Rake $0 
Seat 2: ReVeu710 folded before Flop (didn't bet)
Seat 3: CichiChanMarian (button) collected ($2.50)
Seat 4: fugitive-Ty3 (small blind) folded before Flop
Seat 5: app1e_j@ck (big blind) folded before Flop
Seat 6: Burlica2013 folded before Flop (didn't bet)



PokerStars Hand #254734318660:  Hold'em No Limit ($0.50/$1.00 USD) - 2025/02/06 15:27:36 WET [2025/02/06 10:27:36 ET]
Table 'Tatjana II' 6-max Seat #4 is the button
Seat 2: ReVeu710 ($100 in chips) 
Seat 3: CichiChanMarian ($101.50 in chips) 
Seat 4: fugitive-Ty3 ($106.05 in chips) 
Seat 5: app1e_j@ck ($100 in chips) 
Seat 6: Burlica2013 ($100 in chips) 
app1e_j@ck: posts small blind $0.50
Burlica2013: posts big blind $1
*** HOLE CARDS ***
ReVeu710: folds 
CichiChanMarian: folds 
fugitive-Ty3: raises $1.50 to $2.50
app1e_j@ck: folds 
Burlica2013: calls $1.50
*** FLOP *** [Kd 3h 5c]
Burlica2013: checks 
fugitive-Ty3: bets $1.72
Burlica2013: folds 
Uncalled bet ($1.72) returned to fugitive-Ty3
fugitive-Ty3 collected $5.22 from pot
fugitive-Ty3: doesn't show hand 
*** SUMMARY ***
Total pot $5.50 | Rake $0.28 
Board [Kd 3h 5c]
Seat 2: ReVeu710 folded before Flop (didn't bet)
Seat 3: CichiChanMarian folded before Flop (didn't bet)
Seat 4: fugitive-Ty3 (button) collected ($5.22)
Seat 5: app1e_j@ck (small blind) folded before Flop
Seat 6: Burlica2013 (big blind) folded on the Flop



PokerStars Hand #254734326827:  Hold'em No Limit ($0.50/$1.00 USD) - 2025/02/06 15:28:17 WET [2025/02/06 10:28:17 ET]
Table 'Tatjana II' 6-max Seat #5 is the button
Seat 2: ReVeu710 ($100 in chips) 
Seat 3: CichiChanMarian ($101.50 in chips) 
Seat 4: fugitive-Ty3 ($108.77 in chips) 
Seat 5: app1e_j@ck ($100 in chips) 
Seat 6: Burlica2013 ($100 in chips) 
Burlica2013: posts small blind $0.50
ReVeu710: posts big blind $1
*** HOLE CARDS ***
CichiChanMarian: raises $1.50 to $2.50
fugitive-Ty3: folds 
app1e_j@ck: raises $6 to $8.50
Burlica2013: folds 
ReVeu710: folds 
CichiChanMarian: folds 
Uncalled bet ($6) returned to app1e_j@ck
app1e_j@ck collected $6.50 from pot
app1e_j@ck: doesn't show hand 
*** SUMMARY ***
Total pot $6.50 | Rake $0 
Seat 2: ReVeu710 (big blind) folded before Flop
Seat 3: CichiChanMarian folded before Flop
Seat 4: fugitive-Ty3 folded before Flop (didn't bet)
Seat 5: app1e_j@ck (button) collected ($6.50)
Seat 6: Burlica2013 (small blind) folded before Flop



PokerStars Hand #254734467286:  Hold'em No Limit ($0.50/$1.00 USD) - 2025/02/06 15:39:57 WET [2025/02/06 10:39:57 ET]
Table 'Tatjana II' 6-max Seat #2 is the button
Seat 2: poker_soul11 ($100 in chips) 
Seat 3: MAO_DZEDYN_S ($100 in chips) 
Seat 5: vitalik_sw ($80 in chips) 
MAO_DZEDYN_S: posts small blind $0.50
vitalik_sw: posts big blind $1
*** HOLE CARDS ***
poker_soul11: raises $1.20 to $2.20
MAO_DZEDYN_S: raises $8.43 to $10.63
vitalik_sw: raises $69.37 to $80 and is all-in
poker_soul11: folds 
MAO_DZEDYN_S: folds 
Uncalled bet ($69.37) returned to vitalik_sw
vitalik_sw collected $23.46 from pot
vitalik_sw: doesn't show hand 
*** SUMMARY ***
Total pot $23.46 | Rake $0 
Seat 2: poker_soul11 (button) folded before Flop
Seat 3: MAO_DZEDYN_S (small blind) folded before Flop
Seat 5: vitalik_sw (big blind) collected ($23.46)



PokerStars Hand #254734481864:  Hold'em No Limit ($0.50/$1.00 USD) - 2025/02/06 15:41:09 WET [2025/02/06 10:41:09 ET]
Table 'Tatjana II' 6-max Seat #3 is the button
Seat 2: poker_soul11 ($100 in chips) 
Seat 3: MAO_DZEDYN_S ($100 in chips) 
Seat 5: vitalik_sw ($100 in chips) 
vitalik_sw: posts small blind $0.50
poker_soul11: posts big blind $1
*** HOLE CARDS ***
MAO_DZEDYN_S: raises $1.50 to $2.50
vitalik_sw: raises $8.50 to $11
poker_soul11: folds 
MAO_DZEDYN_S: folds 
Uncalled bet ($8.50) returned to vitalik_sw
vitalik_sw collected $6 from pot
vitalik_sw: doesn't show hand 
*** SUMMARY ***
Total pot $6 | Rake $0 
Seat 2: poker_soul11 (big blind) folded before Flop
Seat 3: MAO_DZEDYN_S (button) folded before Flop
Seat 5: vitalik_sw (small blind) collected ($6)



PokerStars Hand #254734490293:  Hold'em No Limit ($0.50/$1.00 USD) - 2025/02/06 15:41:50 WET [2025/02/06 10:41:50 ET]
Table 'Tatjana II' 6-max Seat #5 is the button
Seat 2: poker_soul11 ($100 in chips) 
Seat 3: MAO_DZEDYN_S ($100 in chips) 
Seat 5: vitalik_sw ($103.50 in chips) 
poker_soul11: posts small blind $0.50
MAO_DZEDYN_S: posts big blind $1
*** HOLE CARDS ***
vitalik_sw: folds 
poker_soul11: folds 
Uncalled bet ($0.50) returned to MAO_DZEDYN_S
MAO_DZEDYN_S collected $1 from pot
MAO_DZEDYN_S: doesn't show hand 
*** SUMMARY ***
Total pot $1 | Rake $0 
Seat 2: poker_soul11 (small blind) folded before Flop
Seat 3: MAO_DZEDYN_S (big blind) collected ($1)
Seat 5: vitalik_sw (button) folded before Flop (didn't bet)



PokerStars Hand #254734492305:  Hold'em No Limit ($0.50/$1.00 USD) - 2025/02/06 15:42:00 WET [2025/02/06 10:42:00 ET]
Table 'Tatjana II' 6-max Seat #2 is the button
Seat 2: poker_soul11 ($100 in chips) 
Seat 3: MAO_DZEDYN_S ($100.50 in chips) 
Seat 5: vitalik_sw ($103.50 in chips) 
MAO_DZEDYN_S: posts small blind $0.50
vitalik_sw: posts big blind $1
*** HOLE CARDS ***
poker_soul11: folds 
MAO_DZEDYN_S: raises $2 to $3
vitalik_sw: folds 
Uncalled bet ($2) returned to MAO_DZEDYN_S
MAO_DZEDYN_S collected $2 from pot
MAO_DZEDYN_S: doesn't show hand 
*** SUMMARY ***
Total pot $2 | Rake $0 
Seat 2: poker_soul11 (button) folded before Flop (didn't bet)
Seat 3: MAO_DZEDYN_S (small blind) collected ($2)
Seat 5: vitalik_sw (big blind) folded before Flop



PokerStars Hand #254734496709:  Hold'em No Limit ($0.50/$1.00 USD) - 2025/02/06 15:42:22 WET [2025/02/06 10:42:22 ET]
Table 'Tatjana II' 6-max Seat #3 is the button
Seat 2: poker_soul11 ($100 in chips) 
Seat 3: MAO_DZEDYN_S ($101.50 in chips) 
Seat 5: vitalik_sw ($102.50 in chips) 
vitalik_sw: posts small blind $0.50
poker_soul11: posts big blind $1
*** HOLE CARDS ***
MAO_DZEDYN_S: folds 
vitalik_sw: folds 
Uncalled bet ($0.50) returned to poker_soul11
poker_soul11 collected $1 from pot
poker_soul11: doesn't show hand 
*** SUMMARY ***
Total pot $1 | Rake $0 
Seat 2: poker_soul11 (big blind) collected ($1)
Seat 3: MAO_DZEDYN_S (button) folded before Flop (didn't bet)
Seat 5: vitalik_sw (small blind) folded before Flop



PokerStars Hand #254734500174:  Hold'em No Limit ($0.50/$1.00 USD) - 2025/02/06 15:42:39 WET [2025/02/06 10:42:39 ET]
Table 'Tatjana II' 6-max Seat #5 is the button
Seat 2: poker_soul11 ($100.50 in chips) 
Seat 3: MAO_DZEDYN_S ($101.50 in chips) 
Seat 5: vitalik_sw ($102 in chips) 
poker_soul11: posts small blind $0.50
MAO_DZEDYN_S: posts big blind $1
*** HOLE CARDS ***
vitalik_sw: folds 
poker_soul11: raises $2 to $3
MAO_DZEDYN_S: folds 
Uncalled bet ($2) returned to poker_soul11
poker_soul11 collected $2 from pot
poker_soul11: doesn't show hand 
*** SUMMARY ***
Total pot $2 | Rake $0 
Seat 2: poker_soul11 (small blind) collected ($2)
Seat 3: MAO_DZEDYN_S (big blind) folded before Flop
Seat 5: vitalik_sw (button) folded before Flop (didn't bet)



PokerStars Hand #254734505211:  Hold'em No Limit ($0.50/$1.00 USD) - 2025/02/06 15:43:04 WET [2025/02/06 10:43:04 ET]
Table 'Tatjana II' 6-max Seat #2 is the button
Seat 2: poker_soul11 ($101.50 in chips) 
Seat 3: MAO_DZEDYN_S ($100.50 in chips) 
Seat 5: vitalik_sw ($102 in chips) 
MAO_DZEDYN_S: posts small blind $0.50
vitalik_sw: posts big blind $1
*** HOLE CARDS ***
poker_soul11: raises $1.20 to $2.20
MAO_DZEDYN_S: folds 
vitalik_sw: folds 
Uncalled bet ($1.20) returned to poker_soul11
poker_soul11 collected $2.50 from pot
poker_soul11: doesn't show hand 
*** SUMMARY ***
Total pot $2.50 | Rake $0 
Seat 2: poker_soul11 (button) collected ($2.50)
Seat 3: MAO_DZEDYN_S (small blind) folded before Flop
Seat 5: vitalik_sw (big blind) folded before Flop



PokerStars Hand #254734509427:  Hold'em No Limit ($0.50/$1.00 USD) - 2025/02/06 15:43:25 WET [2025/02/06 10:43:25 ET]
Table 'Tatjana II' 6-max Seat #3 is the button
Seat 2: poker_soul11 ($103 in chips) 
Seat 3: MAO_DZEDYN_S ($100 in chips) 
Seat 5: vitalik_sw ($101 in chips) 
vitalik_sw: posts small blind $0.50
poker_soul11: posts big blind $1
*** HOLE CARDS ***
MAO_DZEDYN_S: folds 
vitalik_sw: raises $2 to $3
poker_soul11: calls $2
*** FLOP *** [3d 5d Kd]
vitalik_sw: checks 
poker_soul11: bets $1.43
vitalik_sw: calls $1.43
*** TURN *** [3d 5d Kd] [8h]
vitalik_sw: checks 
poker_soul11: bets $5.56
vitalik_sw: calls $5.56
*** RIVER *** [3d 5d Kd 8h] [9c]
vitalik_sw: checks 
poker_soul11: bets $28.47
vitalik_sw: folds 
Uncalled bet ($28.47) returned to poker_soul11
poker_soul11 collected $18.98 from pot
poker_soul11: doesn't show hand 
*** SUMMARY ***
Total pot $19.98 | Rake $1 
Board [3d 5d Kd 8h 9c]
Seat 2: poker_soul11 (big blind) collected ($18.98)
Seat 3: MAO_DZEDYN_S (button) folded before Flop (didn't bet)
Seat 5: vitalik_sw (small blind) folded on the River



PokerStars Hand #254734526087:  Hold'em No Limit ($0.50/$1.00 USD) - 2025/02/06 15:44:47 WET [2025/02/06 10:44:47 ET]
Table 'Tatjana II' 6-max Seat #5 is the button
Seat 2: poker_soul11 ($111.99 in chips) 
Seat 3: MAO_DZEDYN_S ($100 in chips) 
Seat 5: vitalik_sw ($100 in chips) 
poker_soul11: posts small blind $0.50
MAO_DZEDYN_S: posts big blind $1
*** HOLE CARDS ***
vitalik_sw: folds 
poker_soul11: folds 
Uncalled bet ($0.50) returned to MAO_DZEDYN_S
MAO_DZEDYN_S collected $1 from pot
MAO_DZEDYN_S: doesn't show hand 
*** SUMMARY ***
Total pot $1 | Rake $0 
Seat 2: poker_soul11 (small blind) folded before Flop
Seat 3: MAO_DZEDYN_S (big blind) collected ($1)
Seat 5: vitalik_sw (button) folded before Flop (didn't bet)



PokerStars Hand #254734528952:  Hold'em No Limit ($0.50/$1.00 USD) - 2025/02/06 15:45:00 WET [2025/02/06 10:45:00 ET]
Table 'Tatjana II' 6-max Seat #2 is the button
Seat 2: poker_soul11 ($111.49 in chips) 
Seat 3: MAO_DZEDYN_S ($100.50 in chips) 
Seat 5: vitalik_sw ($100 in chips) 
MAO_DZEDYN_S: posts small blind $0.50
vitalik_sw: posts big blind $1
*** HOLE CARDS ***
poker_soul11: raises $1.20 to $2.20
MAO_DZEDYN_S: folds 
vitalik_sw: calls $1.20
*** FLOP *** [8s 2s 3s]
vitalik_sw: checks 
poker_soul11: checks 
*** TURN *** [8s 2s 3s] [7h]
vitalik_sw: bets $3.54
poker_soul11: folds 
Uncalled bet ($3.54) returned to vitalik_sw
vitalik_sw collected $4.66 from pot
vitalik_sw: doesn't show hand 
*** SUMMARY ***
Total pot $4.90 | Rake $0.24 
Board [8s 2s 3s 7h]
Seat 2: poker_soul11 (button) folded on the Turn
Seat 3: MAO_DZEDYN_S (small blind) folded before Flop
Seat 5: vitalik_sw (big blind) collected ($4.66)



PokerStars Hand #254734538787:  Hold'em No Limit ($0.50/$1.00 USD) - 2025/02/06 15:45:49 WET [2025/02/06 10:45:49 ET]
Table 'Tatjana II' 6-max Seat #3 is the button
Seat 2: poker_soul11 ($109.29 in chips) 
Seat 3: MAO_DZEDYN_S ($100 in chips) 
Seat 5: vitalik_sw ($102.46 in chips) 
vitalik_sw: posts small blind $0.50
poker_soul11: posts big blind $1
*** HOLE CARDS ***
MAO_DZEDYN_S: raises $1.50 to $2.50
vitalik_sw: folds 
poker_soul11: folds 
Uncalled bet ($1.50) returned to MAO_DZEDYN_S
MAO_DZEDYN_S collected $2.50 from pot
MAO_DZEDYN_S: doesn't show hand 
*** SUMMARY ***
Total pot $2.50 | Rake $0 
Seat 2: poker_soul11 (big blind) folded before Flop
Seat 3: MAO_DZEDYN_S (button) collected ($2.50)
Seat 5: vitalik_sw (small blind) folded before Flop



PokerStars Hand #254734542458:  Hold'em No Limit ($0.50/$1.00 USD) - 2025/02/06 15:46:07 WET [2025/02/06 10:46:07 ET]
Table 'Tatjana II' 6-max Seat #5 is the button
Seat 2: poker_soul11 ($108.29 in chips) 
Seat 3: MAO_DZEDYN_S ($101.50 in chips) 
Seat 5: vitalik_sw ($101.96 in chips) 
poker_soul11: posts small blind $0.50
MAO_DZEDYN_S: posts big blind $1
*** HOLE CARDS ***
vitalik_sw: folds 
poker_soul11: raises $2 to $3
MAO_DZEDYN_S: calls $2
*** FLOP *** [2c Ts 7d]
poker_soul11: bets $2.85
MAO_DZEDYN_S: calls $2.85
*** TURN *** [2c Ts 7d] [Ah]
poker_soul11: checks 
MAO_DZEDYN_S: bets $8.34
poker_soul11: calls $8.34
*** RIVER *** [2c Ts 7d Ah] [6h]
poker_soul11: checks 
MAO_DZEDYN_S: bets $20.54
poker_soul11: folds 
Uncalled bet ($20.54) returned to MAO_DZEDYN_S
MAO_DZEDYN_S collected $27.38 from pot
MAO_DZEDYN_S: doesn't show hand 
*** SUMMARY ***
Total pot $28.38 | Rake $1 
Board [2c Ts 7d Ah 6h]
Seat 2: poker_soul11 (small blind) folded on the River
Seat 3: MAO_DZEDYN_S (big blind) collected ($27.38)
Seat 5: vitalik_sw (button) folded before Flop (didn't bet)



PokerStars Hand #254734576280:  Hold'em No Limit ($0.50/$1.00 USD) - 2025/02/06 15:48:48 WET [2025/02/06 10:48:48 ET]
Table 'Tatjana II' 6-max Seat #2 is the button
Seat 2: poker_soul11 ($100 in chips) 
Seat 3: MAO_DZEDYN_S ($114.69 in chips) 
Seat 5: vitalik_sw ($101.96 in chips) 
MAO_DZEDYN_S: posts small blind $0.50
vitalik_sw: posts big blind $1
*** HOLE CARDS ***
poker_soul11: folds 
MAO_DZEDYN_S: folds 
Uncalled bet ($0.50) returned to vitalik_sw
vitalik_sw collected $1 from pot
vitalik_sw: doesn't show hand 
*** SUMMARY ***
Total pot $1 | Rake $0 
Seat 2: poker_soul11 (button) folded before Flop (didn't bet)
Seat 3: MAO_DZEDYN_S (small blind) folded before Flop
Seat 5: vitalik_sw (big blind) collected ($1)



PokerStars Hand #254734583014:  Hold'em No Limit ($0.50/$1.00 USD) - 2025/02/06 15:49:21 WET [2025/02/06 10:49:21 ET]
Table 'Tatjana II' 6-max Seat #3 is the button
Seat 2: poker_soul11 ($100 in chips) 
Seat 3: MAO_DZEDYN_S ($114.19 in chips) 
Seat 5: vitalik_sw ($102.46 in chips) 
vitalik_sw: posts small blind $0.50
poker_soul11: posts big blind $1
*** HOLE CARDS ***
MAO_DZEDYN_S: folds 
vitalik_sw: raises $2 to $3
poker_soul11: calls $2
*** FLOP *** [9h Ks Ac]
vitalik_sw: bets $2.85
poker_soul11: calls $2.85
*** TURN *** [9h Ks Ac] [Jd]
vitalik_sw: checks 
poker_soul11: bets $7.34
vitalik_sw: calls $7.34
*** RIVER *** [9h Ks Ac Jd] [9d]
vitalik_sw: checks 
poker_soul11: bets $31.73
vitalik_sw: folds 
Uncalled bet ($31.73) returned to poker_soul11
poker_soul11 collected $25.38 from pot
poker_soul11: doesn't show hand 
*** SUMMARY ***
Total pot $26.38 | Rake $1 
Board [9h Ks Ac Jd 9d]
Seat 2: poker_soul11 (big blind) collected ($25.38)
Seat 3: MAO_DZEDYN_S (button) folded before Flop (didn't bet)
Seat 5: vitalik_sw (small blind) folded on the River



PokerStars Hand #254734597762:  Hold'em No Limit ($0.50/$1.00 USD) - 2025/02/06 15:50:32 WET [2025/02/06 10:50:32 ET]
Table 'Tatjana II' 6-max Seat #5 is the button
Seat 2: poker_soul11 ($112.19 in chips) 
Seat 3: MAO_DZEDYN_S ($114.19 in chips) 
Seat 5: vitalik_sw ($100 in chips) 
poker_soul11: posts small blind $0.50
MAO_DZEDYN_S: posts big blind $1
*** HOLE CARDS ***
vitalik_sw: raises $1.50 to $2.50
poker_soul11: raises $9.50 to $12
MAO_DZEDYN_S: folds 
vitalik_sw: folds 
Uncalled bet ($9.50) returned to poker_soul11
poker_soul11 collected $6 from pot
poker_soul11: doesn't show hand 
*** SUMMARY ***
Total pot $6 | Rake $0 
Seat 2: poker_soul11 (small blind) collected ($6)
Seat 3: MAO_DZEDYN_S (big blind) folded before Flop
Seat 5: vitalik_sw (button) folded before Flop



