PokerStars Hand #254731042411:  Hold'em No Limit ($0.50/$1.00 USD) - 2025/02/06 8:29:15 WET [2025/02/06 3:29:15 ET]
Table 'Taygeta' 6-max Seat #2 is the button
Seat 4: fedor0f ($100 in chips) is sitting out
Seat 2: 3EPH ($100 in chips) 
Seat 6: ka100pka527 ($80 in chips) 
3EPH: posts small blind $0.50
ka100pka527: posts big blind $1
*** HOLE CARDS ***
3EPH: folds 
Uncalled bet ($0.50) returned to ka100pka527
ka100pka527 collected $1 from pot
ka100pka527: doesn't show hand 
*** SUMMARY ***
Total pot $1 | Rake $0 
Seat 4: fedor0f
Seat 2: 3EPH (button) (small blind) folded before Flop
Seat 6: ka100pka527 (big blind) collected ($1)



PokerStars Hand #254731042951:  Hold'em No Limit ($0.50/$1.00 USD) - 2025/02/06 8:29:22 WET [2025/02/06 3:29:22 ET]
Table 'Taygeta' 6-max Seat #6 is the button
Seat 4: fedor0f ($100 in chips) is sitting out
Seat 2: 3EPH ($100 in chips) 
Seat 6: ka100pka527 ($100 in chips) 
ka100pka527: posts small blind $0.50
3EPH: posts big blind $1
*** HOLE CARDS ***
ka100pka527: raises $1.50 to $2.50
3EPH: folds 
Uncalled bet ($1.50) returned to ka100pka527
ka100pka527 collected $2 from pot
ka100pka527: doesn't show hand 
*** SUMMARY ***
Total pot $2 | Rake $0 
Seat 4: fedor0f
Seat 2: 3EPH (big blind) folded before Flop
Seat 6: ka100pka527 (button) (small blind) collected ($2)



PokerStars Hand #254731043591:  Hold'em No Limit ($0.50/$1.00 USD) - 2025/02/06 8:29:30 WET [2025/02/06 3:29:30 ET]
Table 'Taygeta' 6-max Seat #6 is the button
Seat 2: 3EPH ($100 in chips) 
Seat 4: fedor0f ($100 in chips) 
Seat 6: ka100pka527 ($101 in chips) 
3EPH: posts small blind $0.50
fedor0f: posts big blind $1
*** HOLE CARDS ***
ka100pka527: folds 
3EPH: folds 
Uncalled bet ($0.50) returned to fedor0f
fedor0f collected $1 from pot
fedor0f: doesn't show hand 
*** SUMMARY ***
Total pot $1 | Rake $0 
Seat 2: 3EPH (small blind) folded before Flop
Seat 4: fedor0f (big blind) collected ($1)
Seat 6: ka100pka527 (button) folded before Flop (didn't bet)



PokerStars Hand #254731044054:  Hold'em No Limit ($0.50/$1.00 USD) - 2025/02/06 8:29:36 WET [2025/02/06 3:29:36 ET]
Table 'Taygeta' 6-max Seat #2 is the button
Seat 2: 3EPH ($100 in chips) 
Seat 4: fedor0f ($100.50 in chips) 
Seat 6: ka100pka527 ($101 in chips) 
fedor0f: posts small blind $0.50
ka100pka527: posts big blind $1
*** HOLE CARDS ***
3EPH: folds 
fedor0f: folds 
Uncalled bet ($0.50) returned to ka100pka527
ka100pka527 collected $1 from pot
ka100pka527: doesn't show hand 
*** SUMMARY ***
Total pot $1 | Rake $0 
Seat 2: 3EPH (button) folded before Flop (didn't bet)
Seat 4: fedor0f (small blind) folded before Flop
Seat 6: ka100pka527 (big blind) collected ($1)



PokerStars Hand #254731044914:  Hold'em No Limit ($0.50/$1.00 USD) - 2025/02/06 8:29:47 WET [2025/02/06 3:29:47 ET]
Table 'Taygeta' 6-max Seat #6 is the button
Seat 2: 3EPH ($100 in chips) is sitting out
Seat 4: fedor0f ($100 in chips) 
Seat 6: ka100pka527 ($101.50 in chips) 
ka100pka527: posts small blind $0.50
3EPH: is sitting out 
fedor0f: posts big blind $1
*** HOLE CARDS ***
ka100pka527: raises $1.50 to $2.50
3EPH leaves the table
fedor0f: raises $8.50 to $11
ka100pka527: raises $12.50 to $23.50
fedor0f: calls $12.50
*** FLOP *** [6s Ad 5d]
fedor0f: checks 
ka100pka527: bets $11.18
fedor0f: calls $11.18
*** TURN *** [6s Ad 5d] [Kd]
fedor0f: checks 
ka100pka527: bets $66.82 and is all-in
fedor0f: folds 
Uncalled bet ($66.82) returned to ka100pka527
ka100pka527 collected $68.36 from pot
ka100pka527: doesn't show hand 
*** SUMMARY ***
Total pot $69.36 | Rake $1 
Board [6s Ad 5d Kd]
Seat 2: 3EPH
Seat 4: fedor0f (big blind) folded on the Turn
Seat 6: ka100pka527 (button) (small blind) collected ($68.36)



PokerStars Hand #254731051640:  Hold'em No Limit ($0.50/$1.00 USD) - 2025/02/06 8:31:12 WET [2025/02/06 3:31:12 ET]
Table 'Taygeta' 6-max Seat #4 is the button
Seat 4: fedor0f ($100 in chips) 
Seat 6: ka100pka527 ($135.18 in chips) 
fedor0f: posts small blind $0.50
ka100pka527: posts big blind $1
*** HOLE CARDS ***
fedor0f: raises $1.20 to $2.20
ka100pka527: folds 
Uncalled bet ($1.20) returned to fedor0f
fedor0f collected $2 from pot
fedor0f: doesn't show hand 
*** SUMMARY ***
Total pot $2 | Rake $0 
Seat 4: fedor0f (button) (small blind) collected ($2)
Seat 6: ka100pka527 (big blind) folded before Flop



PokerStars Hand #254731134999:  Hold'em No Limit ($0.50/$1.00 USD) - 2025/02/06 8:47:52 WET [2025/02/06 3:47:52 ET]
Table 'Taygeta' 6-max Seat #4 is the button
Seat 1: AlexEliseev7 ($108.55 in chips) 
Seat 2: Pon4uk.ua ($104 in chips) 
Seat 3: CMX1998 ($36.29 in chips) 
Seat 4: fedor0f ($100 in chips) 
Seat 5: himqa ($109.60 in chips) 
Seat 6: ka100pka527 ($153.79 in chips) 
himqa: posts small blind $0.50
ka100pka527: posts big blind $1
*** HOLE CARDS ***
AlexEliseev7: folds 
Pon4uk.ua: folds 
CMX1998: calls $1
fedor0f: folds 
himqa: folds 
ka100pka527: checks 
*** FLOP *** [7s 9s 8s]
ka100pka527: checks 
CMX1998: checks 
*** TURN *** [7s 9s 8s] [3s]
ka100pka527: checks 
CMX1998: checks 
*** RIVER *** [7s 9s 8s 3s] [Qh]
ka100pka527: bets $1.29
CMX1998: raises $34 to $35.29 and is all-in
ka100pka527: folds 
Uncalled bet ($34) returned to CMX1998
CMX1998 collected $4.83 from pot
*** SUMMARY ***
Total pot $5.08 | Rake $0.25 
Board [7s 9s 8s 3s Qh]
Seat 1: AlexEliseev7 folded before Flop (didn't bet)
Seat 2: Pon4uk.ua folded before Flop (didn't bet)
Seat 3: CMX1998 collected ($4.83)
Seat 4: fedor0f (button) folded before Flop (didn't bet)
Seat 5: himqa (small blind) folded before Flop
Seat 6: ka100pka527 (big blind) folded on the River



PokerStars Hand #254731140116:  Hold'em No Limit ($0.50/$1.00 USD) - 2025/02/06 8:48:54 WET [2025/02/06 3:48:54 ET]
Table 'Taygeta' 6-max Seat #5 is the button
Seat 1: AlexEliseev7 ($108.55 in chips) 
Seat 2: Pon4uk.ua ($104 in chips) 
Seat 3: CMX1998 ($38.83 in chips) 
Seat 4: fedor0f ($100 in chips) 
Seat 5: himqa ($109.10 in chips) 
Seat 6: ka100pka527 ($151.50 in chips) 
ka100pka527: posts small blind $0.50
AlexEliseev7: posts big blind $1
*** HOLE CARDS ***
Pon4uk.ua: folds 
CMX1998: raises $37.83 to $38.83 and is all-in
fedor0f: folds 
himqa: folds 
ka100pka527: folds 
AlexEliseev7: folds 
Uncalled bet ($37.83) returned to CMX1998
CMX1998 collected $2.50 from pot
*** SUMMARY ***
Total pot $2.50 | Rake $0 
Seat 1: AlexEliseev7 (big blind) folded before Flop
Seat 2: Pon4uk.ua folded before Flop (didn't bet)
Seat 3: CMX1998 collected ($2.50)
Seat 4: fedor0f folded before Flop (didn't bet)
Seat 5: himqa (button) folded before Flop (didn't bet)
Seat 6: ka100pka527 (small blind) folded before Flop



PokerStars Hand #254731142694:  Hold'em No Limit ($0.50/$1.00 USD) - 2025/02/06 8:49:24 WET [2025/02/06 3:49:24 ET]
Table 'Taygeta' 6-max Seat #6 is the button
Seat 1: AlexEliseev7 ($107.55 in chips) 
Seat 2: Pon4uk.ua ($104 in chips) 
Seat 3: CMX1998 ($40.33 in chips) 
Seat 4: fedor0f ($100 in chips) 
Seat 5: himqa ($109.10 in chips) 
Seat 6: ka100pka527 ($151 in chips) 
AlexEliseev7: posts small blind $0.50
Pon4uk.ua: posts big blind $1
*** HOLE CARDS ***
CMX1998: folds 
fedor0f: folds 
himqa: folds 
ka100pka527: folds 
AlexEliseev7: folds 
Uncalled bet ($0.50) returned to Pon4uk.ua
Pon4uk.ua collected $1 from pot
Pon4uk.ua: doesn't show hand 
*** SUMMARY ***
Total pot $1 | Rake $0 
Seat 1: AlexEliseev7 (small blind) folded before Flop
Seat 2: Pon4uk.ua (big blind) collected ($1)
Seat 3: CMX1998 folded before Flop (didn't bet)
Seat 4: fedor0f folded before Flop (didn't bet)
Seat 5: himqa folded before Flop (didn't bet)
Seat 6: ka100pka527 (button) folded before Flop (didn't bet)



PokerStars Hand #254731145035:  Hold'em No Limit ($0.50/$1.00 USD) - 2025/02/06 8:49:52 WET [2025/02/06 3:49:52 ET]
Table 'Taygeta' 6-max Seat #1 is the button
Seat 1: AlexEliseev7 ($107.05 in chips) 
Seat 2: Pon4uk.ua ($104.50 in chips) 
Seat 3: CMX1998 ($40.33 in chips) 
Seat 4: fedor0f ($100 in chips) 
Seat 5: himqa ($109.10 in chips) 
Seat 6: ka100pka527 ($151 in chips) 
Pon4uk.ua: posts small blind $0.50
CMX1998: posts big blind $1
*** HOLE CARDS ***
fedor0f: folds 
himqa: folds 
ka100pka527: folds 
AlexEliseev7: folds 
Pon4uk.ua: folds 
Uncalled bet ($0.50) returned to CMX1998
CMX1998 collected $1 from pot
*** SUMMARY ***
Total pot $1 | Rake $0 
Seat 1: AlexEliseev7 (button) folded before Flop (didn't bet)
Seat 2: Pon4uk.ua (small blind) folded before Flop
Seat 3: CMX1998 (big blind) collected ($1)
Seat 4: fedor0f folded before Flop (didn't bet)
Seat 5: himqa folded before Flop (didn't bet)
Seat 6: ka100pka527 folded before Flop (didn't bet)



PokerStars Hand #254731146634:  Hold'em No Limit ($0.50/$1.00 USD) - 2025/02/06 8:50:11 WET [2025/02/06 3:50:11 ET]
Table 'Taygeta' 6-max Seat #2 is the button
Seat 1: AlexEliseev7 ($107.05 in chips) 
Seat 2: Pon4uk.ua ($104 in chips) 
Seat 3: CMX1998 ($40.83 in chips) 
Seat 4: fedor0f ($100 in chips) 
Seat 5: himqa ($109.10 in chips) 
Seat 6: ka100pka527 ($151 in chips) 
CMX1998: posts small blind $0.50
fedor0f: posts big blind $1
*** HOLE CARDS ***
himqa: folds 
ka100pka527: raises $1.50 to $2.50
AlexEliseev7: folds 
Pon4uk.ua: folds 
CMX1998: calls $2
fedor0f: calls $1.50
*** FLOP *** [8h 6s 2s]
CMX1998: checks 
fedor0f: bets $2.14
ka100pka527: folds 
CMX1998: calls $2.14
*** TURN *** [8h 6s 2s] [6h]
CMX1998: checks 
fedor0f: checks 
*** RIVER *** [8h 6s 2s 6h] [7c]
CMX1998: checks 
fedor0f: bets $16.79
CMX1998: folds 
Uncalled bet ($16.79) returned to fedor0f
fedor0f collected $11.19 from pot
fedor0f: doesn't show hand 
*** SUMMARY ***
Total pot $11.78 | Rake $0.59 
Board [8h 6s 2s 6h 7c]
Seat 1: AlexEliseev7 folded before Flop (didn't bet)
Seat 2: Pon4uk.ua (button) folded before Flop (didn't bet)
Seat 3: CMX1998 (small blind) folded on the River
Seat 4: fedor0f (big blind) collected ($11.19)
Seat 5: himqa folded before Flop (didn't bet)
Seat 6: ka100pka527 folded on the Flop



PokerStars Hand #254731153616:  Hold'em No Limit ($0.50/$1.00 USD) - 2025/02/06 8:51:35 WET [2025/02/06 3:51:35 ET]
Table 'Taygeta' 6-max Seat #3 is the button
Seat 1: AlexEliseev7 ($107.05 in chips) 
Seat 2: Pon4uk.ua ($104 in chips) 
Seat 3: CMX1998 ($36.19 in chips) 
Seat 4: fedor0f ($106.55 in chips) 
Seat 5: himqa ($109.10 in chips) 
Seat 6: ka100pka527 ($148.50 in chips) 
fedor0f: posts small blind $0.50
himqa: posts big blind $1
*** HOLE CARDS ***
ka100pka527: raises $1.50 to $2.50
AlexEliseev7: folds 
Pon4uk.ua: folds 
CMX1998: raises $1.50 to $4
fedor0f: folds 
himqa: folds 
ka100pka527: calls $1.50
*** FLOP *** [As Jh Jd]
ka100pka527: checks 
CMX1998: checks 
*** TURN *** [As Jh Jd] [3d]
ka100pka527: bets $8.86
CMX1998: folds 
Uncalled bet ($8.86) returned to ka100pka527
ka100pka527 collected $9.02 from pot
ka100pka527: doesn't show hand 
*** SUMMARY ***
Total pot $9.50 | Rake $0.48 
Board [As Jh Jd 3d]
Seat 1: AlexEliseev7 folded before Flop (didn't bet)
Seat 2: Pon4uk.ua folded before Flop (didn't bet)
Seat 3: CMX1998 (button) folded on the Turn
Seat 4: fedor0f (small blind) folded before Flop
Seat 5: himqa (big blind) folded before Flop
Seat 6: ka100pka527 collected ($9.02)



PokerStars Hand #254731156181:  Hold'em No Limit ($0.50/$1.00 USD) - 2025/02/06 8:52:06 WET [2025/02/06 3:52:06 ET]
Table 'Taygeta' 6-max Seat #4 is the button
Seat 1: AlexEliseev7 ($107.05 in chips) 
Seat 2: Pon4uk.ua ($104 in chips) 
Seat 3: CMX1998 ($32.19 in chips) 
Seat 4: fedor0f ($106.05 in chips) 
Seat 5: himqa ($108.10 in chips) 
Seat 6: ka100pka527 ($153.52 in chips) 
himqa: posts small blind $0.50
ka100pka527: posts big blind $1
*** HOLE CARDS ***
AlexEliseev7: folds 
Pon4uk.ua: folds 
CMX1998: folds 
fedor0f: raises $1.20 to $2.20
himqa: folds 
ka100pka527: folds 
Uncalled bet ($1.20) returned to fedor0f
fedor0f collected $2.50 from pot
fedor0f: doesn't show hand 
*** SUMMARY ***
Total pot $2.50 | Rake $0 
Seat 1: AlexEliseev7 folded before Flop (didn't bet)
Seat 2: Pon4uk.ua folded before Flop (didn't bet)
Seat 3: CMX1998 folded before Flop (didn't bet)
Seat 4: fedor0f (button) collected ($2.50)
Seat 5: himqa (small blind) folded before Flop
Seat 6: ka100pka527 (big blind) folded before Flop



PokerStars Hand #254731158455:  Hold'em No Limit ($0.50/$1.00 USD) - 2025/02/06 8:52:32 WET [2025/02/06 3:52:32 ET]
Table 'Taygeta' 6-max Seat #5 is the button
Seat 1: AlexEliseev7 ($107.05 in chips) 
Seat 2: Pon4uk.ua ($104 in chips) 
Seat 3: CMX1998 ($32.19 in chips) 
Seat 4: fedor0f ($107.55 in chips) 
Seat 5: himqa ($107.60 in chips) 
Seat 6: ka100pka527 ($152.52 in chips) 
ka100pka527: posts small blind $0.50
AlexEliseev7: posts big blind $1
*** HOLE CARDS ***
Pon4uk.ua: folds 
CMX1998: calls $1
fedor0f: raises $2.50 to $3.50
himqa: folds 
ka100pka527: folds 
AlexEliseev7: folds 
CMX1998: calls $2.50
*** FLOP *** [Js 8d 8c]
CMX1998: checks 
fedor0f: bets $2.42
CMX1998: calls $2.42
*** TURN *** [Js 8d 8c] [7d]
CMX1998: checks 
fedor0f: checks 
*** RIVER *** [Js 8d 8c 7d] [2d]
CMX1998: bets $7
fedor0f: folds 
Uncalled bet ($7) returned to CMX1998
CMX1998 collected $12.67 from pot
*** SUMMARY ***
Total pot $13.34 | Rake $0.67 
Board [Js 8d 8c 7d 2d]
Seat 1: AlexEliseev7 (big blind) folded before Flop
Seat 2: Pon4uk.ua folded before Flop (didn't bet)
Seat 3: CMX1998 collected ($12.67)
Seat 4: fedor0f folded on the River
Seat 5: himqa (button) folded before Flop (didn't bet)
Seat 6: ka100pka527 (small blind) folded before Flop



PokerStars Hand #254731162535:  Hold'em No Limit ($0.50/$1.00 USD) - 2025/02/06 8:53:21 WET [2025/02/06 3:53:21 ET]
Table 'Taygeta' 6-max Seat #6 is the button
Seat 1: AlexEliseev7 ($106.05 in chips) 
Seat 2: Pon4uk.ua ($104 in chips) 
Seat 3: CMX1998 ($38.94 in chips) 
Seat 4: fedor0f ($101.63 in chips) 
Seat 5: himqa ($107.60 in chips) 
Seat 6: ka100pka527 ($152.02 in chips) 
AlexEliseev7: posts small blind $0.50
Pon4uk.ua: posts big blind $1
*** HOLE CARDS ***
CMX1998: folds 
fedor0f: folds 
himqa: folds 
ka100pka527: folds 
AlexEliseev7: folds 
Uncalled bet ($0.50) returned to Pon4uk.ua
Pon4uk.ua collected $1 from pot
Pon4uk.ua: doesn't show hand 
*** SUMMARY ***
Total pot $1 | Rake $0 
Seat 1: AlexEliseev7 (small blind) folded before Flop
Seat 2: Pon4uk.ua (big blind) collected ($1)
Seat 3: CMX1998 folded before Flop (didn't bet)
Seat 4: fedor0f folded before Flop (didn't bet)
Seat 5: himqa folded before Flop (didn't bet)
Seat 6: ka100pka527 (button) folded before Flop (didn't bet)



PokerStars Hand #254731163597:  Hold'em No Limit ($0.50/$1.00 USD) - 2025/02/06 8:53:33 WET [2025/02/06 3:53:33 ET]
Table 'Taygeta' 6-max Seat #1 is the button
Seat 1: AlexEliseev7 ($105.55 in chips) 
Seat 2: Pon4uk.ua ($104.50 in chips) 
Seat 3: CMX1998 ($38.94 in chips) 
Seat 4: fedor0f ($101.63 in chips) 
Seat 5: himqa ($107.60 in chips) 
Seat 6: ka100pka527 ($152.02 in chips) 
Pon4uk.ua: posts small blind $0.50
CMX1998: posts big blind $1
*** HOLE CARDS ***
fedor0f: raises $1 to $2
himqa: folds 
ka100pka527: folds 
AlexEliseev7: folds 
Pon4uk.ua: calls $1.50
CMX1998: calls $1
*** FLOP *** [Kc 4d 6d]
Pon4uk.ua: checks 
CMX1998: checks 
fedor0f: bets $1.88
Pon4uk.ua: raises $4.73 to $6.61
CMX1998: folds 
fedor0f: folds 
Uncalled bet ($4.73) returned to Pon4uk.ua
Pon4uk.ua collected $9.27 from pot
Pon4uk.ua: doesn't show hand 
*** SUMMARY ***
Total pot $9.76 | Rake $0.49 
Board [Kc 4d 6d]
Seat 1: AlexEliseev7 (button) folded before Flop (didn't bet)
Seat 2: Pon4uk.ua (small blind) collected ($9.27)
Seat 3: CMX1998 (big blind) folded on the Flop
Seat 4: fedor0f folded on the Flop
Seat 5: himqa folded before Flop (didn't bet)
Seat 6: ka100pka527 folded before Flop (didn't bet)



PokerStars Hand #254731168498:  Hold'em No Limit ($0.50/$1.00 USD) - 2025/02/06 8:54:31 WET [2025/02/06 3:54:31 ET]
Table 'Taygeta' 6-max Seat #2 is the button
Seat 1: AlexEliseev7 ($105.55 in chips) 
Seat 2: Pon4uk.ua ($109.89 in chips) 
Seat 3: CMX1998 ($36.94 in chips) 
Seat 4: fedor0f ($100 in chips) 
Seat 5: himqa ($107.60 in chips) 
Seat 6: ka100pka527 ($152.02 in chips) 
CMX1998: posts small blind $0.50
fedor0f: posts big blind $1
*** HOLE CARDS ***
himqa: folds 
ka100pka527: raises $1.50 to $2.50
AlexEliseev7: folds 
Pon4uk.ua: folds 
CMX1998: calls $2
fedor0f: calls $1.50
*** FLOP *** [2c 4h Kc]
CMX1998: bets $2
fedor0f: calls $2
ka100pka527: calls $2
*** TURN *** [2c 4h Kc] [Th]
CMX1998: bets $3
fedor0f: calls $3
ka100pka527: folds 
*** RIVER *** [2c 4h Kc Th] [5h]
CMX1998: bets $5
fedor0f: calls $5
*** SHOW DOWN ***
CMX1998: shows [Kh 8h] (a flush, King high)
fedor0f: mucks hand 
CMX1998 collected $28.02 from pot
*** SUMMARY ***
Total pot $29.50 | Rake $1.48 
Board [2c 4h Kc Th 5h]
Seat 1: AlexEliseev7 folded before Flop (didn't bet)
Seat 2: Pon4uk.ua (button) folded before Flop (didn't bet)
Seat 3: CMX1998 (small blind) showed [Kh 8h] and won ($28.02) with a flush, King high
Seat 4: fedor0f (big blind) mucked
Seat 5: himqa folded before Flop (didn't bet)
Seat 6: ka100pka527 folded on the Turn



PokerStars Hand #254731174913:  Hold'em No Limit ($0.50/$1.00 USD) - 2025/02/06 8:55:55 WET [2025/02/06 3:55:55 ET]
Table 'Taygeta' 6-max Seat #3 is the button
Seat 1: AlexEliseev7 ($105.55 in chips) 
Seat 2: Pon4uk.ua ($109.89 in chips) 
Seat 3: CMX1998 ($52.46 in chips) 
Seat 4: fedor0f ($100 in chips) 
Seat 5: himqa ($107.60 in chips) 
Seat 6: ka100pka527 ($147.52 in chips) 
fedor0f: posts small blind $0.50
himqa: posts big blind $1
*** HOLE CARDS ***
ka100pka527: folds 
AlexEliseev7: raises $1.50 to $2.50
Pon4uk.ua: folds 
CMX1998: folds 
fedor0f: folds 
himqa: folds 
Uncalled bet ($1.50) returned to AlexEliseev7
AlexEliseev7 collected $2.50 from pot
AlexEliseev7: doesn't show hand 
*** SUMMARY ***
Total pot $2.50 | Rake $0 
Seat 1: AlexEliseev7 collected ($2.50)
Seat 2: Pon4uk.ua folded before Flop (didn't bet)
Seat 3: CMX1998 (button) folded before Flop (didn't bet)
Seat 4: fedor0f (small blind) folded before Flop
Seat 5: himqa (big blind) folded before Flop
Seat 6: ka100pka527 folded before Flop (didn't bet)



PokerStars Hand #254731176886:  Hold'em No Limit ($0.50/$1.00 USD) - 2025/02/06 8:56:21 WET [2025/02/06 3:56:21 ET]
Table 'Taygeta' 6-max Seat #4 is the button
Seat 1: AlexEliseev7 ($107.05 in chips) 
Seat 2: Pon4uk.ua ($109.89 in chips) 
Seat 3: CMX1998 ($52.46 in chips) 
Seat 4: fedor0f ($100 in chips) 
Seat 5: himqa ($106.60 in chips) 
Seat 6: ka100pka527 ($147.52 in chips) 
himqa: posts small blind $0.50
ka100pka527: posts big blind $1
*** HOLE CARDS ***
AlexEliseev7: folds 
Pon4uk.ua: folds 
CMX1998: calls $1
fedor0f: raises $2.50 to $3.50
himqa: folds 
ka100pka527: folds 
CMX1998: calls $2.50
*** FLOP *** [Qs 6c 5h]
CMX1998: checks 
fedor0f: bets $2.67
CMX1998: calls $2.67
*** TURN *** [Qs 6c 5h] [Td]
CMX1998: checks 
fedor0f: checks 
*** RIVER *** [Qs 6c 5h Td] [4h]
CMX1998: bets $10
fedor0f: folds 
Uncalled bet ($10) returned to CMX1998
CMX1998 collected $13.15 from pot
*** SUMMARY ***
Total pot $13.84 | Rake $0.69 
Board [Qs 6c 5h Td 4h]
Seat 1: AlexEliseev7 folded before Flop (didn't bet)
Seat 2: Pon4uk.ua folded before Flop (didn't bet)
Seat 3: CMX1998 collected ($13.15)
Seat 4: fedor0f (button) folded on the River
Seat 5: himqa (small blind) folded before Flop
Seat 6: ka100pka527 (big blind) folded before Flop



PokerStars Hand #254731181767:  Hold'em No Limit ($0.50/$1.00 USD) - 2025/02/06 8:57:27 WET [2025/02/06 3:57:27 ET]
Table 'Taygeta' 6-max Seat #5 is the button
Seat 1: AlexEliseev7 ($107.05 in chips) 
Seat 2: Pon4uk.ua ($109.89 in chips) 
Seat 3: CMX1998 ($59.44 in chips) 
Seat 4: fedor0f ($100 in chips) 
Seat 5: himqa ($106.10 in chips) 
Seat 6: ka100pka527 ($146.52 in chips) 
ka100pka527: posts small blind $0.50
AlexEliseev7: posts big blind $1
*** HOLE CARDS ***
Pon4uk.ua: folds 
CMX1998: calls $1
fedor0f: folds 
himqa: raises $3 to $4
ka100pka527: folds 
AlexEliseev7: folds 
CMX1998: folds 
Uncalled bet ($3) returned to himqa
himqa collected $3.50 from pot
himqa: doesn't show hand 
*** SUMMARY ***
Total pot $3.50 | Rake $0 
Seat 1: AlexEliseev7 (big blind) folded before Flop
Seat 2: Pon4uk.ua folded before Flop (didn't bet)
Seat 3: CMX1998 folded before Flop
Seat 4: fedor0f folded before Flop (didn't bet)
Seat 5: himqa (button) collected ($3.50)
Seat 6: ka100pka527 (small blind) folded before Flop



PokerStars Hand #254731183062:  Hold'em No Limit ($0.50/$1.00 USD) - 2025/02/06 8:57:44 WET [2025/02/06 3:57:44 ET]
Table 'Taygeta' 6-max Seat #6 is the button
Seat 1: AlexEliseev7 ($106.05 in chips) 
Seat 2: Pon4uk.ua ($109.89 in chips) 
Seat 3: CMX1998 ($58.44 in chips) 
Seat 4: fedor0f ($100 in chips) 
Seat 5: himqa ($108.60 in chips) 
Seat 6: ka100pka527 ($146.02 in chips) 
AlexEliseev7: posts small blind $0.50
Pon4uk.ua: posts big blind $1
*** HOLE CARDS ***
CMX1998: calls $1
fedor0f: folds 
himqa: folds 
ka100pka527: folds 
AlexEliseev7: folds 
Pon4uk.ua: checks 
*** FLOP *** [6h Qc 9s]
Pon4uk.ua: checks 
CMX1998: bets $3
Pon4uk.ua: folds 
Uncalled bet ($3) returned to CMX1998
CMX1998 collected $2.38 from pot
*** SUMMARY ***
Total pot $2.50 | Rake $0.12 
Board [6h Qc 9s]
Seat 1: AlexEliseev7 (small blind) folded before Flop
Seat 2: Pon4uk.ua (big blind) folded on the Flop
Seat 3: CMX1998 collected ($2.38)
Seat 4: fedor0f folded before Flop (didn't bet)
Seat 5: himqa folded before Flop (didn't bet)
Seat 6: ka100pka527 (button) folded before Flop (didn't bet)



PokerStars Hand #254731184873:  Hold'em No Limit ($0.50/$1.00 USD) - 2025/02/06 8:58:08 WET [2025/02/06 3:58:08 ET]
Table 'Taygeta' 6-max Seat #1 is the button
Seat 1: AlexEliseev7 ($105.55 in chips) 
Seat 2: Pon4uk.ua ($108.89 in chips) 
Seat 3: CMX1998 ($59.82 in chips) 
Seat 4: fedor0f ($100 in chips) 
Seat 5: himqa ($108.60 in chips) 
Seat 6: ka100pka527 ($146.02 in chips) 
Pon4uk.ua: posts small blind $0.50
CMX1998: posts big blind $1
*** HOLE CARDS ***
fedor0f: raises $1 to $2
himqa: folds 
ka100pka527: folds 
AlexEliseev7: folds 
Pon4uk.ua: folds 
CMX1998: calls $1
*** FLOP *** [5d 7d Qs]
CMX1998: checks 
fedor0f: bets $2.14
CMX1998: folds 
Uncalled bet ($2.14) returned to fedor0f
fedor0f collected $4.28 from pot
fedor0f: doesn't show hand 
*** SUMMARY ***
Total pot $4.50 | Rake $0.22 
Board [5d 7d Qs]
Seat 1: AlexEliseev7 (button) folded before Flop (didn't bet)
Seat 2: Pon4uk.ua (small blind) folded before Flop
Seat 3: CMX1998 (big blind) folded on the Flop
Seat 4: fedor0f collected ($4.28)
Seat 5: himqa folded before Flop (didn't bet)
Seat 6: ka100pka527 folded before Flop (didn't bet)



PokerStars Hand #254731093584:  Hold'em No Limit ($0.50/$1.00 USD) - 2025/02/06 8:39:45 WET [2025/02/06 3:39:45 ET]
Table 'Taygeta' 6-max Seat #6 is the button
Seat 2: Pon4uk.ua ($100 in chips) 
Seat 4: fedor0f ($101 in chips) 
Seat 6: ka100pka527 ($134.18 in chips) 
Pon4uk.ua: posts small blind $0.50
fedor0f: posts big blind $1
*** HOLE CARDS ***
ka100pka527: raises $1.50 to $2.50
Pon4uk.ua: folds 
fedor0f: calls $1.50
*** FLOP *** [Kh Td Qs]
fedor0f: checks 
ka100pka527: checks 
*** TURN *** [Kh Td Qs] [3h]
fedor0f: checks 
ka100pka527: bets $3.97
fedor0f: folds 
Uncalled bet ($3.97) returned to ka100pka527
ka100pka527 collected $5.22 from pot
ka100pka527: doesn't show hand 
*** SUMMARY ***
Total pot $5.50 | Rake $0.28 
Board [Kh Td Qs 3h]
Seat 2: Pon4uk.ua (small blind) folded before Flop
Seat 4: fedor0f (big blind) folded on the Turn
Seat 6: ka100pka527 (button) collected ($5.22)



PokerStars Hand #254731096777:  Hold'em No Limit ($0.50/$1.00 USD) - 2025/02/06 8:40:22 WET [2025/02/06 3:40:22 ET]
Table 'Taygeta' 6-max Seat #2 is the button
Seat 2: Pon4uk.ua ($100 in chips) 
Seat 4: fedor0f ($100 in chips) 
Seat 6: ka100pka527 ($136.90 in chips) 
fedor0f: posts small blind $0.50
ka100pka527: posts big blind $1
*** HOLE CARDS ***
CMX1998 joins the table at seat #3 
CMX1998 is disconnected 
himqa joins the table at seat #5 
AlexEliseev7 joins the table at seat #1 
Pon4uk.ua: raises $1.50 to $2.50
fedor0f: folds 
ka100pka527: folds 
Uncalled bet ($1.50) returned to Pon4uk.ua
Pon4uk.ua collected $2.50 from pot
Pon4uk.ua: doesn't show hand 
*** SUMMARY ***
Total pot $2.50 | Rake $0 
Seat 2: Pon4uk.ua (button) collected ($2.50)
Seat 4: fedor0f (small blind) folded before Flop
Seat 6: ka100pka527 (big blind) folded before Flop



PokerStars Hand #254731098446:  Hold'em No Limit ($0.50/$1.00 USD) - 2025/02/06 8:40:42 WET [2025/02/06 3:40:42 ET]
Table 'Taygeta' 6-max Seat #4 is the button
Seat 5: himqa ($100 in chips) is sitting out
Seat 1: AlexEliseev7 ($100 in chips) 
Seat 2: Pon4uk.ua ($101.50 in chips) 
Seat 3: CMX1998 ($70.01 in chips) 
Seat 4: fedor0f ($100 in chips) 
Seat 6: ka100pka527 ($135.90 in chips) 
ka100pka527: posts small blind $0.50
AlexEliseev7: posts big blind $1
CMX1998: posts big blind $1
*** HOLE CARDS ***
Pon4uk.ua: folds 
CMX1998: raises $1 to $2
fedor0f: folds 
ka100pka527: folds 
AlexEliseev7: calls $1
*** FLOP *** [6h 5d 4c]
AlexEliseev7: checks 
CMX1998: checks 
*** TURN *** [6h 5d 4c] [Jh]
AlexEliseev7: bets $3.34
CMX1998: folds 
Uncalled bet ($3.34) returned to AlexEliseev7
AlexEliseev7 collected $4.28 from pot
AlexEliseev7: doesn't show hand 
*** SUMMARY ***
Total pot $4.50 | Rake $0.22 
Board [6h 5d 4c Jh]
Seat 5: himqa
Seat 1: AlexEliseev7 (big blind) collected ($4.28)
Seat 2: Pon4uk.ua folded before Flop (didn't bet)
Seat 3: CMX1998 folded on the Turn
Seat 4: fedor0f (button) folded before Flop (didn't bet)
Seat 6: ka100pka527 (small blind) folded before Flop



PokerStars Hand #254731101527:  Hold'em No Limit ($0.50/$1.00 USD) - 2025/02/06 8:41:19 WET [2025/02/06 3:41:19 ET]
Table 'Taygeta' 6-max Seat #6 is the button
Seat 5: himqa ($100 in chips) is sitting out
Seat 1: AlexEliseev7 ($102.28 in chips) 
Seat 2: Pon4uk.ua ($101.50 in chips) 
Seat 3: CMX1998 ($68.01 in chips) 
Seat 4: fedor0f ($100 in chips) 
Seat 6: ka100pka527 ($135.40 in chips) 
AlexEliseev7: posts small blind $0.50
Pon4uk.ua: posts big blind $1
himqa: sits out 
*** HOLE CARDS ***
CMX1998: folds 
fedor0f: raises $1.20 to $2.20
ka100pka527: folds 
AlexEliseev7: folds 
Pon4uk.ua: folds 
Uncalled bet ($1.20) returned to fedor0f
fedor0f collected $2.50 from pot
fedor0f: doesn't show hand 
*** SUMMARY ***
Total pot $2.50 | Rake $0 
Seat 5: himqa
Seat 1: AlexEliseev7 (small blind) folded before Flop
Seat 2: Pon4uk.ua (big blind) folded before Flop
Seat 3: CMX1998 folded before Flop (didn't bet)
Seat 4: fedor0f collected ($2.50)
Seat 6: ka100pka527 (button) folded before Flop (didn't bet)



PokerStars Hand #254731103207:  Hold'em No Limit ($0.50/$1.00 USD) - 2025/02/06 8:41:39 WET [2025/02/06 3:41:39 ET]
Table 'Taygeta' 6-max Seat #1 is the button
Seat 5: himqa ($100 in chips) is sitting out
Seat 1: AlexEliseev7 ($101.78 in chips) 
Seat 2: Pon4uk.ua ($100.50 in chips) 
Seat 3: CMX1998 ($68.01 in chips) 
Seat 4: fedor0f ($101.50 in chips) 
Seat 6: ka100pka527 ($135.40 in chips) 
Pon4uk.ua: posts small blind $0.50
CMX1998: posts big blind $1
himqa: sits out 
*** HOLE CARDS ***
fedor0f: folds 
ka100pka527: raises $1.50 to $2.50
AlexEliseev7: raises $5 to $7.50
Pon4uk.ua: folds 
CMX1998: folds 
ka100pka527: folds 
Uncalled bet ($5) returned to AlexEliseev7
AlexEliseev7 collected $6.50 from pot
AlexEliseev7: doesn't show hand 
*** SUMMARY ***
Total pot $6.50 | Rake $0 
Seat 5: himqa
Seat 1: AlexEliseev7 (button) collected ($6.50)
Seat 2: Pon4uk.ua (small blind) folded before Flop
Seat 3: CMX1998 (big blind) folded before Flop
Seat 4: fedor0f folded before Flop (didn't bet)
Seat 6: ka100pka527 folded before Flop



PokerStars Hand #254731105956:  Hold'em No Limit ($0.50/$1.00 USD) - 2025/02/06 8:42:10 WET [2025/02/06 3:42:10 ET]
Table 'Taygeta' 6-max Seat #2 is the button
Seat 5: himqa ($100 in chips) is sitting out
Seat 1: AlexEliseev7 ($105.78 in chips) 
Seat 2: Pon4uk.ua ($100 in chips) 
Seat 3: CMX1998 ($67.01 in chips) 
Seat 4: fedor0f ($101.50 in chips) 
Seat 6: ka100pka527 ($132.90 in chips) 
CMX1998: posts small blind $0.50
fedor0f: posts big blind $1
himqa: sits out 
*** HOLE CARDS ***
ka100pka527: folds 
AlexEliseev7: folds 
Pon4uk.ua: raises $1.50 to $2.50
CMX1998: calls $2
fedor0f: folds 
*** FLOP *** [2d As Jc]
CMX1998: checks 
Pon4uk.ua: bets $2.85
CMX1998: calls $2.85
*** TURN *** [2d As Jc] [4s]
CMX1998: checks 
Pon4uk.ua: checks 
*** RIVER *** [2d As Jc 4s] [Ad]
CMX1998: bets $3
Pon4uk.ua: folds 
Uncalled bet ($3) returned to CMX1998
CMX1998 collected $11.12 from pot
*** SUMMARY ***
Total pot $11.70 | Rake $0.58 
Board [2d As Jc 4s Ad]
Seat 5: himqa
Seat 1: AlexEliseev7 folded before Flop (didn't bet)
Seat 2: Pon4uk.ua (button) folded on the River
Seat 3: CMX1998 (small blind) collected ($11.12)
Seat 4: fedor0f (big blind) folded before Flop
Seat 6: ka100pka527 folded before Flop (didn't bet)



PokerStars Hand #254731108738:  Hold'em No Limit ($0.50/$1.00 USD) - 2025/02/06 8:42:43 WET [2025/02/06 3:42:43 ET]
Table 'Taygeta' 6-max Seat #3 is the button
Seat 1: AlexEliseev7 ($105.78 in chips) 
Seat 2: Pon4uk.ua ($100 in chips) 
Seat 3: CMX1998 ($72.78 in chips) 
Seat 4: fedor0f ($100.50 in chips) 
Seat 5: himqa ($100 in chips) 
Seat 6: ka100pka527 ($132.90 in chips) 
fedor0f: posts small blind $0.50
himqa: posts big blind $1
*** HOLE CARDS ***
ka100pka527: folds 
AlexEliseev7: folds 
Pon4uk.ua: folds 
CMX1998: calls $1
fedor0f: folds 
himqa: checks 
*** FLOP *** [7h Qs Ah]
himqa: checks 
CMX1998: bets $2
himqa: folds 
Uncalled bet ($2) returned to CMX1998
CMX1998 collected $2.38 from pot
*** SUMMARY ***
Total pot $2.50 | Rake $0.12 
Board [7h Qs Ah]
Seat 1: AlexEliseev7 folded before Flop (didn't bet)
Seat 2: Pon4uk.ua folded before Flop (didn't bet)
Seat 3: CMX1998 (button) collected ($2.38)
Seat 4: fedor0f (small blind) folded before Flop
Seat 5: himqa (big blind) folded on the Flop
Seat 6: ka100pka527 folded before Flop (didn't bet)



PokerStars Hand #254731111650:  Hold'em No Limit ($0.50/$1.00 USD) - 2025/02/06 8:43:17 WET [2025/02/06 3:43:17 ET]
Table 'Taygeta' 6-max Seat #4 is the button
Seat 1: AlexEliseev7 ($105.78 in chips) 
Seat 2: Pon4uk.ua ($100 in chips) 
Seat 3: CMX1998 ($74.16 in chips) 
Seat 4: fedor0f ($100 in chips) 
Seat 5: himqa ($100 in chips) 
Seat 6: ka100pka527 ($132.90 in chips) 
himqa: posts small blind $0.50
ka100pka527: posts big blind $1
*** HOLE CARDS ***
AlexEliseev7: folds 
Pon4uk.ua: folds 
CMX1998: calls $1
fedor0f: folds 
himqa: folds 
ka100pka527: checks 
*** FLOP *** [Qh Ks Ac]
ka100pka527: checks 
CMX1998: bets $5
ka100pka527: folds 
Uncalled bet ($5) returned to CMX1998
CMX1998 collected $2.38 from pot
*** SUMMARY ***
Total pot $2.50 | Rake $0.12 
Board [Qh Ks Ac]
Seat 1: AlexEliseev7 folded before Flop (didn't bet)
Seat 2: Pon4uk.ua folded before Flop (didn't bet)
Seat 3: CMX1998 collected ($2.38)
Seat 4: fedor0f (button) folded before Flop (didn't bet)
Seat 5: himqa (small blind) folded before Flop
Seat 6: ka100pka527 (big blind) folded on the Flop



PokerStars Hand #254731115132:  Hold'em No Limit ($0.50/$1.00 USD) - 2025/02/06 8:43:57 WET [2025/02/06 3:43:57 ET]
Table 'Taygeta' 6-max Seat #5 is the button
Seat 1: AlexEliseev7 ($105.78 in chips) 
Seat 2: Pon4uk.ua ($100 in chips) 
Seat 3: CMX1998 ($75.54 in chips) 
Seat 4: fedor0f ($100 in chips) 
Seat 5: himqa ($100 in chips) 
Seat 6: ka100pka527 ($131.90 in chips) 
ka100pka527: posts small blind $0.50
AlexEliseev7: posts big blind $1
*** HOLE CARDS ***
Pon4uk.ua: folds 
CMX1998: calls $1
fedor0f: folds 
himqa: folds 
ka100pka527: folds 
AlexEliseev7: checks 
*** FLOP *** [Qh 9c Td]
AlexEliseev7: bets $1.86
CMX1998: calls $1.86
*** TURN *** [Qh 9c Td] [Tc]
AlexEliseev7: bets $4.61
CMX1998: folds 
Uncalled bet ($4.61) returned to AlexEliseev7
AlexEliseev7 collected $5.91 from pot
AlexEliseev7: doesn't show hand 
*** SUMMARY ***
Total pot $6.22 | Rake $0.31 
Board [Qh 9c Td Tc]
Seat 1: AlexEliseev7 (big blind) collected ($5.91)
Seat 2: Pon4uk.ua folded before Flop (didn't bet)
Seat 3: CMX1998 folded on the Turn
Seat 4: fedor0f folded before Flop (didn't bet)
Seat 5: himqa (button) folded before Flop (didn't bet)
Seat 6: ka100pka527 (small blind) folded before Flop



PokerStars Hand #254731118024:  Hold'em No Limit ($0.50/$1.00 USD) - 2025/02/06 8:44:31 WET [2025/02/06 3:44:31 ET]
Table 'Taygeta' 6-max Seat #6 is the button
Seat 1: AlexEliseev7 ($108.83 in chips) 
Seat 2: Pon4uk.ua ($100 in chips) 
Seat 3: CMX1998 ($72.68 in chips) 
Seat 4: fedor0f ($100 in chips) 
Seat 5: himqa ($100 in chips) 
Seat 6: ka100pka527 ($131.40 in chips) 
AlexEliseev7: posts small blind $0.50
Pon4uk.ua: posts big blind $1
*** HOLE CARDS ***
CMX1998: calls $1
fedor0f: folds 
himqa: folds 
ka100pka527: raises $3.50 to $4.50
AlexEliseev7: folds 
Pon4uk.ua: folds 
CMX1998: calls $3.50
*** FLOP *** [9d Ah 3d]
CMX1998: checks 
ka100pka527: bets $5.39
CMX1998: calls $5.39
*** TURN *** [9d Ah 3d] [2d]
CMX1998: bets $7
ka100pka527: calls $7
*** RIVER *** [9d Ah 3d 2d] [4c]
CMX1998: bets $9
ka100pka527: calls $9
*** SHOW DOWN ***
CMX1998: shows [Kh 9h] (a pair of Nines)
ka100pka527: shows [Ad Js] (a pair of Aces)
ka100pka527 collected $50.78 from pot
*** SUMMARY ***
Total pot $53.28 | Rake $2.50 
Board [9d Ah 3d 2d 4c]
Seat 1: AlexEliseev7 (small blind) folded before Flop
Seat 2: Pon4uk.ua (big blind) folded before Flop
Seat 3: CMX1998 showed [Kh 9h] and lost with a pair of Nines
Seat 4: fedor0f folded before Flop (didn't bet)
Seat 5: himqa folded before Flop (didn't bet)
Seat 6: ka100pka527 (button) showed [Ad Js] and won ($50.78) with a pair of Aces



PokerStars Hand #254731124005:  Hold'em No Limit ($0.50/$1.00 USD) - 2025/02/06 8:45:42 WET [2025/02/06 3:45:42 ET]
Table 'Taygeta' 6-max Seat #1 is the button
Seat 1: AlexEliseev7 ($108.33 in chips) 
Seat 2: Pon4uk.ua ($100 in chips) 
Seat 3: CMX1998 ($46.79 in chips) 
Seat 4: fedor0f ($100 in chips) 
Seat 5: himqa ($100 in chips) 
Seat 6: ka100pka527 ($156.29 in chips) 
Pon4uk.ua: posts small blind $0.50
CMX1998: posts big blind $1
*** HOLE CARDS ***
fedor0f: folds 
himqa: folds 
ka100pka527: folds 
AlexEliseev7: raises $1.50 to $2.50
Pon4uk.ua: folds 
CMX1998: calls $1.50
*** FLOP *** [Kd Kc 4s]
CMX1998: checks 
AlexEliseev7: bets $1.72
CMX1998: folds 
Uncalled bet ($1.72) returned to AlexEliseev7
AlexEliseev7 collected $5.22 from pot
AlexEliseev7: doesn't show hand 
*** SUMMARY ***
Total pot $5.50 | Rake $0.28 
Board [Kd Kc 4s]
Seat 1: AlexEliseev7 (button) collected ($5.22)
Seat 2: Pon4uk.ua (small blind) folded before Flop
Seat 3: CMX1998 (big blind) folded on the Flop
Seat 4: fedor0f folded before Flop (didn't bet)
Seat 5: himqa folded before Flop (didn't bet)
Seat 6: ka100pka527 folded before Flop (didn't bet)



PokerStars Hand #254731128586:  Hold'em No Limit ($0.50/$1.00 USD) - 2025/02/06 8:46:37 WET [2025/02/06 3:46:37 ET]
Table 'Taygeta' 6-max Seat #2 is the button
Seat 1: AlexEliseev7 ($111.05 in chips) 
Seat 2: Pon4uk.ua ($100 in chips) 
Seat 3: CMX1998 ($44.29 in chips) 
Seat 4: fedor0f ($100 in chips) 
Seat 5: himqa ($100 in chips) 
Seat 6: ka100pka527 ($156.29 in chips) 
CMX1998: posts small blind $0.50
fedor0f: posts big blind $1
*** HOLE CARDS ***
himqa: folds 
ka100pka527: raises $1.50 to $2.50
AlexEliseev7: folds 
Pon4uk.ua: raises $5 to $7.50
CMX1998: folds 
fedor0f: folds 
ka100pka527: folds 
Uncalled bet ($5) returned to Pon4uk.ua
Pon4uk.ua collected $6.50 from pot
Pon4uk.ua: doesn't show hand 
*** SUMMARY ***
Total pot $6.50 | Rake $0 
Seat 1: AlexEliseev7 folded before Flop (didn't bet)
Seat 2: Pon4uk.ua (button) collected ($6.50)
Seat 3: CMX1998 (small blind) folded before Flop
Seat 4: fedor0f (big blind) folded before Flop
Seat 5: himqa folded before Flop (didn't bet)
Seat 6: ka100pka527 folded before Flop



PokerStars Hand #254731130444:  Hold'em No Limit ($0.50/$1.00 USD) - 2025/02/06 8:46:58 WET [2025/02/06 3:46:58 ET]
Table 'Taygeta' 6-max Seat #3 is the button
Seat 1: AlexEliseev7 ($111.05 in chips) 
Seat 2: Pon4uk.ua ($104 in chips) 
Seat 3: CMX1998 ($43.79 in chips) 
Seat 4: fedor0f ($100 in chips) 
Seat 5: himqa ($100 in chips) 
Seat 6: ka100pka527 ($153.79 in chips) 
fedor0f: posts small blind $0.50
himqa: posts big blind $1
*** HOLE CARDS ***
ka100pka527: folds 
AlexEliseev7: raises $1.50 to $2.50
Pon4uk.ua: folds 
CMX1998: calls $2.50
fedor0f: folds 
himqa: calls $1.50
*** FLOP *** [Ad 4d Qc]
himqa: checks 
AlexEliseev7: checks 
CMX1998: checks 
*** TURN *** [Ad 4d Qc] [2h]
himqa: checks 
AlexEliseev7: checks 
CMX1998: checks 
*** RIVER *** [Ad 4d Qc 2h] [Kd]
himqa: checks 
AlexEliseev7: checks 
CMX1998: bets $5
himqa: calls $5
AlexEliseev7: folds 
*** SHOW DOWN ***
CMX1998: shows [6s 8d] (high card Ace)
himqa: shows [6h Kc] (a pair of Kings)
himqa collected $17.10 from pot
*** SUMMARY ***
Total pot $18 | Rake $0.90 
Board [Ad 4d Qc 2h Kd]
Seat 1: AlexEliseev7 folded on the River
Seat 2: Pon4uk.ua folded before Flop (didn't bet)
Seat 3: CMX1998 (button) showed [6s 8d] and lost with high card Ace
Seat 4: fedor0f (small blind) folded before Flop
Seat 5: himqa (big blind) showed [6h Kc] and won ($17.10) with a pair of Kings
Seat 6: ka100pka527 folded before Flop (didn't bet)



PokerStars Hand #254731187110:  Hold'em No Limit ($0.50/$1.00 USD) - 2025/02/06 8:58:38 WET [2025/02/06 3:58:38 ET]
Table 'Taygeta' 6-max Seat #2 is the button
Seat 1: AlexEliseev7 ($105.55 in chips) 
Seat 2: Pon4uk.ua ($108.39 in chips) 
Seat 3: CMX1998 ($57.82 in chips) 
Seat 4: fedor0f ($102.28 in chips) 
Seat 5: himqa ($108.60 in chips) 
Seat 6: ka100pka527 ($146.02 in chips) 
CMX1998: posts small blind $0.50
fedor0f: posts big blind $1
*** HOLE CARDS ***
himqa: folds 
ka100pka527: raises $1.50 to $2.50
AlexEliseev7: folds 
Pon4uk.ua: folds 
CMX1998: calls $2
fedor0f: folds 
*** FLOP *** [2d 3d 8s]
CMX1998: checks 
ka100pka527: bets $1.88
CMX1998: calls $1.88
*** TURN *** [2d 3d 8s] [Js]
CMX1998: checks 
ka100pka527: checks 
*** RIVER *** [2d 3d 8s Js] [Ts]
CMX1998: bets $4
ka100pka527: calls $4
*** SHOW DOWN ***
CMX1998: shows [7s 9c] (a straight, Seven to Jack)
ka100pka527: mucks hand 
CMX1998 collected $16.87 from pot
*** SUMMARY ***
Total pot $17.76 | Rake $0.89 
Board [2d 3d 8s Js Ts]
Seat 1: AlexEliseev7 folded before Flop (didn't bet)
Seat 2: Pon4uk.ua (button) folded before Flop (didn't bet)
Seat 3: CMX1998 (small blind) showed [7s 9c] and won ($16.87) with a straight, Seven to Jack
Seat 4: fedor0f (big blind) folded before Flop
Seat 5: himqa folded before Flop (didn't bet)
Seat 6: ka100pka527 mucked



PokerStars Hand #254731192101:  Hold'em No Limit ($0.50/$1.00 USD) - 2025/02/06 8:59:43 WET [2025/02/06 3:59:43 ET]
Table 'Taygeta' 6-max Seat #3 is the button
Seat 1: AlexEliseev7 ($105.55 in chips) 
Seat 2: Pon4uk.ua ($108.39 in chips) 
Seat 3: CMX1998 ($66.31 in chips) 
Seat 4: fedor0f ($101.28 in chips) 
Seat 5: himqa ($108.60 in chips) 
Seat 6: ka100pka527 ($137.64 in chips) 
fedor0f: posts small blind $0.50
himqa: posts big blind $1
*** HOLE CARDS ***
ka100pka527: folds 
AlexEliseev7: folds 
Pon4uk.ua: folds 
CMX1998: calls $1
fedor0f: folds 
himqa: checks 
*** FLOP *** [Qh Ts 4d]
himqa: checks 
CMX1998: bets $3
himqa: calls $3
*** TURN *** [Qh Ts 4d] [9s]
himqa: checks 
CMX1998: checks 
*** RIVER *** [Qh Ts 4d 9s] [8h]
himqa: checks 
CMX1998: checks 
*** SHOW DOWN ***
himqa: shows [Th 2d] (a pair of Tens)
CMX1998: mucks hand 
himqa collected $8.08 from pot
*** SUMMARY ***
Total pot $8.50 | Rake $0.42 
Board [Qh Ts 4d 9s 8h]
Seat 1: AlexEliseev7 folded before Flop (didn't bet)
Seat 2: Pon4uk.ua folded before Flop (didn't bet)
Seat 3: CMX1998 (button) mucked
Seat 4: fedor0f (small blind) folded before Flop
Seat 5: himqa (big blind) showed [Th 2d] and won ($8.08) with a pair of Tens
Seat 6: ka100pka527 folded before Flop (didn't bet)



PokerStars Hand #254731195458:  Hold'em No Limit ($0.50/$1.00 USD) - 2025/02/06 9:00:26 WET [2025/02/06 4:00:26 ET]
Table 'Taygeta' 6-max Seat #4 is the button
Seat 1: AlexEliseev7 ($105.55 in chips) 
Seat 2: Pon4uk.ua ($108.39 in chips) 
Seat 3: CMX1998 ($62.31 in chips) 
Seat 4: fedor0f ($100.78 in chips) 
Seat 5: himqa ($112.68 in chips) 
Seat 6: ka100pka527 ($137.64 in chips) 
himqa: posts small blind $0.50
ka100pka527: posts big blind $1
*** HOLE CARDS ***
AlexEliseev7: folds 
Pon4uk.ua: folds 
CMX1998: folds 
fedor0f: folds 
himqa: raises $2 to $3
ka100pka527: folds 
Uncalled bet ($2) returned to himqa
himqa collected $2 from pot
himqa: doesn't show hand 
*** SUMMARY ***
Total pot $2 | Rake $0 
Seat 1: AlexEliseev7 folded before Flop (didn't bet)
Seat 2: Pon4uk.ua folded before Flop (didn't bet)
Seat 3: CMX1998 folded before Flop (didn't bet)
Seat 4: fedor0f (button) folded before Flop (didn't bet)
Seat 5: himqa (small blind) collected ($2)
Seat 6: ka100pka527 (big blind) folded before Flop



PokerStars Hand #254731196647:  Hold'em No Limit ($0.50/$1.00 USD) - 2025/02/06 9:00:41 WET [2025/02/06 4:00:41 ET]
Table 'Taygeta' 6-max Seat #5 is the button
Seat 1: AlexEliseev7 ($105.55 in chips) 
Seat 2: Pon4uk.ua ($108.39 in chips) 
Seat 3: CMX1998 ($62.31 in chips) 
Seat 4: fedor0f ($100.78 in chips) 
Seat 5: himqa ($113.68 in chips) 
Seat 6: ka100pka527 ($136.64 in chips) 
ka100pka527: posts small blind $0.50
AlexEliseev7: posts big blind $1
*** HOLE CARDS ***
Pon4uk.ua: folds 
CMX1998: calls $1
fedor0f: folds 
himqa: folds 
ka100pka527: folds 
AlexEliseev7: checks 
*** FLOP *** [2c Ts 9d]
AlexEliseev7: checks 
CMX1998: checks 
*** TURN *** [2c Ts 9d] [4d]
AlexEliseev7: checks 
CMX1998: checks 
*** RIVER *** [2c Ts 9d 4d] [6s]
AlexEliseev7: bets $1.86
CMX1998: calls $1.86
*** SHOW DOWN ***
AlexEliseev7: shows [5d Jh] (high card Jack)
CMX1998: shows [Jd 6h] (a pair of Sixes)
CMX1998 collected $5.91 from pot
*** SUMMARY ***
Total pot $6.22 | Rake $0.31 
Board [2c Ts 9d 4d 6s]
Seat 1: AlexEliseev7 (big blind) showed [5d Jh] and lost with high card Jack
Seat 2: Pon4uk.ua folded before Flop (didn't bet)
Seat 3: CMX1998 showed [Jd 6h] and won ($5.91) with a pair of Sixes
Seat 4: fedor0f folded before Flop (didn't bet)
Seat 5: himqa (button) folded before Flop (didn't bet)
Seat 6: ka100pka527 (small blind) folded before Flop



PokerStars Hand #254731202216:  Hold'em No Limit ($0.50/$1.00 USD) - 2025/02/06 9:01:47 WET [2025/02/06 4:01:47 ET]
Table 'Taygeta' 6-max Seat #6 is the button
Seat 1: AlexEliseev7 ($102.69 in chips) 
Seat 2: Pon4uk.ua ($108.39 in chips) 
Seat 3: CMX1998 ($65.36 in chips) 
Seat 4: fedor0f ($100.78 in chips) 
Seat 5: himqa ($113.68 in chips) 
Seat 6: ka100pka527 ($136.14 in chips) 
AlexEliseev7: posts small blind $0.50
Pon4uk.ua: posts big blind $1
*** HOLE CARDS ***
CMX1998: calls $1
fedor0f: folds 
himqa: folds 
ka100pka527: raises $3.50 to $4.50
AlexEliseev7: folds 
Pon4uk.ua: raises $13.50 to $18
CMX1998: folds 
ka100pka527: folds 
Uncalled bet ($13.50) returned to Pon4uk.ua
Pon4uk.ua collected $10.50 from pot
Pon4uk.ua: doesn't show hand 
*** SUMMARY ***
Total pot $10.50 | Rake $0 
Seat 1: AlexEliseev7 (small blind) folded before Flop
Seat 2: Pon4uk.ua (big blind) collected ($10.50)
Seat 3: CMX1998 folded before Flop
Seat 4: fedor0f folded before Flop (didn't bet)
Seat 5: himqa folded before Flop (didn't bet)
Seat 6: ka100pka527 (button) folded before Flop



PokerStars Hand #254731205240:  Hold'em No Limit ($0.50/$1.00 USD) - 2025/02/06 9:02:22 WET [2025/02/06 4:02:22 ET]
Table 'Taygeta' 6-max Seat #1 is the button
Seat 1: AlexEliseev7 ($102.19 in chips) 
Seat 2: Pon4uk.ua ($114.39 in chips) 
Seat 3: CMX1998 ($64.36 in chips) 
Seat 4: fedor0f ($100.78 in chips) 
Seat 5: himqa ($113.68 in chips) 
Seat 6: ka100pka527 ($131.64 in chips) 
Pon4uk.ua: posts small blind $0.50
CMX1998: posts big blind $1
*** HOLE CARDS ***
fedor0f: folds 
himqa: folds 
ka100pka527: raises $1.50 to $2.50
AlexEliseev7: folds 
Pon4uk.ua: folds 
CMX1998: calls $1.50
*** FLOP *** [4s Qh 6h]
CMX1998: checks 
ka100pka527: checks 
*** TURN *** [4s Qh 6h] [3s]
CMX1998: checks 
ka100pka527: checks 
*** RIVER *** [4s Qh 6h 3s] [3d]
CMX1998: bets $3
ka100pka527: folds 
Uncalled bet ($3) returned to CMX1998
CMX1998 collected $5.22 from pot
*** SUMMARY ***
Total pot $5.50 | Rake $0.28 
Board [4s Qh 6h 3s 3d]
Seat 1: AlexEliseev7 (button) folded before Flop (didn't bet)
Seat 2: Pon4uk.ua (small blind) folded before Flop
Seat 3: CMX1998 (big blind) collected ($5.22)
Seat 4: fedor0f folded before Flop (didn't bet)
Seat 5: himqa folded before Flop (didn't bet)
Seat 6: ka100pka527 folded on the River



PokerStars Hand #254731208687:  Hold'em No Limit ($0.50/$1.00 USD) - 2025/02/06 9:03:01 WET [2025/02/06 4:03:01 ET]
Table 'Taygeta' 6-max Seat #2 is the button
Seat 1: AlexEliseev7 ($102.19 in chips) 
Seat 2: Pon4uk.ua ($113.89 in chips) 
Seat 3: CMX1998 ($67.08 in chips) 
Seat 4: fedor0f ($100.78 in chips) 
Seat 5: himqa ($113.68 in chips) 
Seat 6: ka100pka527 ($129.14 in chips) 
CMX1998: posts small blind $0.50
fedor0f: posts big blind $1
*** HOLE CARDS ***
himqa: raises $1.50 to $2.50
ka100pka527: folds 
AlexEliseev7: folds 
Pon4uk.ua: folds 
CMX1998: calls $2
fedor0f: folds 
*** FLOP *** [7s 2s 3c]
CMX1998: checks 
himqa: bets $1.88
CMX1998: calls $1.88
*** TURN *** [7s 2s 3c] [Ah]
CMX1998: checks 
himqa: bets $3.06
CMX1998: folds 
Uncalled bet ($3.06) returned to himqa
himqa collected $9.27 from pot
himqa: doesn't show hand 
*** SUMMARY ***
Total pot $9.76 | Rake $0.49 
Board [7s 2s 3c Ah]
Seat 1: AlexEliseev7 folded before Flop (didn't bet)
Seat 2: Pon4uk.ua (button) folded before Flop (didn't bet)
Seat 3: CMX1998 (small blind) folded on the Turn
Seat 4: fedor0f (big blind) folded before Flop
Seat 5: himqa collected ($9.27)
Seat 6: ka100pka527 folded before Flop (didn't bet)



PokerStars Hand #254731212512:  Hold'em No Limit ($0.50/$1.00 USD) - 2025/02/06 9:03:46 WET [2025/02/06 4:03:46 ET]
Table 'Taygeta' 6-max Seat #3 is the button
Seat 1: AlexEliseev7 ($102.19 in chips) 
Seat 2: Pon4uk.ua ($113.89 in chips) 
Seat 3: CMX1998 ($62.70 in chips) 
Seat 4: fedor0f ($100 in chips) 
Seat 5: himqa ($118.57 in chips) 
Seat 6: ka100pka527 ($129.14 in chips) 
fedor0f: posts small blind $0.50
himqa: posts big blind $1
*** HOLE CARDS ***
ka100pka527: folds 
AlexEliseev7: folds 
Pon4uk.ua: folds 
CMX1998: calls $1
fedor0f: folds 
himqa: checks 
*** FLOP *** [Qd 6s Kh]
himqa: bets $1
CMX1998: calls $1
*** TURN *** [Qd 6s Kh] [7s]
himqa: checks 
CMX1998: bets $3
himqa: folds 
Uncalled bet ($3) returned to CMX1998
CMX1998 collected $4.28 from pot
*** SUMMARY ***
Total pot $4.50 | Rake $0.22 
Board [Qd 6s Kh 7s]
Seat 1: AlexEliseev7 folded before Flop (didn't bet)
Seat 2: Pon4uk.ua folded before Flop (didn't bet)
Seat 3: CMX1998 (button) collected ($4.28)
Seat 4: fedor0f (small blind) folded before Flop
Seat 5: himqa (big blind) folded on the Turn
Seat 6: ka100pka527 folded before Flop (didn't bet)



PokerStars Hand #254731215813:  Hold'em No Limit ($0.50/$1.00 USD) - 2025/02/06 9:04:24 WET [2025/02/06 4:04:24 ET]
Table 'Taygeta' 6-max Seat #4 is the button
Seat 1: AlexEliseev7 ($102.19 in chips) 
Seat 2: Pon4uk.ua ($113.89 in chips) 
Seat 3: CMX1998 ($64.98 in chips) 
Seat 4: fedor0f ($100 in chips) 
Seat 5: himqa ($116.57 in chips) 
Seat 6: ka100pka527 ($129.14 in chips) 
himqa: posts small blind $0.50
ka100pka527: posts big blind $1
*** HOLE CARDS ***
AlexEliseev7: folds 
Pon4uk.ua: folds 
CMX1998: raises $1 to $2
fedor0f: folds 
himqa: folds 
ka100pka527: folds 
Uncalled bet ($1) returned to CMX1998
CMX1998 collected $2.50 from pot
*** SUMMARY ***
Total pot $2.50 | Rake $0 
Seat 1: AlexEliseev7 folded before Flop (didn't bet)
Seat 2: Pon4uk.ua folded before Flop (didn't bet)
Seat 3: CMX1998 collected ($2.50)
Seat 4: fedor0f (button) folded before Flop (didn't bet)
Seat 5: himqa (small blind) folded before Flop
Seat 6: ka100pka527 (big blind) folded before Flop



PokerStars Hand #254731217915:  Hold'em No Limit ($0.50/$1.00 USD) - 2025/02/06 9:04:47 WET [2025/02/06 4:04:47 ET]
Table 'Taygeta' 6-max Seat #5 is the button
Seat 1: AlexEliseev7 ($102.19 in chips) 
Seat 2: Pon4uk.ua ($113.89 in chips) 
Seat 3: CMX1998 ($66.48 in chips) 
Seat 4: fedor0f ($100 in chips) 
Seat 5: himqa ($116.07 in chips) 
Seat 6: ka100pka527 ($128.14 in chips) 
ka100pka527: posts small blind $0.50
AlexEliseev7: posts big blind $1
*** HOLE CARDS ***
Pon4uk.ua: folds 
CMX1998: calls $1
fedor0f: raises $2.50 to $3.50
himqa: folds 
ka100pka527: folds 
AlexEliseev7: folds 
CMX1998: calls $2.50
*** FLOP *** [2d Ts 6h]
CMX1998: checks 
fedor0f: bets $2.67
CMX1998: calls $2.67
*** TURN *** [2d Ts 6h] [7h]
CMX1998: checks 
fedor0f: checks 
*** RIVER *** [2d Ts 6h 7h] [7c]
CMX1998: bets $4
fedor0f: calls $4
*** SHOW DOWN ***
CMX1998: shows [Ad Kd] (a pair of Sevens)
fedor0f: shows [3h 3s] (two pair, Sevens and Threes)
fedor0f collected $20.75 from pot
*** SUMMARY ***
Total pot $21.84 | Rake $1.09 
Board [2d Ts 6h 7h 7c]
Seat 1: AlexEliseev7 (big blind) folded before Flop
Seat 2: Pon4uk.ua folded before Flop (didn't bet)
Seat 3: CMX1998 showed [Ad Kd] and lost with a pair of Sevens
Seat 4: fedor0f showed [3h 3s] and won ($20.75) with two pair, Sevens and Threes
Seat 5: himqa (button) folded before Flop (didn't bet)
Seat 6: ka100pka527 (small blind) folded before Flop



PokerStars Hand #254731223319:  Hold'em No Limit ($0.50/$1.00 USD) - 2025/02/06 9:05:49 WET [2025/02/06 4:05:49 ET]
Table 'Taygeta' 6-max Seat #6 is the button
Seat 1: AlexEliseev7 ($101.19 in chips) 
Seat 2: Pon4uk.ua ($113.89 in chips) 
Seat 3: CMX1998 ($56.31 in chips) 
Seat 4: fedor0f ($110.58 in chips) 
Seat 5: himqa ($116.07 in chips) 
Seat 6: ka100pka527 ($127.64 in chips) 
AlexEliseev7: posts small blind $0.50
Pon4uk.ua: posts big blind $1
*** HOLE CARDS ***
CMX1998: folds 
fedor0f: raises $1 to $2
himqa: folds 
ka100pka527: folds 
AlexEliseev7: folds 
Pon4uk.ua: calls $1
*** FLOP *** [3h Kh 5d]
Pon4uk.ua: checks 
fedor0f: bets $1.41
Pon4uk.ua: calls $1.41
*** TURN *** [3h Kh 5d] [Tc]
Pon4uk.ua: checks 
fedor0f: checks 
*** RIVER *** [3h Kh 5d Tc] [2c]
Pon4uk.ua: checks 
fedor0f: bets $4.87
Pon4uk.ua: folds 
Uncalled bet ($4.87) returned to fedor0f
fedor0f collected $6.95 from pot
fedor0f: doesn't show hand 
*** SUMMARY ***
Total pot $7.32 | Rake $0.37 
Board [3h Kh 5d Tc 2c]
Seat 1: AlexEliseev7 (small blind) folded before Flop
Seat 2: Pon4uk.ua (big blind) folded on the River
Seat 3: CMX1998 folded before Flop (didn't bet)
Seat 4: fedor0f collected ($6.95)
Seat 5: himqa folded before Flop (didn't bet)
Seat 6: ka100pka527 (button) folded before Flop (didn't bet)



PokerStars Hand #254731227903:  Hold'em No Limit ($0.50/$1.00 USD) - 2025/02/06 9:06:42 WET [2025/02/06 4:06:42 ET]
Table 'Taygeta' 6-max Seat #1 is the button
Seat 1: AlexEliseev7 ($100.69 in chips) 
Seat 2: Pon4uk.ua ($110.48 in chips) 
Seat 3: CMX1998 ($56.31 in chips) 
Seat 4: fedor0f ($114.12 in chips) 
Seat 5: himqa ($116.07 in chips) 
Seat 6: ka100pka527 ($127.64 in chips) 
Pon4uk.ua: posts small blind $0.50
CMX1998: posts big blind $1
*** HOLE CARDS ***
fedor0f: folds 
himqa: folds 
ka100pka527: raises $1.50 to $2.50
AlexEliseev7: folds 
Pon4uk.ua: raises $8.50 to $11
CMX1998: folds 
ka100pka527: folds 
Uncalled bet ($8.50) returned to Pon4uk.ua
Pon4uk.ua collected $6 from pot
Pon4uk.ua: doesn't show hand 
*** SUMMARY ***
Total pot $6 | Rake $0 
Seat 1: AlexEliseev7 (button) folded before Flop (didn't bet)
Seat 2: Pon4uk.ua (small blind) collected ($6)
Seat 3: CMX1998 (big blind) folded before Flop
Seat 4: fedor0f folded before Flop (didn't bet)
Seat 5: himqa folded before Flop (didn't bet)
Seat 6: ka100pka527 folded before Flop



PokerStars Hand #254731230642:  Hold'em No Limit ($0.50/$1.00 USD) - 2025/02/06 9:07:14 WET [2025/02/06 4:07:14 ET]
Table 'Taygeta' 6-max Seat #2 is the button
Seat 1: AlexEliseev7 ($100.69 in chips) 
Seat 2: Pon4uk.ua ($113.98 in chips) 
Seat 3: CMX1998 ($55.31 in chips) 
Seat 4: fedor0f ($114.12 in chips) 
Seat 5: himqa ($116.07 in chips) 
Seat 6: ka100pka527 ($125.14 in chips) 
CMX1998: posts small blind $0.50
fedor0f: posts big blind $1
*** HOLE CARDS ***
himqa: folds 
ka100pka527: folds 
AlexEliseev7: folds 
Pon4uk.ua: raises $1.50 to $2.50
CMX1998: calls $2
fedor0f: folds 
*** FLOP *** [8h 4d Ks]
CMX1998: checks 
Pon4uk.ua: bets $2.85
CMX1998: calls $2.85
*** TURN *** [8h 4d Ks] [Js]
CMX1998: checks 
Pon4uk.ua: checks 
*** RIVER *** [8h 4d Ks Js] [7s]
CMX1998: checks 
Pon4uk.ua: bets $5.56
CMX1998: calls $5.56
*** SHOW DOWN ***
Pon4uk.ua: shows [Jd Qs] (a pair of Jacks)
CMX1998: mucks hand 
Pon4uk.ua collected $21.68 from pot
*** SUMMARY ***
Total pot $22.82 | Rake $1.14 
Board [8h 4d Ks Js 7s]
Seat 1: AlexEliseev7 folded before Flop (didn't bet)
Seat 2: Pon4uk.ua (button) showed [Jd Qs] and won ($21.68) with a pair of Jacks
Seat 3: CMX1998 (small blind) mucked
Seat 4: fedor0f (big blind) folded before Flop
Seat 5: himqa folded before Flop (didn't bet)
Seat 6: ka100pka527 folded before Flop (didn't bet)



PokerStars Hand #254731234716:  Hold'em No Limit ($0.50/$1.00 USD) - 2025/02/06 9:08:02 WET [2025/02/06 4:08:02 ET]
Table 'Taygeta' 6-max Seat #3 is the button
Seat 1: AlexEliseev7 ($100.69 in chips) 
Seat 2: Pon4uk.ua ($124.75 in chips) 
Seat 3: CMX1998 ($44.40 in chips) 
Seat 4: fedor0f ($113.12 in chips) 
Seat 5: himqa ($116.07 in chips) 
Seat 6: ka100pka527 ($125.14 in chips) 
fedor0f: posts small blind $0.50
himqa: posts big blind $1
*** HOLE CARDS ***
ka100pka527: folds 
AlexEliseev7: folds 
Pon4uk.ua: folds 
CMX1998: folds 
fedor0f: folds 
Uncalled bet ($0.50) returned to himqa
himqa collected $1 from pot
himqa: doesn't show hand 
*** SUMMARY ***
Total pot $1 | Rake $0 
Seat 1: AlexEliseev7 folded before Flop (didn't bet)
Seat 2: Pon4uk.ua folded before Flop (didn't bet)
Seat 3: CMX1998 (button) folded before Flop (didn't bet)
Seat 4: fedor0f (small blind) folded before Flop
Seat 5: himqa (big blind) collected ($1)
Seat 6: ka100pka527 folded before Flop (didn't bet)



PokerStars Hand #254731252494:  Hold'em No Limit ($0.50/$1.00 USD) - 2025/02/06 9:11:27 WET [2025/02/06 4:11:27 ET]
Table 'Taygeta' 6-max Seat #5 is the button
Seat 3: CMX1998 ($0 in chips) is sitting out
Seat 1: AlexEliseev7 ($100 in chips) 
Seat 2: Pon4uk.ua ($120.03 in chips) 
Seat 4: fedor0f ($163.35 in chips) 
Seat 5: himqa ($116.07 in chips) 
Seat 6: ka100pka527 ($129.29 in chips) 
ka100pka527: posts small blind $0.50
AlexEliseev7: posts big blind $1
*** HOLE CARDS ***
Pon4uk.ua has timed out
Pon4uk.ua: folds 
fedor0f: folds 
himqa: raises $1.50 to $2.50
ka100pka527: raises $8.25 to $10.75
AlexEliseev7: folds 
himqa: folds 
Uncalled bet ($8.25) returned to ka100pka527
ka100pka527 collected $6 from pot
ka100pka527: doesn't show hand 
*** SUMMARY ***
Total pot $6 | Rake $0 
Seat 3: CMX1998
Seat 1: AlexEliseev7 (big blind) folded before Flop
Seat 2: Pon4uk.ua folded before Flop (didn't bet)
Seat 4: fedor0f folded before Flop (didn't bet)
Seat 5: himqa (button) folded before Flop
Seat 6: ka100pka527 (small blind) collected ($6)



PokerStars Hand #254731255063:  Hold'em No Limit ($0.50/$1.00 USD) - 2025/02/06 9:11:56 WET [2025/02/06 4:11:56 ET]
Table 'Taygeta' 6-max Seat #6 is the button
Seat 3: CMX1998 ($0 in chips) is sitting out
Seat 1: AlexEliseev7 ($100 in chips) 
Seat 2: Pon4uk.ua ($120.03 in chips) 
Seat 4: fedor0f ($163.35 in chips) 
Seat 5: himqa ($113.57 in chips) 
Seat 6: ka100pka527 ($132.79 in chips) 
AlexEliseev7: posts small blind $0.50
Pon4uk.ua: posts big blind $1
*** HOLE CARDS ***
fedor0f: raises $1 to $2
himqa: folds 
ka100pka527: folds 
AlexEliseev7: folds 
Pon4uk.ua: folds 
Uncalled bet ($1) returned to fedor0f
fedor0f collected $2.50 from pot
fedor0f: doesn't show hand 
*** SUMMARY ***
Total pot $2.50 | Rake $0 
Seat 3: CMX1998
Seat 1: AlexEliseev7 (small blind) folded before Flop
Seat 2: Pon4uk.ua (big blind) folded before Flop
Seat 4: fedor0f collected ($2.50)
Seat 5: himqa folded before Flop (didn't bet)
Seat 6: ka100pka527 (button) folded before Flop (didn't bet)



PokerStars Hand #254731256168:  Hold'em No Limit ($0.50/$1.00 USD) - 2025/02/06 9:12:09 WET [2025/02/06 4:12:09 ET]
Table 'Taygeta' 6-max Seat #1 is the button
Seat 3: CMX1998 ($0 in chips) is sitting out
Seat 1: AlexEliseev7 ($100 in chips) 
Seat 2: Pon4uk.ua ($119.03 in chips) 
Seat 4: fedor0f ($164.85 in chips) 
Seat 5: himqa ($113.57 in chips) 
Seat 6: ka100pka527 ($132.79 in chips) 
Pon4uk.ua: posts small blind $0.50
fedor0f: posts big blind $1
*** HOLE CARDS ***
himqa: folds 
ka100pka527: folds 
AlexEliseev7: folds 
Pon4uk.ua: raises $1.75 to $2.75
fedor0f: folds 
Uncalled bet ($1.75) returned to Pon4uk.ua
Pon4uk.ua collected $2 from pot
Pon4uk.ua: doesn't show hand 
*** SUMMARY ***
Total pot $2 | Rake $0 
Seat 3: CMX1998
Seat 1: AlexEliseev7 (button) folded before Flop (didn't bet)
Seat 2: Pon4uk.ua (small blind) collected ($2)
Seat 4: fedor0f (big blind) folded before Flop
Seat 5: himqa folded before Flop (didn't bet)
Seat 6: ka100pka527 folded before Flop (didn't bet)



PokerStars Hand #254731257954:  Hold'em No Limit ($0.50/$1.00 USD) - 2025/02/06 9:12:29 WET [2025/02/06 4:12:29 ET]
Table 'Taygeta' 6-max Seat #2 is the button
Seat 3: CMX1998 ($0 in chips) is sitting out
Seat 1: AlexEliseev7 ($100 in chips) 
Seat 2: Pon4uk.ua ($120.03 in chips) 
Seat 4: fedor0f ($163.85 in chips) 
Seat 5: himqa ($113.57 in chips) 
Seat 6: ka100pka527 ($132.79 in chips) 
fedor0f: posts small blind $0.50
himqa: posts big blind $1
*** HOLE CARDS ***
ka100pka527: folds 
AlexEliseev7: folds 
Pon4uk.ua: folds 
fedor0f: raises $2 to $3
himqa: calls $2
*** FLOP *** [Js 7d Qd]
fedor0f: bets $1.88
himqa: raises $6.72 to $8.60
fedor0f: folds 
Uncalled bet ($6.72) returned to himqa
himqa collected $9.27 from pot
himqa: doesn't show hand 
*** SUMMARY ***
Total pot $9.76 | Rake $0.49 
Board [Js 7d Qd]
Seat 3: CMX1998
Seat 1: AlexEliseev7 folded before Flop (didn't bet)
Seat 2: Pon4uk.ua (button) folded before Flop (didn't bet)
Seat 4: fedor0f (small blind) folded on the Flop
Seat 5: himqa (big blind) collected ($9.27)
Seat 6: ka100pka527 folded before Flop (didn't bet)



PokerStars Hand #254731263614:  Hold'em No Limit ($0.50/$1.00 USD) - 2025/02/06 9:13:34 WET [2025/02/06 4:13:34 ET]
Table 'Taygeta' 6-max Seat #4 is the button
Seat 3: CMX1998 ($0 in chips) is sitting out
Seat 1: AlexEliseev7 ($100 in chips) 
Seat 2: Pon4uk.ua ($120.03 in chips) 
Seat 4: fedor0f ($158.97 in chips) 
Seat 5: himqa ($117.96 in chips) 
Seat 6: ka100pka527 ($132.79 in chips) 
himqa: posts small blind $0.50
ka100pka527: posts big blind $1
*** HOLE CARDS ***
AlexEliseev7: folds 
Pon4uk.ua: raises $1.50 to $2.50
fedor0f: folds 
himqa: folds 
ka100pka527: folds 
Uncalled bet ($1.50) returned to Pon4uk.ua
Pon4uk.ua collected $2.50 from pot
Pon4uk.ua: doesn't show hand 
*** SUMMARY ***
Total pot $2.50 | Rake $0 
Seat 3: CMX1998
Seat 1: AlexEliseev7 folded before Flop (didn't bet)
Seat 2: Pon4uk.ua collected ($2.50)
Seat 4: fedor0f (button) folded before Flop (didn't bet)
Seat 5: himqa (small blind) folded before Flop
Seat 6: ka100pka527 (big blind) folded before Flop



PokerStars Hand #254731266970:  Hold'em No Limit ($0.50/$1.00 USD) - 2025/02/06 9:14:13 WET [2025/02/06 4:14:13 ET]
Table 'Taygeta' 6-max Seat #5 is the button
Seat 3: CMX1998 ($0 in chips) is sitting out
Seat 1: AlexEliseev7 ($100 in chips) 
Seat 2: Pon4uk.ua ($121.53 in chips) 
Seat 4: fedor0f ($158.97 in chips) 
Seat 5: himqa ($117.46 in chips) 
Seat 6: ka100pka527 ($131.79 in chips) 
ka100pka527: posts small blind $0.50
AlexEliseev7: posts big blind $1
*** HOLE CARDS ***
Pon4uk.ua: raises $1 to $2
fedor0f: folds 
himqa: folds 
ka100pka527: folds 
AlexEliseev7: calls $1
*** FLOP *** [5s 4d 3s]
AlexEliseev7: bets $1.41
Pon4uk.ua: folds 
Uncalled bet ($1.41) returned to AlexEliseev7
AlexEliseev7 collected $4.28 from pot
AlexEliseev7: doesn't show hand 
*** SUMMARY ***
Total pot $4.50 | Rake $0.22 
Board [5s 4d 3s]
Seat 3: CMX1998
Seat 1: AlexEliseev7 (big blind) collected ($4.28)
Seat 2: Pon4uk.ua folded on the Flop
Seat 4: fedor0f folded before Flop (didn't bet)
Seat 5: himqa (button) folded before Flop (didn't bet)
Seat 6: ka100pka527 (small blind) folded before Flop



PokerStars Hand #254731269411:  Hold'em No Limit ($0.50/$1.00 USD) - 2025/02/06 9:14:42 WET [2025/02/06 4:14:42 ET]
Table 'Taygeta' 6-max Seat #6 is the button
Seat 3: CMX1998 ($0 in chips) is sitting out
Seat 1: AlexEliseev7 ($102.28 in chips) 
Seat 2: Pon4uk.ua ($119.53 in chips) 
Seat 4: fedor0f ($158.97 in chips) 
Seat 5: himqa ($117.46 in chips) 
Seat 6: ka100pka527 ($131.29 in chips) 
AlexEliseev7: posts small blind $0.50
Pon4uk.ua: posts big blind $1
*** HOLE CARDS ***
fedor0f: raises $1 to $2
himqa: folds 
ka100pka527: folds 
AlexEliseev7: folds 
Pon4uk.ua: folds 
Uncalled bet ($1) returned to fedor0f
fedor0f collected $2.50 from pot
fedor0f: doesn't show hand 
*** SUMMARY ***
Total pot $2.50 | Rake $0 
Seat 3: CMX1998
Seat 1: AlexEliseev7 (small blind) folded before Flop
Seat 2: Pon4uk.ua (big blind) folded before Flop
Seat 4: fedor0f collected ($2.50)
Seat 5: himqa folded before Flop (didn't bet)
Seat 6: ka100pka527 (button) folded before Flop (didn't bet)



PokerStars Hand #254731272287:  Hold'em No Limit ($0.50/$1.00 USD) - 2025/02/06 9:15:14 WET [2025/02/06 4:15:14 ET]
Table 'Taygeta' 6-max Seat #1 is the button
Seat 3: CMX1998 ($0 in chips) is sitting out
Seat 1: AlexEliseev7 ($101.78 in chips) 
Seat 2: Pon4uk.ua ($118.53 in chips) 
Seat 4: fedor0f ($160.47 in chips) 
Seat 5: himqa ($117.46 in chips) 
Seat 6: ka100pka527 ($131.29 in chips) 
Pon4uk.ua: posts small blind $0.50
fedor0f: posts big blind $1
*** HOLE CARDS ***
himqa: folds 
ka100pka527: raises $1.50 to $2.50
AlexEliseev7: folds 
Pon4uk.ua: folds 
fedor0f: calls $1.50
*** FLOP *** [5c Td Qc]
fedor0f: checks 
ka100pka527: bets $2.82
fedor0f: calls $2.82
*** TURN *** [5c Td Qc] [Kh]
fedor0f: checks 
ka100pka527: bets $7.05
CMX1998 leaves the table
fedor0f: raises $12.34 to $19.39
janarr5 joins the table at seat #3 
ka100pka527: calls $12.34
*** RIVER *** [5c Td Qc Kh] [6d]
fedor0f: bets $135.76 and is all-in
ka100pka527: folds 
Uncalled bet ($135.76) returned to fedor0f
fedor0f collected $47.42 from pot
fedor0f: doesn't show hand 
*** SUMMARY ***
Total pot $49.92 | Rake $2.50 
Board [5c Td Qc Kh 6d]
Seat 3: CMX1998
Seat 1: AlexEliseev7 (button) folded before Flop (didn't bet)
Seat 2: Pon4uk.ua (small blind) folded before Flop
Seat 4: fedor0f (big blind) collected ($47.42)
Seat 5: himqa folded before Flop (didn't bet)
Seat 6: ka100pka527 folded on the River



PokerStars Hand #254731235969:  Hold'em No Limit ($0.50/$1.00 USD) - 2025/02/06 9:08:17 WET [2025/02/06 4:08:17 ET]
Table 'Taygeta' 6-max Seat #4 is the button
Seat 1: AlexEliseev7 ($100.69 in chips) 
Seat 2: Pon4uk.ua ($124.75 in chips) 
Seat 3: CMX1998 ($44.40 in chips) 
Seat 4: fedor0f ($112.62 in chips) 
Seat 5: himqa ($116.57 in chips) 
Seat 6: ka100pka527 ($125.14 in chips) 
himqa: posts small blind $0.50
ka100pka527: posts big blind $1
*** HOLE CARDS ***
AlexEliseev7: folds 
Pon4uk.ua: folds 
CMX1998: calls $1
fedor0f: folds 
himqa: folds 
ka100pka527: checks 
*** FLOP *** [4c Ts 3h]
ka100pka527: bets $1.81
CMX1998: folds 
Uncalled bet ($1.81) returned to ka100pka527
ka100pka527 collected $2.38 from pot
ka100pka527: doesn't show hand 
*** SUMMARY ***
Total pot $2.50 | Rake $0.12 
Board [4c Ts 3h]
Seat 1: AlexEliseev7 folded before Flop (didn't bet)
Seat 2: Pon4uk.ua folded before Flop (didn't bet)
Seat 3: CMX1998 folded on the Flop
Seat 4: fedor0f (button) folded before Flop (didn't bet)
Seat 5: himqa (small blind) folded before Flop
Seat 6: ka100pka527 (big blind) collected ($2.38)



PokerStars Hand #254731237675:  Hold'em No Limit ($0.50/$1.00 USD) - 2025/02/06 9:08:37 WET [2025/02/06 4:08:37 ET]
Table 'Taygeta' 6-max Seat #5 is the button
Seat 1: AlexEliseev7 ($100.69 in chips) 
Seat 2: Pon4uk.ua ($124.75 in chips) 
Seat 3: CMX1998 ($43.40 in chips) 
Seat 4: fedor0f ($112.62 in chips) 
Seat 5: himqa ($116.07 in chips) 
Seat 6: ka100pka527 ($126.52 in chips) 
ka100pka527: posts small blind $0.50
AlexEliseev7: posts big blind $1
*** HOLE CARDS ***
Pon4uk.ua: folds 
CMX1998: folds 
fedor0f: folds 
himqa: raises $1.50 to $2.50
ka100pka527: folds 
AlexEliseev7: folds 
Uncalled bet ($1.50) returned to himqa
himqa collected $2.50 from pot
himqa: doesn't show hand 
*** SUMMARY ***
Total pot $2.50 | Rake $0 
Seat 1: AlexEliseev7 (big blind) folded before Flop
Seat 2: Pon4uk.ua folded before Flop (didn't bet)
Seat 3: CMX1998 folded before Flop (didn't bet)
Seat 4: fedor0f folded before Flop (didn't bet)
Seat 5: himqa (button) collected ($2.50)
Seat 6: ka100pka527 (small blind) folded before Flop



PokerStars Hand #254731239608:  Hold'em No Limit ($0.50/$1.00 USD) - 2025/02/06 9:08:59 WET [2025/02/06 4:08:59 ET]
Table 'Taygeta' 6-max Seat #6 is the button
Seat 1: AlexEliseev7 ($100 in chips) 
Seat 2: Pon4uk.ua ($124.75 in chips) 
Seat 3: CMX1998 ($43.40 in chips) 
Seat 4: fedor0f ($112.62 in chips) 
Seat 5: himqa ($117.57 in chips) 
Seat 6: ka100pka527 ($126.02 in chips) 
AlexEliseev7: posts small blind $0.50
Pon4uk.ua: posts big blind $1
*** HOLE CARDS ***
CMX1998: folds 
fedor0f: folds 
himqa: folds 
ka100pka527: raises $1.50 to $2.50
AlexEliseev7: folds 
Pon4uk.ua: calls $1.50
*** FLOP *** [Ah Ks 2d]
Pon4uk.ua: checks 
ka100pka527: bets $1.72
Pon4uk.ua: calls $1.72
*** TURN *** [Ah Ks 2d] [Kh]
Pon4uk.ua: checks 
ka100pka527: bets $4.58
Pon4uk.ua: folds 
Uncalled bet ($4.58) returned to ka100pka527
ka100pka527 collected $8.49 from pot
ka100pka527: doesn't show hand 
*** SUMMARY ***
Total pot $8.94 | Rake $0.45 
Board [Ah Ks 2d Kh]
Seat 1: AlexEliseev7 (small blind) folded before Flop
Seat 2: Pon4uk.ua (big blind) folded on the Turn
Seat 3: CMX1998 folded before Flop (didn't bet)
Seat 4: fedor0f folded before Flop (didn't bet)
Seat 5: himqa folded before Flop (didn't bet)
Seat 6: ka100pka527 (button) collected ($8.49)



PokerStars Hand #254731243231:  Hold'em No Limit ($0.50/$1.00 USD) - 2025/02/06 9:09:41 WET [2025/02/06 4:09:41 ET]
Table 'Taygeta' 6-max Seat #1 is the button
Seat 1: AlexEliseev7 ($100 in chips) 
Seat 2: Pon4uk.ua ($120.53 in chips) 
Seat 3: CMX1998 ($43.40 in chips) 
Seat 4: fedor0f ($112.62 in chips) 
Seat 5: himqa ($117.57 in chips) 
Seat 6: ka100pka527 ($130.29 in chips) 
Pon4uk.ua: posts small blind $0.50
CMX1998: posts big blind $1
*** HOLE CARDS ***
fedor0f: raises $1 to $2
himqa: folds 
ka100pka527: folds 
AlexEliseev7: folds 
Pon4uk.ua: folds 
CMX1998: calls $1
*** FLOP *** [Ac Kh Qd]
CMX1998: checks 
fedor0f: bets $1.41
CMX1998: calls $1.41
*** TURN *** [Ac Kh Qd] [3c]
CMX1998: checks 
fedor0f: checks 
*** RIVER *** [Ac Kh Qd 3c] [Js]
CMX1998: bets $3
fedor0f: calls $3
*** SHOW DOWN ***
CMX1998: shows [As Jh] (two pair, Aces and Jacks)
fedor0f: mucks hand 
CMX1998 collected $12.65 from pot
*** SUMMARY ***
Total pot $13.32 | Rake $0.67 
Board [Ac Kh Qd 3c Js]
Seat 1: AlexEliseev7 (button) folded before Flop (didn't bet)
Seat 2: Pon4uk.ua (small blind) folded before Flop
Seat 3: CMX1998 (big blind) showed [As Jh] and won ($12.65) with two pair, Aces and Jacks
Seat 4: fedor0f mucked
Seat 5: himqa folded before Flop (didn't bet)
Seat 6: ka100pka527 folded before Flop (didn't bet)



PokerStars Hand #254731246308:  Hold'em No Limit ($0.50/$1.00 USD) - 2025/02/06 9:10:17 WET [2025/02/06 4:10:17 ET]
Table 'Taygeta' 6-max Seat #2 is the button
Seat 1: AlexEliseev7 ($100 in chips) 
Seat 2: Pon4uk.ua ($120.03 in chips) 
Seat 3: CMX1998 ($49.64 in chips) 
Seat 4: fedor0f ($106.21 in chips) 
Seat 5: himqa ($117.57 in chips) 
Seat 6: ka100pka527 ($130.29 in chips) 
CMX1998: posts small blind $0.50
fedor0f: posts big blind $1
*** HOLE CARDS ***
himqa: raises $1.50 to $2.50
ka100pka527: folds 
AlexEliseev7: raises $5 to $7.50
Pon4uk.ua: folds 
CMX1998: calls $7
fedor0f: raises $98.71 to $106.21 and is all-in
himqa: folds 
AlexEliseev7: folds 
CMX1998: calls $42.14 and is all-in
Uncalled bet ($56.57) returned to fedor0f
*** FLOP *** [8c Ks 4s]
*** TURN *** [8c Ks 4s] [5c]
*** RIVER *** [8c Ks 4s 5c] [5h]
*** SHOW DOWN ***
CMX1998: shows [9h 6d] (a pair of Fives)
fedor0f: shows [Ah Kh] (two pair, Kings and Fives)
fedor0f collected $106.78 from pot
*** SUMMARY ***
Total pot $109.28 | Rake $2.50 
Board [8c Ks 4s 5c 5h]
Seat 1: AlexEliseev7 folded before Flop
Seat 2: Pon4uk.ua (button) folded before Flop (didn't bet)
Seat 3: CMX1998 (small blind) showed [9h 6d] and lost with a pair of Fives
Seat 4: fedor0f (big blind) showed [Ah Kh] and won ($106.78) with two pair, Kings and Fives
Seat 5: himqa folded before Flop
Seat 6: ka100pka527 folded before Flop (didn't bet)



PokerStars Hand #254731250873:  Hold'em No Limit ($0.50/$1.00 USD) - 2025/02/06 9:11:09 WET [2025/02/06 4:11:09 ET]
Table 'Taygeta' 6-max Seat #4 is the button
Seat 3: CMX1998 ($0 in chips) is sitting out
Seat 1: AlexEliseev7 ($100 in chips) 
Seat 2: Pon4uk.ua ($120.03 in chips) 
Seat 4: fedor0f ($163.35 in chips) 
Seat 5: himqa ($115.07 in chips) 
Seat 6: ka100pka527 ($130.29 in chips) 
himqa: posts small blind $0.50
ka100pka527: posts big blind $1
*** HOLE CARDS ***
AlexEliseev7: folds 
CMX1998 is disconnected 
Pon4uk.ua: folds 
fedor0f: folds 
himqa: raises $2 to $3
ka100pka527: folds 
Uncalled bet ($2) returned to himqa
himqa collected $2 from pot
himqa: doesn't show hand 
*** SUMMARY ***
Total pot $2 | Rake $0 
Seat 3: CMX1998
Seat 1: AlexEliseev7 folded before Flop (didn't bet)
Seat 2: Pon4uk.ua folded before Flop (didn't bet)
Seat 4: fedor0f (button) folded before Flop (didn't bet)
Seat 5: himqa (small blind) collected ($2)
Seat 6: ka100pka527 (big blind) folded before Flop



PokerStars Hand #254731284215:  Hold'em No Limit ($0.50/$1.00 USD) - 2025/02/06 9:17:31 WET [2025/02/06 4:17:31 ET]
Table 'Taygeta' 6-max Seat #2 is the button
Seat 3: janarr5 ($100 in chips) is sitting out
Seat 1: AlexEliseev7 ($101.78 in chips) 
Seat 2: Pon4uk.ua ($118.03 in chips) 
Seat 4: fedor0f ($183.18 in chips) 
Seat 5: himqa ($117.46 in chips) 
Seat 6: ka100pka527 ($106.58 in chips) 
fedor0f: posts small blind $0.50
himqa: posts big blind $1
*** HOLE CARDS ***
ka100pka527: folds 
ka100pka527 leaves the table
AlexEliseev7: folds 
Pon4uk.ua: folds 
fedor0f: folds 
Uncalled bet ($0.50) returned to himqa
himqa collected $1 from pot
himqa: doesn't show hand 
*** SUMMARY ***
Total pot $1 | Rake $0 
Seat 3: janarr5
Seat 1: AlexEliseev7 folded before Flop (didn't bet)
Seat 2: Pon4uk.ua (button) folded before Flop (didn't bet)
Seat 4: fedor0f (small blind) folded before Flop
Seat 5: himqa (big blind) collected ($1)
Seat 6: ka100pka527 folded before Flop (didn't bet)



PokerStars Hand #254731285595:  Hold'em No Limit ($0.50/$1.00 USD) - 2025/02/06 9:17:47 WET [2025/02/06 4:17:47 ET]
Table 'Taygeta' 6-max Seat #4 is the button
Seat 1: AlexEliseev7 ($101.78 in chips) is sitting out
Seat 3: janarr5 ($100 in chips) is sitting out
Seat 2: Pon4uk.ua ($118.03 in chips) 
Seat 4: fedor0f ($182.68 in chips) 
Seat 5: himqa ($117.96 in chips) 
himqa: posts small blind $0.50
AlexEliseev7: is sitting out 
Pon4uk.ua: posts big blind $1
janarr5: sits out 
*** HOLE CARDS ***
fedor0f: raises $1.20 to $2.20
himqa: folds 
AlexEliseev7 leaves the table
Pon4uk.ua: folds 
Uncalled bet ($1.20) returned to fedor0f
fedor0f collected $2.50 from pot
fedor0f: doesn't show hand 
*** SUMMARY ***
Total pot $2.50 | Rake $0 
Seat 1: AlexEliseev7
Seat 3: janarr5
Seat 2: Pon4uk.ua (big blind) folded before Flop
Seat 4: fedor0f (button) collected ($2.50)
Seat 5: himqa (small blind) folded before Flop



PokerStars Hand #254731287338:  Hold'em No Limit ($0.50/$1.00 USD) - 2025/02/06 9:18:07 WET [2025/02/06 4:18:07 ET]
Table 'Taygeta' 6-max Seat #5 is the button
Seat 2: Pon4uk.ua ($117.03 in chips) 
Seat 3: janarr5 ($100 in chips) 
Seat 4: fedor0f ($184.18 in chips) 
Seat 5: himqa ($117.46 in chips) 
Pon4uk.ua: posts small blind $0.50
janarr5: posts big blind $1
*** HOLE CARDS ***
fedor0f: folds 
himqa: raises $1.50 to $2.50
Pon4uk.ua: folds 
janarr5: folds 
Uncalled bet ($1.50) returned to himqa
m1lkdud joins the table at seat #1 
m1lkdud is disconnected 
himqa collected $2.50 from pot
himqa: doesn't show hand 
*** SUMMARY ***
Total pot $2.50 | Rake $0 
Seat 2: Pon4uk.ua (small blind) folded before Flop
Seat 3: janarr5 (big blind) folded before Flop
Seat 4: fedor0f folded before Flop (didn't bet)
Seat 5: himqa (button) collected ($2.50)



PokerStars Hand #254731288507:  Hold'em No Limit ($0.50/$1.00 USD) - 2025/02/06 9:18:20 WET [2025/02/06 4:18:20 ET]
Table 'Taygeta' 6-max Seat #2 is the button
Seat 4: fedor0f ($184.18 in chips) is sitting out
Seat 5: himqa ($118.96 in chips) is sitting out
Seat 1: m1lkdud ($100 in chips) 
Seat 2: Pon4uk.ua ($116.53 in chips) 
Seat 3: janarr5 ($100 in chips) 
janarr5: posts small blind $0.50
fedor0f: is sitting out 
himqa: is sitting out 
m1lkdud: posts big blind $1
*** HOLE CARDS ***
Pon4uk.ua: folds 
janarr5: folds 
Uncalled bet ($0.50) returned to m1lkdud
m1lkdud collected $1 from pot
*** SUMMARY ***
Total pot $1 | Rake $0 
Seat 4: fedor0f
Seat 5: himqa
Seat 1: m1lkdud (big blind) collected ($1)
Seat 2: Pon4uk.ua (button) folded before Flop (didn't bet)
Seat 3: janarr5 (small blind) folded before Flop



PokerStars Hand #254731289213:  Hold'em No Limit ($0.50/$1.00 USD) - 2025/02/06 9:18:28 WET [2025/02/06 4:18:28 ET]
Table 'Taygeta' 6-max Seat #3 is the button
Seat 4: fedor0f ($184.18 in chips) is sitting out
Seat 5: himqa ($118.96 in chips) is sitting out
Seat 1: m1lkdud ($100.50 in chips) 
Seat 2: Pon4uk.ua ($116.53 in chips) 
Seat 3: janarr5 ($100 in chips) 
m1lkdud: posts small blind $0.50
Pon4uk.ua: posts big blind $1
*** HOLE CARDS ***
fedor0f leaves the table
janarr5: raises $1.50 to $2.50
m1lkdud: calls $2
Pon4uk.ua: raises $9.50 to $12
himqa leaves the table
janarr5: folds 
m1lkdud: calls $9.50
*** FLOP *** [7d 9h 5h]
m1lkdud: checks 
Pon4uk.ua: checks 
*** TURN *** [7d 9h 5h] [4d]
m1lkdud: checks 
Pon4uk.ua: checks 
*** RIVER *** [7d 9h 5h 4d] [7c]
m1lkdud: checks 
Pon4uk.ua: checks 
*** SHOW DOWN ***
m1lkdud: shows [Qs 8s] (a pair of Sevens)
Pon4uk.ua: shows [Ac Tc] (a pair of Sevens - Ace kicker)
Pon4uk.ua collected $25.50 from pot
*** SUMMARY ***
Total pot $26.50 | Rake $1 
Board [7d 9h 5h 4d 7c]
Seat 4: fedor0f
Seat 5: himqa
Seat 1: m1lkdud (small blind) showed [Qs 8s] and lost with a pair of Sevens
Seat 2: Pon4uk.ua (big blind) showed [Ac Tc] and won ($25.50) with a pair of Sevens
Seat 3: janarr5 (button) folded before Flop



PokerStars Hand #254731293640:  Hold'em No Limit ($0.50/$1.00 USD) - 2025/02/06 9:19:17 WET [2025/02/06 4:19:17 ET]
Table 'Taygeta' 6-max Seat #1 is the button
Seat 1: m1lkdud ($88.50 in chips) 
Seat 2: Pon4uk.ua ($130.03 in chips) 
Seat 3: janarr5 ($100 in chips) 
Pon4uk.ua: posts small blind $0.50
janarr5: posts big blind $1
*** HOLE CARDS ***
m1lkdud: folds 
Pon4uk.ua: folds 
Uncalled bet ($0.50) returned to janarr5
MaRKiToScoK joins the table at seat #4 
janarr5 collected $1 from pot
janarr5: doesn't show hand 
*** SUMMARY ***
Total pot $1 | Rake $0 
Seat 1: m1lkdud (button) folded before Flop (didn't bet)
Seat 2: Pon4uk.ua (small blind) folded before Flop
Seat 3: janarr5 (big blind) collected ($1)



PokerStars Hand #254731294486:  Hold'em No Limit ($0.50/$1.00 USD) - 2025/02/06 9:19:26 WET [2025/02/06 4:19:26 ET]
Table 'Taygeta' 6-max Seat #2 is the button
Seat 1: m1lkdud ($88.50 in chips) 
Seat 2: Pon4uk.ua ($129.53 in chips) 
Seat 3: janarr5 ($100.50 in chips) 
Seat 4: MaRKiToScoK ($100 in chips) 
janarr5: posts small blind $0.50
MaRKiToScoK: posts big blind $1
*** HOLE CARDS ***
m1lkdud: folds 
Pon4uk.ua: raises $1 to $2
janarr5: folds 
MaRKiToScoK: raises $10.50 to $12.50
Pon4uk.ua: folds 
Uncalled bet ($10.50) returned to MaRKiToScoK
MaRKiToScoK collected $4.50 from pot
*** SUMMARY ***
Total pot $4.50 | Rake $0 
Seat 1: m1lkdud folded before Flop (didn't bet)
Seat 2: Pon4uk.ua (button) folded before Flop
Seat 3: janarr5 (small blind) folded before Flop
Seat 4: MaRKiToScoK (big blind) collected ($4.50)



PokerStars Hand #254731296310:  Hold'em No Limit ($0.50/$1.00 USD) - 2025/02/06 9:19:47 WET [2025/02/06 4:19:47 ET]
Table 'Taygeta' 6-max Seat #3 is the button
Seat 1: m1lkdud ($100 in chips) 
Seat 2: Pon4uk.ua ($127.53 in chips) 
Seat 3: janarr5 ($100 in chips) 
Seat 4: MaRKiToScoK ($102.50 in chips) 
MaRKiToScoK: posts small blind $0.50
m1lkdud: posts big blind $1
*** HOLE CARDS ***
Pon4uk.ua: folds 
janarr5: folds 
MaRKiToScoK: raises $2 to $3
m1lkdud: folds 
Uncalled bet ($2) returned to MaRKiToScoK
alexandr699 joins the table at seat #5 
MaRKiToScoK collected $2 from pot
*** SUMMARY ***
Total pot $2 | Rake $0 
Seat 1: m1lkdud (big blind) folded before Flop
Seat 2: Pon4uk.ua folded before Flop (didn't bet)
Seat 3: janarr5 (button) folded before Flop (didn't bet)
Seat 4: MaRKiToScoK (small blind) collected ($2)



PokerStars Hand #254731297362:  Hold'em No Limit ($0.50/$1.00 USD) - 2025/02/06 9:20:00 WET [2025/02/06 4:20:00 ET]
Table 'Taygeta' 6-max Seat #4 is the button
Seat 5: alexandr699 ($100 in chips) is sitting out
Seat 1: m1lkdud ($99 in chips) 
Seat 2: Pon4uk.ua ($127.53 in chips) 
Seat 3: janarr5 ($100 in chips) 
Seat 4: MaRKiToScoK ($103.50 in chips) 
m1lkdud: posts small blind $0.50
Pon4uk.ua: posts big blind $1
*** HOLE CARDS ***
janarr5: folds 
LeaveItYeah joins the table at seat #6 
MaRKiToScoK: raises $1.50 to $2.50
m1lkdud: folds 
Pon4uk.ua: folds 
Uncalled bet ($1.50) returned to MaRKiToScoK
MaRKiToScoK collected $2.50 from pot
*** SUMMARY ***
Total pot $2.50 | Rake $0 
Seat 5: alexandr699
Seat 1: m1lkdud (small blind) folded before Flop
Seat 2: Pon4uk.ua (big blind) folded before Flop
Seat 3: janarr5 folded before Flop (didn't bet)
Seat 4: MaRKiToScoK (button) collected ($2.50)



PokerStars Hand #254731299431:  Hold'em No Limit ($0.50/$1.00 USD) - 2025/02/06 9:20:23 WET [2025/02/06 4:20:23 ET]
Table 'Taygeta' 6-max Seat #1 is the button
Seat 5: alexandr699 ($100 in chips) is sitting out
Seat 6: LeaveItYeah ($100 in chips) is sitting out
Seat 1: m1lkdud ($98.50 in chips) 
Seat 2: Pon4uk.ua ($126.53 in chips) 
Seat 3: janarr5 ($100 in chips) 
Seat 4: MaRKiToScoK ($105 in chips) 
Pon4uk.ua: posts small blind $0.50
janarr5: posts big blind $1
alexandr699: sits out 
LeaveItYeah: sits out 
*** HOLE CARDS ***
MaRKiToScoK: folds 
m1lkdud: raises $2.50 to $3.50
Pon4uk.ua: folds 
janarr5: folds 
Uncalled bet ($2.50) returned to m1lkdud
m1lkdud collected $2.50 from pot
*** SUMMARY ***
Total pot $2.50 | Rake $0 
Seat 5: alexandr699
Seat 6: LeaveItYeah
Seat 1: m1lkdud (button) collected ($2.50)
Seat 2: Pon4uk.ua (small blind) folded before Flop
Seat 3: janarr5 (big blind) folded before Flop
Seat 4: MaRKiToScoK folded before Flop (didn't bet)



PokerStars Hand #254731301281:  Hold'em No Limit ($0.50/$1.00 USD) - 2025/02/06 9:20:43 WET [2025/02/06 4:20:43 ET]
Table 'Taygeta' 6-max Seat #2 is the button
Seat 5: alexandr699 ($100 in chips) is sitting out
Seat 6: LeaveItYeah ($100 in chips) is sitting out
Seat 1: m1lkdud ($100 in chips) 
Seat 2: Pon4uk.ua ($126.03 in chips) 
Seat 3: janarr5 ($100 in chips) 
Seat 4: MaRKiToScoK ($105 in chips) 
janarr5: posts small blind $0.50
MaRKiToScoK: posts big blind $1
alexandr699: sits out 
LeaveItYeah: sits out 
*** HOLE CARDS ***
m1lkdud: folds 
Pon4uk.ua: raises $1.50 to $2.50
janarr5: folds 
MaRKiToScoK: raises $10 to $12.50
Pon4uk.ua: calls $10
*** FLOP *** [7c 8h 5d]
MaRKiToScoK: checks 
Pon4uk.ua: checks 
*** TURN *** [7c 8h 5d] [2s]
MaRKiToScoK: checks 
Pon4uk.ua: bets $18.38
MaRKiToScoK: folds 
Uncalled bet ($18.38) returned to Pon4uk.ua
Pon4uk.ua collected $24.50 from pot
Pon4uk.ua: doesn't show hand 
*** SUMMARY ***
Total pot $25.50 | Rake $1 
Board [7c 8h 5d 2s]
Seat 5: alexandr699
Seat 6: LeaveItYeah
Seat 1: m1lkdud folded before Flop (didn't bet)
Seat 2: Pon4uk.ua (button) collected ($24.50)
Seat 3: janarr5 (small blind) folded before Flop
Seat 4: MaRKiToScoK (big blind) folded on the Turn



PokerStars Hand #254731306155:  Hold'em No Limit ($0.50/$1.00 USD) - 2025/02/06 9:21:36 WET [2025/02/06 4:21:36 ET]
Table 'Taygeta' 6-max Seat #3 is the button
Seat 6: LeaveItYeah ($100 in chips) is sitting out
Seat 1: m1lkdud ($100 in chips) 
Seat 2: Pon4uk.ua ($138.03 in chips) 
Seat 3: janarr5 ($100 in chips) 
Seat 4: MaRKiToScoK ($100 in chips) 
Seat 5: alexandr699 ($100 in chips) 
MaRKiToScoK: posts small blind $0.50
alexandr699: posts big blind $1
LeaveItYeah: sits out 
*** HOLE CARDS ***
m1lkdud: folds 
Pon4uk.ua: folds 
janarr5: folds 
MaRKiToScoK: raises $2 to $3
alexandr699: folds 
Uncalled bet ($2) returned to MaRKiToScoK
MaRKiToScoK collected $2 from pot
*** SUMMARY ***
Total pot $2 | Rake $0 
Seat 6: LeaveItYeah
Seat 1: m1lkdud folded before Flop (didn't bet)
Seat 2: Pon4uk.ua folded before Flop (didn't bet)
Seat 3: janarr5 (button) folded before Flop (didn't bet)
Seat 4: MaRKiToScoK (small blind) collected ($2)
Seat 5: alexandr699 (big blind) folded before Flop



PokerStars Hand #254731307489:  Hold'em No Limit ($0.50/$1.00 USD) - 2025/02/06 9:21:50 WET [2025/02/06 4:21:50 ET]
Table 'Taygeta' 6-max Seat #4 is the button
Seat 1: m1lkdud ($100 in chips) 
Seat 2: Pon4uk.ua ($138.03 in chips) 
Seat 3: janarr5 ($100 in chips) 
Seat 4: MaRKiToScoK ($101 in chips) 
Seat 5: alexandr699 ($100 in chips) 
Seat 6: LeaveItYeah ($100 in chips) 
alexandr699: posts small blind $0.50
LeaveItYeah: posts big blind $1
*** HOLE CARDS ***
m1lkdud: folds 
Pon4uk.ua: folds 
janarr5: folds 
MaRKiToScoK: folds 
alexandr699: folds 
Uncalled bet ($0.50) returned to LeaveItYeah
LeaveItYeah collected $1 from pot
LeaveItYeah: doesn't show hand 
*** SUMMARY ***
Total pot $1 | Rake $0 
Seat 1: m1lkdud folded before Flop (didn't bet)
Seat 2: Pon4uk.ua folded before Flop (didn't bet)
Seat 3: janarr5 folded before Flop (didn't bet)
Seat 4: MaRKiToScoK (button) folded before Flop (didn't bet)
Seat 5: alexandr699 (small blind) folded before Flop
Seat 6: LeaveItYeah (big blind) collected ($1)



PokerStars Hand #254731308595:  Hold'em No Limit ($0.50/$1.00 USD) - 2025/02/06 9:22:02 WET [2025/02/06 4:22:02 ET]
Table 'Taygeta' 6-max Seat #5 is the button
Seat 1: m1lkdud ($100 in chips) 
Seat 2: Pon4uk.ua ($138.03 in chips) 
Seat 3: janarr5 ($100 in chips) 
Seat 4: MaRKiToScoK ($101 in chips) 
Seat 5: alexandr699 ($100 in chips) 
Seat 6: LeaveItYeah ($100.50 in chips) 
LeaveItYeah: posts small blind $0.50
m1lkdud: posts big blind $1
*** HOLE CARDS ***
Pon4uk.ua: folds 
janarr5: folds 
MaRKiToScoK: raises $1.20 to $2.20
alexandr699: raises $5.30 to $7.50
LeaveItYeah: folds 
m1lkdud: calls $6.50
MaRKiToScoK: calls $5.30
*** FLOP *** [Qh 3h 9s]
m1lkdud: checks 
MaRKiToScoK: checks 
alexandr699: bets $16.39
m1lkdud: calls $16.39
MaRKiToScoK: folds 
*** TURN *** [Qh 3h 9s] [3s]
m1lkdud: bets $76.11 and is all-in
alexandr699: calls $76.11 and is all-in
*** RIVER *** [Qh 3h 9s 3s] [5d]
*** SHOW DOWN ***
m1lkdud: shows [Qc As] (two pair, Queens and Threes)
alexandr699: shows [Ac Qs] (two pair, Queens and Threes)
m1lkdud collected $102.75 from pot
alexandr699 collected $102.75 from pot
*** SUMMARY ***
Total pot $208 | Rake $2.50 
Board [Qh 3h 9s 3s 5d]
Seat 1: m1lkdud (big blind) showed [Qc As] and won ($102.75) with two pair, Queens and Threes
Seat 2: Pon4uk.ua folded before Flop (didn't bet)
Seat 3: janarr5 folded before Flop (didn't bet)
Seat 4: MaRKiToScoK folded on the Flop
Seat 5: alexandr699 (button) showed [Ac Qs] and won ($102.75) with two pair, Queens and Threes
Seat 6: LeaveItYeah (small blind) folded before Flop



PokerStars Hand #254731314231:  Hold'em No Limit ($0.50/$1.00 USD) - 2025/02/06 9:23:04 WET [2025/02/06 4:23:04 ET]
Table 'Taygeta' 6-max Seat #6 is the button
Seat 1: m1lkdud ($102.75 in chips) 
Seat 2: Pon4uk.ua ($138.03 in chips) 
Seat 3: janarr5 ($100 in chips) 
Seat 4: MaRKiToScoK ($100 in chips) 
Seat 5: alexandr699 ($102.75 in chips) 
Seat 6: LeaveItYeah ($100 in chips) 
m1lkdud: posts small blind $0.50
Pon4uk.ua: posts big blind $1
*** HOLE CARDS ***
janarr5: folds 
MaRKiToScoK: folds 
alexandr699: raises $1.98 to $2.98
LeaveItYeah: folds 
m1lkdud: folds 
Pon4uk.ua: folds 
Uncalled bet ($1.98) returned to alexandr699
alexandr699 collected $2.50 from pot
alexandr699: doesn't show hand 
*** SUMMARY ***
Total pot $2.50 | Rake $0 
Seat 1: m1lkdud (small blind) folded before Flop
Seat 2: Pon4uk.ua (big blind) folded before Flop
Seat 3: janarr5 folded before Flop (didn't bet)
Seat 4: MaRKiToScoK folded before Flop (didn't bet)
Seat 5: alexandr699 collected ($2.50)
Seat 6: LeaveItYeah (button) folded before Flop (didn't bet)



PokerStars Hand #254731316366:  Hold'em No Limit ($0.50/$1.00 USD) - 2025/02/06 9:23:27 WET [2025/02/06 4:23:27 ET]
Table 'Taygeta' 6-max Seat #1 is the button
Seat 1: m1lkdud ($102.25 in chips) 
Seat 2: Pon4uk.ua ($137.03 in chips) 
Seat 3: janarr5 ($100 in chips) 
Seat 4: MaRKiToScoK ($100 in chips) 
Seat 5: alexandr699 ($104.25 in chips) 
Seat 6: LeaveItYeah ($100 in chips) 
Pon4uk.ua: posts small blind $0.50
janarr5: posts big blind $1
*** HOLE CARDS ***
MaRKiToScoK: folds 
alexandr699: folds 
LeaveItYeah: raises $1.25 to $2.25
m1lkdud: folds 
Pon4uk.ua: folds 
janarr5: folds 
Uncalled bet ($1.25) returned to LeaveItYeah
LeaveItYeah collected $2.50 from pot
LeaveItYeah: doesn't show hand 
*** SUMMARY ***
Total pot $2.50 | Rake $0 
Seat 1: m1lkdud (button) folded before Flop (didn't bet)
Seat 2: Pon4uk.ua (small blind) folded before Flop
Seat 3: janarr5 (big blind) folded before Flop
Seat 4: MaRKiToScoK folded before Flop (didn't bet)
Seat 5: alexandr699 folded before Flop (didn't bet)
Seat 6: LeaveItYeah collected ($2.50)



PokerStars Hand #254731318144:  Hold'em No Limit ($0.50/$1.00 USD) - 2025/02/06 9:23:47 WET [2025/02/06 4:23:47 ET]
Table 'Taygeta' 6-max Seat #2 is the button
Seat 1: m1lkdud ($102.25 in chips) 
Seat 2: Pon4uk.ua ($136.53 in chips) 
Seat 3: janarr5 ($100 in chips) 
Seat 4: MaRKiToScoK ($100 in chips) 
Seat 5: alexandr699 ($104.25 in chips) 
Seat 6: LeaveItYeah ($101.50 in chips) 
janarr5: posts small blind $0.50
MaRKiToScoK: posts big blind $1
*** HOLE CARDS ***
alexandr699: raises $1.98 to $2.98
LeaveItYeah: raises $6.02 to $9
m1lkdud: folds 
Pon4uk.ua: folds 
janarr5: folds 
MaRKiToScoK: folds 
alexandr699: folds 
Uncalled bet ($6.02) returned to LeaveItYeah
LeaveItYeah collected $7.46 from pot
LeaveItYeah: doesn't show hand 
*** SUMMARY ***
Total pot $7.46 | Rake $0 
Seat 1: m1lkdud folded before Flop (didn't bet)
Seat 2: Pon4uk.ua (button) folded before Flop (didn't bet)
Seat 3: janarr5 (small blind) folded before Flop
Seat 4: MaRKiToScoK (big blind) folded before Flop
Seat 5: alexandr699 folded before Flop
Seat 6: LeaveItYeah collected ($7.46)



PokerStars Hand #254731321178:  Hold'em No Limit ($0.50/$1.00 USD) - 2025/02/06 9:24:21 WET [2025/02/06 4:24:21 ET]
Table 'Taygeta' 6-max Seat #3 is the button
Seat 1: m1lkdud ($102.25 in chips) 
Seat 2: Pon4uk.ua ($136.53 in chips) 
Seat 3: janarr5 ($100 in chips) 
Seat 4: MaRKiToScoK ($100 in chips) 
Seat 5: alexandr699 ($101.27 in chips) 
Seat 6: LeaveItYeah ($105.98 in chips) 
MaRKiToScoK: posts small blind $0.50
alexandr699: posts big blind $1
*** HOLE CARDS ***
LeaveItYeah: folds 
m1lkdud: raises $2.50 to $3.50
Pon4uk.ua: calls $3.50
janarr5: folds 
MaRKiToScoK: folds 
alexandr699: folds 
*** FLOP *** [Kc 6c 4c]
m1lkdud: bets $4.04
Pon4uk.ua: calls $4.04
*** TURN *** [Kc 6c 4c] [Th]
m1lkdud: bets $15.75
Pon4uk.ua: folds 
Uncalled bet ($15.75) returned to m1lkdud
m1lkdud collected $15.75 from pot
*** SUMMARY ***
Total pot $16.58 | Rake $0.83 
Board [Kc 6c 4c Th]
Seat 1: m1lkdud collected ($15.75)
Seat 2: Pon4uk.ua folded on the Turn
Seat 3: janarr5 (button) folded before Flop (didn't bet)
Seat 4: MaRKiToScoK (small blind) folded before Flop
Seat 5: alexandr699 (big blind) folded before Flop
Seat 6: LeaveItYeah folded before Flop (didn't bet)



PokerStars Hand #254731325525:  Hold'em No Limit ($0.50/$1.00 USD) - 2025/02/06 9:25:09 WET [2025/02/06 4:25:09 ET]
Table 'Taygeta' 6-max Seat #4 is the button
Seat 1: m1lkdud ($110.46 in chips) 
Seat 2: Pon4uk.ua ($128.99 in chips) 
Seat 3: janarr5 ($100 in chips) 
Seat 4: MaRKiToScoK ($100 in chips) 
Seat 5: alexandr699 ($100.27 in chips) 
Seat 6: LeaveItYeah ($105.98 in chips) 
alexandr699: posts small blind $0.50
LeaveItYeah: posts big blind $1
*** HOLE CARDS ***
m1lkdud: folds 
Pon4uk.ua: folds 
janarr5: folds 
MaRKiToScoK: raises $1.50 to $2.50
alexandr699: folds 
LeaveItYeah: calls $1.50
*** FLOP *** [5c Kc 9c]
LeaveItYeah: checks 
MaRKiToScoK: bets $1
LeaveItYeah: folds 
Uncalled bet ($1) returned to MaRKiToScoK
MaRKiToScoK collected $5.22 from pot
*** SUMMARY ***
Total pot $5.50 | Rake $0.28 
Board [5c Kc 9c]
Seat 1: m1lkdud folded before Flop (didn't bet)
Seat 2: Pon4uk.ua folded before Flop (didn't bet)
Seat 3: janarr5 folded before Flop (didn't bet)
Seat 4: MaRKiToScoK (button) collected ($5.22)
Seat 5: alexandr699 (small blind) folded before Flop
Seat 6: LeaveItYeah (big blind) folded on the Flop



PokerStars Hand #254731330033:  Hold'em No Limit ($0.50/$1.00 USD) - 2025/02/06 9:25:58 WET [2025/02/06 4:25:58 ET]
Table 'Taygeta' 6-max Seat #5 is the button
Seat 1: m1lkdud ($110.46 in chips) 
Seat 2: Pon4uk.ua ($128.99 in chips) 
Seat 3: janarr5 ($100 in chips) 
Seat 4: MaRKiToScoK ($102.72 in chips) 
Seat 5: alexandr699 ($100 in chips) 
Seat 6: LeaveItYeah ($103.48 in chips) 
LeaveItYeah: posts small blind $0.50
m1lkdud: posts big blind $1
*** HOLE CARDS ***
Pon4uk.ua: folds 
janarr5: folds 
MaRKiToScoK: raises $1.20 to $2.20
alexandr699: folds 
LeaveItYeah: folds 
m1lkdud: folds 
Uncalled bet ($1.20) returned to MaRKiToScoK
MaRKiToScoK collected $2.50 from pot
*** SUMMARY ***
Total pot $2.50 | Rake $0 
Seat 1: m1lkdud (big blind) folded before Flop
Seat 2: Pon4uk.ua folded before Flop (didn't bet)
Seat 3: janarr5 folded before Flop (didn't bet)
Seat 4: MaRKiToScoK collected ($2.50)
Seat 5: alexandr699 (button) folded before Flop (didn't bet)
Seat 6: LeaveItYeah (small blind) folded before Flop



PokerStars Hand #254731331892:  Hold'em No Limit ($0.50/$1.00 USD) - 2025/02/06 9:26:18 WET [2025/02/06 4:26:18 ET]
Table 'Taygeta' 6-max Seat #6 is the button
Seat 1: m1lkdud ($109.46 in chips) 
Seat 2: Pon4uk.ua ($128.99 in chips) 
Seat 3: janarr5 ($100 in chips) 
Seat 4: MaRKiToScoK ($104.22 in chips) 
Seat 5: alexandr699 ($100 in chips) 
Seat 6: LeaveItYeah ($102.98 in chips) 
m1lkdud: posts small blind $0.50
Pon4uk.ua: posts big blind $1
*** HOLE CARDS ***
janarr5: folds 
MaRKiToScoK: folds 
alexandr699: folds 
LeaveItYeah: folds 
m1lkdud: raises $2 to $3
Pon4uk.ua: folds 
Uncalled bet ($2) returned to m1lkdud
m1lkdud collected $2 from pot
*** SUMMARY ***
Total pot $2 | Rake $0 
Seat 1: m1lkdud (small blind) collected ($2)
Seat 2: Pon4uk.ua (big blind) folded before Flop
Seat 3: janarr5 folded before Flop (didn't bet)
Seat 4: MaRKiToScoK folded before Flop (didn't bet)
Seat 5: alexandr699 folded before Flop (didn't bet)
Seat 6: LeaveItYeah (button) folded before Flop (didn't bet)



PokerStars Hand #254731334050:  Hold'em No Limit ($0.50/$1.00 USD) - 2025/02/06 9:26:42 WET [2025/02/06 4:26:42 ET]
Table 'Taygeta' 6-max Seat #1 is the button
Seat 1: m1lkdud ($110.46 in chips) 
Seat 2: Pon4uk.ua ($127.99 in chips) 
Seat 3: janarr5 ($100 in chips) 
Seat 4: MaRKiToScoK ($104.22 in chips) 
Seat 5: alexandr699 ($100 in chips) 
Seat 6: LeaveItYeah ($102.98 in chips) 
Pon4uk.ua: posts small blind $0.50
janarr5: posts big blind $1
*** HOLE CARDS ***
MaRKiToScoK: folds 
alexandr699: raises $1.98 to $2.98
LeaveItYeah: folds 
m1lkdud: calls $2.98
Pon4uk.ua: folds 
janarr5: folds 
*** FLOP *** [Qs 3c Kd]
alexandr699: bets $2.34
m1lkdud: folds 
Uncalled bet ($2.34) returned to alexandr699
alexandr699 collected $7.09 from pot
alexandr699: doesn't show hand 
*** SUMMARY ***
Total pot $7.46 | Rake $0.37 
Board [Qs 3c Kd]
Seat 1: m1lkdud (button) folded on the Flop
Seat 2: Pon4uk.ua (small blind) folded before Flop
Seat 3: janarr5 (big blind) folded before Flop
Seat 4: MaRKiToScoK folded before Flop (didn't bet)
Seat 5: alexandr699 collected ($7.09)
Seat 6: LeaveItYeah folded before Flop (didn't bet)



PokerStars Hand #254731338135:  Hold'em No Limit ($0.50/$1.00 USD) - 2025/02/06 9:27:26 WET [2025/02/06 4:27:26 ET]
Table 'Taygeta' 6-max Seat #2 is the button
Seat 1: m1lkdud ($107.48 in chips) 
Seat 2: Pon4uk.ua ($127.49 in chips) 
Seat 3: janarr5 ($100 in chips) 
Seat 4: MaRKiToScoK ($104.22 in chips) 
Seat 5: alexandr699 ($104.11 in chips) 
Seat 6: LeaveItYeah ($102.98 in chips) 
janarr5: posts small blind $0.50
MaRKiToScoK: posts big blind $1
*** HOLE CARDS ***
alexandr699: folds 
LeaveItYeah: folds 
m1lkdud: folds 
Pon4uk.ua: folds 
janarr5: folds 
Uncalled bet ($0.50) returned to MaRKiToScoK
MaRKiToScoK collected $1 from pot
*** SUMMARY ***
Total pot $1 | Rake $0 
Seat 1: m1lkdud folded before Flop (didn't bet)
Seat 2: Pon4uk.ua (button) folded before Flop (didn't bet)
Seat 3: janarr5 (small blind) folded before Flop
Seat 4: MaRKiToScoK (big blind) collected ($1)
Seat 5: alexandr699 folded before Flop (didn't bet)
Seat 6: LeaveItYeah folded before Flop (didn't bet)



PokerStars Hand #254731339826:  Hold'em No Limit ($0.50/$1.00 USD) - 2025/02/06 9:27:45 WET [2025/02/06 4:27:45 ET]
Table 'Taygeta' 6-max Seat #3 is the button
Seat 1: m1lkdud ($107.48 in chips) 
Seat 2: Pon4uk.ua ($127.49 in chips) 
Seat 3: janarr5 ($100 in chips) 
Seat 4: MaRKiToScoK ($104.72 in chips) 
Seat 5: alexandr699 ($104.11 in chips) 
Seat 6: LeaveItYeah ($102.98 in chips) 
MaRKiToScoK: posts small blind $0.50
alexandr699: posts big blind $1
*** HOLE CARDS ***
LeaveItYeah: folds 
m1lkdud: folds 
Pon4uk.ua: raises $1.50 to $2.50
janarr5: folds 
MaRKiToScoK: folds 
alexandr699: folds 
Uncalled bet ($1.50) returned to Pon4uk.ua
Pon4uk.ua collected $2.50 from pot
Pon4uk.ua: doesn't show hand 
*** SUMMARY ***
Total pot $2.50 | Rake $0 
Seat 1: m1lkdud folded before Flop (didn't bet)
Seat 2: Pon4uk.ua collected ($2.50)
Seat 3: janarr5 (button) folded before Flop (didn't bet)
Seat 4: MaRKiToScoK (small blind) folded before Flop
Seat 5: alexandr699 (big blind) folded before Flop
Seat 6: LeaveItYeah folded before Flop (didn't bet)



PokerStars Hand #254731341607:  Hold'em No Limit ($0.50/$1.00 USD) - 2025/02/06 9:28:04 WET [2025/02/06 4:28:04 ET]
Table 'Taygeta' 6-max Seat #4 is the button
Seat 1: m1lkdud ($107.48 in chips) 
Seat 2: Pon4uk.ua ($128.99 in chips) 
Seat 3: janarr5 ($100 in chips) 
Seat 4: MaRKiToScoK ($104.22 in chips) 
Seat 5: alexandr699 ($103.11 in chips) 
Seat 6: LeaveItYeah ($102.98 in chips) 
alexandr699: posts small blind $0.50
LeaveItYeah: posts big blind $1
*** HOLE CARDS ***
m1lkdud: folds 
Pon4uk.ua: folds 
janarr5: raises $1.25 to $2.25
MaRKiToScoK: folds 
alexandr699: folds 
LeaveItYeah: raises $10.75 to $13
janarr5: folds 
Uncalled bet ($10.75) returned to LeaveItYeah
LeaveItYeah collected $5 from pot
LeaveItYeah: doesn't show hand 
*** SUMMARY ***
Total pot $5 | Rake $0 
Seat 1: m1lkdud folded before Flop (didn't bet)
Seat 2: Pon4uk.ua folded before Flop (didn't bet)
Seat 3: janarr5 folded before Flop
Seat 4: MaRKiToScoK (button) folded before Flop (didn't bet)
Seat 5: alexandr699 (small blind) folded before Flop
Seat 6: LeaveItYeah (big blind) collected ($5)



PokerStars Hand #254731344343:  Hold'em No Limit ($0.50/$1.00 USD) - 2025/02/06 9:28:33 WET [2025/02/06 4:28:33 ET]
Table 'Taygeta' 6-max Seat #5 is the button
Seat 1: m1lkdud ($107.48 in chips) 
Seat 2: Pon4uk.ua ($128.99 in chips) 
Seat 3: janarr5 ($100 in chips) 
Seat 4: MaRKiToScoK ($104.22 in chips) 
Seat 5: alexandr699 ($102.61 in chips) 
Seat 6: LeaveItYeah ($105.73 in chips) 
LeaveItYeah: posts small blind $0.50
m1lkdud: posts big blind $1
*** HOLE CARDS ***
Pon4uk.ua: folds 
janarr5: folds 
MaRKiToScoK: folds 
alexandr699: folds 
LeaveItYeah: folds 
Uncalled bet ($0.50) returned to m1lkdud
m1lkdud collected $1 from pot
*** SUMMARY ***
Total pot $1 | Rake $0 
Seat 1: m1lkdud (big blind) collected ($1)
Seat 2: Pon4uk.ua folded before Flop (didn't bet)
Seat 3: janarr5 folded before Flop (didn't bet)
Seat 4: MaRKiToScoK folded before Flop (didn't bet)
Seat 5: alexandr699 (button) folded before Flop (didn't bet)
Seat 6: LeaveItYeah (small blind) folded before Flop



PokerStars Hand #254731346007:  Hold'em No Limit ($0.50/$1.00 USD) - 2025/02/06 9:28:52 WET [2025/02/06 4:28:52 ET]
Table 'Taygeta' 6-max Seat #6 is the button
Seat 1: m1lkdud ($107.98 in chips) 
Seat 2: Pon4uk.ua ($128.99 in chips) 
Seat 3: janarr5 ($100 in chips) 
Seat 4: MaRKiToScoK ($104.22 in chips) 
Seat 5: alexandr699 ($102.61 in chips) 
Seat 6: LeaveItYeah ($105.23 in chips) 
m1lkdud: posts small blind $0.50
Pon4uk.ua: posts big blind $1
*** HOLE CARDS ***
janarr5: folds 
MaRKiToScoK: folds 
alexandr699: raises $1.98 to $2.98
LeaveItYeah: folds 
m1lkdud: folds 
Pon4uk.ua: folds 
Uncalled bet ($1.98) returned to alexandr699
alexandr699 collected $2.50 from pot
alexandr699: doesn't show hand 
*** SUMMARY ***
Total pot $2.50 | Rake $0 
Seat 1: m1lkdud (small blind) folded before Flop
Seat 2: Pon4uk.ua (big blind) folded before Flop
Seat 3: janarr5 folded before Flop (didn't bet)
Seat 4: MaRKiToScoK folded before Flop (didn't bet)
Seat 5: alexandr699 collected ($2.50)
Seat 6: LeaveItYeah (button) folded before Flop (didn't bet)



PokerStars Hand #254731348463:  Hold'em No Limit ($0.50/$1.00 USD) - 2025/02/06 9:29:18 WET [2025/02/06 4:29:18 ET]
Table 'Taygeta' 6-max Seat #1 is the button
Seat 1: m1lkdud ($107.48 in chips) 
Seat 2: Pon4uk.ua ($127.99 in chips) 
Seat 3: janarr5 ($100 in chips) 
Seat 4: MaRKiToScoK ($104.22 in chips) 
Seat 5: alexandr699 ($104.11 in chips) 
Seat 6: LeaveItYeah ($105.23 in chips) 
Pon4uk.ua: posts small blind $0.50
janarr5: posts big blind $1
*** HOLE CARDS ***
MaRKiToScoK: folds 
alexandr699: raises $1.98 to $2.98
LeaveItYeah: folds 
m1lkdud: calls $2.98
Pon4uk.ua: folds 
janarr5: folds 
*** FLOP *** [9s Jh Jd]
alexandr699: checks 
m1lkdud: checks 
*** TURN *** [9s Jh Jd] [8c]
alexandr699: bets $4.61
m1lkdud: calls $4.61
*** RIVER *** [9s Jh Jd 8c] [Ad]
alexandr699: bets $10.30
m1lkdud: raises $18.23 to $28.53
alexandr699: folds 
Uncalled bet ($18.23) returned to m1lkdud
m1lkdud collected $35.42 from pot
*** SUMMARY ***
Total pot $37.28 | Rake $1.86 
Board [9s Jh Jd 8c Ad]
Seat 1: m1lkdud (button) collected ($35.42)
Seat 2: Pon4uk.ua (small blind) folded before Flop
Seat 3: janarr5 (big blind) folded before Flop
Seat 4: MaRKiToScoK folded before Flop (didn't bet)
Seat 5: alexandr699 folded on the River
Seat 6: LeaveItYeah folded before Flop (didn't bet)



PokerStars Hand #254731355246:  Hold'em No Limit ($0.50/$1.00 USD) - 2025/02/06 9:30:31 WET [2025/02/06 4:30:31 ET]
Table 'Taygeta' 6-max Seat #2 is the button
Seat 1: m1lkdud ($125.01 in chips) 
Seat 2: Pon4uk.ua ($127.49 in chips) 
Seat 3: janarr5 ($100 in chips) 
Seat 4: MaRKiToScoK ($104.22 in chips) 
Seat 5: alexandr699 ($100 in chips) 
Seat 6: LeaveItYeah ($105.23 in chips) 
janarr5: posts small blind $0.50
MaRKiToScoK: posts big blind $1
*** HOLE CARDS ***
alexandr699: raises $1.98 to $2.98
LeaveItYeah: folds 
m1lkdud: folds 
Pon4uk.ua: folds 
janarr5: folds 
MaRKiToScoK: folds 
Uncalled bet ($1.98) returned to alexandr699
alexandr699 collected $2.50 from pot
alexandr699: doesn't show hand 
*** SUMMARY ***
Total pot $2.50 | Rake $0 
Seat 1: m1lkdud folded before Flop (didn't bet)
Seat 2: Pon4uk.ua (button) folded before Flop (didn't bet)
Seat 3: janarr5 (small blind) folded before Flop
Seat 4: MaRKiToScoK (big blind) folded before Flop
Seat 5: alexandr699 collected ($2.50)
Seat 6: LeaveItYeah folded before Flop (didn't bet)



PokerStars Hand #254731356764:  Hold'em No Limit ($0.50/$1.00 USD) - 2025/02/06 9:30:47 WET [2025/02/06 4:30:47 ET]
Table 'Taygeta' 6-max Seat #3 is the button
Seat 1: m1lkdud ($125.01 in chips) 
Seat 2: Pon4uk.ua ($127.49 in chips) 
Seat 3: janarr5 ($100 in chips) 
Seat 4: MaRKiToScoK ($103.22 in chips) 
Seat 5: alexandr699 ($101.50 in chips) 
Seat 6: LeaveItYeah ($105.23 in chips) 
MaRKiToScoK: posts small blind $0.50
alexandr699: posts big blind $1
*** HOLE CARDS ***
LeaveItYeah: folds 
m1lkdud: folds 
Pon4uk.ua: folds 
janarr5: folds 
MaRKiToScoK: folds 
Uncalled bet ($0.50) returned to alexandr699
alexandr699 collected $1 from pot
alexandr699: doesn't show hand 
*** SUMMARY ***
Total pot $1 | Rake $0 
Seat 1: m1lkdud folded before Flop (didn't bet)
Seat 2: Pon4uk.ua folded before Flop (didn't bet)
Seat 3: janarr5 (button) folded before Flop (didn't bet)
Seat 4: MaRKiToScoK (small blind) folded before Flop
Seat 5: alexandr699 (big blind) collected ($1)
Seat 6: LeaveItYeah folded before Flop (didn't bet)



PokerStars Hand #254731358684:  Hold'em No Limit ($0.50/$1.00 USD) - 2025/02/06 9:31:08 WET [2025/02/06 4:31:08 ET]
Table 'Taygeta' 6-max Seat #4 is the button
Seat 1: m1lkdud ($125.01 in chips) 
Seat 2: Pon4uk.ua ($127.49 in chips) 
Seat 3: janarr5 ($100 in chips) 
Seat 4: MaRKiToScoK ($102.72 in chips) 
Seat 5: alexandr699 ($102 in chips) 
Seat 6: LeaveItYeah ($105.23 in chips) 
alexandr699: posts small blind $0.50
LeaveItYeah: posts big blind $1
*** HOLE CARDS ***
m1lkdud: folds 
Pon4uk.ua: folds 
janarr5: folds 
MaRKiToScoK: folds 
alexandr699: raises $1.98 to $2.98
LeaveItYeah: calls $1.98
*** FLOP *** [7c Ks Kh]
alexandr699: checks 
LeaveItYeah: checks 
*** TURN *** [7c Ks Kh] [2s]
alexandr699: checks 
LeaveItYeah: checks 
*** RIVER *** [7c Ks Kh 2s] [8s]
alexandr699: checks 
LeaveItYeah: bets $3.45
alexandr699: calls $3.45
*** SHOW DOWN ***
LeaveItYeah: shows [Jc Qh] (a pair of Kings)
alexandr699: shows [5d Ad] (a pair of Kings - Ace kicker)
alexandr699 collected $12.22 from pot
*** SUMMARY ***
Total pot $12.86 | Rake $0.64 
Board [7c Ks Kh 2s 8s]
Seat 1: m1lkdud folded before Flop (didn't bet)
Seat 2: Pon4uk.ua folded before Flop (didn't bet)
Seat 3: janarr5 folded before Flop (didn't bet)
Seat 4: MaRKiToScoK (button) folded before Flop (didn't bet)
Seat 5: alexandr699 (small blind) showed [5d Ad] and won ($12.22) with a pair of Kings
Seat 6: LeaveItYeah (big blind) showed [Jc Qh] and lost with a pair of Kings



PokerStars Hand #254731367745:  Hold'em No Limit ($0.50/$1.00 USD) - 2025/02/06 9:32:46 WET [2025/02/06 4:32:46 ET]
Table 'Taygeta' 6-max Seat #5 is the button
Seat 1: m1lkdud ($125.01 in chips) 
Seat 2: Pon4uk.ua ($127.49 in chips) 
Seat 3: janarr5 ($100 in chips) 
Seat 4: MaRKiToScoK ($102.72 in chips) 
Seat 5: alexandr699 ($107.79 in chips) 
Seat 6: LeaveItYeah ($100 in chips) 
LeaveItYeah: posts small blind $0.50
m1lkdud: posts big blind $1
*** HOLE CARDS ***
Pon4uk.ua: folds 
janarr5: folds 
MaRKiToScoK: folds 
alexandr699: folds 
LeaveItYeah: raises $2 to $3
m1lkdud: calls $2
*** FLOP *** [Jc 2s 3h]
LeaveItYeah: checks 
m1lkdud: bets $5.70
LeaveItYeah: folds 
Uncalled bet ($5.70) returned to m1lkdud
m1lkdud collected $5.70 from pot
*** SUMMARY ***
Total pot $6 | Rake $0.30 
Board [Jc 2s 3h]
Seat 1: m1lkdud (big blind) collected ($5.70)
Seat 2: Pon4uk.ua folded before Flop (didn't bet)
Seat 3: janarr5 folded before Flop (didn't bet)
Seat 4: MaRKiToScoK folded before Flop (didn't bet)
Seat 5: alexandr699 (button) folded before Flop (didn't bet)
Seat 6: LeaveItYeah (small blind) folded on the Flop



PokerStars Hand #254731373480:  Hold'em No Limit ($0.50/$1.00 USD) - 2025/02/06 9:33:47 WET [2025/02/06 4:33:47 ET]
Table 'Taygeta' 6-max Seat #6 is the button
Seat 1: m1lkdud ($127.71 in chips) 
Seat 2: Pon4uk.ua ($127.49 in chips) 
Seat 3: janarr5 ($100 in chips) 
Seat 4: MaRKiToScoK ($102.72 in chips) 
Seat 5: alexandr699 ($107.79 in chips) 
Seat 6: LeaveItYeah ($100 in chips) 
m1lkdud: posts small blind $0.50
Pon4uk.ua: posts big blind $1
*** HOLE CARDS ***
janarr5: folds 
MaRKiToScoK: folds 
alexandr699: folds 
alexandr699 leaves the table
LeaveItYeah: raises $1.40 to $2.40
m1lkdud: calls $1.90
Pon4uk.ua: folds 
*** FLOP *** [9h Jc 8h]
m1lkdud: checks 
ka100pka527 joins the table at seat #5 
LeaveItYeah: checks 
*** TURN *** [9h Jc 8h] [Jh]
m1lkdud: checks 
LeaveItYeah: checks 
*** RIVER *** [9h Jc 8h Jh] [Td]
m1lkdud: checks 
LeaveItYeah: bets $5.51
m1lkdud: folds 
Uncalled bet ($5.51) returned to LeaveItYeah
LeaveItYeah collected $5.51 from pot
LeaveItYeah: doesn't show hand 
*** SUMMARY ***
Total pot $5.80 | Rake $0.29 
Board [9h Jc 8h Jh Td]
Seat 1: m1lkdud (small blind) folded on the River
Seat 2: Pon4uk.ua (big blind) folded before Flop
Seat 3: janarr5 folded before Flop (didn't bet)
Seat 4: MaRKiToScoK folded before Flop (didn't bet)
Seat 5: alexandr699 folded before Flop (didn't bet)
Seat 6: LeaveItYeah (button) collected ($5.51)



PokerStars Hand #254731378316:  Hold'em No Limit ($0.50/$1.00 USD) - 2025/02/06 9:34:40 WET [2025/02/06 4:34:40 ET]
Table 'Taygeta' 6-max Seat #1 is the button
Seat 5: ka100pka527 ($106.58 in chips) is sitting out
Seat 1: m1lkdud ($125.31 in chips) 
Seat 2: Pon4uk.ua ($126.49 in chips) 
Seat 3: janarr5 ($100 in chips) 
Seat 4: MaRKiToScoK ($102.72 in chips) 
Seat 6: LeaveItYeah ($103.11 in chips) 
Pon4uk.ua: posts small blind $0.50
janarr5: posts big blind $1
ka100pka527: sits out 
*** HOLE CARDS ***
MaRKiToScoK: folds 
LeaveItYeah: folds 
m1lkdud: raises $2.50 to $3.50
Pon4uk.ua: folds 
janarr5: folds 
Uncalled bet ($2.50) returned to m1lkdud
m1lkdud collected $2.50 from pot
*** SUMMARY ***
Total pot $2.50 | Rake $0 
Seat 5: ka100pka527
Seat 1: m1lkdud (button) collected ($2.50)
Seat 2: Pon4uk.ua (small blind) folded before Flop
Seat 3: janarr5 (big blind) folded before Flop
Seat 4: MaRKiToScoK folded before Flop (didn't bet)
Seat 6: LeaveItYeah folded before Flop (didn't bet)



PokerStars Hand #254731380058:  Hold'em No Limit ($0.50/$1.00 USD) - 2025/02/06 9:34:59 WET [2025/02/06 4:34:59 ET]
Table 'Taygeta' 6-max Seat #2 is the button
Seat 5: ka100pka527 ($106.58 in chips) is sitting out
Seat 1: m1lkdud ($126.81 in chips) 
Seat 2: Pon4uk.ua ($125.99 in chips) 
Seat 3: janarr5 ($100 in chips) 
Seat 4: MaRKiToScoK ($102.72 in chips) 
Seat 6: LeaveItYeah ($103.11 in chips) 
janarr5: posts small blind $0.50
MaRKiToScoK: posts big blind $1
ka100pka527: sits out 
*** HOLE CARDS ***
LeaveItYeah: folds 
m1lkdud: folds 
Pon4uk.ua: folds 
janarr5: raises $2 to $3
MaRKiToScoK: raises $6 to $9
janarr5: folds 
Uncalled bet ($6) returned to MaRKiToScoK
MaRKiToScoK collected $6 from pot
*** SUMMARY ***
Total pot $6 | Rake $0 
Seat 5: ka100pka527
Seat 1: m1lkdud folded before Flop (didn't bet)
Seat 2: Pon4uk.ua (button) folded before Flop (didn't bet)
Seat 3: janarr5 (small blind) folded before Flop
Seat 4: MaRKiToScoK (big blind) collected ($6)
Seat 6: LeaveItYeah folded before Flop (didn't bet)



PokerStars Hand #254731382594:  Hold'em No Limit ($0.50/$1.00 USD) - 2025/02/06 9:35:26 WET [2025/02/06 4:35:26 ET]
Table 'Taygeta' 6-max Seat #3 is the button
Seat 1: m1lkdud ($126.81 in chips) 
Seat 2: Pon4uk.ua ($125.99 in chips) 
Seat 3: janarr5 ($100 in chips) 
Seat 4: MaRKiToScoK ($105.72 in chips) 
Seat 5: ka100pka527 ($106.58 in chips) 
Seat 6: LeaveItYeah ($103.11 in chips) 
MaRKiToScoK: posts small blind $0.50
ka100pka527: posts big blind $1
*** HOLE CARDS ***
LeaveItYeah: folds 
m1lkdud: folds 
Pon4uk.ua: raises $1.50 to $2.50
janarr5: folds 
MaRKiToScoK: raises $9 to $11.50
ka100pka527: folds 
Pon4uk.ua: folds 
Uncalled bet ($9) returned to MaRKiToScoK
MaRKiToScoK collected $6 from pot
*** SUMMARY ***
Total pot $6 | Rake $0 
Seat 1: m1lkdud folded before Flop (didn't bet)
Seat 2: Pon4uk.ua folded before Flop
Seat 3: janarr5 (button) folded before Flop (didn't bet)
Seat 4: MaRKiToScoK (small blind) collected ($6)
Seat 5: ka100pka527 (big blind) folded before Flop
Seat 6: LeaveItYeah folded before Flop (didn't bet)



PokerStars Hand #254731386349:  Hold'em No Limit ($0.50/$1.00 USD) - 2025/02/06 9:36:06 WET [2025/02/06 4:36:06 ET]
Table 'Taygeta' 6-max Seat #4 is the button
Seat 1: m1lkdud ($126.81 in chips) 
Seat 2: Pon4uk.ua ($123.49 in chips) 
Seat 3: janarr5 ($100 in chips) 
Seat 4: MaRKiToScoK ($109.22 in chips) 
Seat 5: ka100pka527 ($105.58 in chips) 
Seat 6: LeaveItYeah ($103.11 in chips) 
ka100pka527: posts small blind $0.50
LeaveItYeah: posts big blind $1
*** HOLE CARDS ***
m1lkdud: folds 
Pon4uk.ua: folds 
janarr5: folds 
MaRKiToScoK: folds 
ka100pka527: raises $1.50 to $2.50
LeaveItYeah: calls $1.50
*** FLOP *** [2h 8h Qs]
ka100pka527: bets $1.57
LeaveItYeah: folds 
Uncalled bet ($1.57) returned to ka100pka527
ka100pka527 collected $4.75 from pot
ka100pka527: doesn't show hand 
*** SUMMARY ***
Total pot $5 | Rake $0.25 
Board [2h 8h Qs]
Seat 1: m1lkdud folded before Flop (didn't bet)
Seat 2: Pon4uk.ua folded before Flop (didn't bet)
Seat 3: janarr5 folded before Flop (didn't bet)
Seat 4: MaRKiToScoK (button) folded before Flop (didn't bet)
Seat 5: ka100pka527 (small blind) collected ($4.75)
Seat 6: LeaveItYeah (big blind) folded on the Flop



PokerStars Hand #254731391775:  Hold'em No Limit ($0.50/$1.00 USD) - 2025/02/06 9:37:04 WET [2025/02/06 4:37:04 ET]
Table 'Taygeta' 6-max Seat #5 is the button
Seat 1: m1lkdud ($126.81 in chips) 
Seat 2: Pon4uk.ua ($123.49 in chips) 
Seat 3: janarr5 ($100 in chips) 
Seat 4: MaRKiToScoK ($109.22 in chips) 
Seat 5: ka100pka527 ($107.83 in chips) 
Seat 6: LeaveItYeah ($100.61 in chips) 
LeaveItYeah: posts small blind $0.50
m1lkdud: posts big blind $1
*** HOLE CARDS ***
Pon4uk.ua: folds 
janarr5: folds 
MaRKiToScoK: raises $1.20 to $2.20
ka100pka527: raises $5.90 to $8.10
LeaveItYeah: folds 
m1lkdud: folds 
MaRKiToScoK: folds 
Uncalled bet ($5.90) returned to ka100pka527
ka100pka527 collected $5.90 from pot
ka100pka527: doesn't show hand 
*** SUMMARY ***
Total pot $5.90 | Rake $0 
Seat 1: m1lkdud (big blind) folded before Flop
Seat 2: Pon4uk.ua folded before Flop (didn't bet)
Seat 3: janarr5 folded before Flop (didn't bet)
Seat 4: MaRKiToScoK folded before Flop
Seat 5: ka100pka527 (button) collected ($5.90)
Seat 6: LeaveItYeah (small blind) folded before Flop



PokerStars Hand #254731393821:  Hold'em No Limit ($0.50/$1.00 USD) - 2025/02/06 9:37:26 WET [2025/02/06 4:37:26 ET]
Table 'Taygeta' 6-max Seat #6 is the button
Seat 1: m1lkdud ($125.81 in chips) 
Seat 2: Pon4uk.ua ($123.49 in chips) 
Seat 3: janarr5 ($100 in chips) 
Seat 4: MaRKiToScoK ($107.02 in chips) 
Seat 5: ka100pka527 ($111.53 in chips) 
Seat 6: LeaveItYeah ($100.11 in chips) 
m1lkdud: posts small blind $0.50
Pon4uk.ua: posts big blind $1
*** HOLE CARDS ***
janarr5: folds 
MaRKiToScoK: folds 
ka100pka527: raises $2 to $3
LeaveItYeah: folds 
m1lkdud: folds 
Pon4uk.ua: folds 
Uncalled bet ($2) returned to ka100pka527
ka100pka527 collected $2.50 from pot
ka100pka527: doesn't show hand 
*** SUMMARY ***
Total pot $2.50 | Rake $0 
Seat 1: m1lkdud (small blind) folded before Flop
Seat 2: Pon4uk.ua (big blind) folded before Flop
Seat 3: janarr5 folded before Flop (didn't bet)
Seat 4: MaRKiToScoK folded before Flop (didn't bet)
Seat 5: ka100pka527 collected ($2.50)
Seat 6: LeaveItYeah (button) folded before Flop (didn't bet)



PokerStars Hand #254731438491:  Hold'em No Limit ($0.50/$1.00 USD) - 2025/02/06 9:45:04 WET [2025/02/06 4:45:04 ET]
Table 'Taygeta' 6-max Seat #1 is the button
Seat 1: m1lkdud ($118.38 in chips) 
Seat 2: Pon4uk.ua ($116.99 in chips) 
Seat 3: janarr5 ($100.25 in chips) 
Seat 4: MaRKiToScoK ($111.98 in chips) 
Seat 5: ka100pka527 ($114.25 in chips) 
Seat 6: LeaveItYeah ($202.61 in chips) 
Pon4uk.ua: posts small blind $0.50
janarr5: posts big blind $1
*** HOLE CARDS ***
MaRKiToScoK: folds 
ka100pka527: raises $2 to $3
LeaveItYeah: folds 
m1lkdud: calls $3
Pon4uk.ua: folds 
janarr5: folds 
*** FLOP *** [Qc 5c 8s]
ka100pka527: bets $2.35
m1lkdud: calls $2.35
*** TURN *** [Qc 5c 8s] [6c]
ka100pka527: checks 
m1lkdud: bets $5.80
ka100pka527: calls $5.80
*** RIVER *** [Qc 5c 8s 6c] [9h]
ka100pka527: checks 
m1lkdud: checks 
*** SHOW DOWN ***
ka100pka527: shows [Tc Td] (a pair of Tens)
m1lkdud: shows [Qh As] (a pair of Queens)
m1lkdud collected $22.61 from pot
*** SUMMARY ***
Total pot $23.80 | Rake $1.19 
Board [Qc 5c 8s 6c 9h]
Seat 1: m1lkdud (button) showed [Qh As] and won ($22.61) with a pair of Queens
Seat 2: Pon4uk.ua (small blind) folded before Flop
Seat 3: janarr5 (big blind) folded before Flop
Seat 4: MaRKiToScoK folded before Flop (didn't bet)
Seat 5: ka100pka527 showed [Tc Td] and lost with a pair of Tens
Seat 6: LeaveItYeah folded before Flop (didn't bet)



PokerStars Hand #254731443304:  Hold'em No Limit ($0.50/$1.00 USD) - 2025/02/06 9:45:51 WET [2025/02/06 4:45:51 ET]
Table 'Taygeta' 6-max Seat #2 is the button
Seat 1: m1lkdud ($129.84 in chips) 
Seat 2: Pon4uk.ua ($116.49 in chips) 
Seat 3: janarr5 ($100 in chips) 
Seat 4: MaRKiToScoK ($111.98 in chips) 
Seat 5: ka100pka527 ($103.10 in chips) 
Seat 6: LeaveItYeah ($202.61 in chips) 
janarr5: posts small blind $0.50
MaRKiToScoK: posts big blind $1
*** HOLE CARDS ***
ka100pka527: folds 
LeaveItYeah: folds 
m1lkdud: raises $2.50 to $3.50
Pon4uk.ua: folds 
janarr5: folds 
MaRKiToScoK: calls $2.50
*** FLOP *** [4s Ts Tc]
MaRKiToScoK: checks 
m1lkdud: checks 
*** TURN *** [4s Ts Tc] [Ah]
MaRKiToScoK: checks 
m1lkdud: bets $3.56
MaRKiToScoK: folds 
Uncalled bet ($3.56) returned to m1lkdud
m1lkdud collected $7.12 from pot
*** SUMMARY ***
Total pot $7.50 | Rake $0.38 
Board [4s Ts Tc Ah]
Seat 1: m1lkdud collected ($7.12)
Seat 2: Pon4uk.ua (button) folded before Flop (didn't bet)
Seat 3: janarr5 (small blind) folded before Flop
Seat 4: MaRKiToScoK (big blind) folded on the Turn
Seat 5: ka100pka527 folded before Flop (didn't bet)
Seat 6: LeaveItYeah folded before Flop (didn't bet)



PokerStars Hand #254731447554:  Hold'em No Limit ($0.50/$1.00 USD) - 2025/02/06 9:46:33 WET [2025/02/06 4:46:33 ET]
Table 'Taygeta' 6-max Seat #3 is the button
Seat 5: ka100pka527 ($103.10 in chips) is sitting out
Seat 1: m1lkdud ($133.46 in chips) 
Seat 2: Pon4uk.ua ($116.49 in chips) 
Seat 3: janarr5 ($100 in chips) 
Seat 4: MaRKiToScoK ($108.48 in chips) 
Seat 6: LeaveItYeah ($202.61 in chips) 
MaRKiToScoK: posts small blind $0.50
ka100pka527: is sitting out 
LeaveItYeah: posts big blind $1
*** HOLE CARDS ***
m1lkdud: folds 
Pon4uk.ua: raises $1 to $2
janarr5: folds 
MaRKiToScoK: folds 
LeaveItYeah: raises $10 to $12
Pon4uk.ua: folds 
Uncalled bet ($10) returned to LeaveItYeah
LeaveItYeah collected $4.50 from pot
LeaveItYeah: doesn't show hand 
*** SUMMARY ***
Total pot $4.50 | Rake $0 
Seat 5: ka100pka527
Seat 1: m1lkdud folded before Flop (didn't bet)
Seat 2: Pon4uk.ua folded before Flop
Seat 3: janarr5 (button) folded before Flop (didn't bet)
Seat 4: MaRKiToScoK (small blind) folded before Flop
Seat 6: LeaveItYeah (big blind) collected ($4.50)



PokerStars Hand #254731449324:  Hold'em No Limit ($0.50/$1.00 USD) - 2025/02/06 9:46:51 WET [2025/02/06 4:46:51 ET]
Table 'Taygeta' 6-max Seat #4 is the button
Seat 5: ka100pka527 ($103.10 in chips) is sitting out
Seat 1: m1lkdud ($133.46 in chips) 
Seat 2: Pon4uk.ua ($114.49 in chips) 
Seat 3: janarr5 ($100 in chips) 
Seat 4: MaRKiToScoK ($107.98 in chips) 
Seat 6: LeaveItYeah ($205.11 in chips) 
LeaveItYeah: posts small blind $0.50
m1lkdud: posts big blind $1
*** HOLE CARDS ***
Pon4uk.ua: folds 
janarr5: folds 
MaRKiToScoK: folds 
LeaveItYeah: raises $2 to $3
m1lkdud: calls $2
*** FLOP *** [5c 7c 6h]
LeaveItYeah: checks 
m1lkdud: checks 
*** TURN *** [5c 7c 6h] [As]
LeaveItYeah: checks 
m1lkdud: checks 
*** RIVER *** [5c 7c 6h As] [Td]
LeaveItYeah: checks 
m1lkdud: checks 
*** SHOW DOWN ***
LeaveItYeah: shows [2c 2s] (a pair of Deuces)
m1lkdud: shows [8d 6s] (a pair of Sixes)
m1lkdud collected $5.70 from pot
*** SUMMARY ***
Total pot $6 | Rake $0.30 
Board [5c 7c 6h As Td]
Seat 5: ka100pka527
Seat 1: m1lkdud (big blind) showed [8d 6s] and won ($5.70) with a pair of Sixes
Seat 2: Pon4uk.ua folded before Flop (didn't bet)
Seat 3: janarr5 folded before Flop (didn't bet)
Seat 4: MaRKiToScoK (button) folded before Flop (didn't bet)
Seat 6: LeaveItYeah (small blind) showed [2c 2s] and lost with a pair of Deuces



PokerStars Hand #254731452929:  Hold'em No Limit ($0.50/$1.00 USD) - 2025/02/06 9:47:27 WET [2025/02/06 4:47:27 ET]
Table 'Taygeta' 6-max Seat #6 is the button
Seat 5: ka100pka527 ($103.10 in chips) is sitting out
Seat 1: m1lkdud ($136.16 in chips) 
Seat 2: Pon4uk.ua ($114.49 in chips) 
Seat 3: janarr5 ($100 in chips) 
Seat 4: MaRKiToScoK ($107.98 in chips) 
Seat 6: LeaveItYeah ($202.11 in chips) 
m1lkdud: posts small blind $0.50
Pon4uk.ua: posts big blind $1
*** HOLE CARDS ***
janarr5: folds 
MaRKiToScoK: folds 
LeaveItYeah: folds 
m1lkdud: folds 
Uncalled bet ($0.50) returned to Pon4uk.ua
Pon4uk.ua collected $1 from pot
Pon4uk.ua: doesn't show hand 
*** SUMMARY ***
Total pot $1 | Rake $0 
Seat 5: ka100pka527
Seat 1: m1lkdud (small blind) folded before Flop
Seat 2: Pon4uk.ua (big blind) collected ($1)
Seat 3: janarr5 folded before Flop (didn't bet)
Seat 4: MaRKiToScoK folded before Flop (didn't bet)
Seat 6: LeaveItYeah (button) folded before Flop (didn't bet)



PokerStars Hand #254731454239:  Hold'em No Limit ($0.50/$1.00 USD) - 2025/02/06 9:47:40 WET [2025/02/06 4:47:40 ET]
Table 'Taygeta' 6-max Seat #1 is the button
Seat 5: ka100pka527 ($103.10 in chips) is sitting out
Seat 1: m1lkdud ($135.66 in chips) 
Seat 2: Pon4uk.ua ($114.99 in chips) 
Seat 3: janarr5 ($100 in chips) 
Seat 4: MaRKiToScoK ($107.98 in chips) 
Seat 6: LeaveItYeah ($202.11 in chips) 
Pon4uk.ua: posts small blind $0.50
janarr5: posts big blind $1
*** HOLE CARDS ***
MaRKiToScoK: raises $1 to $2
LeaveItYeah: folds 
m1lkdud: folds 
Pon4uk.ua: folds 
janarr5: folds 
Uncalled bet ($1) returned to MaRKiToScoK
MaRKiToScoK collected $2.50 from pot
*** SUMMARY ***
Total pot $2.50 | Rake $0 
Seat 5: ka100pka527
Seat 1: m1lkdud (button) folded before Flop (didn't bet)
Seat 2: Pon4uk.ua (small blind) folded before Flop
Seat 3: janarr5 (big blind) folded before Flop
Seat 4: MaRKiToScoK collected ($2.50)
Seat 6: LeaveItYeah folded before Flop (didn't bet)



PokerStars Hand #254731455487:  Hold'em No Limit ($0.50/$1.00 USD) - 2025/02/06 9:47:53 WET [2025/02/06 4:47:53 ET]
Table 'Taygeta' 6-max Seat #2 is the button
Seat 5: ka100pka527 ($103.10 in chips) is sitting out
Seat 1: m1lkdud ($135.66 in chips) 
Seat 2: Pon4uk.ua ($114.49 in chips) 
Seat 3: janarr5 ($100 in chips) 
Seat 4: MaRKiToScoK ($109.48 in chips) 
Seat 6: LeaveItYeah ($202.11 in chips) 
janarr5: posts small blind $0.50
MaRKiToScoK: posts big blind $1
*** HOLE CARDS ***
LeaveItYeah: folds 
m1lkdud: folds 
Pon4uk.ua: folds 
janarr5: folds 
Uncalled bet ($0.50) returned to MaRKiToScoK
MaRKiToScoK collected $1 from pot
*** SUMMARY ***
Total pot $1 | Rake $0 
Seat 5: ka100pka527
Seat 1: m1lkdud folded before Flop (didn't bet)
Seat 2: Pon4uk.ua (button) folded before Flop (didn't bet)
Seat 3: janarr5 (small blind) folded before Flop
Seat 4: MaRKiToScoK (big blind) collected ($1)
Seat 6: LeaveItYeah folded before Flop (didn't bet)



PokerStars Hand #254731456346:  Hold'em No Limit ($0.50/$1.00 USD) - 2025/02/06 9:48:01 WET [2025/02/06 4:48:01 ET]
Table 'Taygeta' 6-max Seat #3 is the button
Seat 5: ka100pka527 ($103.10 in chips) is sitting out
Seat 1: m1lkdud ($135.66 in chips) 
Seat 2: Pon4uk.ua ($114.49 in chips) 
Seat 3: janarr5 ($100 in chips) 
Seat 4: MaRKiToScoK ($109.98 in chips) 
Seat 6: LeaveItYeah ($202.11 in chips) 
MaRKiToScoK: posts small blind $0.50
LeaveItYeah: posts big blind $1
*** HOLE CARDS ***
m1lkdud: folds 
Pon4uk.ua: folds 
janarr5: folds 
MaRKiToScoK: folds 
Uncalled bet ($0.50) returned to LeaveItYeah
LeaveItYeah collected $1 from pot
LeaveItYeah: doesn't show hand 
*** SUMMARY ***
Total pot $1 | Rake $0 
Seat 5: ka100pka527
Seat 1: m1lkdud folded before Flop (didn't bet)
Seat 2: Pon4uk.ua folded before Flop (didn't bet)
Seat 3: janarr5 (button) folded before Flop (didn't bet)
Seat 4: MaRKiToScoK (small blind) folded before Flop
Seat 6: LeaveItYeah (big blind) collected ($1)



PokerStars Hand #254731458077:  Hold'em No Limit ($0.50/$1.00 USD) - 2025/02/06 9:48:18 WET [2025/02/06 4:48:18 ET]
Table 'Taygeta' 6-max Seat #4 is the button
Seat 5: ka100pka527 ($103.10 in chips) is sitting out
Seat 1: m1lkdud ($135.66 in chips) 
Seat 2: Pon4uk.ua ($114.49 in chips) 
Seat 3: janarr5 ($100 in chips) 
Seat 4: MaRKiToScoK ($109.48 in chips) 
Seat 6: LeaveItYeah ($202.61 in chips) 
LeaveItYeah: posts small blind $0.50
m1lkdud: posts big blind $1
*** HOLE CARDS ***
Pon4uk.ua: folds 
janarr5: folds 
MaRKiToScoK: folds 
LeaveItYeah: folds 
Uncalled bet ($0.50) returned to m1lkdud
m1lkdud collected $1 from pot
*** SUMMARY ***
Total pot $1 | Rake $0 
Seat 5: ka100pka527
Seat 1: m1lkdud (big blind) collected ($1)
Seat 2: Pon4uk.ua folded before Flop (didn't bet)
Seat 3: janarr5 folded before Flop (didn't bet)
Seat 4: MaRKiToScoK (button) folded before Flop (didn't bet)
Seat 6: LeaveItYeah (small blind) folded before Flop



PokerStars Hand #254731459692:  Hold'em No Limit ($0.50/$1.00 USD) - 2025/02/06 9:48:34 WET [2025/02/06 4:48:34 ET]
Table 'Taygeta' 6-max Seat #6 is the button
Seat 5: ka100pka527 ($103.10 in chips) is sitting out
Seat 1: m1lkdud ($136.16 in chips) 
Seat 2: Pon4uk.ua ($114.49 in chips) 
Seat 3: janarr5 ($100 in chips) 
Seat 4: MaRKiToScoK ($109.48 in chips) 
Seat 6: LeaveItYeah ($202.11 in chips) 
m1lkdud: posts small blind $0.50
Pon4uk.ua: posts big blind $1
*** HOLE CARDS ***
janarr5: folds 
MaRKiToScoK: folds 
LeaveItYeah: folds 
m1lkdud: raises $2 to $3
Pon4uk.ua: folds 
Uncalled bet ($2) returned to m1lkdud
m1lkdud collected $2 from pot
*** SUMMARY ***
Total pot $2 | Rake $0 
Seat 5: ka100pka527
Seat 1: m1lkdud (small blind) collected ($2)
Seat 2: Pon4uk.ua (big blind) folded before Flop
Seat 3: janarr5 folded before Flop (didn't bet)
Seat 4: MaRKiToScoK folded before Flop (didn't bet)
Seat 6: LeaveItYeah (button) folded before Flop (didn't bet)



PokerStars Hand #254731461137:  Hold'em No Limit ($0.50/$1.00 USD) - 2025/02/06 9:48:49 WET [2025/02/06 4:48:49 ET]
Table 'Taygeta' 6-max Seat #1 is the button
Seat 5: ka100pka527 ($103.10 in chips) is sitting out
Seat 1: m1lkdud ($137.16 in chips) 
Seat 2: Pon4uk.ua ($113.49 in chips) 
Seat 3: janarr5 ($100 in chips) 
Seat 4: MaRKiToScoK ($109.48 in chips) 
Seat 6: LeaveItYeah ($202.11 in chips) 
Pon4uk.ua: posts small blind $0.50
janarr5: posts big blind $1
*** HOLE CARDS ***
MaRKiToScoK: folds 
LeaveItYeah: folds 
m1lkdud: folds 
Pon4uk.ua: folds 
Uncalled bet ($0.50) returned to janarr5
janarr5 collected $1 from pot
janarr5: doesn't show hand 
*** SUMMARY ***
Total pot $1 | Rake $0 
Seat 5: ka100pka527
Seat 1: m1lkdud (button) folded before Flop (didn't bet)
Seat 2: Pon4uk.ua (small blind) folded before Flop
Seat 3: janarr5 (big blind) collected ($1)
Seat 4: MaRKiToScoK folded before Flop (didn't bet)
Seat 6: LeaveItYeah folded before Flop (didn't bet)



PokerStars Hand #254731462070:  Hold'em No Limit ($0.50/$1.00 USD) - 2025/02/06 9:48:59 WET [2025/02/06 4:48:59 ET]
Table 'Taygeta' 6-max Seat #2 is the button
Seat 5: ka100pka527 ($103.10 in chips) is sitting out
Seat 1: m1lkdud ($137.16 in chips) 
Seat 2: Pon4uk.ua ($112.99 in chips) 
Seat 3: janarr5 ($100.50 in chips) 
Seat 4: MaRKiToScoK ($109.48 in chips) 
Seat 6: LeaveItYeah ($202.11 in chips) 
janarr5: posts small blind $0.50
MaRKiToScoK: posts big blind $1
*** HOLE CARDS ***
LeaveItYeah: folds 
m1lkdud: folds 
Pon4uk.ua: folds 
janarr5: raises $2 to $3
MaRKiToScoK: raises $5 to $8
janarr5: raises $12 to $20
MaRKiToScoK: folds 
Uncalled bet ($12) returned to janarr5
janarr5 collected $16 from pot
janarr5: doesn't show hand 
*** SUMMARY ***
Total pot $16 | Rake $0 
Seat 5: ka100pka527
Seat 1: m1lkdud folded before Flop (didn't bet)
Seat 2: Pon4uk.ua (button) folded before Flop (didn't bet)
Seat 3: janarr5 (small blind) collected ($16)
Seat 4: MaRKiToScoK (big blind) folded before Flop
Seat 6: LeaveItYeah folded before Flop (didn't bet)



PokerStars Hand #254731465412:  Hold'em No Limit ($0.50/$1.00 USD) - 2025/02/06 9:49:32 WET [2025/02/06 4:49:32 ET]
Table 'Taygeta' 6-max Seat #3 is the button
Seat 5: ka100pka527 ($103.10 in chips) is sitting out
Seat 1: m1lkdud ($137.16 in chips) 
Seat 2: Pon4uk.ua ($112.99 in chips) 
Seat 3: janarr5 ($108.50 in chips) 
Seat 4: MaRKiToScoK ($101.48 in chips) 
Seat 6: LeaveItYeah ($202.11 in chips) 
MaRKiToScoK: posts small blind $0.50
LeaveItYeah: posts big blind $1
*** HOLE CARDS ***
m1lkdud: folds 
Pon4uk.ua: folds 
janarr5: folds 
MaRKiToScoK: raises $2 to $3
LeaveItYeah: folds 
Uncalled bet ($2) returned to MaRKiToScoK
MaRKiToScoK collected $2 from pot
*** SUMMARY ***
Total pot $2 | Rake $0 
Seat 5: ka100pka527
Seat 1: m1lkdud folded before Flop (didn't bet)
Seat 2: Pon4uk.ua folded before Flop (didn't bet)
Seat 3: janarr5 (button) folded before Flop (didn't bet)
Seat 4: MaRKiToScoK (small blind) collected ($2)
Seat 6: LeaveItYeah (big blind) folded before Flop



PokerStars Hand #254731467157:  Hold'em No Limit ($0.50/$1.00 USD) - 2025/02/06 9:49:49 WET [2025/02/06 4:49:49 ET]
Table 'Taygeta' 6-max Seat #4 is the button
Seat 5: ka100pka527 ($103.10 in chips) is sitting out
Seat 1: m1lkdud ($137.16 in chips) 
Seat 2: Pon4uk.ua ($112.99 in chips) 
Seat 3: janarr5 ($108.50 in chips) 
Seat 4: MaRKiToScoK ($102.48 in chips) 
Seat 6: LeaveItYeah ($201.11 in chips) 
LeaveItYeah: posts small blind $0.50
m1lkdud: posts big blind $1
*** HOLE CARDS ***
Pon4uk.ua: raises $1 to $2
janarr5: raises $5 to $7
MaRKiToScoK: folds 
LeaveItYeah: folds 
m1lkdud: folds 
Pon4uk.ua: folds 
Uncalled bet ($5) returned to janarr5
janarr5 collected $5.50 from pot
janarr5: doesn't show hand 
*** SUMMARY ***
Total pot $5.50 | Rake $0 
Seat 5: ka100pka527
Seat 1: m1lkdud (big blind) folded before Flop
Seat 2: Pon4uk.ua folded before Flop
Seat 3: janarr5 collected ($5.50)
Seat 4: MaRKiToScoK (button) folded before Flop (didn't bet)
Seat 6: LeaveItYeah (small blind) folded before Flop



PokerStars Hand #254731469235:  Hold'em No Limit ($0.50/$1.00 USD) - 2025/02/06 9:50:09 WET [2025/02/06 4:50:09 ET]
Table 'Taygeta' 6-max Seat #1 is the button
Seat 5: ka100pka527 ($103.10 in chips) is sitting out
Seat 6: LeaveItYeah ($200.61 in chips) is sitting out
Seat 1: m1lkdud ($136.16 in chips) 
Seat 2: Pon4uk.ua ($110.99 in chips) 
Seat 3: janarr5 ($112 in chips) 
Seat 4: MaRKiToScoK ($102.48 in chips) 
Pon4uk.ua: posts small blind $0.50
janarr5: posts big blind $1
*** HOLE CARDS ***
MaRKiToScoK: raises $1.20 to $2.20
m1lkdud: calls $2.20
Pon4uk.ua: folds 
janarr5: folds 
*** FLOP *** [8d 3h 6h]
MaRKiToScoK: checks 
m1lkdud: checks 
*** TURN *** [8d 3h 6h] [As]
MaRKiToScoK: checks 
m1lkdud: checks 
*** RIVER *** [8d 3h 6h As] [Qh]
MaRKiToScoK: checks 
m1lkdud: checks 
*** SHOW DOWN ***
MaRKiToScoK: shows [Ks Ts] (high card Ace)
m1lkdud: shows [8c 7c] (a pair of Eights)
m1lkdud collected $5.60 from pot
*** SUMMARY ***
Total pot $5.90 | Rake $0.30 
Board [8d 3h 6h As Qh]
Seat 5: ka100pka527
Seat 6: LeaveItYeah
Seat 1: m1lkdud (button) showed [8c 7c] and won ($5.60) with a pair of Eights
Seat 2: Pon4uk.ua (small blind) folded before Flop
Seat 3: janarr5 (big blind) folded before Flop
Seat 4: MaRKiToScoK showed [Ks Ts] and lost with high card Ace



PokerStars Hand #254731472616:  Hold'em No Limit ($0.50/$1.00 USD) - 2025/02/06 9:50:41 WET [2025/02/06 4:50:41 ET]
Table 'Taygeta' 6-max Seat #2 is the button
Seat 5: ka100pka527 ($103.10 in chips) is sitting out
Seat 6: LeaveItYeah ($200.61 in chips) is sitting out
Seat 1: m1lkdud ($139.56 in chips) 
Seat 2: Pon4uk.ua ($110.49 in chips) 
Seat 3: janarr5 ($111 in chips) 
Seat 4: MaRKiToScoK ($100.28 in chips) 
janarr5: posts small blind $0.50
MaRKiToScoK: posts big blind $1
*** HOLE CARDS ***
m1lkdud: raises $2.50 to $3.50
Pon4uk.ua: folds 
janarr5: folds 
MaRKiToScoK: raises $9.50 to $13
m1lkdud: calls $9.50
*** FLOP *** [4h 3d 4s]
MaRKiToScoK: bets $19.13
m1lkdud: folds 
Uncalled bet ($19.13) returned to MaRKiToScoK
MaRKiToScoK collected $25.50 from pot
*** SUMMARY ***
Total pot $26.50 | Rake $1 
Board [4h 3d 4s]
Seat 5: ka100pka527
Seat 6: LeaveItYeah
Seat 1: m1lkdud folded on the Flop
Seat 2: Pon4uk.ua (button) folded before Flop (didn't bet)
Seat 3: janarr5 (small blind) folded before Flop
Seat 4: MaRKiToScoK (big blind) collected ($25.50)



PokerStars Hand #254731475426:  Hold'em No Limit ($0.50/$1.00 USD) - 2025/02/06 9:51:07 WET [2025/02/06 4:51:07 ET]
Table 'Taygeta' 6-max Seat #3 is the button
Seat 6: LeaveItYeah ($200.61 in chips) is sitting out
Seat 1: m1lkdud ($126.56 in chips) 
Seat 2: Pon4uk.ua ($110.49 in chips) 
Seat 3: janarr5 ($110.50 in chips) 
Seat 4: MaRKiToScoK ($112.78 in chips) 
Seat 5: ka100pka527 ($103.10 in chips) 
MaRKiToScoK: posts small blind $0.50
ka100pka527: posts big blind $1
*** HOLE CARDS ***
m1lkdud: raises $2.50 to $3.50
Pon4uk.ua: raises $6.50 to $10
janarr5: folds 
MaRKiToScoK: folds 
ka100pka527: folds 
m1lkdud: calls $6.50
*** FLOP *** [Kh 4h 5s]
m1lkdud: checks 
Pon4uk.ua: bets $6
m1lkdud: raises $16.21 to $22.21
Pon4uk.ua: folds 
Uncalled bet ($16.21) returned to m1lkdud
m1lkdud collected $31.82 from pot
*** SUMMARY ***
Total pot $33.50 | Rake $1.68 
Board [Kh 4h 5s]
Seat 6: LeaveItYeah
Seat 1: m1lkdud collected ($31.82)
Seat 2: Pon4uk.ua folded on the Flop
Seat 3: janarr5 (button) folded before Flop (didn't bet)
Seat 4: MaRKiToScoK (small blind) folded before Flop
Seat 5: ka100pka527 (big blind) folded before Flop



PokerStars Hand #254731480122:  Hold'em No Limit ($0.50/$1.00 USD) - 2025/02/06 9:51:52 WET [2025/02/06 4:51:52 ET]
Table 'Taygeta' 6-max Seat #4 is the button
Seat 1: m1lkdud ($142.38 in chips) is sitting out
Seat 6: LeaveItYeah ($200.61 in chips) is sitting out
Seat 2: Pon4uk.ua ($100 in chips) 
Seat 3: janarr5 ($110.50 in chips) 
Seat 4: MaRKiToScoK ($112.28 in chips) 
Seat 5: ka100pka527 ($102.10 in chips) 
ka100pka527: posts small blind $0.50
m1lkdud: is sitting out 
Pon4uk.ua: posts big blind $1
*** HOLE CARDS ***
janarr5: folds 
MaRKiToScoK: folds 
m1lkdud leaves the table
ka100pka527: folds 
Uncalled bet ($0.50) returned to Pon4uk.ua
Pon4uk.ua collected $1 from pot
Pon4uk.ua: doesn't show hand 
*** SUMMARY ***
Total pot $1 | Rake $0 
Seat 1: m1lkdud
Seat 6: LeaveItYeah
Seat 2: Pon4uk.ua (big blind) collected ($1)
Seat 3: janarr5 folded before Flop (didn't bet)
Seat 4: MaRKiToScoK (button) folded before Flop (didn't bet)
Seat 5: ka100pka527 (small blind) folded before Flop



PokerStars Hand #254731481355:  Hold'em No Limit ($0.50/$1.00 USD) - 2025/02/06 9:52:04 WET [2025/02/06 4:52:04 ET]
Table 'Taygeta' 6-max Seat #5 is the button
Seat 6: LeaveItYeah ($200.61 in chips) is sitting out
Seat 2: Pon4uk.ua ($100.50 in chips) 
Seat 3: janarr5 ($110.50 in chips) 
Seat 4: MaRKiToScoK ($112.28 in chips) 
Seat 5: ka100pka527 ($101.60 in chips) 
Pon4uk.ua: posts small blind $0.50
janarr5: posts big blind $1
*** HOLE CARDS ***
MaRKiToScoK: folds 
ka100pka527: folds 
Pon4uk.ua: raises $1.75 to $2.75
janarr5: folds 
Uncalled bet ($1.75) returned to Pon4uk.ua
Pon4uk.ua collected $2 from pot
Pon4uk.ua: doesn't show hand 
*** SUMMARY ***
Total pot $2 | Rake $0 
Seat 6: LeaveItYeah
Seat 2: Pon4uk.ua (small blind) collected ($2)
Seat 3: janarr5 (big blind) folded before Flop
Seat 4: MaRKiToScoK folded before Flop (didn't bet)
Seat 5: ka100pka527 (button) folded before Flop (didn't bet)



PokerStars Hand #254731483107:  Hold'em No Limit ($0.50/$1.00 USD) - 2025/02/06 9:52:21 WET [2025/02/06 4:52:21 ET]
Table 'Taygeta' 6-max Seat #2 is the button
Seat 6: LeaveItYeah ($200.61 in chips) is sitting out
Seat 2: Pon4uk.ua ($101.50 in chips) 
Seat 3: janarr5 ($109.50 in chips) 
Seat 4: MaRKiToScoK ($112.28 in chips) 
Seat 5: ka100pka527 ($101.60 in chips) 
janarr5: posts small blind $0.50
MaRKiToScoK: posts big blind $1
*** HOLE CARDS ***
ka100pka527: folds 
Pon4uk.ua: folds 
janarr5: folds 
Uncalled bet ($0.50) returned to MaRKiToScoK
MaRKiToScoK collected $1 from pot
*** SUMMARY ***
Total pot $1 | Rake $0 
Seat 6: LeaveItYeah
Seat 2: Pon4uk.ua (button) folded before Flop (didn't bet)
Seat 3: janarr5 (small blind) folded before Flop
Seat 4: MaRKiToScoK (big blind) collected ($1)
Seat 5: ka100pka527 folded before Flop (didn't bet)



PokerStars Hand #254731484614:  Hold'em No Limit ($0.50/$1.00 USD) - 2025/02/06 9:52:35 WET [2025/02/06 4:52:35 ET]
Table 'Taygeta' 6-max Seat #3 is the button
Seat 5: ka100pka527 ($101.60 in chips) is sitting out
Seat 2: Pon4uk.ua ($101.50 in chips) 
Seat 3: janarr5 ($109 in chips) 
Seat 4: MaRKiToScoK ($112.78 in chips) 
Seat 6: LeaveItYeah ($200.61 in chips) 
MaRKiToScoK: posts small blind $0.50
ka100pka527: is sitting out 
LeaveItYeah: posts big blind $1
*** HOLE CARDS ***
Pon4uk.ua: raises $1.50 to $2.50
janarr5: raises $5 to $7.50
ka100pka527 leaves the table
MaRKiToScoK: folds 
LeaveItYeah: folds 
Pon4uk.ua: folds 
Uncalled bet ($5) returned to janarr5
janarr5 collected $6.50 from pot
janarr5: doesn't show hand 
*** SUMMARY ***
Total pot $6.50 | Rake $0 
Seat 5: ka100pka527
Seat 2: Pon4uk.ua folded before Flop
Seat 3: janarr5 (button) collected ($6.50)
Seat 4: MaRKiToScoK (small blind) folded before Flop
Seat 6: LeaveItYeah (big blind) folded before Flop



PokerStars Hand #254731486367:  Hold'em No Limit ($0.50/$1.00 USD) - 2025/02/06 9:52:52 WET [2025/02/06 4:52:52 ET]
Table 'Taygeta' 6-max Seat #4 is the button
Seat 2: Pon4uk.ua ($100 in chips) is sitting out
Seat 3: janarr5 ($113 in chips) 
Seat 4: MaRKiToScoK ($112.28 in chips) 
Seat 6: LeaveItYeah ($199.61 in chips) 
LeaveItYeah: posts small blind $0.50
Pon4uk.ua: is sitting out 
janarr5: posts big blind $1
*** HOLE CARDS ***
Pon4uk.ua leaves the table
MaRKiToScoK: raises $1.50 to $2.50
LeaveItYeah: folds 
janarr5: folds 
Uncalled bet ($1.50) returned to MaRKiToScoK
MaRKiToScoK collected $2.50 from pot
*** SUMMARY ***
Total pot $2.50 | Rake $0 
Seat 2: Pon4uk.ua
Seat 3: janarr5 (big blind) folded before Flop
Seat 4: MaRKiToScoK (button) collected ($2.50)
Seat 6: LeaveItYeah (small blind) folded before Flop



PokerStars Hand #254731490035:  Hold'em No Limit ($0.50/$1.00 USD) - 2025/02/06 9:53:28 WET [2025/02/06 4:53:28 ET]
Table 'Taygeta' 6-max Seat #3 is the button
Seat 4: MaRKiToScoK ($113.78 in chips) is sitting out
Seat 3: janarr5 ($112 in chips) 
Seat 6: LeaveItYeah ($199.11 in chips) 
janarr5: posts small blind $0.50
MaRKiToScoK: is sitting out 
LeaveItYeah: posts big blind $1
*** HOLE CARDS ***
janarr5: raises $1.50 to $2.50
MaRKiToScoK leaves the table
LeaveItYeah: raises $7.50 to $10
janarr5: calls $7.50
*** FLOP *** [2h Ts 2c]
LeaveItYeah: bets $9.50
janarr5: calls $9.50
*** TURN *** [2h Ts 2c] [4c]
LeaveItYeah: bets $19
janarr5: calls $19
*** RIVER *** [2h Ts 2c 4c] [3c]
LeaveItYeah: bets $76
janarr5: calls $73.50 and is all-in
Uncalled bet ($2.50) returned to LeaveItYeah
*** SHOW DOWN ***
LeaveItYeah: shows [Jh Js] (two pair, Jacks and Deuces)
janarr5: shows [Tc Jc] (a flush, Jack high)
janarr5 collected $223 from pot
*** SUMMARY ***
Total pot $224 | Rake $1 
Board [2h Ts 2c 4c 3c]
Seat 4: MaRKiToScoK
Seat 3: janarr5 (button) (small blind) showed [Tc Jc] and won ($223) with a flush, Jack high
Seat 6: LeaveItYeah (big blind) showed [Jh Js] and lost with two pair, Jacks and Deuces



PokerStars Hand #254731496586:  Hold'em No Limit ($0.50/$1.00 USD) - 2025/02/06 9:54:33 WET [2025/02/06 4:54:33 ET]
Table 'Taygeta' 6-max Seat #6 is the button
Seat 3: janarr5 ($223 in chips) 
Seat 6: LeaveItYeah ($100 in chips) 
LeaveItYeah: posts small blind $0.50
janarr5: posts big blind $1
*** HOLE CARDS ***
LeaveItYeah: raises $1.40 to $2.40
janarr5: folds 
Uncalled bet ($1.40) returned to LeaveItYeah
LeaveItYeah collected $2 from pot
LeaveItYeah: doesn't show hand 
*** SUMMARY ***
Total pot $2 | Rake $0 
Seat 3: janarr5 (big blind) folded before Flop
Seat 6: LeaveItYeah (button) (small blind) collected ($2)



PokerStars Hand #254731497656:  Hold'em No Limit ($0.50/$1.00 USD) - 2025/02/06 9:54:44 WET [2025/02/06 4:54:44 ET]
Table 'Taygeta' 6-max Seat #3 is the button
Seat 3: janarr5 ($222 in chips) 
Seat 6: LeaveItYeah ($101 in chips) 
janarr5: posts small blind $0.50
LeaveItYeah: posts big blind $1
*** HOLE CARDS ***
janarr5: raises $1.50 to $2.50
LeaveItYeah: calls $1.50
*** FLOP *** [4h 5h 2c]
LeaveItYeah: checks 
janarr5: checks 
*** TURN *** [4h 5h 2c] [5s]
LeaveItYeah: bets $2.38
janarr5: calls $2.38
*** RIVER *** [4h 5h 2c 5s] [Ac]
LeaveItYeah: checks 
janarr5: checks 
*** SHOW DOWN ***
LeaveItYeah: shows [Jd Qc] (a pair of Fives)
janarr5: shows [2h Jh] (two pair, Fives and Deuces)
janarr5 collected $9.27 from pot
*** SUMMARY ***
Total pot $9.76 | Rake $0.49 
Board [4h 5h 2c 5s Ac]
Seat 3: janarr5 (button) (small blind) showed [2h Jh] and won ($9.27) with two pair, Fives and Deuces
Seat 6: LeaveItYeah (big blind) showed [Jd Qc] and lost with a pair of Fives



