PokerStars Hand #254741188601:  Hold'em No Limit ($0.50/$1.00 USD) - 2025/02/06 22:42:59 WET [2025/02/06 17:42:59 ET]
Table 'Zeuxo II' 6-max Seat #3 is the button
Seat 1: easy_sarcasm ($102.46 in chips) 
Seat 2: andutu34 ($100 in chips) 
Seat 3: mikmat66 ($97.30 in chips) 
Seat 4: YeeesMan ($100 in chips) 
Seat 5: HaHeMu ($95.18 in chips) 
Seat 6: CichiChanMarian ($109.16 in chips) 
YeeesMan: posts small blind $0.50
HaHeMu: posts big blind $1
*** HOLE CARDS ***
CichiChanMarian: raises $1.50 to $2.50
easy_sarcasm: folds 
andutu34: folds 
mikmat66: calls $2.50
YeeesMan: folds 
HaHeMu: folds 
*** FLOP *** [Qd 7c 2h]
CichiChanMarian: checks 
mikmat66: bets $3.09
CichiChanMarian: folds 
Uncalled bet ($3.09) returned to mikmat66
mikmat66 collected $6.18 from pot
*** SUMMARY ***
Total pot $6.50 | Rake $0.32 
Board [Qd 7c 2h]
Seat 1: easy_sarcasm folded before Flop (didn't bet)
Seat 2: andutu34 folded before Flop (didn't bet)
Seat 3: mikmat66 (button) collected ($6.18)
Seat 4: YeeesMan (small blind) folded before Flop
Seat 5: HaHeMu (big blind) folded before Flop
Seat 6: CichiChanMarian folded on the Flop



PokerStars Hand #254741199028:  Hold'em No Limit ($0.50/$1.00 USD) - 2025/02/06 22:43:38 WET [2025/02/06 17:43:38 ET]
Table 'Zeuxo II' 6-max Seat #4 is the button
Seat 1: easy_sarcasm ($102.46 in chips) 
Seat 2: andutu34 ($100 in chips) 
Seat 3: mikmat66 ($100.98 in chips) 
Seat 4: YeeesMan ($100 in chips) 
Seat 5: HaHeMu ($94.18 in chips) 
Seat 6: CichiChanMarian ($106.66 in chips) 
HaHeMu: posts small blind $0.50
CichiChanMarian: posts big blind $1
*** HOLE CARDS ***
easy_sarcasm: folds 
andutu34: folds 
mikmat66: calls $1
YeeesMan: folds 
HaHeMu: raises $3 to $4
CichiChanMarian: folds 
mikmat66: calls $3
*** FLOP *** [3c 8s 5d]
HaHeMu: bets $3.28
mikmat66: calls $3.28
*** TURN *** [3c 8s 5d] [6d]
HaHeMu: checks 
mikmat66: bets $7.39
HaHeMu: calls $7.39
*** RIVER *** [3c 8s 5d 6d] [Kd]
HaHeMu: checks 
mikmat66: checks 
*** SHOW DOWN ***
HaHeMu: shows [5h Qc] (a pair of Fives)
mikmat66: mucks hand 
HaHeMu collected $28.82 from pot
*** SUMMARY ***
Total pot $30.34 | Rake $1.52 
Board [3c 8s 5d 6d Kd]
Seat 1: easy_sarcasm folded before Flop (didn't bet)
Seat 2: andutu34 folded before Flop (didn't bet)
Seat 3: mikmat66 mucked
Seat 4: YeeesMan (button) folded before Flop (didn't bet)
Seat 5: HaHeMu (small blind) showed [5h Qc] and won ($28.82) with a pair of Fives
Seat 6: CichiChanMarian (big blind) folded before Flop



PokerStars Hand #254741222684:  Hold'em No Limit ($0.50/$1.00 USD) - 2025/02/06 22:45:05 WET [2025/02/06 17:45:05 ET]
Table 'Zeuxo II' 6-max Seat #5 is the button
Seat 1: easy_sarcasm ($102.46 in chips) 
Seat 2: andutu34 ($100 in chips) 
Seat 3: mikmat66 ($86.31 in chips) 
Seat 4: YeeesMan ($100 in chips) 
Seat 5: HaHeMu ($108.33 in chips) 
Seat 6: CichiChanMarian ($105.66 in chips) 
CichiChanMarian: posts small blind $0.50
easy_sarcasm: posts big blind $1
*** HOLE CARDS ***
andutu34: folds 
mikmat66: folds 
YeeesMan: folds 
HaHeMu: folds 
CichiChanMarian: raises $2 to $3
easy_sarcasm: raises $8 to $11
CichiChanMarian: folds 
Uncalled bet ($8) returned to easy_sarcasm
easy_sarcasm collected $6 from pot
*** SUMMARY ***
Total pot $6 | Rake $0 
Seat 1: easy_sarcasm (big blind) collected ($6)
Seat 2: andutu34 folded before Flop (didn't bet)
Seat 3: mikmat66 folded before Flop (didn't bet)
Seat 4: YeeesMan folded before Flop (didn't bet)
Seat 5: HaHeMu (button) folded before Flop (didn't bet)
Seat 6: CichiChanMarian (small blind) folded before Flop



PokerStars Hand #254741230126:  Hold'em No Limit ($0.50/$1.00 USD) - 2025/02/06 22:45:32 WET [2025/02/06 17:45:32 ET]
Table 'Zeuxo II' 6-max Seat #6 is the button
Seat 1: easy_sarcasm ($105.46 in chips) 
Seat 2: andutu34 ($100 in chips) 
Seat 3: mikmat66 ($86.31 in chips) 
Seat 4: YeeesMan ($100 in chips) 
Seat 5: HaHeMu ($108.33 in chips) 
Seat 6: CichiChanMarian ($102.66 in chips) 
easy_sarcasm: posts small blind $0.50
andutu34: posts big blind $1
*** HOLE CARDS ***
mikmat66: folds 
YeeesMan: folds 
HaHeMu has timed out
HaHeMu: folds 
CichiChanMarian: folds 
easy_sarcasm: raises $2 to $3
andutu34: raises $7 to $10
easy_sarcasm: calls $7
*** FLOP *** [6d 3h 4s]
easy_sarcasm: checks 
andutu34: checks 
*** TURN *** [6d 3h 4s] [3c]
easy_sarcasm: bets $9.50
andutu34: calls $9.50
*** RIVER *** [6d 3h 4s 3c] [7s]
easy_sarcasm: checks 
andutu34: checks 
*** SHOW DOWN ***
easy_sarcasm: shows [8c 8s] (two pair, Eights and Threes)
andutu34: mucks hand 
easy_sarcasm collected $37.05 from pot
*** SUMMARY ***
Total pot $39 | Rake $1.95 
Board [6d 3h 4s 3c 7s]
Seat 1: easy_sarcasm (small blind) showed [8c 8s] and won ($37.05) with two pair, Eights and Threes
Seat 2: andutu34 (big blind) mucked
Seat 3: mikmat66 folded before Flop (didn't bet)
Seat 4: YeeesMan folded before Flop (didn't bet)
Seat 5: HaHeMu folded before Flop (didn't bet)
Seat 6: CichiChanMarian (button) folded before Flop (didn't bet)



PokerStars Hand #254741250425:  Hold'em No Limit ($0.50/$1.00 USD) - 2025/02/06 22:46:47 WET [2025/02/06 17:46:47 ET]
Table 'Zeuxo II' 6-max Seat #1 is the button
Seat 1: easy_sarcasm ($123.01 in chips) 
Seat 2: andutu34 ($100 in chips) 
Seat 3: mikmat66 ($86.31 in chips) 
Seat 4: YeeesMan ($100 in chips) 
Seat 5: HaHeMu ($108.33 in chips) 
Seat 6: CichiChanMarian ($102.66 in chips) 
andutu34: posts small blind $0.50
mikmat66: posts big blind $1
*** HOLE CARDS ***
YeeesMan: folds 
HaHeMu: folds 
CichiChanMarian: folds 
easy_sarcasm: folds 
andutu34: folds 
Uncalled bet ($0.50) returned to mikmat66
mikmat66 collected $1 from pot
*** SUMMARY ***
Total pot $1 | Rake $0 
Seat 1: easy_sarcasm (button) folded before Flop (didn't bet)
Seat 2: andutu34 (small blind) folded before Flop
Seat 3: mikmat66 (big blind) collected ($1)
Seat 4: YeeesMan folded before Flop (didn't bet)
Seat 5: HaHeMu folded before Flop (didn't bet)
Seat 6: CichiChanMarian folded before Flop (didn't bet)



PokerStars Hand #254741254724:  Hold'em No Limit ($0.50/$1.00 USD) - 2025/02/06 22:47:03 WET [2025/02/06 17:47:03 ET]
Table 'Zeuxo II' 6-max Seat #2 is the button
Seat 1: easy_sarcasm ($123.01 in chips) 
Seat 2: andutu34 ($100 in chips) 
Seat 3: mikmat66 ($86.81 in chips) 
Seat 4: YeeesMan ($100 in chips) 
Seat 5: HaHeMu ($108.33 in chips) 
Seat 6: CichiChanMarian ($102.66 in chips) 
mikmat66: posts small blind $0.50
YeeesMan: posts big blind $1
*** HOLE CARDS ***
HaHeMu: raises $2 to $3
CichiChanMarian: folds 
easy_sarcasm: folds 
andutu34: folds 
mikmat66: folds 
YeeesMan: folds 
Uncalled bet ($2) returned to HaHeMu
HaHeMu collected $2.50 from pot
*** SUMMARY ***
Total pot $2.50 | Rake $0 
Seat 1: easy_sarcasm folded before Flop (didn't bet)
Seat 2: andutu34 (button) folded before Flop (didn't bet)
Seat 3: mikmat66 (small blind) folded before Flop
Seat 4: YeeesMan (big blind) folded before Flop
Seat 5: HaHeMu collected ($2.50)
Seat 6: CichiChanMarian folded before Flop (didn't bet)



PokerStars Hand #254741258849:  Hold'em No Limit ($0.50/$1.00 USD) - 2025/02/06 22:47:18 WET [2025/02/06 17:47:18 ET]
Table 'Zeuxo II' 6-max Seat #3 is the button
Seat 1: easy_sarcasm ($123.01 in chips) 
Seat 2: andutu34 ($100 in chips) 
Seat 3: mikmat66 ($86.31 in chips) 
Seat 4: YeeesMan ($100 in chips) 
Seat 5: HaHeMu ($109.83 in chips) 
Seat 6: CichiChanMarian ($102.66 in chips) 
YeeesMan: posts small blind $0.50
HaHeMu: posts big blind $1
*** HOLE CARDS ***
CichiChanMarian: folds 
easy_sarcasm: folds 
andutu34: raises $1.30 to $2.30
mikmat66: folds 
YeeesMan: folds 
HaHeMu: folds 
Uncalled bet ($1.30) returned to andutu34
andutu34 collected $2.50 from pot
andutu34: doesn't show hand 
*** SUMMARY ***
Total pot $2.50 | Rake $0 
Seat 1: easy_sarcasm folded before Flop (didn't bet)
Seat 2: andutu34 collected ($2.50)
Seat 3: mikmat66 (button) folded before Flop (didn't bet)
Seat 4: YeeesMan (small blind) folded before Flop
Seat 5: HaHeMu (big blind) folded before Flop
Seat 6: CichiChanMarian folded before Flop (didn't bet)



PokerStars Hand #254741263572:  Hold'em No Limit ($0.50/$1.00 USD) - 2025/02/06 22:47:35 WET [2025/02/06 17:47:35 ET]
Table 'Zeuxo II' 6-max Seat #4 is the button
Seat 1: easy_sarcasm ($123.01 in chips) 
Seat 2: andutu34 ($101.50 in chips) 
Seat 3: mikmat66 ($86.31 in chips) 
Seat 4: YeeesMan ($100 in chips) 
Seat 5: HaHeMu ($108.83 in chips) 
Seat 6: CichiChanMarian ($102.66 in chips) 
HaHeMu: posts small blind $0.50
CichiChanMarian: posts big blind $1
*** HOLE CARDS ***
easy_sarcasm: folds 
andutu34: folds 
mikmat66: raises $2 to $3
YeeesMan: folds 
HaHeMu: folds 
CichiChanMarian: folds 
Uncalled bet ($2) returned to mikmat66
mikmat66 collected $2.50 from pot
*** SUMMARY ***
Total pot $2.50 | Rake $0 
Seat 1: easy_sarcasm folded before Flop (didn't bet)
Seat 2: andutu34 folded before Flop (didn't bet)
Seat 3: mikmat66 collected ($2.50)
Seat 4: YeeesMan (button) folded before Flop (didn't bet)
Seat 5: HaHeMu (small blind) folded before Flop
Seat 6: CichiChanMarian (big blind) folded before Flop



PokerStars Hand #254741271387:  Hold'em No Limit ($0.50/$1.00 USD) - 2025/02/06 22:48:04 WET [2025/02/06 17:48:04 ET]
Table 'Zeuxo II' 6-max Seat #5 is the button
Seat 1: easy_sarcasm ($123.01 in chips) 
Seat 2: andutu34 ($101.50 in chips) 
Seat 3: mikmat66 ($87.81 in chips) 
Seat 4: YeeesMan ($100 in chips) 
Seat 5: HaHeMu ($108.33 in chips) 
Seat 6: CichiChanMarian ($101.66 in chips) 
CichiChanMarian: posts small blind $0.50
easy_sarcasm: posts big blind $1
*** HOLE CARDS ***
andutu34: folds 
mikmat66: raises $1 to $2
YeeesMan: folds 
HaHeMu: folds 
CichiChanMarian: raises $8 to $10
easy_sarcasm: raises $14.50 to $24.50
mikmat66: folds 
CichiChanMarian: folds 
Uncalled bet ($14.50) returned to easy_sarcasm
easy_sarcasm collected $22 from pot
*** SUMMARY ***
Total pot $22 | Rake $0 
Seat 1: easy_sarcasm (big blind) collected ($22)
Seat 2: andutu34 folded before Flop (didn't bet)
Seat 3: mikmat66 folded before Flop
Seat 4: YeeesMan folded before Flop (didn't bet)
Seat 5: HaHeMu (button) folded before Flop (didn't bet)
Seat 6: CichiChanMarian (small blind) folded before Flop



PokerStars Hand #254741280516:  Hold'em No Limit ($0.50/$1.00 USD) - 2025/02/06 22:48:38 WET [2025/02/06 17:48:38 ET]
Table 'Zeuxo II' 6-max Seat #6 is the button
Seat 1: easy_sarcasm ($135.01 in chips) 
Seat 2: andutu34 ($101.50 in chips) 
Seat 3: mikmat66 ($85.81 in chips) 
Seat 4: YeeesMan ($100 in chips) 
Seat 5: HaHeMu ($108.33 in chips) 
Seat 6: CichiChanMarian ($100 in chips) 
easy_sarcasm: posts small blind $0.50
andutu34: posts big blind $1
*** HOLE CARDS ***
mikmat66: folds 
YeeesMan: folds 
HaHeMu: raises $2 to $3
CichiChanMarian: folds 
easy_sarcasm: folds 
andutu34: raises $10.08 to $13.08
HaHeMu: folds 
Uncalled bet ($10.08) returned to andutu34
andutu34 collected $6.50 from pot
andutu34: doesn't show hand 
*** SUMMARY ***
Total pot $6.50 | Rake $0 
Seat 1: easy_sarcasm (small blind) folded before Flop
Seat 2: andutu34 (big blind) collected ($6.50)
Seat 3: mikmat66 folded before Flop (didn't bet)
Seat 4: YeeesMan folded before Flop (didn't bet)
Seat 5: HaHeMu folded before Flop
Seat 6: CichiChanMarian (button) folded before Flop (didn't bet)



PokerStars Hand #254741288607:  Hold'em No Limit ($0.50/$1.00 USD) - 2025/02/06 22:49:08 WET [2025/02/06 17:49:08 ET]
Table 'Zeuxo II' 6-max Seat #1 is the button
Seat 1: easy_sarcasm ($134.51 in chips) 
Seat 2: andutu34 ($105 in chips) 
Seat 3: mikmat66 ($85.81 in chips) 
Seat 4: YeeesMan ($100 in chips) 
Seat 5: HaHeMu ($105.33 in chips) 
Seat 6: CichiChanMarian ($100 in chips) 
andutu34: posts small blind $0.50
mikmat66: posts big blind $1
*** HOLE CARDS ***
YeeesMan: folds 
HaHeMu: raises $2 to $3
CichiChanMarian: folds 
easy_sarcasm: folds 
andutu34: folds 
mikmat66: calls $2
*** FLOP *** [Qs Kh Js]
mikmat66: checks 
HaHeMu: bets $3.09
mikmat66: calls $3.09
*** TURN *** [Qs Kh Js] [Ks]
mikmat66: checks 
HaHeMu: bets $7.03
mikmat66: raises $13.06 to $20.09
HaHeMu: raises $79.15 to $99.24 and is all-in
mikmat66: calls $59.63 and is all-in
Uncalled bet ($19.52) returned to HaHeMu
*** RIVER *** [Qs Kh Js Ks] [9d]
*** SHOW DOWN ***
mikmat66: shows [8s 5s] (a flush, King high)
HaHeMu: shows [7h Ah] (a pair of Kings)
mikmat66 collected $169.62 from pot
*** SUMMARY ***
Total pot $172.12 | Rake $2.50 
Board [Qs Kh Js Ks 9d]
Seat 1: easy_sarcasm (button) folded before Flop (didn't bet)
Seat 2: andutu34 (small blind) folded before Flop
Seat 3: mikmat66 (big blind) showed [8s 5s] and won ($169.62) with a flush, King high
Seat 4: YeeesMan folded before Flop (didn't bet)
Seat 5: HaHeMu showed [7h Ah] and lost with a pair of Kings
Seat 6: CichiChanMarian folded before Flop (didn't bet)



PokerStars Hand #254741313097:  Hold'em No Limit ($0.50/$1.00 USD) - 2025/02/06 22:50:40 WET [2025/02/06 17:50:40 ET]
Table 'Zeuxo II' 6-max Seat #2 is the button
Seat 1: easy_sarcasm ($134.51 in chips) 
Seat 2: andutu34 ($104.50 in chips) 
Seat 3: mikmat66 ($169.62 in chips) 
Seat 4: YeeesMan ($100 in chips) 
Seat 5: HaHeMu ($19.52 in chips) 
Seat 6: CichiChanMarian ($100 in chips) 
mikmat66: posts small blind $0.50
YeeesMan: posts big blind $1
*** HOLE CARDS ***
HaHeMu: raises $2 to $3
CichiChanMarian: folds 
easy_sarcasm: folds 
andutu34: folds 
mikmat66: folds 
YeeesMan: folds 
Uncalled bet ($2) returned to HaHeMu
HaHeMu collected $2.50 from pot
*** SUMMARY ***
Total pot $2.50 | Rake $0 
Seat 1: easy_sarcasm folded before Flop (didn't bet)
Seat 2: andutu34 (button) folded before Flop (didn't bet)
Seat 3: mikmat66 (small blind) folded before Flop
Seat 4: YeeesMan (big blind) folded before Flop
Seat 5: HaHeMu collected ($2.50)
Seat 6: CichiChanMarian folded before Flop (didn't bet)



PokerStars Hand #254741319896:  Hold'em No Limit ($0.50/$1.00 USD) - 2025/02/06 22:51:05 WET [2025/02/06 17:51:05 ET]
Table 'Zeuxo II' 6-max Seat #3 is the button
Seat 1: easy_sarcasm ($134.51 in chips) 
Seat 2: andutu34 ($104.50 in chips) 
Seat 3: mikmat66 ($169.12 in chips) 
Seat 4: YeeesMan ($100 in chips) 
Seat 5: HaHeMu ($21.02 in chips) 
Seat 6: CichiChanMarian ($100 in chips) 
YeeesMan: posts small blind $0.50
HaHeMu: posts big blind $1
*** HOLE CARDS ***
CichiChanMarian: folds 
easy_sarcasm: folds 
andutu34: folds 
mikmat66: folds 
YeeesMan: raises $1 to $2
HaHeMu: calls $1
*** FLOP *** [4h 7h 3d]
YeeesMan: checks 
HaHeMu: checks 
*** TURN *** [4h 7h 3d] [6h]
YeeesMan: checks 
HaHeMu: checks 
*** RIVER *** [4h 7h 3d 6h] [5c]
YeeesMan: checks 
HaHeMu: checks 
*** SHOW DOWN ***
YeeesMan: shows [7c As] (a straight, Three to Seven)
HaHeMu: shows [Kc Ts] (a straight, Three to Seven)
YeeesMan collected $1.90 from pot
HaHeMu collected $1.90 from pot
*** SUMMARY ***
Total pot $4 | Rake $0.20 
Board [4h 7h 3d 6h 5c]
Seat 1: easy_sarcasm folded before Flop (didn't bet)
Seat 2: andutu34 folded before Flop (didn't bet)
Seat 3: mikmat66 (button) folded before Flop (didn't bet)
Seat 4: YeeesMan (small blind) showed [7c As] and won ($1.90) with a straight, Three to Seven
Seat 5: HaHeMu (big blind) showed [Kc Ts] and won ($1.90) with a straight, Three to Seven
Seat 6: CichiChanMarian folded before Flop (didn't bet)



PokerStars Hand #254741331428:  Hold'em No Limit ($0.50/$1.00 USD) - 2025/02/06 22:51:49 WET [2025/02/06 17:51:49 ET]
Table 'Zeuxo II' 6-max Seat #4 is the button
Seat 1: easy_sarcasm ($134.51 in chips) 
Seat 2: andutu34 ($104.50 in chips) 
Seat 3: mikmat66 ($169.12 in chips) 
Seat 4: YeeesMan ($100 in chips) 
Seat 5: HaHeMu ($20.92 in chips) 
Seat 6: CichiChanMarian ($100 in chips) 
HaHeMu: posts small blind $0.50
CichiChanMarian: posts big blind $1
*** HOLE CARDS ***
easy_sarcasm: folds 
andutu34: folds 
mikmat66: folds 
YeeesMan: folds 
HaHeMu: raises $2 to $3
CichiChanMarian: folds 
Uncalled bet ($2) returned to HaHeMu
HaHeMu collected $2 from pot
*** SUMMARY ***
Total pot $2 | Rake $0 
Seat 1: easy_sarcasm folded before Flop (didn't bet)
Seat 2: andutu34 folded before Flop (didn't bet)
Seat 3: mikmat66 folded before Flop (didn't bet)
Seat 4: YeeesMan (button) folded before Flop (didn't bet)
Seat 5: HaHeMu (small blind) collected ($2)
Seat 6: CichiChanMarian (big blind) folded before Flop



PokerStars Hand #254741336728:  Hold'em No Limit ($0.50/$1.00 USD) - 2025/02/06 22:52:09 WET [2025/02/06 17:52:09 ET]
Table 'Zeuxo II' 6-max Seat #5 is the button
Seat 1: easy_sarcasm ($134.51 in chips) 
Seat 2: andutu34 ($104.50 in chips) 
Seat 3: mikmat66 ($169.12 in chips) 
Seat 4: YeeesMan ($100 in chips) 
Seat 5: HaHeMu ($21.92 in chips) 
Seat 6: CichiChanMarian ($100 in chips) 
CichiChanMarian: posts small blind $0.50
easy_sarcasm: posts big blind $1
*** HOLE CARDS ***
andutu34: folds 
mikmat66: calls $1
YeeesMan: folds 
HaHeMu has timed out
HaHeMu: folds 
CichiChanMarian: calls $0.50
easy_sarcasm: checks 
*** FLOP *** [3c Jc Ah]
CichiChanMarian: checks 
easy_sarcasm: checks 
mikmat66: checks 
*** TURN *** [3c Jc Ah] [4h]
CichiChanMarian: bets $2.14
easy_sarcasm: calls $2.14
mikmat66: calls $2.14
*** RIVER *** [3c Jc Ah 4h] [Kc]
CichiChanMarian: checks 
easy_sarcasm: bets $6.50
mikmat66: folds 
CichiChanMarian: folds 
Uncalled bet ($6.50) returned to easy_sarcasm
easy_sarcasm collected $8.95 from pot
*** SUMMARY ***
Total pot $9.42 | Rake $0.47 
Board [3c Jc Ah 4h Kc]
Seat 1: easy_sarcasm (big blind) collected ($8.95)
Seat 2: andutu34 folded before Flop (didn't bet)
Seat 3: mikmat66 folded on the River
Seat 4: YeeesMan folded before Flop (didn't bet)
Seat 5: HaHeMu (button) folded before Flop (didn't bet)
Seat 6: CichiChanMarian (small blind) folded on the River



PokerStars Hand #254741356255:  Hold'em No Limit ($0.50/$1.00 USD) - 2025/02/06 22:53:22 WET [2025/02/06 17:53:22 ET]
Table 'Zeuxo II' 6-max Seat #6 is the button
Seat 1: easy_sarcasm ($140.32 in chips) 
Seat 2: andutu34 ($104.50 in chips) 
Seat 3: mikmat66 ($165.98 in chips) 
Seat 4: YeeesMan ($100 in chips) 
Seat 5: HaHeMu ($21.92 in chips) 
Seat 6: CichiChanMarian ($100 in chips) 
easy_sarcasm: posts small blind $0.50
andutu34: posts big blind $1
*** HOLE CARDS ***
mikmat66: folds 
YeeesMan: folds 
HaHeMu: raises $2 to $3
CichiChanMarian: calls $3
easy_sarcasm: folds 
andutu34: calls $2
*** FLOP *** [Qd Qc 8s]
andutu34: checks 
HaHeMu: bets $3.51
CichiChanMarian: calls $3.51
andutu34: folds 
*** TURN *** [Qd Qc 8s] [4c]
HaHeMu: bets $9.85
CichiChanMarian: calls $9.85
*** RIVER *** [Qd Qc 8s 4c] [Jd]
HaHeMu: bets $5.56 and is all-in
CichiChanMarian: calls $5.56
*** SHOW DOWN ***
HaHeMu: shows [Ah Js] (two pair, Queens and Jacks)
CichiChanMarian: shows [Qh Th] (three of a kind, Queens)
CichiChanMarian collected $44.97 from pot
*** SUMMARY ***
Total pot $47.34 | Rake $2.37 
Board [Qd Qc 8s 4c Jd]
Seat 1: easy_sarcasm (small blind) folded before Flop
Seat 2: andutu34 (big blind) folded on the Flop
Seat 3: mikmat66 folded before Flop (didn't bet)
Seat 4: YeeesMan folded before Flop (didn't bet)
Seat 5: HaHeMu showed [Ah Js] and lost with two pair, Queens and Jacks
Seat 6: CichiChanMarian (button) showed [Qh Th] and won ($44.97) with three of a kind, Queens



PokerStars Hand #254741383613:  Hold'em No Limit ($0.50/$1.00 USD) - 2025/02/06 22:55:06 WET [2025/02/06 17:55:06 ET]
Table 'Zeuxo II' 6-max Seat #1 is the button
Seat 1: easy_sarcasm ($139.82 in chips) 
Seat 2: andutu34 ($101.50 in chips) 
Seat 3: mikmat66 ($165.98 in chips) 
Seat 4: YeeesMan ($100 in chips) 
Seat 5: HaHeMu ($78.08 in chips) 
Seat 6: CichiChanMarian ($123.05 in chips) 
andutu34: posts small blind $0.50
mikmat66: posts big blind $1
*** HOLE CARDS ***
YeeesMan: folds 
HaHeMu: raises $2 to $3
CichiChanMarian: folds 
easy_sarcasm: raises $5 to $8
andutu34: folds 
mikmat66: folds 
HaHeMu: calls $5
*** FLOP *** [Kh 6s 2d]
HaHeMu: checks 
easy_sarcasm: bets $7.50
HaHeMu: raises $13.50 to $21
easy_sarcasm: folds 
Uncalled bet ($13.50) returned to HaHeMu
HaHeMu collected $30.88 from pot
*** SUMMARY ***
Total pot $32.50 | Rake $1.62 
Board [Kh 6s 2d]
Seat 1: easy_sarcasm (button) folded on the Flop
Seat 2: andutu34 (small blind) folded before Flop
Seat 3: mikmat66 (big blind) folded before Flop
Seat 4: YeeesMan folded before Flop (didn't bet)
Seat 5: HaHeMu collected ($30.88)
Seat 6: CichiChanMarian folded before Flop (didn't bet)



PokerStars Hand #254741399028:  Hold'em No Limit ($0.50/$1.00 USD) - 2025/02/06 22:56:26 WET [2025/02/06 17:56:26 ET]
Table 'Zeuxo II' 6-max Seat #2 is the button
Seat 1: easy_sarcasm ($124.32 in chips) 
Seat 2: andutu34 ($101 in chips) 
Seat 3: mikmat66 ($164.98 in chips) 
Seat 4: YeeesMan ($100 in chips) 
Seat 5: HaHeMu ($93.46 in chips) 
Seat 6: CichiChanMarian ($123.05 in chips) 
mikmat66: posts small blind $0.50
YeeesMan: posts big blind $1
*** HOLE CARDS ***
HaHeMu: raises $2 to $3
CichiChanMarian: folds 
easy_sarcasm: folds 
andutu34: folds 
mikmat66: folds 
YeeesMan: folds 
Uncalled bet ($2) returned to HaHeMu
HaHeMu collected $2.50 from pot
*** SUMMARY ***
Total pot $2.50 | Rake $0 
Seat 1: easy_sarcasm folded before Flop (didn't bet)
Seat 2: andutu34 (button) folded before Flop (didn't bet)
Seat 3: mikmat66 (small blind) folded before Flop
Seat 4: YeeesMan (big blind) folded before Flop
Seat 5: HaHeMu collected ($2.50)
Seat 6: CichiChanMarian folded before Flop (didn't bet)



PokerStars Hand #254741406720:  Hold'em No Limit ($0.50/$1.00 USD) - 2025/02/06 22:57:06 WET [2025/02/06 17:57:06 ET]
Table 'Zeuxo II' 6-max Seat #3 is the button
Seat 1: easy_sarcasm ($124.32 in chips) 
Seat 2: andutu34 ($101 in chips) 
Seat 3: mikmat66 ($164.48 in chips) 
Seat 4: YeeesMan ($100 in chips) 
Seat 5: HaHeMu ($94.96 in chips) 
Seat 6: CichiChanMarian ($123.05 in chips) 
YeeesMan: posts small blind $0.50
HaHeMu: posts big blind $1
*** HOLE CARDS ***
CichiChanMarian: folds 
easy_sarcasm: folds 
andutu34: folds 
mikmat66: raises $2 to $3
YeeesMan: folds 
HaHeMu: folds 
Uncalled bet ($2) returned to mikmat66
mikmat66 collected $2.50 from pot
*** SUMMARY ***
Total pot $2.50 | Rake $0 
Seat 1: easy_sarcasm folded before Flop (didn't bet)
Seat 2: andutu34 folded before Flop (didn't bet)
Seat 3: mikmat66 (button) collected ($2.50)
Seat 4: YeeesMan (small blind) folded before Flop
Seat 5: HaHeMu (big blind) folded before Flop
Seat 6: CichiChanMarian folded before Flop (didn't bet)



PokerStars Hand #254741410321:  Hold'em No Limit ($0.50/$1.00 USD) - 2025/02/06 22:57:24 WET [2025/02/06 17:57:24 ET]
Table 'Zeuxo II' 6-max Seat #4 is the button
Seat 1: easy_sarcasm ($124.32 in chips) 
Seat 2: andutu34 ($101 in chips) 
Seat 3: mikmat66 ($165.98 in chips) 
Seat 4: YeeesMan ($100 in chips) 
Seat 5: HaHeMu ($93.96 in chips) 
Seat 6: CichiChanMarian ($123.05 in chips) 
HaHeMu: posts small blind $0.50
CichiChanMarian: posts big blind $1
*** HOLE CARDS ***
easy_sarcasm: folds 
andutu34: folds 
mikmat66: folds 
YeeesMan: folds 
HaHeMu: raises $2 to $3
CichiChanMarian: calls $2
*** FLOP *** [Qd Qs Ks]
HaHeMu: bets $2
CichiChanMarian: calls $2
*** TURN *** [Qd Qs Ks] [8c]
HaHeMu: bets $7.75
CichiChanMarian: calls $7.75
*** RIVER *** [Qd Qs Ks 8c] [Qc]
HaHeMu: bets $8
CichiChanMarian: calls $8
*** SHOW DOWN ***
HaHeMu: shows [Kc 4h] (a full house, Queens full of Kings)
CichiChanMarian: mucks hand 
HaHeMu collected $39.42 from pot
*** SUMMARY ***
Total pot $41.50 | Rake $2.08 
Board [Qd Qs Ks 8c Qc]
Seat 1: easy_sarcasm folded before Flop (didn't bet)
Seat 2: andutu34 folded before Flop (didn't bet)
Seat 3: mikmat66 folded before Flop (didn't bet)
Seat 4: YeeesMan (button) folded before Flop (didn't bet)
Seat 5: HaHeMu (small blind) showed [Kc 4h] and won ($39.42) with a full house, Queens full of Kings
Seat 6: CichiChanMarian (big blind) mucked



PokerStars Hand #254741429529:  Hold'em No Limit ($0.50/$1.00 USD) - 2025/02/06 22:59:04 WET [2025/02/06 17:59:04 ET]
Table 'Zeuxo II' 6-max Seat #5 is the button
Seat 1: easy_sarcasm ($124.32 in chips) 
Seat 2: andutu34 ($101 in chips) 
Seat 3: mikmat66 ($165.98 in chips) 
Seat 4: YeeesMan ($100 in chips) 
Seat 5: HaHeMu ($112.63 in chips) 
Seat 6: CichiChanMarian ($102.30 in chips) 
CichiChanMarian: posts small blind $0.50
easy_sarcasm: posts big blind $1
*** HOLE CARDS ***
andutu34: folds 
mikmat66: raises $1 to $2
YeeesMan: folds 
HaHeMu: folds 
CichiChanMarian: folds 
easy_sarcasm: folds 
Uncalled bet ($1) returned to mikmat66
mikmat66 collected $2.50 from pot
*** SUMMARY ***
Total pot $2.50 | Rake $0 
Seat 1: easy_sarcasm (big blind) folded before Flop
Seat 2: andutu34 folded before Flop (didn't bet)
Seat 3: mikmat66 collected ($2.50)
Seat 4: YeeesMan folded before Flop (didn't bet)
Seat 5: HaHeMu (button) folded before Flop (didn't bet)
Seat 6: CichiChanMarian (small blind) folded before Flop



PokerStars Hand #254741433744:  Hold'em No Limit ($0.50/$1.00 USD) - 2025/02/06 22:59:26 WET [2025/02/06 17:59:26 ET]
Table 'Zeuxo II' 6-max Seat #6 is the button
Seat 1: easy_sarcasm ($123.32 in chips) 
Seat 2: andutu34 ($101 in chips) 
Seat 3: mikmat66 ($167.48 in chips) 
Seat 4: YeeesMan ($100 in chips) 
Seat 5: HaHeMu ($112.63 in chips) 
Seat 6: CichiChanMarian ($101.80 in chips) 
easy_sarcasm: posts small blind $0.50
andutu34: posts big blind $1
*** HOLE CARDS ***
mikmat66: calls $1
YeeesMan: folds 
HaHeMu: calls $1
CichiChanMarian: folds 
easy_sarcasm: folds 
andutu34: checks 
*** FLOP *** [Kh Ad 8d]
andutu34: checks 
mikmat66: bets $1.66
HaHeMu: calls $1.66
andutu34: calls $1.66
*** TURN *** [Kh Ad 8d] [Th]
andutu34: checks 
mikmat66: bets $4.03
HaHeMu: folds 
andutu34: calls $4.03
*** RIVER *** [Kh Ad 8d Th] [9c]
andutu34: checks 
mikmat66: bets $10
andutu34 has timed out
andutu34: folds 
Uncalled bet ($10) returned to mikmat66
mikmat66 collected $15.71 from pot
*** SUMMARY ***
Total pot $16.54 | Rake $0.83 
Board [Kh Ad 8d Th 9c]
Seat 1: easy_sarcasm (small blind) folded before Flop
Seat 2: andutu34 (big blind) folded on the River
Seat 3: mikmat66 collected ($15.71)
Seat 4: YeeesMan folded before Flop (didn't bet)
Seat 5: HaHeMu folded on the Turn
Seat 6: CichiChanMarian (button) folded before Flop (didn't bet)



PokerStars Hand #254741461133:  Hold'em No Limit ($0.50/$1.00 USD) - 2025/02/06 23:01:34 WET [2025/02/06 18:01:34 ET]
Table 'Zeuxo II' 6-max Seat #1 is the button
Seat 1: easy_sarcasm ($122.82 in chips) 
Seat 2: andutu34 ($100 in chips) 
Seat 3: mikmat66 ($176.50 in chips) 
Seat 4: YeeesMan ($100 in chips) 
Seat 5: HaHeMu ($109.97 in chips) 
Seat 6: CichiChanMarian ($101.80 in chips) 
andutu34: posts small blind $0.50
mikmat66: posts big blind $1
*** HOLE CARDS ***
YeeesMan: folds 
HaHeMu: folds 
CichiChanMarian: folds 
easy_sarcasm: folds 
andutu34: folds 
Uncalled bet ($0.50) returned to mikmat66
mikmat66 collected $1 from pot
*** SUMMARY ***
Total pot $1 | Rake $0 
Seat 1: easy_sarcasm (button) folded before Flop (didn't bet)
Seat 2: andutu34 (small blind) folded before Flop
Seat 3: mikmat66 (big blind) collected ($1)
Seat 4: YeeesMan folded before Flop (didn't bet)
Seat 5: HaHeMu folded before Flop (didn't bet)
Seat 6: CichiChanMarian folded before Flop (didn't bet)



PokerStars Hand #254741464450:  Hold'em No Limit ($0.50/$1.00 USD) - 2025/02/06 23:01:47 WET [2025/02/06 18:01:47 ET]
Table 'Zeuxo II' 6-max Seat #2 is the button
Seat 1: easy_sarcasm ($122.82 in chips) 
Seat 2: andutu34 ($100 in chips) 
Seat 3: mikmat66 ($177 in chips) 
Seat 4: YeeesMan ($100 in chips) 
Seat 5: HaHeMu ($109.97 in chips) 
Seat 6: CichiChanMarian ($101.80 in chips) 
mikmat66: posts small blind $0.50
YeeesMan: posts big blind $1
*** HOLE CARDS ***
HaHeMu: raises $2 to $3
CichiChanMarian: folds 
easy_sarcasm: folds 
andutu34: folds 
mikmat66: folds 
YeeesMan: folds 
Uncalled bet ($2) returned to HaHeMu
HaHeMu collected $2.50 from pot
*** SUMMARY ***
Total pot $2.50 | Rake $0 
Seat 1: easy_sarcasm folded before Flop (didn't bet)
Seat 2: andutu34 (button) folded before Flop (didn't bet)
Seat 3: mikmat66 (small blind) folded before Flop
Seat 4: YeeesMan (big blind) folded before Flop
Seat 5: HaHeMu collected ($2.50)
Seat 6: CichiChanMarian folded before Flop (didn't bet)



PokerStars Hand #254741470646:  Hold'em No Limit ($0.50/$1.00 USD) - 2025/02/06 23:02:12 WET [2025/02/06 18:02:12 ET]
Table 'Zeuxo II' 6-max Seat #3 is the button
Seat 1: easy_sarcasm ($122.82 in chips) 
Seat 2: andutu34 ($100 in chips) 
Seat 3: mikmat66 ($176.50 in chips) 
Seat 4: YeeesMan ($100 in chips) 
Seat 5: HaHeMu ($111.47 in chips) 
Seat 6: CichiChanMarian ($101.80 in chips) 
YeeesMan: posts small blind $0.50
HaHeMu: posts big blind $1
*** HOLE CARDS ***
CichiChanMarian: folds 
easy_sarcasm: folds 
andutu34: folds 
mikmat66: raises $2 to $3
YeeesMan: folds 
HaHeMu: folds 
Uncalled bet ($2) returned to mikmat66
mikmat66 collected $2.50 from pot
*** SUMMARY ***
Total pot $2.50 | Rake $0 
Seat 1: easy_sarcasm folded before Flop (didn't bet)
Seat 2: andutu34 folded before Flop (didn't bet)
Seat 3: mikmat66 (button) collected ($2.50)
Seat 4: YeeesMan (small blind) folded before Flop
Seat 5: HaHeMu (big blind) folded before Flop
Seat 6: CichiChanMarian folded before Flop (didn't bet)



PokerStars Hand #254741474388:  Hold'em No Limit ($0.50/$1.00 USD) - 2025/02/06 23:02:27 WET [2025/02/06 18:02:27 ET]
Table 'Zeuxo II' 6-max Seat #4 is the button
Seat 1: easy_sarcasm ($122.82 in chips) 
Seat 2: andutu34 ($100 in chips) 
Seat 3: mikmat66 ($178 in chips) 
Seat 4: YeeesMan ($100 in chips) 
Seat 5: HaHeMu ($110.47 in chips) 
Seat 6: CichiChanMarian ($101.80 in chips) 
HaHeMu: posts small blind $0.50
CichiChanMarian: posts big blind $1
*** HOLE CARDS ***
easy_sarcasm: folds 
andutu34: folds 
mikmat66: folds 
YeeesMan: folds 
HaHeMu: raises $2 to $3
CichiChanMarian: calls $2
*** FLOP *** [4s 2s Td]
HaHeMu: bets $2.85
CichiChanMarian: calls $2.85
*** TURN *** [4s 2s Td] [Ts]
HaHeMu has timed out
HaHeMu: checks 
CichiChanMarian: checks 
*** RIVER *** [4s 2s Td Ts] [6s]
HaHeMu: bets $11.12
CichiChanMarian: folds 
Uncalled bet ($11.12) returned to HaHeMu
HaHeMu collected $11.12 from pot
*** SUMMARY ***
Total pot $11.70 | Rake $0.58 
Board [4s 2s Td Ts 6s]
Seat 1: easy_sarcasm folded before Flop (didn't bet)
Seat 2: andutu34 folded before Flop (didn't bet)
Seat 3: mikmat66 folded before Flop (didn't bet)
Seat 4: YeeesMan (button) folded before Flop (didn't bet)
Seat 5: HaHeMu (small blind) collected ($11.12)
Seat 6: CichiChanMarian (big blind) folded on the River



PokerStars Hand #254741497570:  Hold'em No Limit ($0.50/$1.00 USD) - 2025/02/06 23:03:57 WET [2025/02/06 18:03:57 ET]
Table 'Zeuxo II' 6-max Seat #5 is the button
Seat 1: easy_sarcasm ($122.82 in chips) 
Seat 2: andutu34 ($100 in chips) 
Seat 3: mikmat66 ($178 in chips) 
Seat 4: YeeesMan ($100 in chips) 
Seat 5: HaHeMu ($115.74 in chips) 
Seat 6: CichiChanMarian ($100 in chips) 
CichiChanMarian: posts small blind $0.50
easy_sarcasm: posts big blind $1
*** HOLE CARDS ***
andutu34: folds 
mikmat66: folds 
YeeesMan: folds 
HaHeMu: folds 
CichiChanMarian: folds 
Uncalled bet ($0.50) returned to easy_sarcasm
easy_sarcasm collected $1 from pot
*** SUMMARY ***
Total pot $1 | Rake $0 
Seat 1: easy_sarcasm (big blind) collected ($1)
Seat 2: andutu34 folded before Flop (didn't bet)
Seat 3: mikmat66 folded before Flop (didn't bet)
Seat 4: YeeesMan folded before Flop (didn't bet)
Seat 5: HaHeMu (button) folded before Flop (didn't bet)
Seat 6: CichiChanMarian (small blind) folded before Flop



PokerStars Hand #254741503220:  Hold'em No Limit ($0.50/$1.00 USD) - 2025/02/06 23:04:19 WET [2025/02/06 18:04:19 ET]
Table 'Zeuxo II' 6-max Seat #6 is the button
Seat 1: easy_sarcasm ($123.32 in chips) 
Seat 2: andutu34 ($100 in chips) 
Seat 3: mikmat66 ($178 in chips) 
Seat 4: YeeesMan ($100 in chips) 
Seat 5: HaHeMu ($115.74 in chips) 
Seat 6: CichiChanMarian ($100 in chips) 
easy_sarcasm: posts small blind $0.50
andutu34: posts big blind $1
*** HOLE CARDS ***
mikmat66: folds 
YeeesMan: folds 
HaHeMu: raises $1 to $2
CichiChanMarian: folds 
easy_sarcasm: folds 
andutu34: folds 
Uncalled bet ($1) returned to HaHeMu
HaHeMu collected $2.50 from pot
*** SUMMARY ***
Total pot $2.50 | Rake $0 
Seat 1: easy_sarcasm (small blind) folded before Flop
Seat 2: andutu34 (big blind) folded before Flop
Seat 3: mikmat66 folded before Flop (didn't bet)
Seat 4: YeeesMan folded before Flop (didn't bet)
Seat 5: HaHeMu collected ($2.50)
Seat 6: CichiChanMarian (button) folded before Flop (didn't bet)



PokerStars Hand #254741510100:  Hold'em No Limit ($0.50/$1.00 USD) - 2025/02/06 23:04:46 WET [2025/02/06 18:04:46 ET]
Table 'Zeuxo II' 6-max Seat #1 is the button
Seat 1: easy_sarcasm ($122.82 in chips) 
Seat 2: andutu34 ($100 in chips) 
Seat 3: mikmat66 ($178 in chips) 
Seat 4: YeeesMan ($100 in chips) 
Seat 5: HaHeMu ($117.24 in chips) 
Seat 6: CichiChanMarian ($100 in chips) 
andutu34: posts small blind $0.50
mikmat66: posts big blind $1
*** HOLE CARDS ***
YeeesMan: raises $1.50 to $2.50
HaHeMu: folds 
CichiChanMarian: folds 
easy_sarcasm: raises $5.50 to $8
andutu34: folds 
mikmat66: folds 
YeeesMan: raises $16 to $24
easy_sarcasm: folds 
Uncalled bet ($16) returned to YeeesMan
YeeesMan collected $17.50 from pot
YeeesMan: doesn't show hand 
*** SUMMARY ***
Total pot $17.50 | Rake $0 
Seat 1: easy_sarcasm (button) folded before Flop
Seat 2: andutu34 (small blind) folded before Flop
Seat 3: mikmat66 (big blind) folded before Flop
Seat 4: YeeesMan collected ($17.50)
Seat 5: HaHeMu folded before Flop (didn't bet)
Seat 6: CichiChanMarian folded before Flop (didn't bet)



PokerStars Hand #254741519687:  Hold'em No Limit ($0.50/$1.00 USD) - 2025/02/06 23:05:23 WET [2025/02/06 18:05:23 ET]
Table 'Zeuxo II' 6-max Seat #2 is the button
Seat 1: easy_sarcasm ($114.82 in chips) 
Seat 2: andutu34 ($100 in chips) 
Seat 3: mikmat66 ($177 in chips) 
Seat 4: YeeesMan ($109.50 in chips) 
Seat 5: HaHeMu ($117.24 in chips) 
Seat 6: CichiChanMarian ($100 in chips) 
mikmat66: posts small blind $0.50
YeeesMan: posts big blind $1
*** HOLE CARDS ***
HaHeMu: folds 
CichiChanMarian: folds 
easy_sarcasm: folds 
andutu34: folds 
mikmat66: folds 
Uncalled bet ($0.50) returned to YeeesMan
YeeesMan collected $1 from pot
YeeesMan: doesn't show hand 
*** SUMMARY ***
Total pot $1 | Rake $0 
Seat 1: easy_sarcasm folded before Flop (didn't bet)
Seat 2: andutu34 (button) folded before Flop (didn't bet)
Seat 3: mikmat66 (small blind) folded before Flop
Seat 4: YeeesMan (big blind) collected ($1)
Seat 5: HaHeMu folded before Flop (didn't bet)
Seat 6: CichiChanMarian folded before Flop (didn't bet)



PokerStars Hand #254741522489:  Hold'em No Limit ($0.50/$1.00 USD) - 2025/02/06 23:05:34 WET [2025/02/06 18:05:34 ET]
Table 'Zeuxo II' 6-max Seat #3 is the button
Seat 1: easy_sarcasm ($114.82 in chips) 
Seat 2: andutu34 ($100 in chips) 
Seat 3: mikmat66 ($176.50 in chips) 
Seat 4: YeeesMan ($110 in chips) 
Seat 5: HaHeMu ($117.24 in chips) 
Seat 6: CichiChanMarian ($100 in chips) 
YeeesMan: posts small blind $0.50
HaHeMu: posts big blind $1
*** HOLE CARDS ***
CichiChanMarian: folds 
easy_sarcasm: folds 
andutu34: folds 
mikmat66: raises $2 to $3
YeeesMan: folds 
HaHeMu: raises $7.50 to $10.50
mikmat66: calls $7.50
*** FLOP *** [7s 4c 3h]
HaHeMu: bets $9.21
mikmat66: calls $9.21
*** TURN *** [7s 4c 3h] [Js]
HaHeMu has timed out
HaHeMu: checks 
mikmat66: bets $27
HaHeMu: raises $70.53 to $97.53 and is all-in
mikmat66: calls $70.53
*** RIVER *** [7s 4c 3h Js] [Ah]
*** SHOW DOWN ***
HaHeMu: shows [As 6c] (a pair of Aces)
mikmat66: shows [4s 3s] (two pair, Fours and Threes)
mikmat66 collected $232.48 from pot
HaHeMu cashed out the hand for $15.54 | Cash Out Fee $0.32
*** SUMMARY ***
Total pot $234.98 | Rake $2.50 
Board [7s 4c 3h Js Ah]
Seat 1: easy_sarcasm folded before Flop (didn't bet)
Seat 2: andutu34 folded before Flop (didn't bet)
Seat 3: mikmat66 (button) showed [4s 3s] and won ($232.48) with two pair, Fours and Threes
Seat 4: YeeesMan (small blind) folded before Flop
Seat 5: HaHeMu (big blind) showed [As 6c] and lost with a pair of Aces (cashed out).
Seat 6: CichiChanMarian folded before Flop (didn't bet)



PokerStars Hand #254741544604:  Hold'em No Limit ($0.50/$1.00 USD) - 2025/02/06 23:07:00 WET [2025/02/06 18:07:00 ET]
Table 'Zeuxo II' 6-max Seat #4 is the button
Seat 1: easy_sarcasm ($114.82 in chips) 
Seat 2: andutu34 ($100 in chips) 
Seat 3: mikmat66 ($291.74 in chips) 
Seat 4: YeeesMan ($109.50 in chips) 
Seat 5: HaHeMu ($15.54 in chips) 
Seat 6: CichiChanMarian ($100 in chips) 
HaHeMu: posts small blind $0.50
CichiChanMarian: posts big blind $1
*** HOLE CARDS ***
easy_sarcasm: folds 
andutu34: folds 
mikmat66: folds 
YeeesMan: folds 
HaHeMu: folds 
Uncalled bet ($0.50) returned to CichiChanMarian
CichiChanMarian collected $1 from pot
CichiChanMarian: doesn't show hand 
*** SUMMARY ***
Total pot $1 | Rake $0 
Seat 1: easy_sarcasm folded before Flop (didn't bet)
Seat 2: andutu34 folded before Flop (didn't bet)
Seat 3: mikmat66 folded before Flop (didn't bet)
Seat 4: YeeesMan (button) folded before Flop (didn't bet)
Seat 5: HaHeMu (small blind) folded before Flop
Seat 6: CichiChanMarian (big blind) collected ($1)



PokerStars Hand #254741550301:  Hold'em No Limit ($0.50/$1.00 USD) - 2025/02/06 23:07:22 WET [2025/02/06 18:07:22 ET]
Table 'Zeuxo II' 6-max Seat #5 is the button
Seat 1: easy_sarcasm ($114.82 in chips) 
Seat 2: andutu34 ($100 in chips) 
Seat 3: mikmat66 ($291.74 in chips) 
Seat 4: YeeesMan ($109.50 in chips) 
Seat 5: HaHeMu ($15.04 in chips) 
Seat 6: CichiChanMarian ($100.50 in chips) 
CichiChanMarian: posts small blind $0.50
easy_sarcasm: posts big blind $1
*** HOLE CARDS ***
andutu34: raises $1 to $2
mikmat66: calls $2
YeeesMan: folds 
HaHeMu has timed out
HaHeMu: folds 
CichiChanMarian: folds 
easy_sarcasm: folds 
*** FLOP *** [Tc 9d 6h]
andutu34: checks 
mikmat66: checks 
*** TURN *** [Tc 9d 6h] [3s]
andutu34: checks 
mikmat66: bets $2.61
andutu34: calls $2.61
*** RIVER *** [Tc 9d 6h 3s] [7s]
andutu34: checks 
mikmat66: checks 
*** SHOW DOWN ***
andutu34: shows [Ac Qh] (high card Ace)
mikmat66: mucks hand 
andutu34 collected $10.18 from pot
*** SUMMARY ***
Total pot $10.72 | Rake $0.54 
Board [Tc 9d 6h 3s 7s]
Seat 1: easy_sarcasm (big blind) folded before Flop
Seat 2: andutu34 showed [Ac Qh] and won ($10.18) with high card Ace
Seat 3: mikmat66 mucked
Seat 4: YeeesMan folded before Flop (didn't bet)
Seat 5: HaHeMu (button) folded before Flop (didn't bet)
Seat 6: CichiChanMarian (small blind) folded before Flop



PokerStars Hand #254741568176:  Hold'em No Limit ($0.50/$1.00 USD) - 2025/02/06 23:08:31 WET [2025/02/06 18:08:31 ET]
Table 'Zeuxo II' 6-max Seat #6 is the button
Seat 1: easy_sarcasm ($113.82 in chips) 
Seat 2: andutu34 ($105.57 in chips) 
Seat 3: mikmat66 ($287.13 in chips) 
Seat 4: YeeesMan ($109.50 in chips) 
Seat 5: HaHeMu ($15.04 in chips) 
Seat 6: CichiChanMarian ($100 in chips) 
easy_sarcasm: posts small blind $0.50
andutu34: posts big blind $1
*** HOLE CARDS ***
mikmat66: raises $2 to $3
YeeesMan: folds 
HaHeMu: raises $12.04 to $15.04 and is all-in
CichiChanMarian: folds 
easy_sarcasm: folds 
andutu34: folds 
mikmat66: calls $12.04
*** FLOP *** [Qc 5s 3d]
*** TURN *** [Qc 5s 3d] [9s]
*** RIVER *** [Qc 5s 3d 9s] [Tc]
*** SHOW DOWN ***
mikmat66: shows [Td Kh] (a pair of Tens)
HaHeMu: shows [Qs Jh] (a pair of Queens)
HaHeMu collected $30 from pot
*** SUMMARY ***
Total pot $31.58 | Rake $1.58 
Board [Qc 5s 3d 9s Tc]
Seat 1: easy_sarcasm (small blind) folded before Flop
Seat 2: andutu34 (big blind) folded before Flop
Seat 3: mikmat66 showed [Td Kh] and lost with a pair of Tens
Seat 4: YeeesMan folded before Flop (didn't bet)
Seat 5: HaHeMu showed [Qs Jh] and won ($30) with a pair of Queens
Seat 6: CichiChanMarian (button) folded before Flop (didn't bet)



PokerStars Hand #254741578448:  Hold'em No Limit ($0.50/$1.00 USD) - 2025/02/06 23:09:11 WET [2025/02/06 18:09:11 ET]
Table 'Zeuxo II' 6-max Seat #1 is the button
Seat 1: easy_sarcasm ($113.32 in chips) 
Seat 2: andutu34 ($104.57 in chips) 
Seat 3: mikmat66 ($272.09 in chips) 
Seat 4: YeeesMan ($109.50 in chips) 
Seat 5: HaHeMu ($30 in chips) 
Seat 6: CichiChanMarian ($100 in chips) 
andutu34: posts small blind $0.50
mikmat66: posts big blind $1
*** HOLE CARDS ***
YeeesMan: raises $1.50 to $2.50
HaHeMu: folds 
CichiChanMarian: folds 
easy_sarcasm: folds 
andutu34: folds 
mikmat66: folds 
Uncalled bet ($1.50) returned to YeeesMan
YeeesMan collected $2.50 from pot
YeeesMan: doesn't show hand 
*** SUMMARY ***
Total pot $2.50 | Rake $0 
Seat 1: easy_sarcasm (button) folded before Flop (didn't bet)
Seat 2: andutu34 (small blind) folded before Flop
Seat 3: mikmat66 (big blind) folded before Flop
Seat 4: YeeesMan collected ($2.50)
Seat 5: HaHeMu folded before Flop (didn't bet)
Seat 6: CichiChanMarian folded before Flop (didn't bet)



PokerStars Hand #254741586195:  Hold'em No Limit ($0.50/$1.00 USD) - 2025/02/06 23:09:41 WET [2025/02/06 18:09:41 ET]
Table 'Zeuxo II' 6-max Seat #2 is the button
Seat 1: easy_sarcasm ($113.32 in chips) 
Seat 2: andutu34 ($104.07 in chips) 
Seat 3: mikmat66 ($271.09 in chips) 
Seat 4: YeeesMan ($111 in chips) 
Seat 5: HaHeMu ($30 in chips) 
Seat 6: CichiChanMarian ($100 in chips) 
mikmat66: posts small blind $0.50
YeeesMan: posts big blind $1
*** HOLE CARDS ***
HaHeMu has timed out
HaHeMu: folds 
CichiChanMarian: folds 
easy_sarcasm: folds 
andutu34: folds 
mikmat66: raises $2 to $3
YeeesMan: calls $2
*** FLOP *** [Kh Kd Kc]
mikmat66: bets $2.85
YeeesMan: folds 
Uncalled bet ($2.85) returned to mikmat66
mikmat66 collected $5.70 from pot
*** SUMMARY ***
Total pot $6 | Rake $0.30 
Board [Kh Kd Kc]
Seat 1: easy_sarcasm folded before Flop (didn't bet)
Seat 2: andutu34 (button) folded before Flop (didn't bet)
Seat 3: mikmat66 (small blind) collected ($5.70)
Seat 4: YeeesMan (big blind) folded on the Flop
Seat 5: HaHeMu folded before Flop (didn't bet)
Seat 6: CichiChanMarian folded before Flop (didn't bet)



PokerStars Hand #254741595145:  Hold'em No Limit ($0.50/$1.00 USD) - 2025/02/06 23:10:15 WET [2025/02/06 18:10:15 ET]
Table 'Zeuxo II' 6-max Seat #3 is the button
Seat 5: HaHeMu ($30 in chips) is sitting out
Seat 1: easy_sarcasm ($113.32 in chips) 
Seat 2: andutu34 ($104.07 in chips) 
Seat 3: mikmat66 ($273.79 in chips) 
Seat 4: YeeesMan ($108 in chips) 
Seat 6: CichiChanMarian ($100 in chips) 
YeeesMan: posts small blind $0.50
CichiChanMarian: posts big blind $1
*** HOLE CARDS ***
easy_sarcasm: folds 
andutu34: folds 
mikmat66: folds 
YeeesMan: raises $2 to $3
CichiChanMarian: folds 
Uncalled bet ($2) returned to YeeesMan
YeeesMan collected $2 from pot
YeeesMan: doesn't show hand 
*** SUMMARY ***
Total pot $2 | Rake $0 
Seat 5: HaHeMu
Seat 1: easy_sarcasm folded before Flop (didn't bet)
Seat 2: andutu34 folded before Flop (didn't bet)
Seat 3: mikmat66 (button) folded before Flop (didn't bet)
Seat 4: YeeesMan (small blind) collected ($2)
Seat 6: CichiChanMarian (big blind) folded before Flop



PokerStars Hand #254741599765:  Hold'em No Limit ($0.50/$1.00 USD) - 2025/02/06 23:10:33 WET [2025/02/06 18:10:33 ET]
Table 'Zeuxo II' 6-max Seat #4 is the button
Seat 5: HaHeMu ($30 in chips) is sitting out
Seat 1: easy_sarcasm ($113.32 in chips) 
Seat 2: andutu34 ($104.07 in chips) 
Seat 3: mikmat66 ($273.79 in chips) 
Seat 4: YeeesMan ($109 in chips) 
Seat 6: CichiChanMarian ($100 in chips) 
CichiChanMarian: posts small blind $0.50
easy_sarcasm: posts big blind $1
*** HOLE CARDS ***
andutu34: folds 
mikmat66: raises $1 to $2
YeeesMan: folds 
CichiChanMarian: folds 
easy_sarcasm: folds 
Uncalled bet ($1) returned to mikmat66
mikmat66 collected $2.50 from pot
*** SUMMARY ***
Total pot $2.50 | Rake $0 
Seat 5: HaHeMu
Seat 1: easy_sarcasm (big blind) folded before Flop
Seat 2: andutu34 folded before Flop (didn't bet)
Seat 3: mikmat66 collected ($2.50)
Seat 4: YeeesMan (button) folded before Flop (didn't bet)
Seat 6: CichiChanMarian (small blind) folded before Flop



PokerStars Hand #254741603952:  Hold'em No Limit ($0.50/$1.00 USD) - 2025/02/06 23:10:49 WET [2025/02/06 18:10:49 ET]
Table 'Zeuxo II' 6-max Seat #6 is the button
Seat 5: HaHeMu ($30 in chips) is sitting out
Seat 1: easy_sarcasm ($112.32 in chips) 
Seat 2: andutu34 ($104.07 in chips) 
Seat 3: mikmat66 ($275.29 in chips) 
Seat 4: YeeesMan ($109 in chips) 
Seat 6: CichiChanMarian ($100 in chips) 
easy_sarcasm: posts small blind $0.50
andutu34: posts big blind $1
*** HOLE CARDS ***
mikmat66: folds 
YeeesMan: folds 
CichiChanMarian: folds 
easy_sarcasm: folds 
Uncalled bet ($0.50) returned to andutu34
andutu34 collected $1 from pot
andutu34: doesn't show hand 
*** SUMMARY ***
Total pot $1 | Rake $0 
Seat 5: HaHeMu
Seat 1: easy_sarcasm (small blind) folded before Flop
Seat 2: andutu34 (big blind) collected ($1)
Seat 3: mikmat66 folded before Flop (didn't bet)
Seat 4: YeeesMan folded before Flop (didn't bet)
Seat 6: CichiChanMarian (button) folded before Flop (didn't bet)



PokerStars Hand #254741608378:  Hold'em No Limit ($0.50/$1.00 USD) - 2025/02/06 23:11:06 WET [2025/02/06 18:11:06 ET]
Table 'Zeuxo II' 6-max Seat #1 is the button
Seat 5: HaHeMu ($30 in chips) is sitting out
Seat 1: easy_sarcasm ($111.82 in chips) 
Seat 2: andutu34 ($104.57 in chips) 
Seat 3: mikmat66 ($275.29 in chips) 
Seat 4: YeeesMan ($109 in chips) 
Seat 6: CichiChanMarian ($100 in chips) 
andutu34: posts small blind $0.50
mikmat66: posts big blind $1
*** HOLE CARDS ***
YeeesMan: folds 
CichiChanMarian: folds 
easy_sarcasm: raises $1.20 to $2.20
andutu34: raises $7.83 to $10.03
mikmat66: folds 
easy_sarcasm: folds 
Uncalled bet ($7.83) returned to andutu34
andutu34 collected $5.40 from pot
andutu34: doesn't show hand 
*** SUMMARY ***
Total pot $5.40 | Rake $0 
Seat 5: HaHeMu
Seat 1: easy_sarcasm (button) folded before Flop
Seat 2: andutu34 (small blind) collected ($5.40)
Seat 3: mikmat66 (big blind) folded before Flop
Seat 4: YeeesMan folded before Flop (didn't bet)
Seat 6: CichiChanMarian folded before Flop (didn't bet)



PokerStars Hand #254741615376:  Hold'em No Limit ($0.50/$1.00 USD) - 2025/02/06 23:11:33 WET [2025/02/06 18:11:33 ET]
Table 'Zeuxo II' 6-max Seat #2 is the button
Seat 5: HaHeMu ($30 in chips) is sitting out
Seat 1: easy_sarcasm ($109.62 in chips) 
Seat 2: andutu34 ($107.77 in chips) 
Seat 3: mikmat66 ($274.29 in chips) 
Seat 4: YeeesMan ($109 in chips) 
Seat 6: CichiChanMarian ($100 in chips) 
mikmat66: posts small blind $0.50
YeeesMan: posts big blind $1
*** HOLE CARDS ***
CichiChanMarian: folds 
easy_sarcasm: folds 
andutu34: raises $1.49 to $2.49
mikmat66: folds 
HaHeMu leaves the table
Seavus10 joins the table at seat #5 
YeeesMan: folds 
Uncalled bet ($1.49) returned to andutu34
andutu34 collected $2.50 from pot
andutu34: doesn't show hand 
*** SUMMARY ***
Total pot $2.50 | Rake $0 
Seat 5: HaHeMu
Seat 1: easy_sarcasm folded before Flop (didn't bet)
Seat 2: andutu34 (button) collected ($2.50)
Seat 3: mikmat66 (small blind) folded before Flop
Seat 4: YeeesMan (big blind) folded before Flop
Seat 6: CichiChanMarian folded before Flop (didn't bet)



PokerStars Hand #254741620671:  Hold'em No Limit ($0.50/$1.00 USD) - 2025/02/06 23:11:54 WET [2025/02/06 18:11:54 ET]
Table 'Zeuxo II' 6-max Seat #3 is the button
Seat 1: easy_sarcasm ($109.62 in chips) 
Seat 2: andutu34 ($109.27 in chips) 
Seat 3: mikmat66 ($273.79 in chips) 
Seat 4: YeeesMan ($108 in chips) 
Seat 5: Seavus10 ($100 in chips) 
Seat 6: CichiChanMarian ($100 in chips) 
YeeesMan: posts small blind $0.50
Seavus10: posts big blind $1
*** HOLE CARDS ***
CichiChanMarian: folds 
easy_sarcasm: folds 
andutu34: folds 
mikmat66: raises $1 to $2
YeeesMan: raises $9 to $11
Seavus10: folds 
mikmat66: calls $9
*** FLOP *** [9s 7d 3h]
YeeesMan: checks 
mikmat66: checks 
*** TURN *** [9s 7d 3h] [8d]
YeeesMan: checks 
mikmat66: bets $14
YeeesMan: raises $28 to $42
mikmat66: calls $28
*** RIVER *** [9s 7d 3h 8d] [7s]
YeeesMan: checks 
mikmat66: checks 
*** SHOW DOWN ***
YeeesMan: shows [9c Tc] (two pair, Nines and Sevens)
mikmat66: mucks hand 
YeeesMan collected $104.50 from pot
*** SUMMARY ***
Total pot $107 | Rake $2.50 
Board [9s 7d 3h 8d 7s]
Seat 1: easy_sarcasm folded before Flop (didn't bet)
Seat 2: andutu34 folded before Flop (didn't bet)
Seat 3: mikmat66 (button) mucked
Seat 4: YeeesMan (small blind) showed [9c Tc] and won ($104.50) with two pair, Nines and Sevens
Seat 5: Seavus10 (big blind) folded before Flop
Seat 6: CichiChanMarian folded before Flop (didn't bet)



PokerStars Hand #254741645543:  Hold'em No Limit ($0.50/$1.00 USD) - 2025/02/06 23:13:30 WET [2025/02/06 18:13:30 ET]
Table 'Zeuxo II' 6-max Seat #4 is the button
Seat 1: easy_sarcasm ($109.62 in chips) 
Seat 2: andutu34 ($109.27 in chips) 
Seat 3: mikmat66 ($220.79 in chips) 
Seat 4: YeeesMan ($159.50 in chips) 
Seat 5: Seavus10 ($100 in chips) 
Seat 6: CichiChanMarian ($100 in chips) 
Seavus10: posts small blind $0.50
CichiChanMarian: posts big blind $1
*** HOLE CARDS ***
easy_sarcasm: raises $2 to $3
andutu34: folds 
mikmat66: folds 
YeeesMan: folds 
Seavus10: folds 
CichiChanMarian: folds 
Uncalled bet ($2) returned to easy_sarcasm
easy_sarcasm collected $2.50 from pot
*** SUMMARY ***
Total pot $2.50 | Rake $0 
Seat 1: easy_sarcasm collected ($2.50)
Seat 2: andutu34 folded before Flop (didn't bet)
Seat 3: mikmat66 folded before Flop (didn't bet)
Seat 4: YeeesMan (button) folded before Flop (didn't bet)
Seat 5: Seavus10 (small blind) folded before Flop
Seat 6: CichiChanMarian (big blind) folded before Flop



PokerStars Hand #254741653945:  Hold'em No Limit ($0.50/$1.00 USD) - 2025/02/06 23:14:02 WET [2025/02/06 18:14:02 ET]
Table 'Zeuxo II' 6-max Seat #5 is the button
Seat 1: easy_sarcasm ($111.12 in chips) 
Seat 2: andutu34 ($109.27 in chips) 
Seat 3: mikmat66 ($220.79 in chips) 
Seat 4: YeeesMan ($159.50 in chips) 
Seat 5: Seavus10 ($100 in chips) 
Seat 6: CichiChanMarian ($100 in chips) 
CichiChanMarian: posts small blind $0.50
easy_sarcasm: posts big blind $1
*** HOLE CARDS ***
andutu34: folds 
andutu34 leaves the table
mikmat66: raises $1 to $2
YeeesMan: folds 
BGS013 joins the table at seat #2 
Seavus10: folds 
CichiChanMarian: folds 
easy_sarcasm: raises $9.50 to $11.50
mikmat66: calls $9.50
*** FLOP *** [Td 3s 4h]
easy_sarcasm: bets $7.50
mikmat66: calls $7.50
*** TURN *** [Td 3s 4h] [Qc]
easy_sarcasm: checks 
mikmat66: checks 
*** RIVER *** [Td 3s 4h Qc] [Ac]
easy_sarcasm: checks 
mikmat66: bets $18.29
easy_sarcasm: folds 
Uncalled bet ($18.29) returned to mikmat66
mikmat66 collected $36.58 from pot
*** SUMMARY ***
Total pot $38.50 | Rake $1.92 
Board [Td 3s 4h Qc Ac]
Seat 1: easy_sarcasm (big blind) folded on the River
Seat 2: andutu34 folded before Flop (didn't bet)
Seat 3: mikmat66 collected ($36.58)
Seat 4: YeeesMan folded before Flop (didn't bet)
Seat 5: Seavus10 (button) folded before Flop (didn't bet)
Seat 6: CichiChanMarian (small blind) folded before Flop



PokerStars Hand #254741674771:  Hold'em No Limit ($0.50/$1.00 USD) - 2025/02/06 23:15:24 WET [2025/02/06 18:15:24 ET]
Table 'Zeuxo II' 6-max Seat #6 is the button
Seat 1: easy_sarcasm ($100 in chips) 
Seat 2: BGS013 ($100 in chips) 
Seat 3: mikmat66 ($238.37 in chips) 
Seat 4: YeeesMan ($159.50 in chips) 
Seat 5: Seavus10 ($100 in chips) 
Seat 6: CichiChanMarian ($100 in chips) 
easy_sarcasm: posts small blind $0.50
BGS013: posts big blind $1
*** HOLE CARDS ***
mikmat66: raises $2 to $3
YeeesMan: raises $6 to $9
Seavus10: folds 
CichiChanMarian: folds 
easy_sarcasm: folds 
BGS013: folds 
mikmat66: calls $6
*** FLOP *** [8d 2c 6h]
mikmat66: checks 
YeeesMan: bets $10.04
mikmat66: calls $10.04
*** TURN *** [8d 2c 6h] [4h]
mikmat66: checks 
YeeesMan: checks 
*** RIVER *** [8d 2c 6h 4h] [Jh]
mikmat66: checks 
YeeesMan: checks 
*** SHOW DOWN ***
mikmat66: shows [Kc Ah] (high card Ace)
YeeesMan: mucks hand 
mikmat66 collected $37.60 from pot
*** SUMMARY ***
Total pot $39.58 | Rake $1.98 
Board [8d 2c 6h 4h Jh]
Seat 1: easy_sarcasm (small blind) folded before Flop
Seat 2: BGS013 (big blind) folded before Flop
Seat 3: mikmat66 showed [Kc Ah] and won ($37.60) with high card Ace
Seat 4: YeeesMan mucked
Seat 5: Seavus10 folded before Flop (didn't bet)
Seat 6: CichiChanMarian (button) folded before Flop (didn't bet)



PokerStars Hand #254741690644:  Hold'em No Limit ($0.50/$1.00 USD) - 2025/02/06 23:16:26 WET [2025/02/06 18:16:26 ET]
Table 'Zeuxo II' 6-max Seat #1 is the button
Seat 1: easy_sarcasm ($100 in chips) 
Seat 2: BGS013 ($100 in chips) 
Seat 3: mikmat66 ($256.93 in chips) 
Seat 4: YeeesMan ($140.46 in chips) 
Seat 5: Seavus10 ($100 in chips) 
Seat 6: CichiChanMarian ($100 in chips) 
BGS013: posts small blind $0.50
mikmat66: posts big blind $1
*** HOLE CARDS ***
YeeesMan: folds 
Seavus10: folds 
CichiChanMarian: folds 
easy_sarcasm: raises $1.20 to $2.20
BGS013: folds 
mikmat66: folds 
Uncalled bet ($1.20) returned to easy_sarcasm
easy_sarcasm collected $2.50 from pot
*** SUMMARY ***
Total pot $2.50 | Rake $0 
Seat 1: easy_sarcasm (button) collected ($2.50)
Seat 2: BGS013 (small blind) folded before Flop
Seat 3: mikmat66 (big blind) folded before Flop
Seat 4: YeeesMan folded before Flop (didn't bet)
Seat 5: Seavus10 folded before Flop (didn't bet)
Seat 6: CichiChanMarian folded before Flop (didn't bet)



PokerStars Hand #254741694356:  Hold'em No Limit ($0.50/$1.00 USD) - 2025/02/06 23:16:40 WET [2025/02/06 18:16:40 ET]
Table 'Zeuxo II' 6-max Seat #2 is the button
Seat 4: YeeesMan ($140.46 in chips) is sitting out
Seat 1: easy_sarcasm ($101.50 in chips) 
Seat 2: BGS013 ($100 in chips) 
Seat 3: mikmat66 ($255.93 in chips) 
Seat 5: Seavus10 ($100 in chips) 
Seat 6: CichiChanMarian ($100 in chips) 
mikmat66: posts small blind $0.50
YeeesMan: is sitting out 
Seavus10: posts big blind $1
*** HOLE CARDS ***
CichiChanMarian: folds 
easy_sarcasm: folds 
BGS013: raises $1.50 to $2.50
mikmat66: folds 
Seavus10: folds 
Uncalled bet ($1.50) returned to BGS013
BGS013 collected $2.50 from pot
*** SUMMARY ***
Total pot $2.50 | Rake $0 
Seat 4: YeeesMan
Seat 1: easy_sarcasm folded before Flop (didn't bet)
Seat 2: BGS013 (button) collected ($2.50)
Seat 3: mikmat66 (small blind) folded before Flop
Seat 5: Seavus10 (big blind) folded before Flop
Seat 6: CichiChanMarian folded before Flop (didn't bet)



PokerStars Hand #254741701220:  Hold'em No Limit ($0.50/$1.00 USD) - 2025/02/06 23:17:07 WET [2025/02/06 18:17:07 ET]
Table 'Zeuxo II' 6-max Seat #3 is the button
Seat 4: YeeesMan ($140.46 in chips) is sitting out
Seat 6: CichiChanMarian ($100 in chips) is sitting out
Seat 1: easy_sarcasm ($101.50 in chips) 
Seat 2: BGS013 ($101.50 in chips) 
Seat 3: mikmat66 ($255.43 in chips) 
Seat 5: Seavus10 ($100 in chips) 
Seavus10: posts small blind $0.50
CichiChanMarian: is sitting out 
easy_sarcasm: posts big blind $1
*** HOLE CARDS ***
BGS013: folds 
mikmat66: folds 
Seavus10: folds 
Uncalled bet ($0.50) returned to easy_sarcasm
easy_sarcasm collected $1 from pot
*** SUMMARY ***
Total pot $1 | Rake $0 
Seat 4: YeeesMan
Seat 6: CichiChanMarian
Seat 1: easy_sarcasm (big blind) collected ($1)
Seat 2: BGS013 folded before Flop (didn't bet)
Seat 3: mikmat66 (button) folded before Flop (didn't bet)
Seat 5: Seavus10 (small blind) folded before Flop



PokerStars Hand #254741704904:  Hold'em No Limit ($0.50/$1.00 USD) - 2025/02/06 23:17:21 WET [2025/02/06 18:17:21 ET]
Table 'Zeuxo II' 6-max Seat #5 is the button
Seat 1: easy_sarcasm ($102 in chips) 
Seat 2: BGS013 ($101.50 in chips) 
Seat 3: mikmat66 ($255.43 in chips) 
Seat 5: Seavus10 ($100 in chips) 
easy_sarcasm: posts small blind $0.50
YeeesMan leaves the table
CichiChanMarian leaves the table
BGS013: posts big blind $1
*** HOLE CARDS ***
mikmat66: raises $1 to $2
AndreaBsAs joins the table at seat #6 
tintin641 joins the table at seat #4 
Seavus10: folds 
Seavus10 leaves the table
easy_sarcasm: raises $9 to $11
BGS013: folds 
mikmat66: calls $9
*** FLOP *** [7c 8d 9h]
easy_sarcasm: checks 
mikmat66: checks 
*** TURN *** [7c 8d 9h] [5s]
easy_sarcasm: checks 
mikmat66: checks 
*** RIVER *** [7c 8d 9h 5s] [3h]
easy_sarcasm: checks 
mikmat66: bets $11
easy_sarcasm: folds 
Uncalled bet ($11) returned to mikmat66
mikmat66 collected $22 from pot
*** SUMMARY ***
Total pot $23 | Rake $1 
Board [7c 8d 9h 5s 3h]
Seat 1: easy_sarcasm (small blind) folded on the River
Seat 2: BGS013 (big blind) folded before Flop
Seat 3: mikmat66 collected ($22)
Seat 5: Seavus10 (button) folded before Flop (didn't bet)



PokerStars Hand #254741718909:  Hold'em No Limit ($0.50/$1.00 USD) - 2025/02/06 23:18:16 WET [2025/02/06 18:18:16 ET]
Table 'Zeuxo II' 6-max Seat #1 is the button
Seat 4: tintin641 ($100 in chips) is sitting out
Seat 6: AndreaBsAs ($100 in chips) is sitting out
Seat 1: easy_sarcasm ($100 in chips) 
Seat 2: BGS013 ($100.50 in chips) 
Seat 3: mikmat66 ($266.43 in chips) 
BGS013: posts small blind $0.50
mikmat66: posts big blind $1
tintin641: sits out 
AndreaBsAs: sits out 
*** HOLE CARDS ***
easy_sarcasm: raises $1.20 to $2.20
BGS013: folds 
mikmat66: folds 
Uncalled bet ($1.20) returned to easy_sarcasm
easy_sarcasm collected $2.50 from pot
*** SUMMARY ***
Total pot $2.50 | Rake $0 
Seat 4: tintin641
Seat 6: AndreaBsAs
Seat 1: easy_sarcasm (button) collected ($2.50)
Seat 2: BGS013 (small blind) folded before Flop
Seat 3: mikmat66 (big blind) folded before Flop



PokerStars Hand #254741721504:  Hold'em No Limit ($0.50/$1.00 USD) - 2025/02/06 23:18:26 WET [2025/02/06 18:18:26 ET]
Table 'Zeuxo II' 6-max Seat #2 is the button
Seat 6: AndreaBsAs ($100 in chips) is sitting out
Seat 1: easy_sarcasm ($101.50 in chips) 
Seat 2: BGS013 ($100 in chips) 
Seat 3: mikmat66 ($265.43 in chips) 
Seat 4: tintin641 ($100 in chips) 
mikmat66: posts small blind $0.50
tintin641: posts big blind $1
AndreaBsAs: sits out 
*** HOLE CARDS ***
easy_sarcasm: folds 
Christianzt1 joins the table at seat #5 
BGS013: raises $1.50 to $2.50
mikmat66: folds 
tintin641: folds 
Uncalled bet ($1.50) returned to BGS013
BGS013 collected $2.50 from pot
BGS013: doesn't show hand 
*** SUMMARY ***
Total pot $2.50 | Rake $0 
Seat 6: AndreaBsAs
Seat 1: easy_sarcasm folded before Flop (didn't bet)
Seat 2: BGS013 (button) collected ($2.50)
Seat 3: mikmat66 (small blind) folded before Flop
Seat 4: tintin641 (big blind) folded before Flop



PokerStars Hand #254741724902:  Hold'em No Limit ($0.50/$1.00 USD) - 2025/02/06 23:18:40 WET [2025/02/06 18:18:40 ET]
Table 'Zeuxo II' 6-max Seat #3 is the button
Seat 6: AndreaBsAs ($100 in chips) is sitting out
Seat 1: easy_sarcasm ($101.50 in chips) 
Seat 2: BGS013 ($101.50 in chips) 
Seat 3: mikmat66 ($264.93 in chips) 
Seat 4: tintin641 ($100 in chips) 
Seat 5: Christianzt1 ($100 in chips) 
tintin641: posts small blind $0.50
Christianzt1: posts big blind $1
AndreaBsAs: sits out 
*** HOLE CARDS ***
easy_sarcasm: folds 
BGS013 has timed out
BGS013: folds 
mikmat66: raises $1 to $2
tintin641: folds 
Christianzt1: calls $1
*** FLOP *** [As Kh Qs]
Christianzt1: checks 
mikmat66: checks 
*** TURN *** [As Kh Qs] [Jd]
BGS013 leaves the table
Christianzt1: checks 
mikmat66: checks 
*** RIVER *** [As Kh Qs Jd] [7c]
Christianzt1: bets $1
mikmat66: raises $3 to $4
coeeeelho joins the table at seat #2 
Christianzt1: folds 
Uncalled bet ($3) returned to mikmat66
mikmat66 collected $6.18 from pot
*** SUMMARY ***
Total pot $6.50 | Rake $0.32 
Board [As Kh Qs Jd 7c]
Seat 6: AndreaBsAs
Seat 1: easy_sarcasm folded before Flop (didn't bet)
Seat 2: BGS013 folded before Flop (didn't bet)
Seat 3: mikmat66 (button) collected ($6.18)
Seat 4: tintin641 (small blind) folded before Flop
Seat 5: Christianzt1 (big blind) folded on the River



PokerStars Hand #254741741942:  Hold'em No Limit ($0.50/$1.00 USD) - 2025/02/06 23:19:47 WET [2025/02/06 18:19:47 ET]
Table 'Zeuxo II' 6-max Seat #4 is the button
Seat 2: coeeeelho ($100 in chips) is sitting out
Seat 1: easy_sarcasm ($101.50 in chips) 
Seat 3: mikmat66 ($268.11 in chips) 
Seat 4: tintin641 ($100 in chips) 
Seat 5: Christianzt1 ($100 in chips) 
Seat 6: AndreaBsAs ($100 in chips) 
Christianzt1: posts small blind $0.50
AndreaBsAs: posts big blind $1
coeeeelho: sits out 
*** HOLE CARDS ***
easy_sarcasm: folds 
mikmat66: folds 
tintin641: folds 
Christianzt1: folds 
Uncalled bet ($0.50) returned to AndreaBsAs
AndreaBsAs collected $1 from pot
*** SUMMARY ***
Total pot $1 | Rake $0 
Seat 2: coeeeelho
Seat 1: easy_sarcasm folded before Flop (didn't bet)
Seat 3: mikmat66 folded before Flop (didn't bet)
Seat 4: tintin641 (button) folded before Flop (didn't bet)
Seat 5: Christianzt1 (small blind) folded before Flop
Seat 6: AndreaBsAs (big blind) collected ($1)



PokerStars Hand #254741744799:  Hold'em No Limit ($0.50/$1.00 USD) - 2025/02/06 23:19:58 WET [2025/02/06 18:19:58 ET]
Table 'Zeuxo II' 6-max Seat #5 is the button
Seat 1: easy_sarcasm ($101.50 in chips) is sitting out
Seat 2: coeeeelho ($100 in chips) is sitting out
Seat 3: mikmat66 ($268.11 in chips) 
Seat 4: tintin641 ($100 in chips) 
Seat 5: Christianzt1 ($100 in chips) 
Seat 6: AndreaBsAs ($100.50 in chips) 
AndreaBsAs: posts small blind $0.50
easy_sarcasm: is sitting out 
coeeeelho: is sitting out 
mikmat66: posts big blind $1
*** HOLE CARDS ***
tintin641: folds 
easy_sarcasm leaves the table
Christianzt1: raises $1.50 to $2.50
AndreaBsAs: folds 
mikmat66: folds 
Uncalled bet ($1.50) returned to Christianzt1
Christianzt1 collected $2.50 from pot
*** SUMMARY ***
Total pot $2.50 | Rake $0 
Seat 1: easy_sarcasm
Seat 2: coeeeelho
Seat 3: mikmat66 (big blind) folded before Flop
Seat 4: tintin641 folded before Flop (didn't bet)
Seat 5: Christianzt1 (button) collected ($2.50)
Seat 6: AndreaBsAs (small blind) folded before Flop



PokerStars Hand #254741749356:  Hold'em No Limit ($0.50/$1.00 USD) - 2025/02/06 23:20:16 WET [2025/02/06 18:20:16 ET]
Table 'Zeuxo II' 6-max Seat #6 is the button
Seat 2: coeeeelho ($100 in chips) is sitting out
Seat 3: mikmat66 ($267.11 in chips) 
Seat 4: tintin641 ($100 in chips) 
Seat 5: Christianzt1 ($101.50 in chips) 
Seat 6: AndreaBsAs ($100 in chips) 
mikmat66: posts small blind $0.50
tintin641: posts big blind $1
*** HOLE CARDS ***
Christianzt1: folds 
AndreaBsAs: folds 
mikmat66: raises $1 to $2
tintin641: raises $6 to $8
coeeeelho leaves the table
mikmat66: folds 
Uncalled bet ($6) returned to tintin641
tintin641 collected $4 from pot
tintin641: doesn't show hand 
Mu.Rothbard joins the table at seat #1 
*** SUMMARY ***
Total pot $4 | Rake $0 
Seat 2: coeeeelho
Seat 3: mikmat66 (small blind) folded before Flop
Seat 4: tintin641 (big blind) collected ($4)
Seat 5: Christianzt1 folded before Flop (didn't bet)
Seat 6: AndreaBsAs (button) folded before Flop (didn't bet)



PokerStars Hand #254741758166:  Hold'em No Limit ($0.50/$1.00 USD) - 2025/02/06 23:20:50 WET [2025/02/06 18:20:50 ET]
Table 'Zeuxo II' 6-max Seat #3 is the button
Seat 1: Mu.Rothbard ($100 in chips) is sitting out
Seat 3: mikmat66 ($265.11 in chips) 
Seat 4: tintin641 ($102 in chips) 
Seat 5: Christianzt1 ($101.50 in chips) 
Seat 6: AndreaBsAs ($100 in chips) 
tintin641: posts small blind $0.50
Christianzt1: posts big blind $1
Mu.Rothbard: sits out 
*** HOLE CARDS ***
AndreaBsAs: raises $1.50 to $2.50
mikmat66: folds 
tintin641: folds 
Christianzt1: calls $1.50
*** FLOP *** [8h 8s 9h]
Christianzt1: checks 
steepfell joins the table at seat #2 
AndreaBsAs: bets $1.72
Christianzt1: raises $2.86 to $4.58
AndreaBsAs: folds 
Uncalled bet ($2.86) returned to Christianzt1
Christianzt1 collected $8.49 from pot
*** SUMMARY ***
Total pot $8.94 | Rake $0.45 
Board [8h 8s 9h]
Seat 1: Mu.Rothbard
Seat 3: mikmat66 (button) folded before Flop (didn't bet)
Seat 4: tintin641 (small blind) folded before Flop
Seat 5: Christianzt1 (big blind) collected ($8.49)
Seat 6: AndreaBsAs folded on the Flop



PokerStars Hand #254741769925:  Hold'em No Limit ($0.50/$1.00 USD) - 2025/02/06 23:21:36 WET [2025/02/06 18:21:36 ET]
Table 'Zeuxo II' 6-max Seat #4 is the button
Seat 1: Mu.Rothbard ($100 in chips) is sitting out
Seat 2: steepfell ($100 in chips) is sitting out
Seat 3: mikmat66 ($265.11 in chips) 
Seat 4: tintin641 ($101.50 in chips) 
Seat 5: Christianzt1 ($105.77 in chips) 
Seat 6: AndreaBsAs ($100 in chips) 
Christianzt1: posts small blind $0.50
AndreaBsAs: posts big blind $1
Mu.Rothbard: sits out 
steepfell: sits out 
*** HOLE CARDS ***
mikmat66: folds 
tintin641: folds 
Christianzt1: folds 
Uncalled bet ($0.50) returned to AndreaBsAs
AndreaBsAs collected $1 from pot
*** SUMMARY ***
Total pot $1 | Rake $0 
Seat 1: Mu.Rothbard
Seat 2: steepfell
Seat 3: mikmat66 folded before Flop (didn't bet)
Seat 4: tintin641 (button) folded before Flop (didn't bet)
Seat 5: Christianzt1 (small blind) folded before Flop
Seat 6: AndreaBsAs (big blind) collected ($1)



PokerStars Hand #254741772634:  Hold'em No Limit ($0.50/$1.00 USD) - 2025/02/06 23:21:47 WET [2025/02/06 18:21:47 ET]
Table 'Zeuxo II' 6-max Seat #5 is the button
Seat 2: steepfell ($100 in chips) is sitting out
Seat 1: Mu.Rothbard ($100 in chips) 
Seat 3: mikmat66 ($265.11 in chips) 
Seat 4: tintin641 ($101.50 in chips) 
Seat 5: Christianzt1 ($105.27 in chips) 
Seat 6: AndreaBsAs ($100.50 in chips) 
AndreaBsAs: posts small blind $0.50
Mu.Rothbard: posts big blind $1
steepfell: sits out 
*** HOLE CARDS ***
mikmat66: folds 
tintin641: raises $1.50 to $2.50
Christianzt1: folds 
AndreaBsAs: folds 
Mu.Rothbard has timed out
Mu.Rothbard: folds 
Uncalled bet ($1.50) returned to tintin641
tintin641 collected $2.50 from pot
tintin641: doesn't show hand 
*** SUMMARY ***
Total pot $2.50 | Rake $0 
Seat 2: steepfell
Seat 1: Mu.Rothbard (big blind) folded before Flop
Seat 3: mikmat66 folded before Flop (didn't bet)
Seat 4: tintin641 collected ($2.50)
Seat 5: Christianzt1 (button) folded before Flop (didn't bet)
Seat 6: AndreaBsAs (small blind) folded before Flop



PokerStars Hand #254741784922:  Hold'em No Limit ($0.50/$1.00 USD) - 2025/02/06 23:22:35 WET [2025/02/06 18:22:35 ET]
Table 'Zeuxo II' 6-max Seat #6 is the button
Seat 1: Mu.Rothbard ($100 in chips) is sitting out
Seat 2: steepfell ($100 in chips) is sitting out
Seat 3: mikmat66 ($265.11 in chips) 
Seat 4: tintin641 ($103 in chips) 
Seat 5: Christianzt1 ($105.27 in chips) 
Seat 6: AndreaBsAs ($100 in chips) 
mikmat66: posts small blind $0.50
tintin641: posts big blind $1
*** HOLE CARDS ***
Christianzt1: folds 
AndreaBsAs: folds 
mikmat66: folds 
Uncalled bet ($0.50) returned to tintin641
tintin641 collected $1 from pot
tintin641: doesn't show hand 
*** SUMMARY ***
Total pot $1 | Rake $0 
Seat 1: Mu.Rothbard
Seat 2: steepfell
Seat 3: mikmat66 (small blind) folded before Flop
Seat 4: tintin641 (big blind) collected ($1)
Seat 5: Christianzt1 folded before Flop (didn't bet)
Seat 6: AndreaBsAs (button) folded before Flop (didn't bet)



PokerStars Hand #254741789626:  Hold'em No Limit ($0.50/$1.00 USD) - 2025/02/06 23:22:53 WET [2025/02/06 18:22:53 ET]
Table 'Zeuxo II' 6-max Seat #3 is the button
Seat 1: Mu.Rothbard ($100 in chips) is sitting out
Seat 5: Christianzt1 ($105.27 in chips) is sitting out
Seat 6: AndreaBsAs ($100 in chips) is sitting out
Seat 2: steepfell ($100 in chips) 
Seat 3: mikmat66 ($264.61 in chips) 
Seat 4: tintin641 ($103.50 in chips) 
tintin641: posts small blind $0.50
Christianzt1: is sitting out 
AndreaBsAs: is sitting out 
steepfell: posts big blind $1
*** HOLE CARDS ***
Christianzt1 leaves the table
mikmat66: raises $1 to $2
tintin641: folds 
steepfell: folds 
Uncalled bet ($1) returned to mikmat66
J0SHB0SH joins the table at seat #5 
mikmat66 collected $2.50 from pot
*** SUMMARY ***
Total pot $2.50 | Rake $0 
Seat 1: Mu.Rothbard
Seat 5: Christianzt1
Seat 6: AndreaBsAs
Seat 2: steepfell (big blind) folded before Flop
Seat 3: mikmat66 (button) collected ($2.50)
Seat 4: tintin641 (small blind) folded before Flop



PokerStars Hand #254741792917:  Hold'em No Limit ($0.50/$1.00 USD) - 2025/02/06 23:23:07 WET [2025/02/06 18:23:07 ET]
Table 'Zeuxo II' 6-max Seat #4 is the button
Seat 1: Mu.Rothbard ($100 in chips) is sitting out
Seat 5: J0SHB0SH ($100 in chips) is sitting out
Seat 6: AndreaBsAs ($100 in chips) is sitting out
Seat 2: steepfell ($100 in chips) 
Seat 3: mikmat66 ($266.11 in chips) 
Seat 4: tintin641 ($103 in chips) 
steepfell: posts small blind $0.50
mikmat66: posts big blind $1
*** HOLE CARDS ***
tintin641: raises $1.50 to $2.50
steepfell: folds 
mikmat66: calls $1.50
*** FLOP *** [5s 5h 8s]
mikmat66: bets $2.61
tintin641: raises $5.22 to $7.83
mikmat66: folds 
Uncalled bet ($5.22) returned to tintin641
tintin641 collected $10.18 from pot
tintin641: doesn't show hand 
*** SUMMARY ***
Total pot $10.72 | Rake $0.54 
Board [5s 5h 8s]
Seat 1: Mu.Rothbard
Seat 5: J0SHB0SH
Seat 6: AndreaBsAs
Seat 2: steepfell (small blind) folded before Flop
Seat 3: mikmat66 (big blind) folded on the Flop
Seat 4: tintin641 (button) collected ($10.18)



PokerStars Hand #254741804183:  Hold'em No Limit ($0.50/$1.00 USD) - 2025/02/06 23:23:51 WET [2025/02/06 18:23:51 ET]
Table 'Zeuxo II' 6-max Seat #2 is the button
Seat 1: Mu.Rothbard ($100 in chips) is sitting out
Seat 5: J0SHB0SH ($100 in chips) is sitting out
Seat 6: AndreaBsAs ($100 in chips) is sitting out
Seat 2: steepfell ($100 in chips) 
Seat 3: mikmat66 ($261 in chips) 
Seat 4: tintin641 ($108.07 in chips) 
mikmat66: posts small blind $0.50
tintin641: posts big blind $1
J0SHB0SH: sits out 
AndreaBsAs: sits out 
*** HOLE CARDS ***
steepfell: folds 
mikmat66: folds 
Uncalled bet ($0.50) returned to tintin641
tintin641 collected $1 from pot
tintin641: doesn't show hand 
*** SUMMARY ***
Total pot $1 | Rake $0 
Seat 1: Mu.Rothbard
Seat 5: J0SHB0SH
Seat 6: AndreaBsAs
Seat 2: steepfell (button) folded before Flop (didn't bet)
Seat 3: mikmat66 (small blind) folded before Flop
Seat 4: tintin641 (big blind) collected ($1)



PokerStars Hand #254741805911:  Hold'em No Limit ($0.50/$1.00 USD) - 2025/02/06 23:23:57 WET [2025/02/06 18:23:57 ET]
Table 'Zeuxo II' 6-max Seat #3 is the button
Seat 1: Mu.Rothbard ($100 in chips) is sitting out
Seat 6: AndreaBsAs ($100 in chips) is sitting out
Seat 2: steepfell ($100 in chips) 
Seat 3: mikmat66 ($260.50 in chips) 
Seat 4: tintin641 ($108.57 in chips) 
Seat 5: J0SHB0SH ($100 in chips) 
tintin641: posts small blind $0.50
J0SHB0SH: posts big blind $1
AndreaBsAs: sits out 
*** HOLE CARDS ***
steepfell: folds 
mikmat66: folds 
tintin641: folds 
Uncalled bet ($0.50) returned to J0SHB0SH
J0SHB0SH collected $1 from pot
J0SHB0SH: doesn't show hand 
*** SUMMARY ***
Total pot $1 | Rake $0 
Seat 1: Mu.Rothbard
Seat 6: AndreaBsAs
Seat 2: steepfell folded before Flop (didn't bet)
Seat 3: mikmat66 (button) folded before Flop (didn't bet)
Seat 4: tintin641 (small blind) folded before Flop
Seat 5: J0SHB0SH (big blind) collected ($1)



PokerStars Hand #254741807958:  Hold'em No Limit ($0.50/$1.00 USD) - 2025/02/06 23:24:05 WET [2025/02/06 18:24:05 ET]
Table 'Zeuxo II' 6-max Seat #4 is the button
Seat 1: Mu.Rothbard ($100 in chips) is sitting out
Seat 2: steepfell ($100 in chips) 
Seat 3: mikmat66 ($260.50 in chips) 
Seat 4: tintin641 ($108.07 in chips) 
Seat 5: J0SHB0SH ($100.50 in chips) 
Seat 6: AndreaBsAs ($100 in chips) 
J0SHB0SH: posts small blind $0.50
AndreaBsAs: posts big blind $1
*** HOLE CARDS ***
steepfell: raises $1.50 to $2.50
mikmat66: folds 
tintin641: folds 
J0SHB0SH: folds 
AndreaBsAs: folds 
Uncalled bet ($1.50) returned to steepfell
steepfell collected $2.50 from pot
steepfell: doesn't show hand 
*** SUMMARY ***
Total pot $2.50 | Rake $0 
Seat 1: Mu.Rothbard
Seat 2: steepfell collected ($2.50)
Seat 3: mikmat66 folded before Flop (didn't bet)
Seat 4: tintin641 (button) folded before Flop (didn't bet)
Seat 5: J0SHB0SH (small blind) folded before Flop
Seat 6: AndreaBsAs (big blind) folded before Flop



PokerStars Hand #254741813514:  Hold'em No Limit ($0.50/$1.00 USD) - 2025/02/06 23:24:27 WET [2025/02/06 18:24:27 ET]
Table 'Zeuxo II' 6-max Seat #5 is the button
Seat 1: Mu.Rothbard ($100 in chips) 
Seat 2: steepfell ($101.50 in chips) 
Seat 3: mikmat66 ($260.50 in chips) 
Seat 4: tintin641 ($108.07 in chips) 
Seat 5: J0SHB0SH ($100 in chips) 
Seat 6: AndreaBsAs ($100 in chips) 
AndreaBsAs: posts small blind $0.50
Mu.Rothbard: posts big blind $1
*** HOLE CARDS ***
steepfell: folds 
mikmat66: folds 
tintin641: folds 
J0SHB0SH: raises $1.50 to $2.50
AndreaBsAs: folds 
Mu.Rothbard: folds 
Uncalled bet ($1.50) returned to J0SHB0SH
J0SHB0SH collected $2.50 from pot
J0SHB0SH: doesn't show hand 
*** SUMMARY ***
Total pot $2.50 | Rake $0 
Seat 1: Mu.Rothbard (big blind) folded before Flop
Seat 2: steepfell folded before Flop (didn't bet)
Seat 3: mikmat66 folded before Flop (didn't bet)
Seat 4: tintin641 folded before Flop (didn't bet)
Seat 5: J0SHB0SH (button) collected ($2.50)
Seat 6: AndreaBsAs (small blind) folded before Flop



PokerStars Hand #254741817339:  Hold'em No Limit ($0.50/$1.00 USD) - 2025/02/06 23:24:42 WET [2025/02/06 18:24:42 ET]
Table 'Zeuxo II' 6-max Seat #6 is the button
Seat 2: steepfell ($101.50 in chips) is sitting out
Seat 1: Mu.Rothbard ($100 in chips) 
Seat 3: mikmat66 ($260.50 in chips) 
Seat 4: tintin641 ($108.07 in chips) 
Seat 5: J0SHB0SH ($101.50 in chips) 
Seat 6: AndreaBsAs ($100 in chips) 
Mu.Rothbard: posts small blind $0.50
steepfell: is sitting out 
mikmat66: posts big blind $1
*** HOLE CARDS ***
tintin641: folds 
J0SHB0SH: folds 
AndreaBsAs: folds 
steepfell leaves the table
Mu.Rothbard: raises $2 to $3
mikmat66: calls $2
*** FLOP *** [7c Qs 4c]
Mu.Rothbard: bets $1.82
mikmat66: calls $1.82
*** TURN *** [7c Qs 4c] [Ah]
Mu.Rothbard: bets $6.41
mikmat66: calls $6.41
*** RIVER *** [7c Qs 4c Ah] [Kc]
Mu.Rothbard: checks 
mikmat66: bets $10.67
Mu.Rothbard: folds 
Uncalled bet ($10.67) returned to mikmat66
mikmat66 collected $21.34 from pot
*** SUMMARY ***
Total pot $22.46 | Rake $1.12 
Board [7c Qs 4c Ah Kc]
Seat 2: steepfell
Seat 1: Mu.Rothbard (small blind) folded on the River
Seat 3: mikmat66 (big blind) collected ($21.34)
Seat 4: tintin641 folded before Flop (didn't bet)
Seat 5: J0SHB0SH folded before Flop (didn't bet)
Seat 6: AndreaBsAs (button) folded before Flop (didn't bet)



PokerStars Hand #254741828487:  Hold'em No Limit ($0.50/$1.00 USD) - 2025/02/06 23:25:25 WET [2025/02/06 18:25:25 ET]
Table 'Zeuxo II' 6-max Seat #1 is the button
Seat 1: Mu.Rothbard ($100 in chips) 
Seat 3: mikmat66 ($270.61 in chips) 
Seat 4: tintin641 ($108.07 in chips) 
Seat 5: J0SHB0SH ($101.50 in chips) 
Seat 6: AndreaBsAs ($100 in chips) 
mikmat66: posts small blind $0.50
tintin641: posts big blind $1
*** HOLE CARDS ***
J0SHB0SH: folds 
canon562105 joins the table at seat #2 
AndreaBsAs: folds 
Mu.Rothbard: folds 
mikmat66: raises $1 to $2
tintin641: calls $1
*** FLOP *** [Th 2s Ac]
mikmat66: bets $1.90
tintin641: folds 
Uncalled bet ($1.90) returned to mikmat66
mikmat66 collected $3.80 from pot
*** SUMMARY ***
Total pot $4 | Rake $0.20 
Board [Th 2s Ac]
Seat 1: Mu.Rothbard (button) folded before Flop (didn't bet)
Seat 3: mikmat66 (small blind) collected ($3.80)
Seat 4: tintin641 (big blind) folded on the Flop
Seat 5: J0SHB0SH folded before Flop (didn't bet)
Seat 6: AndreaBsAs folded before Flop (didn't bet)



PokerStars Hand #254741838942:  Hold'em No Limit ($0.50/$1.00 USD) - 2025/02/06 23:26:07 WET [2025/02/06 18:26:07 ET]
Table 'Zeuxo II' 6-max Seat #3 is the button
Seat 1: Mu.Rothbard ($100 in chips) 
Seat 2: canon562105 ($100 in chips) 
Seat 3: mikmat66 ($272.41 in chips) 
Seat 4: tintin641 ($106.07 in chips) 
Seat 5: J0SHB0SH ($101.50 in chips) 
Seat 6: AndreaBsAs ($100 in chips) 
tintin641: posts small blind $0.50
J0SHB0SH: posts big blind $1
canon562105: posts big blind $1
*** HOLE CARDS ***
AndreaBsAs: raises $3 to $4
Mu.Rothbard: calls $4
canon562105: folds 
mikmat66: calls $4
tintin641: folds 
J0SHB0SH: folds 
*** FLOP *** [3s 3c 4c]
AndreaBsAs: bets $4.55
Mu.Rothbard: folds 
mikmat66: folds 
Uncalled bet ($4.55) returned to AndreaBsAs
AndreaBsAs collected $13.78 from pot
*** SUMMARY ***
Total pot $14.50 | Rake $0.72 
Board [3s 3c 4c]
Seat 1: Mu.Rothbard folded on the Flop
Seat 2: canon562105 folded before Flop (didn't bet)
Seat 3: mikmat66 (button) folded on the Flop
Seat 4: tintin641 (small blind) folded before Flop
Seat 5: J0SHB0SH (big blind) folded before Flop
Seat 6: AndreaBsAs collected ($13.78)



PokerStars Hand #254741848235:  Hold'em No Limit ($0.50/$1.00 USD) - 2025/02/06 23:26:43 WET [2025/02/06 18:26:43 ET]
Table 'Zeuxo II' 6-max Seat #4 is the button
Seat 1: Mu.Rothbard ($100 in chips) 
Seat 2: canon562105 ($99 in chips) 
Seat 3: mikmat66 ($268.41 in chips) 
Seat 4: tintin641 ($105.57 in chips) 
Seat 5: J0SHB0SH ($100.50 in chips) 
Seat 6: AndreaBsAs ($109.78 in chips) 
J0SHB0SH: posts small blind $0.50
AndreaBsAs: posts big blind $1
*** HOLE CARDS ***
Mu.Rothbard: folds 
canon562105: folds 
mikmat66: raises $2 to $3
tintin641: folds 
J0SHB0SH: folds 
AndreaBsAs: calls $2
*** FLOP *** [2c Jh 3h]
AndreaBsAs: checks 
mikmat66: checks 
*** TURN *** [2c Jh 3h] [4d]
AndreaBsAs: checks 
mikmat66: bets $5
AndreaBsAs: calls $5
*** RIVER *** [2c Jh 3h 4d] [Qh]
AndreaBsAs: checks 
mikmat66: bets $9
AndreaBsAs: folds 
Uncalled bet ($9) returned to mikmat66
mikmat66 collected $15.68 from pot
*** SUMMARY ***
Total pot $16.50 | Rake $0.82 
Board [2c Jh 3h 4d Qh]
Seat 1: Mu.Rothbard folded before Flop (didn't bet)
Seat 2: canon562105 folded before Flop (didn't bet)
Seat 3: mikmat66 collected ($15.68)
Seat 4: tintin641 (button) folded before Flop (didn't bet)
Seat 5: J0SHB0SH (small blind) folded before Flop
Seat 6: AndreaBsAs (big blind) folded on the River



PokerStars Hand #254741865965:  Hold'em No Limit ($0.50/$1.00 USD) - 2025/02/06 23:27:53 WET [2025/02/06 18:27:53 ET]
Table 'Zeuxo II' 6-max Seat #5 is the button
Seat 1: Mu.Rothbard ($100 in chips) 
Seat 2: canon562105 ($99 in chips) 
Seat 3: mikmat66 ($276.09 in chips) 
Seat 4: tintin641 ($105.57 in chips) 
Seat 5: J0SHB0SH ($100 in chips) 
Seat 6: AndreaBsAs ($101.78 in chips) 
AndreaBsAs: posts small blind $0.50
Mu.Rothbard: posts big blind $1
*** HOLE CARDS ***
canon562105: raises $1 to $2
mikmat66: folds 
tintin641: folds 
J0SHB0SH: folds 
AndreaBsAs: folds 
Mu.Rothbard: folds 
Uncalled bet ($1) returned to canon562105
canon562105 collected $2.50 from pot
canon562105: doesn't show hand 
*** SUMMARY ***
Total pot $2.50 | Rake $0 
Seat 1: Mu.Rothbard (big blind) folded before Flop
Seat 2: canon562105 collected ($2.50)
Seat 3: mikmat66 folded before Flop (didn't bet)
Seat 4: tintin641 folded before Flop (didn't bet)
Seat 5: J0SHB0SH (button) folded before Flop (didn't bet)
Seat 6: AndreaBsAs (small blind) folded before Flop



PokerStars Hand #254741873535:  Hold'em No Limit ($0.50/$1.00 USD) - 2025/02/06 23:28:22 WET [2025/02/06 18:28:22 ET]
Table 'Zeuxo II' 6-max Seat #6 is the button
Seat 1: Mu.Rothbard ($100 in chips) 
Seat 2: canon562105 ($100.50 in chips) 
Seat 3: mikmat66 ($276.09 in chips) 
Seat 4: tintin641 ($105.57 in chips) 
Seat 5: J0SHB0SH ($100 in chips) 
Seat 6: AndreaBsAs ($101.28 in chips) 
Mu.Rothbard: posts small blind $0.50
canon562105: posts big blind $1
*** HOLE CARDS ***
mikmat66: folds 
tintin641: folds 
J0SHB0SH: folds 
AndreaBsAs: folds 
Mu.Rothbard: raises $2 to $3
canon562105: raises $2 to $5
Mu.Rothbard: raises $12 to $17
canon562105: calls $12
*** FLOP *** [Ks 6d Tc]
Mu.Rothbard: bets $83 and is all-in
canon562105: folds 
Uncalled bet ($83) returned to Mu.Rothbard
Mu.Rothbard collected $32.30 from pot
Mu.Rothbard: doesn't show hand 
*** SUMMARY ***
Total pot $34 | Rake $1.70 
Board [Ks 6d Tc]
Seat 1: Mu.Rothbard (small blind) collected ($32.30)
Seat 2: canon562105 (big blind) folded on the Flop
Seat 3: mikmat66 folded before Flop (didn't bet)
Seat 4: tintin641 folded before Flop (didn't bet)
Seat 5: J0SHB0SH folded before Flop (didn't bet)
Seat 6: AndreaBsAs (button) folded before Flop (didn't bet)



PokerStars Hand #254741883717:  Hold'em No Limit ($0.50/$1.00 USD) - 2025/02/06 23:29:02 WET [2025/02/06 18:29:02 ET]
Table 'Zeuxo II' 6-max Seat #1 is the button
Seat 1: Mu.Rothbard ($115.30 in chips) 
Seat 2: canon562105 ($83.50 in chips) 
Seat 3: mikmat66 ($276.09 in chips) 
Seat 4: tintin641 ($105.57 in chips) 
Seat 5: J0SHB0SH ($100 in chips) 
Seat 6: AndreaBsAs ($101.28 in chips) 
canon562105: posts small blind $0.50
mikmat66: posts big blind $1
*** HOLE CARDS ***
tintin641: raises $1.50 to $2.50
J0SHB0SH: raises $5 to $7.50
AndreaBsAs: folds 
Mu.Rothbard: folds 
canon562105: folds 
mikmat66: folds 
tintin641: folds 
Uncalled bet ($5) returned to J0SHB0SH
J0SHB0SH collected $6.50 from pot
J0SHB0SH: doesn't show hand 
*** SUMMARY ***
Total pot $6.50 | Rake $0 
Seat 1: Mu.Rothbard (button) folded before Flop (didn't bet)
Seat 2: canon562105 (small blind) folded before Flop
Seat 3: mikmat66 (big blind) folded before Flop
Seat 4: tintin641 folded before Flop
Seat 5: J0SHB0SH collected ($6.50)
Seat 6: AndreaBsAs folded before Flop (didn't bet)



PokerStars Hand #254741887997:  Hold'em No Limit ($0.50/$1.00 USD) - 2025/02/06 23:29:20 WET [2025/02/06 18:29:20 ET]
Table 'Zeuxo II' 6-max Seat #2 is the button
Seat 1: Mu.Rothbard ($115.30 in chips) 
Seat 2: canon562105 ($83 in chips) 
Seat 3: mikmat66 ($275.09 in chips) 
Seat 4: tintin641 ($103.07 in chips) 
Seat 5: J0SHB0SH ($104 in chips) 
Seat 6: AndreaBsAs ($101.28 in chips) 
mikmat66: posts small blind $0.50
tintin641: posts big blind $1
*** HOLE CARDS ***
J0SHB0SH: folds 
AndreaBsAs: raises $1.20 to $2.20
Mu.Rothbard: folds 
canon562105: calls $2.20
mikmat66: folds 
tintin641: folds 
*** FLOP *** [8h 9h 5h]
AndreaBsAs: bets $1.85
canon562105: folds 
Uncalled bet ($1.85) returned to AndreaBsAs
AndreaBsAs collected $5.60 from pot
*** SUMMARY ***
Total pot $5.90 | Rake $0.30 
Board [8h 9h 5h]
Seat 1: Mu.Rothbard folded before Flop (didn't bet)
Seat 2: canon562105 (button) folded on the Flop
Seat 3: mikmat66 (small blind) folded before Flop
Seat 4: tintin641 (big blind) folded before Flop
Seat 5: J0SHB0SH folded before Flop (didn't bet)
Seat 6: AndreaBsAs collected ($5.60)



PokerStars Hand #254741896384:  Hold'em No Limit ($0.50/$1.00 USD) - 2025/02/06 23:29:53 WET [2025/02/06 18:29:53 ET]
Table 'Zeuxo II' 6-max Seat #3 is the button
Seat 1: Mu.Rothbard ($115.30 in chips) 
Seat 2: canon562105 ($100 in chips) 
Seat 3: mikmat66 ($274.59 in chips) 
Seat 4: tintin641 ($102.07 in chips) 
Seat 5: J0SHB0SH ($104 in chips) 
Seat 6: AndreaBsAs ($104.68 in chips) 
tintin641: posts small blind $0.50
J0SHB0SH: posts big blind $1
*** HOLE CARDS ***
AndreaBsAs: folds 
Mu.Rothbard: folds 
canon562105: folds 
mikmat66: folds 
tintin641: folds 
Uncalled bet ($0.50) returned to J0SHB0SH
J0SHB0SH collected $1 from pot
J0SHB0SH: doesn't show hand 
*** SUMMARY ***
Total pot $1 | Rake $0 
Seat 1: Mu.Rothbard folded before Flop (didn't bet)
Seat 2: canon562105 folded before Flop (didn't bet)
Seat 3: mikmat66 (button) folded before Flop (didn't bet)
Seat 4: tintin641 (small blind) folded before Flop
Seat 5: J0SHB0SH (big blind) collected ($1)
Seat 6: AndreaBsAs folded before Flop (didn't bet)



PokerStars Hand #254741900233:  Hold'em No Limit ($0.50/$1.00 USD) - 2025/02/06 23:30:08 WET [2025/02/06 18:30:08 ET]
Table 'Zeuxo II' 6-max Seat #4 is the button
Seat 1: Mu.Rothbard ($115.30 in chips) 
Seat 2: canon562105 ($100 in chips) 
Seat 3: mikmat66 ($274.59 in chips) 
Seat 4: tintin641 ($101.57 in chips) 
Seat 5: J0SHB0SH ($104.50 in chips) 
Seat 6: AndreaBsAs ($104.68 in chips) 
J0SHB0SH: posts small blind $0.50
AndreaBsAs: posts big blind $1
*** HOLE CARDS ***
Mu.Rothbard: folds 
canon562105: folds 
mikmat66: folds 
tintin641: raises $1.50 to $2.50
J0SHB0SH: folds 
AndreaBsAs: calls $1.50
*** FLOP *** [Ac 4d 2s]
AndreaBsAs: checks 
tintin641: checks 
*** TURN *** [Ac 4d 2s] [9c]
AndreaBsAs: checks 
tintin641: checks 
*** RIVER *** [Ac 4d 2s 9c] [As]
AndreaBsAs: bets $4.02
tintin641: calls $4.02
*** SHOW DOWN ***
AndreaBsAs: shows [8c 6c] (a pair of Aces)
tintin641: shows [Ah 3d] (three of a kind, Aces)
tintin641 collected $12.86 from pot
*** SUMMARY ***
Total pot $13.54 | Rake $0.68 
Board [Ac 4d 2s 9c As]
Seat 1: Mu.Rothbard folded before Flop (didn't bet)
Seat 2: canon562105 folded before Flop (didn't bet)
Seat 3: mikmat66 folded before Flop (didn't bet)
Seat 4: tintin641 (button) showed [Ah 3d] and won ($12.86) with three of a kind, Aces
Seat 5: J0SHB0SH (small blind) folded before Flop
Seat 6: AndreaBsAs (big blind) showed [8c 6c] and lost with a pair of Aces



PokerStars Hand #254741917579:  Hold'em No Limit ($0.50/$1.00 USD) - 2025/02/06 23:31:17 WET [2025/02/06 18:31:17 ET]
Table 'Zeuxo II' 6-max Seat #5 is the button
Seat 1: Mu.Rothbard ($115.30 in chips) 
Seat 2: canon562105 ($100 in chips) 
Seat 3: mikmat66 ($274.59 in chips) 
Seat 4: tintin641 ($107.91 in chips) 
Seat 5: J0SHB0SH ($104 in chips) 
Seat 6: AndreaBsAs ($100 in chips) 
AndreaBsAs: posts small blind $0.50
Mu.Rothbard: posts big blind $1
*** HOLE CARDS ***
canon562105: folds 
mikmat66: raises $1 to $2
tintin641: folds 
J0SHB0SH: calls $2
AndreaBsAs: folds 
Mu.Rothbard: calls $1
*** FLOP *** [Td 8h 9h]
Mu.Rothbard: checks 
mikmat66: checks 
J0SHB0SH: checks 
*** TURN *** [Td 8h 9h] [9s]
Mu.Rothbard: bets $3.21
mikmat66: calls $3.21
J0SHB0SH: folds 
*** RIVER *** [Td 8h 9h 9s] [2s]
Mu.Rothbard: checks 
mikmat66: checks 
*** SHOW DOWN ***
Mu.Rothbard: shows [Kd 8d] (two pair, Nines and Eights)
mikmat66: mucks hand 
Mu.Rothbard collected $12.27 from pot
*** SUMMARY ***
Total pot $12.92 | Rake $0.65 
Board [Td 8h 9h 9s 2s]
Seat 1: Mu.Rothbard (big blind) showed [Kd 8d] and won ($12.27) with two pair, Nines and Eights
Seat 2: canon562105 folded before Flop (didn't bet)
Seat 3: mikmat66 mucked
Seat 4: tintin641 folded before Flop (didn't bet)
Seat 5: J0SHB0SH (button) folded on the Turn
Seat 6: AndreaBsAs (small blind) folded before Flop



PokerStars Hand #254741929723:  Hold'em No Limit ($0.50/$1.00 USD) - 2025/02/06 23:32:06 WET [2025/02/06 18:32:06 ET]
Table 'Zeuxo II' 6-max Seat #6 is the button
Seat 1: Mu.Rothbard ($122.36 in chips) 
Seat 2: canon562105 ($100 in chips) 
Seat 3: mikmat66 ($269.38 in chips) 
Seat 4: tintin641 ($107.91 in chips) 
Seat 5: J0SHB0SH ($102 in chips) 
Seat 6: AndreaBsAs ($100 in chips) 
Mu.Rothbard: posts small blind $0.50
canon562105: posts big blind $1
*** HOLE CARDS ***
mikmat66: folds 
tintin641: folds 
J0SHB0SH: raises $1.50 to $2.50
AndreaBsAs: folds 
Mu.Rothbard: folds 
canon562105: calls $1.50
*** FLOP *** [Qc 6c 9h]
canon562105: checks 
J0SHB0SH: bets $1.72
canon562105: folds 
Uncalled bet ($1.72) returned to J0SHB0SH
J0SHB0SH collected $5.22 from pot
J0SHB0SH: doesn't show hand 
*** SUMMARY ***
Total pot $5.50 | Rake $0.28 
Board [Qc 6c 9h]
Seat 1: Mu.Rothbard (small blind) folded before Flop
Seat 2: canon562105 (big blind) folded on the Flop
Seat 3: mikmat66 folded before Flop (didn't bet)
Seat 4: tintin641 folded before Flop (didn't bet)
Seat 5: J0SHB0SH collected ($5.22)
Seat 6: AndreaBsAs (button) folded before Flop (didn't bet)



PokerStars Hand #254741937022:  Hold'em No Limit ($0.50/$1.00 USD) - 2025/02/06 23:32:35 WET [2025/02/06 18:32:35 ET]
Table 'Zeuxo II' 6-max Seat #1 is the button
Seat 1: Mu.Rothbard ($121.86 in chips) 
Seat 2: canon562105 ($97.50 in chips) 
Seat 3: mikmat66 ($269.38 in chips) 
Seat 4: tintin641 ($107.91 in chips) 
Seat 5: J0SHB0SH ($104.72 in chips) 
Seat 6: AndreaBsAs ($100 in chips) 
canon562105: posts small blind $0.50
mikmat66: posts big blind $1
*** HOLE CARDS ***
tintin641: folds 
J0SHB0SH: folds 
AndreaBsAs: folds 
Mu.Rothbard: raises $1.30 to $2.30
canon562105: folds 
mikmat66: folds 
Uncalled bet ($1.30) returned to Mu.Rothbard
Mu.Rothbard collected $2.50 from pot
Mu.Rothbard: doesn't show hand 
*** SUMMARY ***
Total pot $2.50 | Rake $0 
Seat 1: Mu.Rothbard (button) collected ($2.50)
Seat 2: canon562105 (small blind) folded before Flop
Seat 3: mikmat66 (big blind) folded before Flop
Seat 4: tintin641 folded before Flop (didn't bet)
Seat 5: J0SHB0SH folded before Flop (didn't bet)
Seat 6: AndreaBsAs folded before Flop (didn't bet)



PokerStars Hand #254741940644:  Hold'em No Limit ($0.50/$1.00 USD) - 2025/02/06 23:32:50 WET [2025/02/06 18:32:50 ET]
Table 'Zeuxo II' 6-max Seat #2 is the button
Seat 1: Mu.Rothbard ($123.36 in chips) 
Seat 2: canon562105 ($97 in chips) 
Seat 3: mikmat66 ($268.38 in chips) 
Seat 4: tintin641 ($107.91 in chips) 
Seat 5: J0SHB0SH ($104.72 in chips) 
Seat 6: AndreaBsAs ($100 in chips) 
mikmat66: posts small blind $0.50
tintin641: posts big blind $1
*** HOLE CARDS ***
J0SHB0SH: folds 
AndreaBsAs: raises $1.20 to $2.20
Mu.Rothbard: folds 
canon562105: folds 
mikmat66: folds 
tintin641: folds 
Uncalled bet ($1.20) returned to AndreaBsAs
AndreaBsAs collected $2.50 from pot
*** SUMMARY ***
Total pot $2.50 | Rake $0 
Seat 1: Mu.Rothbard folded before Flop (didn't bet)
Seat 2: canon562105 (button) folded before Flop (didn't bet)
Seat 3: mikmat66 (small blind) folded before Flop
Seat 4: tintin641 (big blind) folded before Flop
Seat 5: J0SHB0SH folded before Flop (didn't bet)
Seat 6: AndreaBsAs collected ($2.50)



PokerStars Hand #254741944429:  Hold'em No Limit ($0.50/$1.00 USD) - 2025/02/06 23:33:05 WET [2025/02/06 18:33:05 ET]
Table 'Zeuxo II' 6-max Seat #3 is the button
Seat 1: Mu.Rothbard ($123.36 in chips) 
Seat 2: canon562105 ($97 in chips) 
Seat 3: mikmat66 ($267.88 in chips) 
Seat 4: tintin641 ($106.91 in chips) 
Seat 5: J0SHB0SH ($104.72 in chips) 
Seat 6: AndreaBsAs ($101.50 in chips) 
tintin641: posts small blind $0.50
J0SHB0SH: posts big blind $1
*** HOLE CARDS ***
AndreaBsAs: folds 
Mu.Rothbard: folds 
canon562105: folds 
mikmat66: folds 
tintin641: raises $2 to $3
J0SHB0SH: folds 
Uncalled bet ($2) returned to tintin641
tintin641 collected $2 from pot
tintin641: doesn't show hand 
*** SUMMARY ***
Total pot $2 | Rake $0 
Seat 1: Mu.Rothbard folded before Flop (didn't bet)
Seat 2: canon562105 folded before Flop (didn't bet)
Seat 3: mikmat66 (button) folded before Flop (didn't bet)
Seat 4: tintin641 (small blind) collected ($2)
Seat 5: J0SHB0SH (big blind) folded before Flop
Seat 6: AndreaBsAs folded before Flop (didn't bet)



PokerStars Hand #254741948092:  Hold'em No Limit ($0.50/$1.00 USD) - 2025/02/06 23:33:20 WET [2025/02/06 18:33:20 ET]
Table 'Zeuxo II' 6-max Seat #4 is the button
Seat 1: Mu.Rothbard ($123.36 in chips) 
Seat 2: canon562105 ($97 in chips) 
Seat 3: mikmat66 ($267.88 in chips) 
Seat 4: tintin641 ($107.91 in chips) 
Seat 5: J0SHB0SH ($103.72 in chips) 
Seat 6: AndreaBsAs ($101.50 in chips) 
J0SHB0SH: posts small blind $0.50
AndreaBsAs: posts big blind $1
*** HOLE CARDS ***
Mu.Rothbard: folds 
canon562105: raises $1 to $2
mikmat66: folds 
tintin641: folds 
J0SHB0SH: folds 
AndreaBsAs: folds 
Uncalled bet ($1) returned to canon562105
canon562105 collected $2.50 from pot
canon562105: doesn't show hand 
*** SUMMARY ***
Total pot $2.50 | Rake $0 
Seat 1: Mu.Rothbard folded before Flop (didn't bet)
Seat 2: canon562105 collected ($2.50)
Seat 3: mikmat66 folded before Flop (didn't bet)
Seat 4: tintin641 (button) folded before Flop (didn't bet)
Seat 5: J0SHB0SH (small blind) folded before Flop
Seat 6: AndreaBsAs (big blind) folded before Flop



PokerStars Hand #254741952613:  Hold'em No Limit ($0.50/$1.00 USD) - 2025/02/06 23:33:38 WET [2025/02/06 18:33:38 ET]
Table 'Zeuxo II' 6-max Seat #5 is the button
Seat 1: Mu.Rothbard ($123.36 in chips) 
Seat 2: canon562105 ($98.50 in chips) 
Seat 3: mikmat66 ($267.88 in chips) 
Seat 4: tintin641 ($107.91 in chips) 
Seat 5: J0SHB0SH ($103.22 in chips) 
Seat 6: AndreaBsAs ($100.50 in chips) 
AndreaBsAs: posts small blind $0.50
Mu.Rothbard: posts big blind $1
*** HOLE CARDS ***
canon562105: folds 
mikmat66: folds 
tintin641: folds 
J0SHB0SH: raises $1.50 to $2.50
AndreaBsAs: raises $7.50 to $10
Mu.Rothbard: folds 
J0SHB0SH: folds 
Uncalled bet ($7.50) returned to AndreaBsAs
AndreaBsAs collected $6 from pot
*** SUMMARY ***
Total pot $6 | Rake $0 
Seat 1: Mu.Rothbard (big blind) folded before Flop
Seat 2: canon562105 folded before Flop (didn't bet)
Seat 3: mikmat66 folded before Flop (didn't bet)
Seat 4: tintin641 folded before Flop (didn't bet)
Seat 5: J0SHB0SH (button) folded before Flop
Seat 6: AndreaBsAs (small blind) collected ($6)



PokerStars Hand #254741958320:  Hold'em No Limit ($0.50/$1.00 USD) - 2025/02/06 23:34:01 WET [2025/02/06 18:34:01 ET]
Table 'Zeuxo II' 6-max Seat #6 is the button
Seat 1: Mu.Rothbard ($122.36 in chips) 
Seat 2: canon562105 ($98.50 in chips) 
Seat 3: mikmat66 ($267.88 in chips) 
Seat 4: tintin641 ($107.91 in chips) 
Seat 5: J0SHB0SH ($100.72 in chips) 
Seat 6: AndreaBsAs ($104 in chips) 
Mu.Rothbard: posts small blind $0.50
canon562105: posts big blind $1
*** HOLE CARDS ***
mikmat66: folds 
tintin641: folds 
J0SHB0SH: folds 
AndreaBsAs: raises $1.50 to $2.50
Mu.Rothbard: folds 
canon562105: folds 
Uncalled bet ($1.50) returned to AndreaBsAs
AndreaBsAs collected $2.50 from pot
*** SUMMARY ***
Total pot $2.50 | Rake $0 
Seat 1: Mu.Rothbard (small blind) folded before Flop
Seat 2: canon562105 (big blind) folded before Flop
Seat 3: mikmat66 folded before Flop (didn't bet)
Seat 4: tintin641 folded before Flop (didn't bet)
Seat 5: J0SHB0SH folded before Flop (didn't bet)
Seat 6: AndreaBsAs (button) collected ($2.50)



PokerStars Hand #254741961608:  Hold'em No Limit ($0.50/$1.00 USD) - 2025/02/06 23:34:14 WET [2025/02/06 18:34:14 ET]
Table 'Zeuxo II' 6-max Seat #1 is the button
Seat 1: Mu.Rothbard ($121.86 in chips) 
Seat 2: canon562105 ($97.50 in chips) 
Seat 3: mikmat66 ($267.88 in chips) 
Seat 4: tintin641 ($107.91 in chips) 
Seat 5: J0SHB0SH ($100.72 in chips) 
Seat 6: AndreaBsAs ($105.50 in chips) 
canon562105: posts small blind $0.50
mikmat66: posts big blind $1
*** HOLE CARDS ***
tintin641: folds 
J0SHB0SH: folds 
AndreaBsAs: folds 
Mu.Rothbard: raises $1.30 to $2.30
canon562105: folds 
mikmat66: raises $2.70 to $5
Mu.Rothbard: folds 
Uncalled bet ($2.70) returned to mikmat66
mikmat66 collected $5.10 from pot
*** SUMMARY ***
Total pot $5.10 | Rake $0 
Seat 1: Mu.Rothbard (button) folded before Flop
Seat 2: canon562105 (small blind) folded before Flop
Seat 3: mikmat66 (big blind) collected ($5.10)
Seat 4: tintin641 folded before Flop (didn't bet)
Seat 5: J0SHB0SH folded before Flop (didn't bet)
Seat 6: AndreaBsAs folded before Flop (didn't bet)



PokerStars Hand #254741966149:  Hold'em No Limit ($0.50/$1.00 USD) - 2025/02/06 23:34:33 WET [2025/02/06 18:34:33 ET]
Table 'Zeuxo II' 6-max Seat #2 is the button
Seat 1: Mu.Rothbard ($119.56 in chips) 
Seat 2: canon562105 ($97 in chips) 
Seat 3: mikmat66 ($270.68 in chips) 
Seat 4: tintin641 ($107.91 in chips) 
Seat 5: J0SHB0SH ($100.72 in chips) 
Seat 6: AndreaBsAs ($105.50 in chips) 
mikmat66: posts small blind $0.50
tintin641: posts big blind $1
*** HOLE CARDS ***
J0SHB0SH: raises $1 to $2
AndreaBsAs: folds 
Mu.Rothbard: raises $5.50 to $7.50
canon562105: folds 
mikmat66: calls $7
tintin641: raises $17.50 to $25
J0SHB0SH: folds 
Mu.Rothbard: folds 
mikmat66: folds 
Uncalled bet ($17.50) returned to tintin641
tintin641 collected $24.50 from pot
tintin641: doesn't show hand 
*** SUMMARY ***
Total pot $24.50 | Rake $0 
Seat 1: Mu.Rothbard folded before Flop
Seat 2: canon562105 (button) folded before Flop (didn't bet)
Seat 3: mikmat66 (small blind) folded before Flop
Seat 4: tintin641 (big blind) collected ($24.50)
Seat 5: J0SHB0SH folded before Flop
Seat 6: AndreaBsAs folded before Flop (didn't bet)



PokerStars Hand #254741973624:  Hold'em No Limit ($0.50/$1.00 USD) - 2025/02/06 23:35:04 WET [2025/02/06 18:35:04 ET]
Table 'Zeuxo II' 6-max Seat #3 is the button
Seat 1: Mu.Rothbard ($112.06 in chips) 
Seat 2: canon562105 ($97 in chips) 
Seat 3: mikmat66 ($263.18 in chips) 
Seat 4: tintin641 ($124.91 in chips) 
Seat 5: J0SHB0SH ($100 in chips) 
Seat 6: AndreaBsAs ($105.50 in chips) 
tintin641: posts small blind $0.50
J0SHB0SH: posts big blind $1
*** HOLE CARDS ***
AndreaBsAs: raises $1.20 to $2.20
Mu.Rothbard: folds 
canon562105: calls $2.20
mikmat66: calls $2.20
tintin641: folds 
J0SHB0SH: folds 
*** FLOP *** [6s Js 9d]
AndreaBsAs: bets $3.85
canon562105: calls $3.85
mikmat66: folds 
*** TURN *** [6s Js 9d] [5s]
AndreaBsAs: bets $12.06
canon562105: calls $12.06
*** RIVER *** [6s Js 9d 5s] [Jd]
AndreaBsAs: bets $87.39 and is all-in
canon562105: folds 
Uncalled bet ($87.39) returned to AndreaBsAs
AndreaBsAs collected $37.92 from pot
*** SUMMARY ***
Total pot $39.92 | Rake $2 
Board [6s Js 9d 5s Jd]
Seat 1: Mu.Rothbard folded before Flop (didn't bet)
Seat 2: canon562105 folded on the River
Seat 3: mikmat66 (button) folded on the Flop
Seat 4: tintin641 (small blind) folded before Flop
Seat 5: J0SHB0SH (big blind) folded before Flop
Seat 6: AndreaBsAs collected ($37.92)



PokerStars Hand #254741995146:  Hold'em No Limit ($0.50/$1.00 USD) - 2025/02/06 23:36:31 WET [2025/02/06 18:36:31 ET]
Table 'Zeuxo II' 6-max Seat #4 is the button
Seat 1: Mu.Rothbard ($112.06 in chips) 
Seat 2: canon562105 ($100 in chips) 
Seat 3: mikmat66 ($260.98 in chips) 
Seat 4: tintin641 ($124.41 in chips) 
Seat 5: J0SHB0SH ($100 in chips) 
Seat 6: AndreaBsAs ($125.31 in chips) 
J0SHB0SH: posts small blind $0.50
AndreaBsAs: posts big blind $1
*** HOLE CARDS ***
Mu.Rothbard: folds 
canon562105: folds 
mikmat66: raises $1 to $2
tintin641: folds 
J0SHB0SH: folds 
AndreaBsAs: calls $1
*** FLOP *** [2s Ad 4d]
AndreaBsAs: checks 
mikmat66: checks 
*** TURN *** [2s Ad 4d] [7d]
AndreaBsAs: bets $3.30
mikmat66: calls $3.30
*** RIVER *** [2s Ad 4d 7d] [Th]
AndreaBsAs: checks 
mikmat66: bets $6
AndreaBsAs: calls $6
*** SHOW DOWN ***
mikmat66: shows [Jd Ah] (a pair of Aces)
AndreaBsAs: mucks hand 
mikmat66 collected $21.94 from pot
*** SUMMARY ***
Total pot $23.10 | Rake $1.16 
Board [2s Ad 4d 7d Th]
Seat 1: Mu.Rothbard folded before Flop (didn't bet)
Seat 2: canon562105 folded before Flop (didn't bet)
Seat 3: mikmat66 showed [Jd Ah] and won ($21.94) with a pair of Aces
Seat 4: tintin641 (button) folded before Flop (didn't bet)
Seat 5: J0SHB0SH (small blind) folded before Flop
Seat 6: AndreaBsAs (big blind) mucked



PokerStars Hand #254742006455:  Hold'em No Limit ($0.50/$1.00 USD) - 2025/02/06 23:37:18 WET [2025/02/06 18:37:18 ET]
Table 'Zeuxo II' 6-max Seat #5 is the button
Seat 1: Mu.Rothbard ($112.06 in chips) 
Seat 2: canon562105 ($100 in chips) 
Seat 3: mikmat66 ($271.62 in chips) 
Seat 4: tintin641 ($124.41 in chips) 
Seat 5: J0SHB0SH ($100 in chips) 
Seat 6: AndreaBsAs ($114.01 in chips) 
AndreaBsAs: posts small blind $0.50
Mu.Rothbard: posts big blind $1
*** HOLE CARDS ***
canon562105: folds 
mikmat66: folds 
tintin641: raises $1.50 to $2.50
J0SHB0SH: folds 
AndreaBsAs: raises $8 to $10.50
Mu.Rothbard: folds 
tintin641: folds 
Uncalled bet ($8) returned to AndreaBsAs
AndreaBsAs collected $6 from pot
*** SUMMARY ***
Total pot $6 | Rake $0 
Seat 1: Mu.Rothbard (big blind) folded before Flop
Seat 2: canon562105 folded before Flop (didn't bet)
Seat 3: mikmat66 folded before Flop (didn't bet)
Seat 4: tintin641 folded before Flop
Seat 5: J0SHB0SH (button) folded before Flop (didn't bet)
Seat 6: AndreaBsAs (small blind) collected ($6)



PokerStars Hand #254742074728:  Hold'em No Limit ($0.50/$1.00 USD) - 2025/02/06 23:42:03 WET [2025/02/06 18:42:03 ET]
Table 'Zeuxo II' 6-max Seat #1 is the button
Seat 1: Mu.Rothbard ($100 in chips) 
Seat 2: canon562105 ($110.85 in chips) 
Seat 3: mikmat66 ($270.12 in chips) 
Seat 4: tintin641 ($123.41 in chips) 
Seat 5: J0SHB0SH ($100 in chips) 
Seat 6: AndreaBsAs ($127.14 in chips) 
canon562105: posts small blind $0.50
mikmat66: posts big blind $1
*** HOLE CARDS ***
tintin641: folds 
J0SHB0SH: folds 
AndreaBsAs: folds 
Mu.Rothbard: folds 
canon562105: calls $0.50
mikmat66: checks 
*** FLOP *** [2c 5c 6d]
canon562105: bets $1
mikmat66: folds 
Uncalled bet ($1) returned to canon562105
canon562105 collected $1.90 from pot
canon562105: doesn't show hand 
*** SUMMARY ***
Total pot $2 | Rake $0.10 
Board [2c 5c 6d]
Seat 1: Mu.Rothbard (button) folded before Flop (didn't bet)
Seat 2: canon562105 (small blind) collected ($1.90)
Seat 3: mikmat66 (big blind) folded on the Flop
Seat 4: tintin641 folded before Flop (didn't bet)
Seat 5: J0SHB0SH folded before Flop (didn't bet)
Seat 6: AndreaBsAs folded before Flop (didn't bet)



PokerStars Hand #254742079798:  Hold'em No Limit ($0.50/$1.00 USD) - 2025/02/06 23:42:25 WET [2025/02/06 18:42:25 ET]
Table 'Zeuxo II' 6-max Seat #2 is the button
Seat 1: Mu.Rothbard ($100 in chips) 
Seat 2: canon562105 ($111.75 in chips) 
Seat 3: mikmat66 ($269.12 in chips) 
Seat 4: tintin641 ($123.41 in chips) 
Seat 5: J0SHB0SH ($100 in chips) 
Seat 6: AndreaBsAs ($127.14 in chips) 
mikmat66: posts small blind $0.50
tintin641: posts big blind $1
*** HOLE CARDS ***
J0SHB0SH: folds 
AndreaBsAs: folds 
Mu.Rothbard: raises $1.30 to $2.30
canon562105: calls $2.30
mikmat66: folds 
tintin641: calls $1.30
*** FLOP *** [4h 5s 2s]
tintin641: checks 
Mu.Rothbard: checks 
canon562105: checks 
*** TURN *** [4h 5s 2s] [Td]
tintin641: checks 
Mu.Rothbard: bets $4.92
canon562105: calls $4.92
tintin641: folds 
*** RIVER *** [4h 5s 2s Td] [Ac]
Mu.Rothbard: checks 
canon562105: checks 
*** SHOW DOWN ***
Mu.Rothbard: shows [Ah 3h] (a straight, Ace to Five)
canon562105: mucks hand 
Mu.Rothbard collected $16.38 from pot
*** SUMMARY ***
Total pot $17.24 | Rake $0.86 
Board [4h 5s 2s Td Ac]
Seat 1: Mu.Rothbard showed [Ah 3h] and won ($16.38) with a straight, Ace to Five
Seat 2: canon562105 (button) mucked
Seat 3: mikmat66 (small blind) folded before Flop
Seat 4: tintin641 (big blind) folded on the Turn
Seat 5: J0SHB0SH folded before Flop (didn't bet)
Seat 6: AndreaBsAs folded before Flop (didn't bet)



PokerStars Hand #254742094618:  Hold'em No Limit ($0.50/$1.00 USD) - 2025/02/06 23:43:27 WET [2025/02/06 18:43:27 ET]
Table 'Zeuxo II' 6-max Seat #3 is the button
Seat 1: Mu.Rothbard ($109.16 in chips) 
Seat 2: canon562105 ($104.53 in chips) 
Seat 3: mikmat66 ($268.62 in chips) 
Seat 4: tintin641 ($121.11 in chips) 
Seat 5: J0SHB0SH ($100 in chips) 
Seat 6: AndreaBsAs ($127.14 in chips) 
tintin641: posts small blind $0.50
J0SHB0SH: posts big blind $1
*** HOLE CARDS ***
AndreaBsAs: folds 
Mu.Rothbard: raises $1.30 to $2.30
canon562105: calls $2.30
mikmat66: folds 
tintin641: folds 
J0SHB0SH: folds 
*** FLOP *** [7h Ah 4s]
Mu.Rothbard: bets $1.86
canon562105: folds 
Uncalled bet ($1.86) returned to Mu.Rothbard
Mu.Rothbard collected $5.80 from pot
Mu.Rothbard: doesn't show hand 
*** SUMMARY ***
Total pot $6.10 | Rake $0.30 
Board [7h Ah 4s]
Seat 1: Mu.Rothbard collected ($5.80)
Seat 2: canon562105 folded on the Flop
Seat 3: mikmat66 (button) folded before Flop (didn't bet)
Seat 4: tintin641 (small blind) folded before Flop
Seat 5: J0SHB0SH (big blind) folded before Flop
Seat 6: AndreaBsAs folded before Flop (didn't bet)



PokerStars Hand #254742105145:  Hold'em No Limit ($0.50/$1.00 USD) - 2025/02/06 23:44:12 WET [2025/02/06 18:44:12 ET]
Table 'Zeuxo II' 6-max Seat #4 is the button
Seat 1: Mu.Rothbard ($112.66 in chips) 
Seat 2: canon562105 ($102.23 in chips) 
Seat 3: mikmat66 ($268.62 in chips) 
Seat 4: tintin641 ($120.61 in chips) 
Seat 5: J0SHB0SH ($100 in chips) 
Seat 6: AndreaBsAs ($127.14 in chips) 
J0SHB0SH: posts small blind $0.50
AndreaBsAs: posts big blind $1
*** HOLE CARDS ***
Mu.Rothbard: folds 
canon562105: folds 
mikmat66: raises $2 to $3
tintin641: raises $6 to $9
J0SHB0SH: folds 
AndreaBsAs: folds 
mikmat66: calls $6
*** FLOP *** [Tc 9h 5h]
mikmat66: checks 
tintin641: bets $9.26
mikmat66: calls $9.26
*** TURN *** [Tc 9h 5h] [9d]
mikmat66: checks 
tintin641: checks 
*** RIVER *** [Tc 9h 5h 9d] [3c]
mikmat66: bets $18.06
tintin641: folds 
Uncalled bet ($18.06) returned to mikmat66
mikmat66 collected $36.12 from pot
*** SUMMARY ***
Total pot $38.02 | Rake $1.90 
Board [Tc 9h 5h 9d 3c]
Seat 1: Mu.Rothbard folded before Flop (didn't bet)
Seat 2: canon562105 folded before Flop (didn't bet)
Seat 3: mikmat66 collected ($36.12)
Seat 4: tintin641 (button) folded on the River
Seat 5: J0SHB0SH (small blind) folded before Flop
Seat 6: AndreaBsAs (big blind) folded before Flop



PokerStars Hand #254742122184:  Hold'em No Limit ($0.50/$1.00 USD) - 2025/02/06 23:45:24 WET [2025/02/06 18:45:24 ET]
Table 'Zeuxo II' 6-max Seat #5 is the button
Seat 1: Mu.Rothbard ($112.66 in chips) 
Seat 2: canon562105 ($102.23 in chips) 
Seat 3: mikmat66 ($286.48 in chips) 
Seat 4: tintin641 ($102.35 in chips) 
Seat 5: J0SHB0SH ($100 in chips) 
Seat 6: AndreaBsAs ($126.14 in chips) 
AndreaBsAs: posts small blind $0.50
Mu.Rothbard: posts big blind $1
*** HOLE CARDS ***
canon562105: folds 
mikmat66: folds 
tintin641: folds 
J0SHB0SH: raises $1.50 to $2.50
AndreaBsAs: folds 
Mu.Rothbard: folds 
Uncalled bet ($1.50) returned to J0SHB0SH
J0SHB0SH collected $2.50 from pot
J0SHB0SH: doesn't show hand 
*** SUMMARY ***
Total pot $2.50 | Rake $0 
Seat 1: Mu.Rothbard (big blind) folded before Flop
Seat 2: canon562105 folded before Flop (didn't bet)
Seat 3: mikmat66 folded before Flop (didn't bet)
Seat 4: tintin641 folded before Flop (didn't bet)
Seat 5: J0SHB0SH (button) collected ($2.50)
Seat 6: AndreaBsAs (small blind) folded before Flop



PokerStars Hand #254742126008:  Hold'em No Limit ($0.50/$1.00 USD) - 2025/02/06 23:45:41 WET [2025/02/06 18:45:41 ET]
Table 'Zeuxo II' 6-max Seat #6 is the button
Seat 2: canon562105 ($102.23 in chips) is sitting out
Seat 1: Mu.Rothbard ($111.66 in chips) 
Seat 3: mikmat66 ($286.48 in chips) 
Seat 4: tintin641 ($102.35 in chips) 
Seat 5: J0SHB0SH ($101.50 in chips) 
Seat 6: AndreaBsAs ($125.64 in chips) 
Mu.Rothbard: posts small blind $0.50
mikmat66: posts big blind $1
*** HOLE CARDS ***
tintin641: folds 
J0SHB0SH: raises $1.50 to $2.50
AndreaBsAs: folds 
Mu.Rothbard: folds 
mikmat66: calls $1.50
*** FLOP *** [9s 7s 6d]
mikmat66: checks 
J0SHB0SH: checks 
*** TURN *** [9s 7s 6d] [Jd]
mikmat66: checks 
J0SHB0SH: checks 
*** RIVER *** [9s 7s 6d Jd] [8d]
mikmat66: bets $2.61
J0SHB0SH: folds 
Uncalled bet ($2.61) returned to mikmat66
mikmat66 collected $5.22 from pot
*** SUMMARY ***
Total pot $5.50 | Rake $0.28 
Board [9s 7s 6d Jd 8d]
Seat 2: canon562105
Seat 1: Mu.Rothbard (small blind) folded before Flop
Seat 3: mikmat66 (big blind) collected ($5.22)
Seat 4: tintin641 folded before Flop (didn't bet)
Seat 5: J0SHB0SH folded on the River
Seat 6: AndreaBsAs (button) folded before Flop (didn't bet)



PokerStars Hand #254742137030:  Hold'em No Limit ($0.50/$1.00 USD) - 2025/02/06 23:46:27 WET [2025/02/06 18:46:27 ET]
Table 'Zeuxo II' 6-max Seat #1 is the button
Seat 2: canon562105 ($102.23 in chips) is sitting out
Seat 1: Mu.Rothbard ($111.16 in chips) 
Seat 3: mikmat66 ($289.20 in chips) 
Seat 4: tintin641 ($102.35 in chips) 
Seat 5: J0SHB0SH ($100 in chips) 
Seat 6: AndreaBsAs ($125.64 in chips) 
mikmat66: posts small blind $0.50
tintin641: posts big blind $1
*** HOLE CARDS ***
J0SHB0SH: folds 
AndreaBsAs: folds 
Mu.Rothbard: folds 
mikmat66: raises $1 to $2
tintin641: calls $1
*** FLOP *** [Ad Kd 2d]
mikmat66: checks 
tintin641: checks 
*** TURN *** [Ad Kd 2d] [7h]
mikmat66: bets $1.90
tintin641: calls $1.90
*** RIVER *** [Ad Kd 2d 7h] [6c]
mikmat66: bets $4
tintin641: raises $8 to $12
mikmat66: folds 
Uncalled bet ($8) returned to tintin641
tintin641 collected $15.01 from pot
tintin641: doesn't show hand 
*** SUMMARY ***
Total pot $15.80 | Rake $0.79 
Board [Ad Kd 2d 7h 6c]
Seat 2: canon562105
Seat 1: Mu.Rothbard (button) folded before Flop (didn't bet)
Seat 3: mikmat66 (small blind) folded on the River
Seat 4: tintin641 (big blind) collected ($15.01)
Seat 5: J0SHB0SH folded before Flop (didn't bet)
Seat 6: AndreaBsAs folded before Flop (didn't bet)



PokerStars Hand #254742159968:  Hold'em No Limit ($0.50/$1.00 USD) - 2025/02/06 23:48:06 WET [2025/02/06 18:48:06 ET]
Table 'Zeuxo II' 6-max Seat #3 is the button
Seat 1: Mu.Rothbard ($111.16 in chips) 
Seat 2: canon562105 ($102.23 in chips) 
Seat 3: mikmat66 ($281.30 in chips) 
Seat 4: tintin641 ($109.46 in chips) 
Seat 5: J0SHB0SH ($100 in chips) 
Seat 6: AndreaBsAs ($125.64 in chips) 
tintin641: posts small blind $0.50
J0SHB0SH: posts big blind $1
canon562105: posts small & big blinds $1.50
*** HOLE CARDS ***
AndreaBsAs: raises $3.50 to $4.50
Mu.Rothbard: folds 
canon562105: calls $3.50
mikmat66: folds 
tintin641: folds 
J0SHB0SH: folds 
*** FLOP *** [5h Td 7h]
AndreaBsAs: bets $5.23
canon562105: raises $5.23 to $10.46
AndreaBsAs: raises $24.31 to $34.77
canon562105: raises $62.46 to $97.23 and is all-in
AndreaBsAs: calls $62.46
*** TURN *** [5h Td 7h] [3c]
*** RIVER *** [5h Td 7h 3c] [6h]
*** SHOW DOWN ***
AndreaBsAs: shows [5d 5c] (three of a kind, Fives)
canon562105: shows [Ad Tc] (a pair of Tens)
AndreaBsAs collected $202.96 from pot
*** SUMMARY ***
Total pot $205.46 | Rake $2.50 
Board [5h Td 7h 3c 6h]
Seat 1: Mu.Rothbard folded before Flop (didn't bet)
Seat 2: canon562105 showed [Ad Tc] and lost with a pair of Tens
Seat 3: mikmat66 (button) folded before Flop (didn't bet)
Seat 4: tintin641 (small blind) folded before Flop
Seat 5: J0SHB0SH (big blind) folded before Flop
Seat 6: AndreaBsAs showed [5d 5c] and won ($202.96) with three of a kind, Fives



PokerStars Hand #254742175456:  Hold'em No Limit ($0.50/$1.00 USD) - 2025/02/06 23:49:13 WET [2025/02/06 18:49:13 ET]
Table 'Zeuxo II' 6-max Seat #4 is the button
Seat 2: canon562105 ($0 in chips) is sitting out
Seat 1: Mu.Rothbard ($111.16 in chips) 
Seat 3: mikmat66 ($281.30 in chips) 
Seat 4: tintin641 ($108.96 in chips) 
Seat 5: J0SHB0SH ($100 in chips) 
Seat 6: AndreaBsAs ($226.87 in chips) 
J0SHB0SH: posts small blind $0.50
AndreaBsAs: posts big blind $1
*** HOLE CARDS ***
Mu.Rothbard: folds 
mikmat66: folds 
tintin641: folds 
J0SHB0SH: folds 
Uncalled bet ($0.50) returned to AndreaBsAs
AndreaBsAs collected $1 from pot
*** SUMMARY ***
Total pot $1 | Rake $0 
Seat 2: canon562105
Seat 1: Mu.Rothbard folded before Flop (didn't bet)
Seat 3: mikmat66 folded before Flop (didn't bet)
Seat 4: tintin641 (button) folded before Flop (didn't bet)
Seat 5: J0SHB0SH (small blind) folded before Flop
Seat 6: AndreaBsAs (big blind) collected ($1)



PokerStars Hand #254742178391:  Hold'em No Limit ($0.50/$1.00 USD) - 2025/02/06 23:49:26 WET [2025/02/06 18:49:26 ET]
Table 'Zeuxo II' 6-max Seat #5 is the button
Seat 1: Mu.Rothbard ($111.16 in chips) 
Seat 2: canon562105 ($56.10 in chips) 
Seat 3: mikmat66 ($281.30 in chips) 
Seat 4: tintin641 ($108.96 in chips) 
Seat 5: J0SHB0SH ($100 in chips) 
Seat 6: AndreaBsAs ($227.37 in chips) 
AndreaBsAs: posts small blind $0.50
Mu.Rothbard: posts big blind $1
*** HOLE CARDS ***
canon562105: raises $1 to $2
mikmat66: calls $2
tintin641: folds 
J0SHB0SH: folds 
AndreaBsAs: calls $1.50
Mu.Rothbard: calls $1
*** FLOP *** [2s Qh Kd]
AndreaBsAs: checks 
Mu.Rothbard: checks 
canon562105: checks 
mikmat66: checks 
*** TURN *** [2s Qh Kd] [9s]
AndreaBsAs: bets $6.35
Mu.Rothbard: calls $6.35
canon562105: calls $6.35
mikmat66: folds 
*** RIVER *** [2s Qh Kd 9s] [Ah]
AndreaBsAs: bets $34.18
Mu.Rothbard: folds 
canon562105: folds 
Uncalled bet ($34.18) returned to AndreaBsAs
AndreaBsAs collected $25.70 from pot
*** SUMMARY ***
Total pot $27.05 | Rake $1.35 
Board [2s Qh Kd 9s Ah]
Seat 1: Mu.Rothbard (big blind) folded on the River
Seat 2: canon562105 folded on the River
Seat 3: mikmat66 folded on the Turn
Seat 4: tintin641 folded before Flop (didn't bet)
Seat 5: J0SHB0SH (button) folded before Flop (didn't bet)
Seat 6: AndreaBsAs (small blind) collected ($25.70)



PokerStars Hand #254742193490:  Hold'em No Limit ($0.50/$1.00 USD) - 2025/02/06 23:50:33 WET [2025/02/06 18:50:33 ET]
Table 'Zeuxo II' 6-max Seat #6 is the button
Seat 1: Mu.Rothbard ($102.81 in chips) 
Seat 2: canon562105 ($47.75 in chips) 
Seat 3: mikmat66 ($279.30 in chips) 
Seat 4: tintin641 ($108.96 in chips) 
Seat 5: J0SHB0SH ($100 in chips) 
Seat 6: AndreaBsAs ($244.72 in chips) 
Mu.Rothbard: posts small blind $0.50
canon562105: posts big blind $1
*** HOLE CARDS ***
mikmat66: folds 
tintin641: raises $1.50 to $2.50
J0SHB0SH: folds 
AndreaBsAs: folds 
Mu.Rothbard: folds 
canon562105: folds 
Uncalled bet ($1.50) returned to tintin641
tintin641 collected $2.50 from pot
tintin641: doesn't show hand 
*** SUMMARY ***
Total pot $2.50 | Rake $0 
Seat 1: Mu.Rothbard (small blind) folded before Flop
Seat 2: canon562105 (big blind) folded before Flop
Seat 3: mikmat66 folded before Flop (didn't bet)
Seat 4: tintin641 collected ($2.50)
Seat 5: J0SHB0SH folded before Flop (didn't bet)
Seat 6: AndreaBsAs (button) folded before Flop (didn't bet)



PokerStars Hand #254742197105:  Hold'em No Limit ($0.50/$1.00 USD) - 2025/02/06 23:50:49 WET [2025/02/06 18:50:49 ET]
Table 'Zeuxo II' 6-max Seat #1 is the button
Seat 1: Mu.Rothbard ($102.31 in chips) 
Seat 2: canon562105 ($46.75 in chips) 
Seat 3: mikmat66 ($279.30 in chips) 
Seat 4: tintin641 ($110.46 in chips) 
Seat 5: J0SHB0SH ($100 in chips) 
Seat 6: AndreaBsAs ($244.72 in chips) 
canon562105: posts small blind $0.50
mikmat66: posts big blind $1
*** HOLE CARDS ***
tintin641: folds 
J0SHB0SH: raises $1 to $2
AndreaBsAs: folds 
Mu.Rothbard: folds 
canon562105: calls $1.50
mikmat66: folds 
*** FLOP *** [2h Qd Ad]
canon562105: checks 
J0SHB0SH: bets $1.57
canon562105: calls $1.57
*** TURN *** [2h Qd Ad] [6s]
canon562105: checks 
J0SHB0SH: checks 
*** RIVER *** [2h Qd Ad 6s] [Ks]
canon562105: checks 
J0SHB0SH: checks 
*** SHOW DOWN ***
canon562105: shows [Jd 7d] (high card Ace)
J0SHB0SH: shows [4s 4d] (a pair of Fours)
J0SHB0SH collected $7.73 from pot
*** SUMMARY ***
Total pot $8.14 | Rake $0.41 
Board [2h Qd Ad 6s Ks]
Seat 1: Mu.Rothbard (button) folded before Flop (didn't bet)
Seat 2: canon562105 (small blind) showed [Jd 7d] and lost with high card Ace
Seat 3: mikmat66 (big blind) folded before Flop
Seat 4: tintin641 folded before Flop (didn't bet)
Seat 5: J0SHB0SH showed [4s 4d] and won ($7.73) with a pair of Fours
Seat 6: AndreaBsAs folded before Flop (didn't bet)



PokerStars Hand #254742206312:  Hold'em No Limit ($0.50/$1.00 USD) - 2025/02/06 23:51:30 WET [2025/02/06 18:51:30 ET]
Table 'Zeuxo II' 6-max Seat #2 is the button
Seat 1: Mu.Rothbard ($102.31 in chips) 
Seat 2: canon562105 ($43.18 in chips) 
Seat 3: mikmat66 ($278.30 in chips) 
Seat 4: tintin641 ($110.46 in chips) 
Seat 5: J0SHB0SH ($104.16 in chips) 
Seat 6: AndreaBsAs ($244.72 in chips) 
mikmat66: posts small blind $0.50
tintin641: posts big blind $1
*** HOLE CARDS ***
J0SHB0SH: folds 
AndreaBsAs: folds 
Mu.Rothbard: raises $1.30 to $2.30
canon562105: folds 
mikmat66: folds 
tintin641: calls $1.30
*** FLOP *** [Kh 4h 5s]
tintin641: checks 
Mu.Rothbard: bets $1.55
tintin641: raises $3.97 to $5.52
Mu.Rothbard: calls $3.97
*** TURN *** [Kh 4h 5s] [Ts]
tintin641: checks 
Mu.Rothbard: bets $20.70
tintin641: folds 
Uncalled bet ($20.70) returned to Mu.Rothbard
Mu.Rothbard collected $15.33 from pot
Mu.Rothbard: doesn't show hand 
*** SUMMARY ***
Total pot $16.14 | Rake $0.81 
Board [Kh 4h 5s Ts]
Seat 1: Mu.Rothbard collected ($15.33)
Seat 2: canon562105 (button) folded before Flop (didn't bet)
Seat 3: mikmat66 (small blind) folded before Flop
Seat 4: tintin641 (big blind) folded on the Turn
Seat 5: J0SHB0SH folded before Flop (didn't bet)
Seat 6: AndreaBsAs folded before Flop (didn't bet)



PokerStars Hand #254742224157:  Hold'em No Limit ($0.50/$1.00 USD) - 2025/02/06 23:52:50 WET [2025/02/06 18:52:50 ET]
Table 'Zeuxo II' 6-max Seat #3 is the button
Seat 1: Mu.Rothbard ($109.82 in chips) 
Seat 2: canon562105 ($43.18 in chips) 
Seat 3: mikmat66 ($277.80 in chips) 
Seat 4: tintin641 ($102.64 in chips) 
Seat 5: J0SHB0SH ($104.16 in chips) 
Seat 6: AndreaBsAs ($244.72 in chips) 
tintin641: posts small blind $0.50
J0SHB0SH: posts big blind $1
*** HOLE CARDS ***
AndreaBsAs: folds 
Mu.Rothbard: folds 
canon562105: raises $1 to $2
mikmat66: folds 
tintin641: folds 
J0SHB0SH: folds 
Uncalled bet ($1) returned to canon562105
canon562105 collected $2.50 from pot
canon562105: doesn't show hand 
*** SUMMARY ***
Total pot $2.50 | Rake $0 
Seat 1: Mu.Rothbard folded before Flop (didn't bet)
Seat 2: canon562105 collected ($2.50)
Seat 3: mikmat66 (button) folded before Flop (didn't bet)
Seat 4: tintin641 (small blind) folded before Flop
Seat 5: J0SHB0SH (big blind) folded before Flop
Seat 6: AndreaBsAs folded before Flop (didn't bet)



PokerStars Hand #254742227722:  Hold'em No Limit ($0.50/$1.00 USD) - 2025/02/06 23:53:06 WET [2025/02/06 18:53:06 ET]
Table 'Zeuxo II' 6-max Seat #4 is the button
Seat 1: Mu.Rothbard ($109.82 in chips) 
Seat 2: canon562105 ($44.68 in chips) 
Seat 3: mikmat66 ($277.80 in chips) 
Seat 4: tintin641 ($102.14 in chips) 
Seat 5: J0SHB0SH ($103.16 in chips) 
Seat 6: AndreaBsAs ($244.72 in chips) 
J0SHB0SH: posts small blind $0.50
AndreaBsAs: posts big blind $1
*** HOLE CARDS ***
Mu.Rothbard: folds 
canon562105: raises $1 to $2
mikmat66: folds 
tintin641: folds 
J0SHB0SH: raises $10 to $12
AndreaBsAs: calls $11
canon562105: raises $10 to $22
J0SHB0SH: raises $81.16 to $103.16 and is all-in
AndreaBsAs: folds 
canon562105: calls $22.68 and is all-in
Uncalled bet ($58.48) returned to J0SHB0SH
*** FLOP *** [2d 4h Ts]
*** TURN *** [2d 4h Ts] [Kc]
*** RIVER *** [2d 4h Ts Kc] [6d]
*** SHOW DOWN ***
J0SHB0SH: shows [Ad Kh] (a pair of Kings)
canon562105: shows [Qc Ac] (high card Ace)
J0SHB0SH collected $98.86 from pot
canon562105 cashed out the hand for $29.32 | Cash Out Fee $0.60
*** SUMMARY ***
Total pot $101.36 | Rake $2.50 
Board [2d 4h Ts Kc 6d]
Seat 1: Mu.Rothbard folded before Flop (didn't bet)
Seat 2: canon562105 showed [Qc Ac] and lost with high card Ace (cashed out).
Seat 3: mikmat66 folded before Flop (didn't bet)
Seat 4: tintin641 (button) folded before Flop (didn't bet)
Seat 5: J0SHB0SH (small blind) showed [Ad Kh] and won ($98.86) with a pair of Kings
Seat 6: AndreaBsAs (big blind) folded before Flop



PokerStars Hand #254742238512:  Hold'em No Limit ($0.50/$1.00 USD) - 2025/02/06 23:53:55 WET [2025/02/06 18:53:55 ET]
Table 'Zeuxo II' 6-max Seat #5 is the button
Seat 1: Mu.Rothbard ($109.82 in chips) 
Seat 2: canon562105 ($29.32 in chips) 
Seat 3: mikmat66 ($277.80 in chips) 
Seat 4: tintin641 ($102.14 in chips) 
Seat 5: J0SHB0SH ($157.34 in chips) 
Seat 6: AndreaBsAs ($232.72 in chips) 
AndreaBsAs: posts small blind $0.50
Mu.Rothbard: posts big blind $1
*** HOLE CARDS ***
canon562105: raises $1 to $2
mikmat66: folds 
tintin641: folds 
J0SHB0SH: folds 
AndreaBsAs: folds 
Mu.Rothbard: folds 
Uncalled bet ($1) returned to canon562105
canon562105 collected $2.50 from pot
canon562105: doesn't show hand 
*** SUMMARY ***
Total pot $2.50 | Rake $0 
Seat 1: Mu.Rothbard (big blind) folded before Flop
Seat 2: canon562105 collected ($2.50)
Seat 3: mikmat66 folded before Flop (didn't bet)
Seat 4: tintin641 folded before Flop (didn't bet)
Seat 5: J0SHB0SH (button) folded before Flop (didn't bet)
Seat 6: AndreaBsAs (small blind) folded before Flop



PokerStars Hand #254742243117:  Hold'em No Limit ($0.50/$1.00 USD) - 2025/02/06 23:54:15 WET [2025/02/06 18:54:15 ET]
Table 'Zeuxo II' 6-max Seat #6 is the button
Seat 1: Mu.Rothbard ($108.82 in chips) 
Seat 2: canon562105 ($30.82 in chips) 
Seat 3: mikmat66 ($277.80 in chips) 
Seat 4: tintin641 ($102.14 in chips) 
Seat 5: J0SHB0SH ($157.34 in chips) 
Seat 6: AndreaBsAs ($232.22 in chips) 
Mu.Rothbard: posts small blind $0.50
canon562105: posts big blind $1
*** HOLE CARDS ***
mikmat66: folds 
tintin641: folds 
J0SHB0SH: folds 
AndreaBsAs: folds 
Mu.Rothbard: raises $2 to $3
canon562105: raises $27.82 to $30.82 and is all-in
Mu.Rothbard: folds 
Uncalled bet ($27.82) returned to canon562105
canon562105 collected $6 from pot
canon562105: doesn't show hand 
*** SUMMARY ***
Total pot $6 | Rake $0 
Seat 1: Mu.Rothbard (small blind) folded before Flop
Seat 2: canon562105 (big blind) collected ($6)
Seat 3: mikmat66 folded before Flop (didn't bet)
Seat 4: tintin641 folded before Flop (didn't bet)
Seat 5: J0SHB0SH folded before Flop (didn't bet)
Seat 6: AndreaBsAs (button) folded before Flop (didn't bet)



PokerStars Hand #254742248695:  Hold'em No Limit ($0.50/$1.00 USD) - 2025/02/06 23:54:41 WET [2025/02/06 18:54:41 ET]
Table 'Zeuxo II' 6-max Seat #1 is the button
Seat 1: Mu.Rothbard ($105.82 in chips) 
Seat 2: canon562105 ($33.82 in chips) 
Seat 3: mikmat66 ($277.80 in chips) 
Seat 4: tintin641 ($102.14 in chips) 
Seat 5: J0SHB0SH ($157.34 in chips) 
Seat 6: AndreaBsAs ($232.22 in chips) 
canon562105: posts small blind $0.50
mikmat66: posts big blind $1
*** HOLE CARDS ***
tintin641: folds 
J0SHB0SH: folds 
AndreaBsAs: folds 
Mu.Rothbard: raises $1.30 to $2.30
canon562105: raises $1.30 to $3.60
mikmat66: calls $2.60
Mu.Rothbard: calls $1.30
*** FLOP *** [4s 5d 5s]
canon562105: checks 
mikmat66: bets $5.13
Mu.Rothbard: calls $5.13
canon562105: raises $5.13 to $10.26
mikmat66: folds 
Mu.Rothbard: raises $91.96 to $102.22 and is all-in
canon562105: calls $19.96 and is all-in
Uncalled bet ($72) returned to Mu.Rothbard
*** TURN *** [4s 5d 5s] [Td]
*** RIVER *** [4s 5d 5s Td] [2s]
*** SHOW DOWN ***
canon562105: shows [Kd Jd] (a pair of Fives)
Mu.Rothbard: shows [4h Kh] (two pair, Fives and Fours)
Mu.Rothbard cashed out the hand for $54.18 | Cash Out Fee $1.11
*** SUMMARY ***
Total pot $76.37 | Rake $2.50 
Board [4s 5d 5s Td 2s]
Seat 1: Mu.Rothbard (button) showed [4h Kh] and won ($73.87) with two pair, Fives and Fours (pot not awarded as player cashed out)
Seat 2: canon562105 (small blind) showed [Kd Jd] and lost with a pair of Fives
Seat 3: mikmat66 (big blind) folded on the Flop
Seat 4: tintin641 folded before Flop (didn't bet)
Seat 5: J0SHB0SH folded before Flop (didn't bet)
Seat 6: AndreaBsAs folded before Flop (didn't bet)



PokerStars Hand #254742259784:  Hold'em No Limit ($0.50/$1.00 USD) - 2025/02/06 23:55:38 WET [2025/02/06 18:55:38 ET]
Table 'Zeuxo II' 6-max Seat #3 is the button
Seat 2: canon562105 ($0 in chips) is sitting out
Seat 5: J0SHB0SH ($157.34 in chips) is sitting out
Seat 1: Mu.Rothbard ($126.18 in chips) 
Seat 3: mikmat66 ($269.07 in chips) 
Seat 4: tintin641 ($102.14 in chips) 
Seat 6: AndreaBsAs ($232.22 in chips) 
tintin641: posts small blind $0.50
J0SHB0SH: is sitting out 
J0SHB0SH leaves the table
AndreaBsAs: posts big blind $1
*** HOLE CARDS ***
Mu.Rothbard: raises $1.30 to $2.30
canon562105 leaves the table
Joe_Li7 joins the table at seat #5 
mikmat66: folds 
tintin641: folds 
AndreaBsAs: folds 
Uncalled bet ($1.30) returned to Mu.Rothbard
Mu.Rothbard collected $2.50 from pot
Mu.Rothbard: doesn't show hand 
*** SUMMARY ***
Total pot $2.50 | Rake $0 
Seat 2: canon562105
Seat 5: J0SHB0SH
Seat 1: Mu.Rothbard collected ($2.50)
Seat 3: mikmat66 (button) folded before Flop (didn't bet)
Seat 4: tintin641 (small blind) folded before Flop
Seat 6: AndreaBsAs (big blind) folded before Flop



PokerStars Hand #254742262197:  Hold'em No Limit ($0.50/$1.00 USD) - 2025/02/06 23:55:52 WET [2025/02/06 18:55:52 ET]
Table 'Zeuxo II' 6-max Seat #4 is the button
Seat 5: Joe_Li7 ($100 in chips) is sitting out
Seat 1: Mu.Rothbard ($127.68 in chips) 
Seat 3: mikmat66 ($269.07 in chips) 
Seat 4: tintin641 ($101.64 in chips) 
Seat 6: AndreaBsAs ($231.22 in chips) 
AndreaBsAs: posts small blind $0.50
Mu.Rothbard: posts big blind $1
*** HOLE CARDS ***
mikmat66: raises $1 to $2
tintin641: folds 
AndreaBsAs: raises $8 to $10
Mu.Rothbard: folds 
mikmat66: calls $8
*** FLOP *** [Jd 8d 7d]
Seavus10 joins the table at seat #2 
AndreaBsAs: bets $6.60
mikmat66: calls $6.60
*** TURN *** [Jd 8d 7d] [Ac]
AndreaBsAs: checks 
mikmat66: checks 
*** RIVER *** [Jd 8d 7d Ac] [Ks]
AndreaBsAs: checks 
mikmat66: checks 
*** SHOW DOWN ***
AndreaBsAs: shows [Jc 9c] (a pair of Jacks)
mikmat66: shows [8c Kc] (two pair, Kings and Eights)
mikmat66 collected $33.20 from pot
*** SUMMARY ***
Total pot $34.20 | Rake $1 
Board [Jd 8d 7d Ac Ks]
Seat 5: Joe_Li7
Seat 1: Mu.Rothbard (big blind) folded before Flop
Seat 3: mikmat66 showed [8c Kc] and won ($33.20) with two pair, Kings and Eights
Seat 4: tintin641 (button) folded before Flop (didn't bet)
Seat 6: AndreaBsAs (small blind) showed [Jc 9c] and lost with a pair of Jacks



PokerStars Hand #254742270823:  Hold'em No Limit ($0.50/$1.00 USD) - 2025/02/06 23:56:41 WET [2025/02/06 18:56:41 ET]
Table 'Zeuxo II' 6-max Seat #6 is the button
Seat 1: Mu.Rothbard ($126.68 in chips) is sitting out
Seat 2: Seavus10 ($100 in chips) is sitting out
Seat 4: tintin641 ($101.64 in chips) is sitting out
Seat 3: mikmat66 ($285.67 in chips) 
Seat 5: Joe_Li7 ($100 in chips) 
Seat 6: AndreaBsAs ($214.62 in chips) 
mikmat66: posts small blind $0.50
tintin641: is sitting out 
Joe_Li7: posts big blind $1
*** HOLE CARDS ***
tintin641 leaves the table
Seavus10 leaves the table
AndreaBsAs: folds 
mikmat66: raises $1 to $2
Joe_Li7: folds 
Uncalled bet ($1) returned to mikmat66
mikmat66 collected $2 from pot
*** SUMMARY ***
Total pot $2 | Rake $0 
Seat 1: Mu.Rothbard
Seat 2: Seavus10
Seat 4: tintin641
Seat 3: mikmat66 (small blind) collected ($2)
Seat 5: Joe_Li7 (big blind) folded before Flop
Seat 6: AndreaBsAs (button) folded before Flop (didn't bet)



PokerStars Hand #254742273884:  Hold'em No Limit ($0.50/$1.00 USD) - 2025/02/06 23:56:59 WET [2025/02/06 18:56:59 ET]
Table 'Zeuxo II' 6-max Seat #3 is the button
Seat 1: Mu.Rothbard ($126.68 in chips) is sitting out
Seat 3: mikmat66 ($286.67 in chips) 
Seat 5: Joe_Li7 ($100 in chips) 
Seat 6: AndreaBsAs ($214.62 in chips) 
Joe_Li7: posts small blind $0.50
AndreaBsAs: posts big blind $1
*** HOLE CARDS ***
mikmat66: raises $1 to $2
Joe_Li7: folds 
AndreaBsAs: folds 
Uncalled bet ($1) returned to mikmat66
mikmat66 collected $2.50 from pot
*** SUMMARY ***
Total pot $2.50 | Rake $0 
Seat 1: Mu.Rothbard
Seat 3: mikmat66 (button) collected ($2.50)
Seat 5: Joe_Li7 (small blind) folded before Flop
Seat 6: AndreaBsAs (big blind) folded before Flop



PokerStars Hand #254742276049:  Hold'em No Limit ($0.50/$1.00 USD) - 2025/02/06 23:57:11 WET [2025/02/06 18:57:11 ET]
Table 'Zeuxo II' 6-max Seat #5 is the button
Seat 1: Mu.Rothbard ($126.68 in chips) is sitting out
Seat 3: mikmat66 ($288.17 in chips) 
Seat 5: Joe_Li7 ($100 in chips) 
Seat 6: AndreaBsAs ($213.62 in chips) 
AndreaBsAs: posts small blind $0.50
mikmat66: posts big blind $1
*** HOLE CARDS ***
Joe_Li7: raises $1.50 to $2.50
AndreaBsAs: folds 
mikmat66: folds 
Uncalled bet ($1.50) returned to Joe_Li7
Joe_Li7 collected $2.50 from pot
*** SUMMARY ***
Total pot $2.50 | Rake $0 
Seat 1: Mu.Rothbard
Seat 3: mikmat66 (big blind) folded before Flop
Seat 5: Joe_Li7 (button) collected ($2.50)
Seat 6: AndreaBsAs (small blind) folded before Flop



PokerStars Hand #254742277974:  Hold'em No Limit ($0.50/$1.00 USD) - 2025/02/06 23:57:21 WET [2025/02/06 18:57:21 ET]
Table 'Zeuxo II' 6-max Seat #3 is the button
Seat 1: Mu.Rothbard ($126.68 in chips) is sitting out
Seat 5: Joe_Li7 ($101.50 in chips) is sitting out
Seat 3: mikmat66 ($287.17 in chips) 
Seat 6: AndreaBsAs ($213.12 in chips) 
mikmat66: posts small blind $0.50
Joe_Li7: is sitting out 
AndreaBsAs: posts big blind $1
*** HOLE CARDS ***
Rezzonner joins the table at seat #4 
mikmat66: raises $1 to $2
Mu.Rothbard leaves the table
Joe_Li7 leaves the table
AndreaBsAs: folds 
Uncalled bet ($1) returned to mikmat66
mikmat66 collected $2 from pot
*** SUMMARY ***
Total pot $2 | Rake $0 
Seat 1: Mu.Rothbard
Seat 5: Joe_Li7
Seat 3: mikmat66 (button) (small blind) collected ($2)
Seat 6: AndreaBsAs (big blind) folded before Flop



PokerStars Hand #254742280569:  Hold'em No Limit ($0.50/$1.00 USD) - 2025/02/06 23:57:36 WET [2025/02/06 18:57:36 ET]
Table 'Zeuxo II' 6-max Seat #6 is the button
Seat 3: mikmat66 ($288.17 in chips) 
Seat 4: Rezzonner ($100 in chips) 
Seat 6: AndreaBsAs ($212.12 in chips) 
mikmat66: posts small blind $0.50
Rezzonner: posts big blind $1
*** HOLE CARDS ***
AndreaBsAs: folds 
mikmat66: raises $1 to $2
Rezzonner: folds 
Uncalled bet ($1) returned to mikmat66
mikmat66 collected $2 from pot
*** SUMMARY ***
Total pot $2 | Rake $0 
Seat 3: mikmat66 (small blind) collected ($2)
Seat 4: Rezzonner (big blind) folded before Flop
Seat 6: AndreaBsAs (button) folded before Flop (didn't bet)



PokerStars Hand #254742282483:  Hold'em No Limit ($0.50/$1.00 USD) - 2025/02/06 23:57:47 WET [2025/02/06 18:57:47 ET]
Table 'Zeuxo II' 6-max Seat #4 is the button
Seat 6: AndreaBsAs ($212.12 in chips) is sitting out
Seat 3: mikmat66 ($289.17 in chips) 
Seat 4: Rezzonner ($100 in chips) 
Rezzonner: posts small blind $0.50
AndreaBsAs: is sitting out 
mikmat66: posts big blind $1
*** HOLE CARDS ***
Rezzonner: raises $1.50 to $2.50
mikmat66: calls $1.50
*** FLOP *** [Ad 6h 4h]
mikmat66: checks 
Mu.Rothbard joins the table at seat #5 
AndreaBsAs leaves the table
Rezzonner: checks 
*** TURN *** [Ad 6h 4h] [Jd]
mikmat66: checks 
Rezzonner: bets $3.50
mikmat66: calls $3.50
*** RIVER *** [Ad 6h 4h Jd] [Jh]
ghc_2 joins the table at seat #6 
mikmat66: folds 
mikmat66 leaves the table
Rezzonner collected $11.40 from pot
Rezzonner: doesn't show hand 
*** SUMMARY ***
Total pot $12 | Rake $0.60 
Board [Ad 6h 4h Jd Jh]
Seat 6: AndreaBsAs
Seat 3: mikmat66 (big blind) folded on the River
Seat 4: Rezzonner (button) (small blind) collected ($11.40)



PokerStars Hand #254742296056:  Hold'em No Limit ($0.50/$1.00 USD) - 2025/02/06 23:59:06 WET [2025/02/06 18:59:06 ET]
Table 'Zeuxo II' 6-max Seat #4 is the button
Seat 5: Mu.Rothbard ($126.68 in chips) is sitting out
Seat 4: Rezzonner ($105.40 in chips) 
Seat 6: ghc_2 ($100 in chips) 
Rezzonner: posts small blind $0.50
ghc_2: posts big blind $1
*** HOLE CARDS ***
Rezzonner: raises $1.50 to $2.50
ghc_2: folds 
Uncalled bet ($1.50) returned to Rezzonner
Rezzonner collected $2 from pot
Rezzonner: doesn't show hand 
*** SUMMARY ***
Total pot $2 | Rake $0 
Seat 5: Mu.Rothbard
Seat 4: Rezzonner (button) (small blind) collected ($2)
Seat 6: ghc_2 (big blind) folded before Flop



PokerStars Hand #254742297440:  Hold'em No Limit ($0.50/$1.00 USD) - 2025/02/06 23:59:14 WET [2025/02/06 18:59:14 ET]
Table 'Zeuxo II' 6-max Seat #6 is the button
Seat 5: Mu.Rothbard ($126.68 in chips) is sitting out
Seat 4: Rezzonner ($106.40 in chips) 
Seat 6: ghc_2 ($100 in chips) 
ghc_2: posts small blind $0.50
Rezzonner: posts big blind $1
*** HOLE CARDS ***
ghc_2: folds 
Uncalled bet ($0.50) returned to Rezzonner
Rezzonner collected $1 from pot
Rezzonner: doesn't show hand 
*** SUMMARY ***
Total pot $1 | Rake $0 
Seat 5: Mu.Rothbard
Seat 4: Rezzonner (big blind) collected ($1)
Seat 6: ghc_2 (button) (small blind) folded before Flop



