PokerStars Hand #254743297615:  Hold'em No Limit ($0.50/$1.00 USD) - 2025/02/06 0:40:48 WET [2025/02/06 19:40:48 ET]
Table 'Sheratan II' 6-max Seat #6 is the button
Seat 1: SorinS28 ($109.98 in chips) 
Seat 2: andutu34 ($100 in chips) 
Seat 3: ReVeu710 ($107.49 in chips) 
Seat 4: Rezzonner ($100 in chips) 
Seat 5: avlee1 ($100 in chips) 
Seat 6: Pvn1219 ($135.79 in chips) 
SorinS28: posts small blind $0.50
andutu34: posts big blind $1
*** HOLE CARDS ***
ReVeu710: folds 
Rezzonner: folds 
avlee1: raises $1.50 to $2.50
Pvn1219: calls $2.50
SorinS28: folds 
andutu34: folds 
*** FLOP *** [7s 7h Qc]
avlee1: checks 
Pvn1219: bets $3.09
avlee1: calls $3.09
*** TURN *** [7s 7h Qc] [As]
avlee1: checks 
Pvn1219: checks 
*** RIVER *** [7s 7h Qc As] [Qd]
avlee1: checks 
Pvn1219: checks 
*** SHOW DOWN ***
avlee1: shows [Jd Jh] (two pair, Queens and Jacks)
Pvn1219: mucks hand 
avlee1 collected $12.05 from pot
*** SUMMARY ***
Total pot $12.68 | Rake $0.63 
Board [7s 7h Qc As Qd]
Seat 1: SorinS28 (small blind) folded before Flop
Seat 2: andutu34 (big blind) folded before Flop
Seat 3: ReVeu710 folded before Flop (didn't bet)
Seat 4: Rezzonner folded before Flop (didn't bet)
Seat 5: avlee1 showed [Jd Jh] and won ($12.05) with two pair, Queens and Jacks
Seat 6: Pvn1219 (button) mucked



PokerStars Hand #254743308636:  Hold'em No Limit ($0.50/$1.00 USD) - 2025/02/06 0:41:47 WET [2025/02/06 19:41:47 ET]
Table 'Sheratan II' 6-max Seat #1 is the button
Seat 1: SorinS28 ($109.48 in chips) 
Seat 2: andutu34 ($100 in chips) 
Seat 3: ReVeu710 ($107.49 in chips) 
Seat 4: Rezzonner ($100 in chips) 
Seat 5: avlee1 ($106.46 in chips) 
Seat 6: Pvn1219 ($130.20 in chips) 
andutu34: posts small blind $0.50
ReVeu710: posts big blind $1
*** HOLE CARDS ***
Rezzonner: folds 
avlee1: folds 
Pvn1219: calls $1
SorinS28: folds 
andutu34: folds 
ReVeu710: checks 
*** FLOP *** [Jh 9s Kc]
ReVeu710: bets $1.29
Pvn1219: calls $1.29
*** TURN *** [Jh 9s Kc] [Tc]
ReVeu710: checks 
Pvn1219: checks 
*** RIVER *** [Jh 9s Kc Tc] [3s]
ReVeu710: checks 
Pvn1219: checks 
*** SHOW DOWN ***
ReVeu710: shows [Th 6d] (a pair of Tens)
Pvn1219: mucks hand 
ReVeu710 collected $4.83 from pot
*** SUMMARY ***
Total pot $5.08 | Rake $0.25 
Board [Jh 9s Kc Tc 3s]
Seat 1: SorinS28 (button) folded before Flop (didn't bet)
Seat 2: andutu34 (small blind) folded before Flop
Seat 3: ReVeu710 (big blind) showed [Th 6d] and won ($4.83) with a pair of Tens
Seat 4: Rezzonner folded before Flop (didn't bet)
Seat 5: avlee1 folded before Flop (didn't bet)
Seat 6: Pvn1219 mucked



PokerStars Hand #254743315063:  Hold'em No Limit ($0.50/$1.00 USD) - 2025/02/06 0:42:22 WET [2025/02/06 19:42:22 ET]
Table 'Sheratan II' 6-max Seat #2 is the button
Seat 1: SorinS28 ($109.48 in chips) 
Seat 2: andutu34 ($100 in chips) 
Seat 3: ReVeu710 ($110.03 in chips) 
Seat 4: Rezzonner ($100 in chips) 
Seat 5: avlee1 ($106.46 in chips) 
Seat 6: Pvn1219 ($127.91 in chips) 
ReVeu710: posts small blind $0.50
Rezzonner: posts big blind $1
*** HOLE CARDS ***
avlee1: folds 
Pvn1219: folds 
SorinS28: folds 
andutu34: raises $1.49 to $2.49
ReVeu710: folds 
Rezzonner: folds 
Uncalled bet ($1.49) returned to andutu34
andutu34 collected $2.50 from pot
andutu34: doesn't show hand 
*** SUMMARY ***
Total pot $2.50 | Rake $0 
Seat 1: SorinS28 folded before Flop (didn't bet)
Seat 2: andutu34 (button) collected ($2.50)
Seat 3: ReVeu710 (small blind) folded before Flop
Seat 4: Rezzonner (big blind) folded before Flop
Seat 5: avlee1 folded before Flop (didn't bet)
Seat 6: Pvn1219 folded before Flop (didn't bet)



PokerStars Hand #254743317688:  Hold'em No Limit ($0.50/$1.00 USD) - 2025/02/06 0:42:36 WET [2025/02/06 19:42:36 ET]
Table 'Sheratan II' 6-max Seat #3 is the button
Seat 5: avlee1 ($106.46 in chips) is sitting out
Seat 1: SorinS28 ($109.48 in chips) 
Seat 2: andutu34 ($101.50 in chips) 
Seat 3: ReVeu710 ($109.53 in chips) 
Seat 4: Rezzonner ($100 in chips) 
Seat 6: Pvn1219 ($127.91 in chips) 
Rezzonner: posts small blind $0.50
avlee1: is sitting out 
Pvn1219: posts big blind $1
*** HOLE CARDS ***
SorinS28: folds 
andutu34: folds 
ReVeu710: raises $1.50 to $2.50
Rezzonner: folds 
Pvn1219: folds 
Uncalled bet ($1.50) returned to ReVeu710
ReVeu710 collected $2.50 from pot
ReVeu710: doesn't show hand 
*** SUMMARY ***
Total pot $2.50 | Rake $0 
Seat 5: avlee1
Seat 1: SorinS28 folded before Flop (didn't bet)
Seat 2: andutu34 folded before Flop (didn't bet)
Seat 3: ReVeu710 (button) collected ($2.50)
Seat 4: Rezzonner (small blind) folded before Flop
Seat 6: Pvn1219 (big blind) folded before Flop



PokerStars Hand #254743319475:  Hold'em No Limit ($0.50/$1.00 USD) - 2025/02/06 0:42:45 WET [2025/02/06 19:42:45 ET]
Table 'Sheratan II' 6-max Seat #4 is the button
Seat 5: avlee1 ($106.46 in chips) is sitting out
Seat 1: SorinS28 ($109.48 in chips) 
Seat 2: andutu34 ($101.50 in chips) 
Seat 3: ReVeu710 ($111.03 in chips) 
Seat 4: Rezzonner ($100 in chips) 
Seat 6: Pvn1219 ($126.91 in chips) 
Pvn1219: posts small blind $0.50
SorinS28: posts big blind $1
*** HOLE CARDS ***
andutu34: raises $1 to $2
ReVeu710: folds 
Rezzonner: calls $2
Pvn1219: folds 
SorinS28: folds 
*** FLOP *** [Kc Qd Tc]
andutu34: bets $1.31
Rezzonner: calls $1.31
*** TURN *** [Kc Qd Tc] [7h]
andutu34: bets $5.78
Rezzonner: calls $5.78
*** RIVER *** [Kc Qd Tc 7h] [Qh]
andutu34: checks 
Rezzonner: checks 
*** SHOW DOWN ***
andutu34: shows [Ks Kd] (a full house, Kings full of Queens)
Rezzonner: mucks hand 
andutu34 collected $18.70 from pot
*** SUMMARY ***
Total pot $19.68 | Rake $0.98 
Board [Kc Qd Tc 7h Qh]
Seat 5: avlee1
Seat 1: SorinS28 (big blind) folded before Flop
Seat 2: andutu34 showed [Ks Kd] and won ($18.70) with a full house, Kings full of Queens
Seat 3: ReVeu710 folded before Flop (didn't bet)
Seat 4: Rezzonner (button) mucked
Seat 6: Pvn1219 (small blind) folded before Flop



PokerStars Hand #254743332782:  Hold'em No Limit ($0.50/$1.00 USD) - 2025/02/06 0:43:57 WET [2025/02/06 19:43:57 ET]
Table 'Sheratan II' 6-max Seat #6 is the button
Seat 5: avlee1 ($106.46 in chips) is sitting out
Seat 1: SorinS28 ($108.48 in chips) 
Seat 2: andutu34 ($111.11 in chips) 
Seat 3: ReVeu710 ($111.03 in chips) 
Seat 4: Rezzonner ($100 in chips) 
Seat 6: Pvn1219 ($126.41 in chips) 
SorinS28: posts small blind $0.50
andutu34: posts big blind $1
*** HOLE CARDS ***
ReVeu710: folds 
Rezzonner: folds 
Pvn1219: raises $2 to $3
SorinS28: raises $10.50 to $13.50
andutu34: folds 
Pvn1219: folds 
Uncalled bet ($10.50) returned to SorinS28
SorinS28 collected $7 from pot
SorinS28: doesn't show hand 
*** SUMMARY ***
Total pot $7 | Rake $0 
Seat 5: avlee1
Seat 1: SorinS28 (small blind) collected ($7)
Seat 2: andutu34 (big blind) folded before Flop
Seat 3: ReVeu710 folded before Flop (didn't bet)
Seat 4: Rezzonner folded before Flop (didn't bet)
Seat 6: Pvn1219 (button) folded before Flop



PokerStars Hand #254743340466:  Hold'em No Limit ($0.50/$1.00 USD) - 2025/02/06 0:44:39 WET [2025/02/06 19:44:39 ET]
Table 'Sheratan II' 6-max Seat #1 is the button
Seat 5: avlee1 ($106.46 in chips) is sitting out
Seat 1: SorinS28 ($112.48 in chips) 
Seat 2: andutu34 ($110.11 in chips) 
Seat 3: ReVeu710 ($111.03 in chips) 
Seat 4: Rezzonner ($100 in chips) 
Seat 6: Pvn1219 ($123.41 in chips) 
andutu34: posts small blind $0.50
ReVeu710: posts big blind $1
*** HOLE CARDS ***
Rezzonner: raises $1.50 to $2.50
Pvn1219: folds 
SorinS28: folds 
andutu34: folds 
ReVeu710: calls $1.50
*** FLOP *** [Ac Qd 8h]
ReVeu710: checks 
Rezzonner: bets $1.72
ReVeu710: calls $1.72
*** TURN *** [Ac Qd 8h] [Qs]
ReVeu710: checks 
Rezzonner: bets $4.25
ReVeu710: folds 
Uncalled bet ($4.25) returned to Rezzonner
Rezzonner collected $8.49 from pot
Rezzonner: doesn't show hand 
*** SUMMARY ***
Total pot $8.94 | Rake $0.45 
Board [Ac Qd 8h Qs]
Seat 5: avlee1
Seat 1: SorinS28 (button) folded before Flop (didn't bet)
Seat 2: andutu34 (small blind) folded before Flop
Seat 3: ReVeu710 (big blind) folded on the Turn
Seat 4: Rezzonner collected ($8.49)
Seat 6: Pvn1219 folded before Flop (didn't bet)



PokerStars Hand #254743347605:  Hold'em No Limit ($0.50/$1.00 USD) - 2025/02/06 0:45:17 WET [2025/02/06 19:45:17 ET]
Table 'Sheratan II' 6-max Seat #2 is the button
Seat 5: avlee1 ($106.46 in chips) is sitting out
Seat 1: SorinS28 ($112.48 in chips) 
Seat 2: andutu34 ($109.61 in chips) 
Seat 3: ReVeu710 ($106.81 in chips) 
Seat 4: Rezzonner ($104.27 in chips) 
Seat 6: Pvn1219 ($123.41 in chips) 
ReVeu710: posts small blind $0.50
Rezzonner: posts big blind $1
avlee1: sits out 
*** HOLE CARDS ***
Pvn1219: folds 
SorinS28: folds 
andutu34: folds 
SorinS28 leaves the table
ReVeu710: folds 
Uncalled bet ($0.50) returned to Rezzonner
Rezzonner collected $1 from pot
Rezzonner: doesn't show hand 
*** SUMMARY ***
Total pot $1 | Rake $0 
Seat 5: avlee1
Seat 1: SorinS28 folded before Flop (didn't bet)
Seat 2: andutu34 (button) folded before Flop (didn't bet)
Seat 3: ReVeu710 (small blind) folded before Flop
Seat 4: Rezzonner (big blind) collected ($1)
Seat 6: Pvn1219 folded before Flop (didn't bet)



PokerStars Hand #254743350360:  Hold'em No Limit ($0.50/$1.00 USD) - 2025/02/06 0:45:32 WET [2025/02/06 19:45:32 ET]
Table 'Sheratan II' 6-max Seat #3 is the button
Seat 2: andutu34 ($109.61 in chips) 
Seat 3: ReVeu710 ($106.31 in chips) 
Seat 4: Rezzonner ($104.77 in chips) 
Seat 5: avlee1 ($106.46 in chips) 
Seat 6: Pvn1219 ($123.41 in chips) 
Rezzonner: posts small blind $0.50
avlee1: posts big blind $1
*** HOLE CARDS ***
Pvn1219: raises $1 to $2
andutu34: folds 
ReVeu710: calls $2
Rezzonner: folds 
avlee1: calls $1
*** FLOP *** [Jc Kd Ad]
avlee1: checks 
Pvn1219: bets $4.09
ReVeu710: folds 
avlee1: calls $4.09
*** TURN *** [Jc Kd Ad] [Kc]
avlee1: checks 
Pvn1219: bets $7.98
avlee1: calls $7.98
*** RIVER *** [Jc Kd Ad Kc] [Ts]
avlee1: checks 
socito joins the table at seat #1 
Pvn1219: checks 
*** SHOW DOWN ***
avlee1: shows [Ac 3c] (two pair, Aces and Kings)
Pvn1219: mucks hand 
avlee1 collected $29.11 from pot
*** SUMMARY ***
Total pot $30.64 | Rake $1.53 
Board [Jc Kd Ad Kc Ts]
Seat 2: andutu34 folded before Flop (didn't bet)
Seat 3: ReVeu710 (button) folded on the Flop
Seat 4: Rezzonner (small blind) folded before Flop
Seat 5: avlee1 (big blind) showed [Ac 3c] and won ($29.11) with two pair, Aces and Kings
Seat 6: Pvn1219 mucked



PokerStars Hand #254743363168:  Hold'em No Limit ($0.50/$1.00 USD) - 2025/02/06 0:46:40 WET [2025/02/06 19:46:40 ET]
Table 'Sheratan II' 6-max Seat #4 is the button
Seat 1: socito ($100 in chips) is sitting out
Seat 2: andutu34 ($109.61 in chips) 
Seat 3: ReVeu710 ($104.31 in chips) 
Seat 4: Rezzonner ($104.27 in chips) 
Seat 5: avlee1 ($121.50 in chips) 
Seat 6: Pvn1219 ($109.34 in chips) 
avlee1: posts small blind $0.50
Pvn1219: posts big blind $1
socito: sits out 
*** HOLE CARDS ***
andutu34: raises $1 to $2
ReVeu710: folds 
Rezzonner: calls $2
avlee1: calls $1.50
Pvn1219: calls $1
*** FLOP *** [3h 7h Kh]
avlee1: checks 
Pvn1219: checks 
andutu34: checks 
Rezzonner: checks 
*** TURN *** [3h 7h Kh] [Ts]
avlee1: bets $2.51
Pvn1219: calls $2.51
andutu34: calls $2.51
Rezzonner: calls $2.51
*** RIVER *** [3h 7h Kh Ts] [As]
avlee1: checks 
Pvn1219: checks 
andutu34: bets $5.66
Rezzonner: folds 
avlee1: calls $5.66
Pvn1219: folds 
*** SHOW DOWN ***
andutu34: shows [Ad Kd] (two pair, Aces and Kings)
avlee1: shows [7d 7c] (three of a kind, Sevens)
avlee1 collected $27.89 from pot
*** SUMMARY ***
Total pot $29.36 | Rake $1.47 
Board [3h 7h Kh Ts As]
Seat 1: socito
Seat 2: andutu34 showed [Ad Kd] and lost with two pair, Aces and Kings
Seat 3: ReVeu710 folded before Flop (didn't bet)
Seat 4: Rezzonner (button) folded on the River
Seat 5: avlee1 (small blind) showed [7d 7c] and won ($27.89) with three of a kind, Sevens
Seat 6: Pvn1219 (big blind) folded on the River



PokerStars Hand #254743382323:  Hold'em No Limit ($0.50/$1.00 USD) - 2025/02/06 0:48:24 WET [2025/02/06 19:48:24 ET]
Table 'Sheratan II' 6-max Seat #5 is the button
Seat 1: socito ($100 in chips) 
Seat 2: andutu34 ($100 in chips) 
Seat 3: ReVeu710 ($104.31 in chips) 
Seat 4: Rezzonner ($100 in chips) 
Seat 5: avlee1 ($139.22 in chips) 
Seat 6: Pvn1219 ($104.83 in chips) 
Pvn1219: posts small blind $0.50
socito: posts big blind $1
*** HOLE CARDS ***
andutu34: folds 
ReVeu710: folds 
Rezzonner: folds 
avlee1: folds 
Pvn1219: folds 
Uncalled bet ($0.50) returned to socito
socito collected $1 from pot
socito: doesn't show hand 
*** SUMMARY ***
Total pot $1 | Rake $0 
Seat 1: socito (big blind) collected ($1)
Seat 2: andutu34 folded before Flop (didn't bet)
Seat 3: ReVeu710 folded before Flop (didn't bet)
Seat 4: Rezzonner folded before Flop (didn't bet)
Seat 5: avlee1 (button) folded before Flop (didn't bet)
Seat 6: Pvn1219 (small blind) folded before Flop



PokerStars Hand #254743384117:  Hold'em No Limit ($0.50/$1.00 USD) - 2025/02/06 0:48:34 WET [2025/02/06 19:48:34 ET]
Table 'Sheratan II' 6-max Seat #6 is the button
Seat 1: socito ($100.50 in chips) 
Seat 2: andutu34 ($100 in chips) 
Seat 3: ReVeu710 ($104.31 in chips) 
Seat 4: Rezzonner ($100 in chips) 
Seat 5: avlee1 ($139.22 in chips) 
Seat 6: Pvn1219 ($104.33 in chips) 
socito: posts small blind $0.50
andutu34: posts big blind $1
*** HOLE CARDS ***
ReVeu710: folds 
Rezzonner: folds 
avlee1: folds 
Pvn1219: folds 
socito: folds 
Uncalled bet ($0.50) returned to andutu34
andutu34 collected $1 from pot
andutu34: doesn't show hand 
*** SUMMARY ***
Total pot $1 | Rake $0 
Seat 1: socito (small blind) folded before Flop
Seat 2: andutu34 (big blind) collected ($1)
Seat 3: ReVeu710 folded before Flop (didn't bet)
Seat 4: Rezzonner folded before Flop (didn't bet)
Seat 5: avlee1 folded before Flop (didn't bet)
Seat 6: Pvn1219 (button) folded before Flop (didn't bet)



PokerStars Hand #254743387993:  Hold'em No Limit ($0.50/$1.00 USD) - 2025/02/06 0:48:55 WET [2025/02/06 19:48:55 ET]
Table 'Sheratan II' 6-max Seat #1 is the button
Seat 1: socito ($100 in chips) 
Seat 2: andutu34 ($100.50 in chips) 
Seat 3: ReVeu710 ($104.31 in chips) 
Seat 4: Rezzonner ($100 in chips) 
Seat 5: avlee1 ($139.22 in chips) 
Seat 6: Pvn1219 ($104.33 in chips) 
andutu34: posts small blind $0.50
ReVeu710: posts big blind $1
*** HOLE CARDS ***
Rezzonner: raises $1.50 to $2.50
avlee1: folds 
Pvn1219: calls $2.50
socito: folds 
andutu34: folds 
ReVeu710: folds 
*** FLOP *** [8c Jd Qs]
Rezzonner: bets $2.04
Pvn1219: calls $2.04
*** TURN *** [8c Jd Qs] [3s]
Rezzonner: checks 
Pvn1219: checks 
*** RIVER *** [8c Jd Qs 3s] [4d]
Rezzonner: checks 
Pvn1219: bets $5.03
Rezzonner: folds 
Uncalled bet ($5.03) returned to Pvn1219
Pvn1219 collected $10.05 from pot
*** SUMMARY ***
Total pot $10.58 | Rake $0.53 
Board [8c Jd Qs 3s 4d]
Seat 1: socito (button) folded before Flop (didn't bet)
Seat 2: andutu34 (small blind) folded before Flop
Seat 3: ReVeu710 (big blind) folded before Flop
Seat 4: Rezzonner folded on the River
Seat 5: avlee1 folded before Flop (didn't bet)
Seat 6: Pvn1219 collected ($10.05)



PokerStars Hand #254743398290:  Hold'em No Limit ($0.50/$1.00 USD) - 2025/02/06 0:49:52 WET [2025/02/06 19:49:52 ET]
Table 'Sheratan II' 6-max Seat #2 is the button
Seat 1: socito ($100 in chips) 
Seat 2: andutu34 ($100 in chips) 
Seat 3: ReVeu710 ($103.31 in chips) 
Seat 4: Rezzonner ($100 in chips) 
Seat 5: avlee1 ($139.22 in chips) 
Seat 6: Pvn1219 ($109.84 in chips) 
ReVeu710: posts small blind $0.50
Rezzonner: posts big blind $1
*** HOLE CARDS ***
avlee1: folds 
Pvn1219: folds 
socito: folds 
andutu34: folds 
ReVeu710: raises $2 to $3
Rezzonner: calls $2
*** FLOP *** [3c Ac As]
ReVeu710: bets $1.43
Rezzonner: calls $1.43
*** TURN *** [3c Ac As] [5s]
ReVeu710: checks 
Rezzonner: bets $2.53
ReVeu710: calls $2.53
*** RIVER *** [3c Ac As 5s] [2h]
ReVeu710: checks 
Rezzonner: checks 
*** SHOW DOWN ***
ReVeu710: shows [Ts Kc] (a pair of Aces)
Rezzonner: shows [Ah 7s] (three of a kind, Aces)
Rezzonner collected $13.22 from pot
*** SUMMARY ***
Total pot $13.92 | Rake $0.70 
Board [3c Ac As 5s 2h]
Seat 1: socito folded before Flop (didn't bet)
Seat 2: andutu34 (button) folded before Flop (didn't bet)
Seat 3: ReVeu710 (small blind) showed [Ts Kc] and lost with a pair of Aces
Seat 4: Rezzonner (big blind) showed [Ah 7s] and won ($13.22) with three of a kind, Aces
Seat 5: avlee1 folded before Flop (didn't bet)
Seat 6: Pvn1219 folded before Flop (didn't bet)



PokerStars Hand #254743410988:  Hold'em No Limit ($0.50/$1.00 USD) - 2025/02/06 0:51:02 WET [2025/02/06 19:51:02 ET]
Table 'Sheratan II' 6-max Seat #3 is the button
Seat 1: socito ($100 in chips) 
Seat 2: andutu34 ($100 in chips) 
Seat 3: ReVeu710 ($100 in chips) 
Seat 4: Rezzonner ($106.26 in chips) 
Seat 5: avlee1 ($139.22 in chips) 
Seat 6: Pvn1219 ($109.84 in chips) 
Rezzonner: posts small blind $0.50
avlee1: posts big blind $1
*** HOLE CARDS ***
Pvn1219: folds 
socito: folds 
andutu34: folds 
ReVeu710: raises $1.50 to $2.50
Rezzonner: folds 
avlee1: folds 
Uncalled bet ($1.50) returned to ReVeu710
ReVeu710 collected $2.50 from pot
ReVeu710: doesn't show hand 
*** SUMMARY ***
Total pot $2.50 | Rake $0 
Seat 1: socito folded before Flop (didn't bet)
Seat 2: andutu34 folded before Flop (didn't bet)
Seat 3: ReVeu710 (button) collected ($2.50)
Seat 4: Rezzonner (small blind) folded before Flop
Seat 5: avlee1 (big blind) folded before Flop
Seat 6: Pvn1219 folded before Flop (didn't bet)



PokerStars Hand #254743415584:  Hold'em No Limit ($0.50/$1.00 USD) - 2025/02/06 0:51:28 WET [2025/02/06 19:51:28 ET]
Table 'Sheratan II' 6-max Seat #4 is the button
Seat 1: socito ($100 in chips) 
Seat 2: andutu34 ($100 in chips) 
Seat 3: ReVeu710 ($101.50 in chips) 
Seat 4: Rezzonner ($105.76 in chips) 
Seat 5: avlee1 ($138.22 in chips) 
Seat 6: Pvn1219 ($109.84 in chips) 
avlee1: posts small blind $0.50
Pvn1219: posts big blind $1
*** HOLE CARDS ***
socito: folds 
andutu34: folds 
ReVeu710: folds 
Rezzonner: raises $1.50 to $2.50
avlee1: folds 
Pvn1219: folds 
Uncalled bet ($1.50) returned to Rezzonner
Rezzonner collected $2.50 from pot
Rezzonner: doesn't show hand 
*** SUMMARY ***
Total pot $2.50 | Rake $0 
Seat 1: socito folded before Flop (didn't bet)
Seat 2: andutu34 folded before Flop (didn't bet)
Seat 3: ReVeu710 folded before Flop (didn't bet)
Seat 4: Rezzonner (button) collected ($2.50)
Seat 5: avlee1 (small blind) folded before Flop
Seat 6: Pvn1219 (big blind) folded before Flop



PokerStars Hand #254743418427:  Hold'em No Limit ($0.50/$1.00 USD) - 2025/02/06 0:51:43 WET [2025/02/06 19:51:43 ET]
Table 'Sheratan II' 6-max Seat #5 is the button
Seat 1: socito ($100 in chips) 
Seat 2: andutu34 ($100 in chips) 
Seat 3: ReVeu710 ($101.50 in chips) 
Seat 4: Rezzonner ($107.26 in chips) 
Seat 5: avlee1 ($137.72 in chips) 
Seat 6: Pvn1219 ($108.84 in chips) 
Pvn1219: posts small blind $0.50
socito: posts big blind $1
*** HOLE CARDS ***
andutu34: folds 
ReVeu710: folds 
Rezzonner: folds 
avlee1: raises $1.50 to $2.50
Pvn1219: folds 
socito: folds 
Uncalled bet ($1.50) returned to avlee1
avlee1 collected $2.50 from pot
avlee1: doesn't show hand 
*** SUMMARY ***
Total pot $2.50 | Rake $0 
Seat 1: socito (big blind) folded before Flop
Seat 2: andutu34 folded before Flop (didn't bet)
Seat 3: ReVeu710 folded before Flop (didn't bet)
Seat 4: Rezzonner folded before Flop (didn't bet)
Seat 5: avlee1 (button) collected ($2.50)
Seat 6: Pvn1219 (small blind) folded before Flop



PokerStars Hand #254743422939:  Hold'em No Limit ($0.50/$1.00 USD) - 2025/02/06 0:52:08 WET [2025/02/06 19:52:08 ET]
Table 'Sheratan II' 6-max Seat #6 is the button
Seat 1: socito ($100 in chips) 
Seat 2: andutu34 ($100 in chips) 
Seat 3: ReVeu710 ($101.50 in chips) 
Seat 4: Rezzonner ($107.26 in chips) 
Seat 5: avlee1 ($139.22 in chips) 
Seat 6: Pvn1219 ($108.34 in chips) 
socito: posts small blind $0.50
andutu34: posts big blind $1
*** HOLE CARDS ***
ReVeu710: folds 
Rezzonner: folds 
avlee1: folds 
Pvn1219: raises $2 to $3
socito: folds 
andutu34: calls $2
*** FLOP *** [Jd 8s Kh]
andutu34: checks 
Pvn1219: bets $4.09
andutu34: folds 
Uncalled bet ($4.09) returned to Pvn1219
Pvn1219 collected $6.18 from pot
*** SUMMARY ***
Total pot $6.50 | Rake $0.32 
Board [Jd 8s Kh]
Seat 1: socito (small blind) folded before Flop
Seat 2: andutu34 (big blind) folded on the Flop
Seat 3: ReVeu710 folded before Flop (didn't bet)
Seat 4: Rezzonner folded before Flop (didn't bet)
Seat 5: avlee1 folded before Flop (didn't bet)
Seat 6: Pvn1219 (button) collected ($6.18)



PokerStars Hand #254743430330:  Hold'em No Limit ($0.50/$1.00 USD) - 2025/02/06 0:52:49 WET [2025/02/06 19:52:49 ET]
Table 'Sheratan II' 6-max Seat #1 is the button
Seat 1: socito ($100 in chips) 
Seat 2: andutu34 ($100 in chips) 
Seat 3: ReVeu710 ($101.50 in chips) 
Seat 4: Rezzonner ($107.26 in chips) 
Seat 5: avlee1 ($139.22 in chips) 
Seat 6: Pvn1219 ($111.52 in chips) 
andutu34: posts small blind $0.50
ReVeu710: posts big blind $1
*** HOLE CARDS ***
Rezzonner: folds 
avlee1: folds 
Pvn1219: folds 
socito: raises $1.50 to $2.50
andutu34: raises $8.70 to $11.20
ReVeu710: folds 
socito: folds 
Uncalled bet ($8.70) returned to andutu34
andutu34 collected $6 from pot
andutu34: doesn't show hand 
*** SUMMARY ***
Total pot $6 | Rake $0 
Seat 1: socito (button) folded before Flop
Seat 2: andutu34 (small blind) collected ($6)
Seat 3: ReVeu710 (big blind) folded before Flop
Seat 4: Rezzonner folded before Flop (didn't bet)
Seat 5: avlee1 folded before Flop (didn't bet)
Seat 6: Pvn1219 folded before Flop (didn't bet)



PokerStars Hand #254743434175:  Hold'em No Limit ($0.50/$1.00 USD) - 2025/02/06 0:53:10 WET [2025/02/06 19:53:10 ET]
Table 'Sheratan II' 6-max Seat #2 is the button
Seat 1: socito ($100 in chips) 
Seat 2: andutu34 ($103.50 in chips) 
Seat 3: ReVeu710 ($100.50 in chips) 
Seat 4: Rezzonner ($107.26 in chips) 
Seat 5: avlee1 ($139.22 in chips) 
Seat 6: Pvn1219 ($111.52 in chips) 
ReVeu710: posts small blind $0.50
Rezzonner: posts big blind $1
*** HOLE CARDS ***
avlee1: folds 
Pvn1219: folds 
socito: folds 
andutu34: folds 
ReVeu710: raises $2 to $3
Rezzonner: raises $6 to $9
ReVeu710: folds 
Uncalled bet ($6) returned to Rezzonner
Rezzonner collected $6 from pot
Rezzonner: doesn't show hand 
*** SUMMARY ***
Total pot $6 | Rake $0 
Seat 1: socito folded before Flop (didn't bet)
Seat 2: andutu34 (button) folded before Flop (didn't bet)
Seat 3: ReVeu710 (small blind) folded before Flop
Seat 4: Rezzonner (big blind) collected ($6)
Seat 5: avlee1 folded before Flop (didn't bet)
Seat 6: Pvn1219 folded before Flop (didn't bet)



PokerStars Hand #254743437625:  Hold'em No Limit ($0.50/$1.00 USD) - 2025/02/06 0:53:29 WET [2025/02/06 19:53:29 ET]
Table 'Sheratan II' 6-max Seat #3 is the button
Seat 1: socito ($100 in chips) 
Seat 2: andutu34 ($103.50 in chips) 
Seat 3: ReVeu710 ($100 in chips) 
Seat 4: Rezzonner ($110.26 in chips) 
Seat 5: avlee1 ($139.22 in chips) 
Seat 6: Pvn1219 ($111.52 in chips) 
Rezzonner: posts small blind $0.50
avlee1: posts big blind $1
*** HOLE CARDS ***
Pvn1219: calls $1
socito: folds 
andutu34: folds 
ReVeu710: folds 
Rezzonner: folds 
avlee1: checks 
*** FLOP *** [2h Ah 3s]
avlee1: checks 
Pvn1219: checks 
*** TURN *** [2h Ah 3s] [Ad]
avlee1: bets $1.19
Pvn1219: folds 
Uncalled bet ($1.19) returned to avlee1
avlee1 collected $2.38 from pot
avlee1: doesn't show hand 
*** SUMMARY ***
Total pot $2.50 | Rake $0.12 
Board [2h Ah 3s Ad]
Seat 1: socito folded before Flop (didn't bet)
Seat 2: andutu34 folded before Flop (didn't bet)
Seat 3: ReVeu710 (button) folded before Flop (didn't bet)
Seat 4: Rezzonner (small blind) folded before Flop
Seat 5: avlee1 (big blind) collected ($2.38)
Seat 6: Pvn1219 folded on the Turn



PokerStars Hand #254743448056:  Hold'em No Limit ($0.50/$1.00 USD) - 2025/02/06 0:54:27 WET [2025/02/06 19:54:27 ET]
Table 'Sheratan II' 6-max Seat #4 is the button
Seat 1: socito ($100 in chips) 
Seat 2: andutu34 ($103.50 in chips) 
Seat 3: ReVeu710 ($100 in chips) 
Seat 4: Rezzonner ($109.76 in chips) 
Seat 5: avlee1 ($140.60 in chips) 
Seat 6: Pvn1219 ($110.52 in chips) 
avlee1: posts small blind $0.50
Pvn1219: posts big blind $1
*** HOLE CARDS ***
socito: folds 
andutu34: folds 
ReVeu710: raises $1.30 to $2.30
Rezzonner: folds 
avlee1: folds 
Pvn1219: calls $1.30
*** FLOP *** [Jh 3h 4h]
Pvn1219: checks 
ReVeu710: bets $1.21
Pvn1219: calls $1.21
*** TURN *** [Jh 3h 4h] [9h]
Pvn1219: bets $4.57
ReVeu710: folds 
Uncalled bet ($4.57) returned to Pvn1219
Pvn1219 collected $7.14 from pot
*** SUMMARY ***
Total pot $7.52 | Rake $0.38 
Board [Jh 3h 4h 9h]
Seat 1: socito folded before Flop (didn't bet)
Seat 2: andutu34 folded before Flop (didn't bet)
Seat 3: ReVeu710 folded on the Turn
Seat 4: Rezzonner (button) folded before Flop (didn't bet)
Seat 5: avlee1 (small blind) folded before Flop
Seat 6: Pvn1219 (big blind) collected ($7.14)



PokerStars Hand #254743454808:  Hold'em No Limit ($0.50/$1.00 USD) - 2025/02/06 0:55:04 WET [2025/02/06 19:55:04 ET]
Table 'Sheratan II' 6-max Seat #5 is the button
Seat 1: socito ($100 in chips) 
Seat 2: andutu34 ($103.50 in chips) 
Seat 3: ReVeu710 ($100 in chips) 
Seat 4: Rezzonner ($109.76 in chips) 
Seat 5: avlee1 ($140.10 in chips) 
Seat 6: Pvn1219 ($114.15 in chips) 
Pvn1219: posts small blind $0.50
socito: posts big blind $1
*** HOLE CARDS ***
andutu34: folds 
ReVeu710: raises $1 to $2
Rezzonner: folds 
avlee1: folds 
Pvn1219: folds 
socito: calls $1
*** FLOP *** [4s Kh 6c]
socito: checks 
ReVeu710: bets $1.07
socito: folds 
Uncalled bet ($1.07) returned to ReVeu710
ReVeu710 collected $4.28 from pot
ReVeu710: doesn't show hand 
*** SUMMARY ***
Total pot $4.50 | Rake $0.22 
Board [4s Kh 6c]
Seat 1: socito (big blind) folded on the Flop
Seat 2: andutu34 folded before Flop (didn't bet)
Seat 3: ReVeu710 collected ($4.28)
Seat 4: Rezzonner folded before Flop (didn't bet)
Seat 5: avlee1 (button) folded before Flop (didn't bet)
Seat 6: Pvn1219 (small blind) folded before Flop



PokerStars Hand #254743462386:  Hold'em No Limit ($0.50/$1.00 USD) - 2025/02/06 0:55:55 WET [2025/02/06 19:55:55 ET]
Table 'Sheratan II' 6-max Seat #6 is the button
Seat 1: socito ($100 in chips) 
Seat 2: andutu34 ($103.50 in chips) 
Seat 3: ReVeu710 ($102.28 in chips) 
Seat 4: Rezzonner ($109.76 in chips) 
Seat 5: avlee1 ($140.10 in chips) 
Seat 6: Pvn1219 ($113.65 in chips) 
socito: posts small blind $0.50
andutu34: posts big blind $1
*** HOLE CARDS ***
ReVeu710: folds 
Rezzonner: folds 
avlee1: folds 
Pvn1219: folds 
socito: raises $2 to $3
andutu34: folds 
Uncalled bet ($2) returned to socito
socito collected $2 from pot
socito: doesn't show hand 
*** SUMMARY ***
Total pot $2 | Rake $0 
Seat 1: socito (small blind) collected ($2)
Seat 2: andutu34 (big blind) folded before Flop
Seat 3: ReVeu710 folded before Flop (didn't bet)
Seat 4: Rezzonner folded before Flop (didn't bet)
Seat 5: avlee1 folded before Flop (didn't bet)
Seat 6: Pvn1219 (button) folded before Flop (didn't bet)



PokerStars Hand #254743466624:  Hold'em No Limit ($0.50/$1.00 USD) - 2025/02/06 0:56:24 WET [2025/02/06 19:56:24 ET]
Table 'Sheratan II' 6-max Seat #1 is the button
Seat 1: socito ($101 in chips) 
Seat 2: andutu34 ($102.50 in chips) 
Seat 3: ReVeu710 ($102.28 in chips) 
Seat 4: Rezzonner ($109.76 in chips) 
Seat 5: avlee1 ($140.10 in chips) 
Seat 6: Pvn1219 ($113.65 in chips) 
andutu34: posts small blind $0.50
ReVeu710: posts big blind $1
*** HOLE CARDS ***
Rezzonner: folds 
avlee1: folds 
Pvn1219: raises $2 to $3
socito: folds 
andutu34: folds 
ReVeu710: folds 
Uncalled bet ($2) returned to Pvn1219
Pvn1219 collected $2.50 from pot
*** SUMMARY ***
Total pot $2.50 | Rake $0 
Seat 1: socito (button) folded before Flop (didn't bet)
Seat 2: andutu34 (small blind) folded before Flop
Seat 3: ReVeu710 (big blind) folded before Flop
Seat 4: Rezzonner folded before Flop (didn't bet)
Seat 5: avlee1 folded before Flop (didn't bet)
Seat 6: Pvn1219 collected ($2.50)



PokerStars Hand #254743468857:  Hold'em No Limit ($0.50/$1.00 USD) - 2025/02/06 0:56:40 WET [2025/02/06 19:56:40 ET]
Table 'Sheratan II' 6-max Seat #2 is the button
Seat 1: socito ($101 in chips) 
Seat 2: andutu34 ($102 in chips) 
Seat 3: ReVeu710 ($101.28 in chips) 
Seat 4: Rezzonner ($109.76 in chips) 
Seat 5: avlee1 ($140.10 in chips) 
Seat 6: Pvn1219 ($115.15 in chips) 
ReVeu710: posts small blind $0.50
Rezzonner: posts big blind $1
*** HOLE CARDS ***
avlee1: raises $1.50 to $2.50
Pvn1219: calls $2.50
socito: folds 
andutu34: folds 
ReVeu710: calls $2
Rezzonner: folds 
*** FLOP *** [9s Jc Ac]
ReVeu710: checks 
avlee1: checks 
Pvn1219: bets $5.04
ReVeu710: folds 
avlee1: folds 
Uncalled bet ($5.04) returned to Pvn1219
Pvn1219 collected $8.08 from pot
*** SUMMARY ***
Total pot $8.50 | Rake $0.42 
Board [9s Jc Ac]
Seat 1: socito folded before Flop (didn't bet)
Seat 2: andutu34 (button) folded before Flop (didn't bet)
Seat 3: ReVeu710 (small blind) folded on the Flop
Seat 4: Rezzonner (big blind) folded before Flop
Seat 5: avlee1 folded on the Flop
Seat 6: Pvn1219 collected ($8.08)



PokerStars Hand #254743473517:  Hold'em No Limit ($0.50/$1.00 USD) - 2025/02/06 0:57:11 WET [2025/02/06 19:57:11 ET]
Table 'Sheratan II' 6-max Seat #3 is the button
Seat 1: socito ($101 in chips) 
Seat 2: andutu34 ($102 in chips) 
Seat 3: ReVeu710 ($100 in chips) 
Seat 4: Rezzonner ($108.76 in chips) 
Seat 5: avlee1 ($137.60 in chips) 
Seat 6: Pvn1219 ($120.73 in chips) 
Rezzonner: posts small blind $0.50
avlee1: posts big blind $1
*** HOLE CARDS ***
Pvn1219: folds 
socito: folds 
andutu34: folds 
ReVeu710: folds 
Rezzonner: raises $2 to $3
avlee1: folds 
Uncalled bet ($2) returned to Rezzonner
Rezzonner collected $2 from pot
Rezzonner: doesn't show hand 
*** SUMMARY ***
Total pot $2 | Rake $0 
Seat 1: socito folded before Flop (didn't bet)
Seat 2: andutu34 folded before Flop (didn't bet)
Seat 3: ReVeu710 (button) folded before Flop (didn't bet)
Seat 4: Rezzonner (small blind) collected ($2)
Seat 5: avlee1 (big blind) folded before Flop
Seat 6: Pvn1219 folded before Flop (didn't bet)



PokerStars Hand #254743476863:  Hold'em No Limit ($0.50/$1.00 USD) - 2025/02/06 0:57:34 WET [2025/02/06 19:57:34 ET]
Table 'Sheratan II' 6-max Seat #4 is the button
Seat 1: socito ($101 in chips) 
Seat 2: andutu34 ($102 in chips) 
Seat 3: ReVeu710 ($100 in chips) 
Seat 4: Rezzonner ($109.76 in chips) 
Seat 5: avlee1 ($136.60 in chips) 
Seat 6: Pvn1219 ($120.73 in chips) 
avlee1: posts small blind $0.50
Pvn1219: posts big blind $1
*** HOLE CARDS ***
socito: folds 
andutu34: folds 
ReVeu710: raises $1.30 to $2.30
Rezzonner: folds 
avlee1: folds 
Pvn1219: raises $3.70 to $6
ReVeu710: calls $3.70
*** FLOP *** [3d 9d 8d]
Pvn1219: checks 
ReVeu710: bets $2.97
Pvn1219: raises $5.03 to $8
ReVeu710: folds 
Uncalled bet ($5.03) returned to Pvn1219
Pvn1219 collected $17.52 from pot
*** SUMMARY ***
Total pot $18.44 | Rake $0.92 
Board [3d 9d 8d]
Seat 1: socito folded before Flop (didn't bet)
Seat 2: andutu34 folded before Flop (didn't bet)
Seat 3: ReVeu710 folded on the Flop
Seat 4: Rezzonner (button) folded before Flop (didn't bet)
Seat 5: avlee1 (small blind) folded before Flop
Seat 6: Pvn1219 (big blind) collected ($17.52)



PokerStars Hand #254743482780:  Hold'em No Limit ($0.50/$1.00 USD) - 2025/02/06 0:58:15 WET [2025/02/06 19:58:15 ET]
Table 'Sheratan II' 6-max Seat #5 is the button
Seat 1: socito ($101 in chips) 
Seat 2: andutu34 ($102 in chips) 
Seat 3: ReVeu710 ($100 in chips) 
Seat 4: Rezzonner ($109.76 in chips) 
Seat 5: avlee1 ($136.10 in chips) 
Seat 6: Pvn1219 ($129.28 in chips) 
Pvn1219: posts small blind $0.50
socito: posts big blind $1
*** HOLE CARDS ***
andutu34: folds 
ReVeu710: folds 
Rezzonner: raises $1.50 to $2.50
avlee1: raises $5.50 to $8
Pvn1219: folds 
socito: folds 
Rezzonner: calls $5.50
*** FLOP *** [8c Ac 3h]
Rezzonner: checks 
avlee1: checks 
*** TURN *** [8c Ac 3h] [Ts]
Rezzonner: bets $8.31
avlee1: folds 
Uncalled bet ($8.31) returned to Rezzonner
Rezzonner collected $16.62 from pot
Rezzonner: doesn't show hand 
*** SUMMARY ***
Total pot $17.50 | Rake $0.88 
Board [8c Ac 3h Ts]
Seat 1: socito (big blind) folded before Flop
Seat 2: andutu34 folded before Flop (didn't bet)
Seat 3: ReVeu710 folded before Flop (didn't bet)
Seat 4: Rezzonner collected ($16.62)
Seat 5: avlee1 (button) folded on the Turn
Seat 6: Pvn1219 (small blind) folded before Flop



PokerStars Hand #254743491818:  Hold'em No Limit ($0.50/$1.00 USD) - 2025/02/06 0:59:17 WET [2025/02/06 19:59:17 ET]
Table 'Sheratan II' 6-max Seat #6 is the button
Seat 1: socito ($100 in chips) 
Seat 2: andutu34 ($102 in chips) 
Seat 3: ReVeu710 ($100 in chips) 
Seat 4: Rezzonner ($118.38 in chips) 
Seat 5: avlee1 ($128.10 in chips) 
Seat 6: Pvn1219 ($128.78 in chips) 
socito: posts small blind $0.50
andutu34: posts big blind $1
*** HOLE CARDS ***
ReVeu710: folds 
Rezzonner: folds 
avlee1: folds 
Pvn1219: raises $3 to $4
socito: folds 
andutu34: folds 
Uncalled bet ($3) returned to Pvn1219
Pvn1219 collected $2.50 from pot
*** SUMMARY ***
Total pot $2.50 | Rake $0 
Seat 1: socito (small blind) folded before Flop
Seat 2: andutu34 (big blind) folded before Flop
Seat 3: ReVeu710 folded before Flop (didn't bet)
Seat 4: Rezzonner folded before Flop (didn't bet)
Seat 5: avlee1 folded before Flop (didn't bet)
Seat 6: Pvn1219 (button) collected ($2.50)



PokerStars Hand #254743495417:  Hold'em No Limit ($0.50/$1.00 USD) - 2025/02/06 0:59:42 WET [2025/02/06 19:59:42 ET]
Table 'Sheratan II' 6-max Seat #1 is the button
Seat 3: ReVeu710 ($100 in chips) is sitting out
Seat 1: socito ($100 in chips) 
Seat 2: andutu34 ($101 in chips) 
Seat 4: Rezzonner ($118.38 in chips) 
Seat 5: avlee1 ($128.10 in chips) 
Seat 6: Pvn1219 ($130.28 in chips) 
andutu34: posts small blind $0.50
ReVeu710: is sitting out 
Rezzonner: posts big blind $1
*** HOLE CARDS ***
avlee1: folds 
ReVeu710 leaves the table
Pvn1219: raises $2 to $3
socito: folds 
andutu34: raises $10.15 to $13.15
Rezzonner: folds 
Pvn1219: calls $10.15
*** FLOP *** [2c 9s 3h]
andutu34: checks 
Pvn1219: checks 
*** TURN *** [2c 9s 3h] [Qd]
andutu34: checks 
Pvn1219: checks 
*** RIVER *** [2c 9s 3h Qd] [4h]
andutu34: checks 
Pvn1219: checks 
*** SHOW DOWN ***
andutu34: shows [Ah Kc] (high card Ace)
Pvn1219: mucks hand 
andutu34 collected $25.94 from pot
*** SUMMARY ***
Total pot $27.30 | Rake $1.36 
Board [2c 9s 3h Qd 4h]
Seat 3: ReVeu710
Seat 1: socito (button) folded before Flop (didn't bet)
Seat 2: andutu34 (small blind) showed [Ah Kc] and won ($25.94) with high card Ace
Seat 4: Rezzonner (big blind) folded before Flop
Seat 5: avlee1 folded before Flop (didn't bet)
Seat 6: Pvn1219 mucked



PokerStars Hand #254743504248:  Hold'em No Limit ($0.50/$1.00 USD) - 2025/02/06 1:00:40 WET [2025/02/06 20:00:40 ET]
Table 'Sheratan II' 6-max Seat #2 is the button
Seat 1: socito ($100 in chips) 
Seat 2: andutu34 ($113.79 in chips) 
Seat 4: Rezzonner ($117.38 in chips) 
Seat 5: avlee1 ($128.10 in chips) 
Seat 6: Pvn1219 ($117.13 in chips) 
Rezzonner: posts small blind $0.50
avlee1: posts big blind $1
*** HOLE CARDS ***
Pvn1219: folds 
Tibibacsi joins the table at seat #3 
socito: folds 
andutu34: folds 
Rezzonner: raises $2 to $3
avlee1: folds 
Uncalled bet ($2) returned to Rezzonner
Rezzonner collected $2 from pot
Rezzonner: doesn't show hand 
*** SUMMARY ***
Total pot $2 | Rake $0 
Seat 1: socito folded before Flop (didn't bet)
Seat 2: andutu34 (button) folded before Flop (didn't bet)
Seat 4: Rezzonner (small blind) collected ($2)
Seat 5: avlee1 (big blind) folded before Flop
Seat 6: Pvn1219 folded before Flop (didn't bet)



PokerStars Hand #254743506631:  Hold'em No Limit ($0.50/$1.00 USD) - 2025/02/06 1:00:54 WET [2025/02/06 20:00:54 ET]
Table 'Sheratan II' 6-max Seat #4 is the button
Seat 3: Tibibacsi ($100 in chips) is sitting out
Seat 1: socito ($100 in chips) 
Seat 2: andutu34 ($113.79 in chips) 
Seat 4: Rezzonner ($118.38 in chips) 
Seat 5: avlee1 ($127.10 in chips) 
Seat 6: Pvn1219 ($117.13 in chips) 
avlee1: posts small blind $0.50
Pvn1219: posts big blind $1
Tibibacsi: sits out 
*** HOLE CARDS ***
socito: folds 
andutu34: folds 
Rezzonner: raises $1.50 to $2.50
avlee1: folds 
Pvn1219: calls $1.50
*** FLOP *** [4s 7s 3c]
Pvn1219: checks 
Rezzonner: bets $3.50
Pvn1219: folds 
Uncalled bet ($3.50) returned to Rezzonner
Rezzonner collected $5.22 from pot
Rezzonner: doesn't show hand 
*** SUMMARY ***
Total pot $5.50 | Rake $0.28 
Board [4s 7s 3c]
Seat 3: Tibibacsi
Seat 1: socito folded before Flop (didn't bet)
Seat 2: andutu34 folded before Flop (didn't bet)
Seat 4: Rezzonner (button) collected ($5.22)
Seat 5: avlee1 (small blind) folded before Flop
Seat 6: Pvn1219 (big blind) folded on the Flop



PokerStars Hand #254743512975:  Hold'em No Limit ($0.50/$1.00 USD) - 2025/02/06 1:01:30 WET [2025/02/06 20:01:30 ET]
Table 'Sheratan II' 6-max Seat #5 is the button
Seat 3: Tibibacsi ($100 in chips) is sitting out
Seat 1: socito ($100 in chips) 
Seat 2: andutu34 ($113.79 in chips) 
Seat 4: Rezzonner ($121.10 in chips) 
Seat 5: avlee1 ($126.60 in chips) 
Seat 6: Pvn1219 ($114.63 in chips) 
Pvn1219: posts small blind $0.50
socito: posts big blind $1
Tibibacsi: sits out 
*** HOLE CARDS ***
andutu34: folds 
Rezzonner: folds 
avlee1: folds 
Pvn1219: folds 
Uncalled bet ($0.50) returned to socito
socito collected $1 from pot
socito: doesn't show hand 
*** SUMMARY ***
Total pot $1 | Rake $0 
Seat 3: Tibibacsi
Seat 1: socito (big blind) collected ($1)
Seat 2: andutu34 folded before Flop (didn't bet)
Seat 4: Rezzonner folded before Flop (didn't bet)
Seat 5: avlee1 (button) folded before Flop (didn't bet)
Seat 6: Pvn1219 (small blind) folded before Flop



PokerStars Hand #254743514474:  Hold'em No Limit ($0.50/$1.00 USD) - 2025/02/06 1:01:39 WET [2025/02/06 20:01:39 ET]
Table 'Sheratan II' 6-max Seat #6 is the button
Seat 3: Tibibacsi ($100 in chips) is sitting out
Seat 1: socito ($100.50 in chips) 
Seat 2: andutu34 ($113.79 in chips) 
Seat 4: Rezzonner ($121.10 in chips) 
Seat 5: avlee1 ($126.60 in chips) 
Seat 6: Pvn1219 ($114.13 in chips) 
socito: posts small blind $0.50
andutu34: posts big blind $1
Tibibacsi: sits out 
*** HOLE CARDS ***
Rezzonner: folds 
avlee1: folds 
Pvn1219: folds 
socito: raises $2 to $3
andutu34: raises $7 to $10
socito: folds 
Uncalled bet ($7) returned to andutu34
andutu34 collected $6 from pot
andutu34: doesn't show hand 
*** SUMMARY ***
Total pot $6 | Rake $0 
Seat 3: Tibibacsi
Seat 1: socito (small blind) folded before Flop
Seat 2: andutu34 (big blind) collected ($6)
Seat 4: Rezzonner folded before Flop (didn't bet)
Seat 5: avlee1 folded before Flop (didn't bet)
Seat 6: Pvn1219 (button) folded before Flop (didn't bet)



PokerStars Hand #254742733402:  Hold'em No Limit ($0.50/$1.00 USD) - 2025/02/06 0:35:13 WET [2025/02/06 19:35:13 ET]
Table 'Sheratan II' 6-max Seat #3 is the button
Seat 1: SorinS28 ($100 in chips) is sitting out
Seat 2: andutu34 ($100 in chips) 
Seat 3: ReVeu710 ($103.99 in chips) 
Seat 4: Rezzonner ($100 in chips) 
Seat 5: avlee1 ($100 in chips) 
Seat 6: Pvn1219 ($90 in chips) 
Rezzonner: posts small blind $0.50
avlee1: posts big blind $1
SorinS28: sits out 
*** HOLE CARDS ***
Pvn1219: folds 
andutu34: folds 
ReVeu710: raises $1.50 to $2.50
Rezzonner: raises $7.50 to $10
avlee1: folds 
ReVeu710: folds 
Uncalled bet ($7.50) returned to Rezzonner
Rezzonner collected $6 from pot
Rezzonner: doesn't show hand 
*** SUMMARY ***
Total pot $6 | Rake $0 
Seat 1: SorinS28
Seat 2: andutu34 folded before Flop (didn't bet)
Seat 3: ReVeu710 (button) folded before Flop
Seat 4: Rezzonner (small blind) collected ($6)
Seat 5: avlee1 (big blind) folded before Flop
Seat 6: Pvn1219 folded before Flop (didn't bet)



PokerStars Hand #254742738360:  Hold'em No Limit ($0.50/$1.00 USD) - 2025/02/06 0:35:38 WET [2025/02/06 19:35:38 ET]
Table 'Sheratan II' 6-max Seat #4 is the button
Seat 1: SorinS28 ($100 in chips) is sitting out
Seat 2: andutu34 ($100 in chips) 
Seat 3: ReVeu710 ($101.49 in chips) 
Seat 4: Rezzonner ($103.50 in chips) 
Seat 5: avlee1 ($100 in chips) 
Seat 6: Pvn1219 ($90 in chips) 
avlee1: posts small blind $0.50
Pvn1219: posts big blind $1
SorinS28: sits out 
*** HOLE CARDS ***
andutu34: raises $1 to $2
ReVeu710: folds 
Rezzonner: calls $2
avlee1: folds 
Pvn1219: raises $6 to $8
andutu34: folds 
Rezzonner: calls $6
*** FLOP *** [7d 8h 2s]
Pvn1219: bets $8.79
Rezzonner: calls $8.79
*** TURN *** [7d 8h 2s] [Jc]
Pvn1219: checks 
Rezzonner: checks 
*** RIVER *** [7d 8h 2s Jc] [Qd]
Pvn1219: bets $20.14
Rezzonner: calls $20.14
*** SHOW DOWN ***
Pvn1219: shows [2d 2h] (three of a kind, Deuces)
Rezzonner: mucks hand 
Pvn1219 collected $73.86 from pot
*** SUMMARY ***
Total pot $76.36 | Rake $2.50 
Board [7d 8h 2s Jc Qd]
Seat 1: SorinS28
Seat 2: andutu34 folded before Flop
Seat 3: ReVeu710 folded before Flop (didn't bet)
Seat 4: Rezzonner (button) mucked
Seat 5: avlee1 (small blind) folded before Flop
Seat 6: Pvn1219 (big blind) showed [2d 2h] and won ($73.86) with three of a kind, Deuces



PokerStars Hand #254742752525:  Hold'em No Limit ($0.50/$1.00 USD) - 2025/02/06 0:36:52 WET [2025/02/06 19:36:52 ET]
Table 'Sheratan II' 6-max Seat #5 is the button
Seat 1: SorinS28 ($100 in chips) 
Seat 2: andutu34 ($100 in chips) 
Seat 3: ReVeu710 ($101.49 in chips) 
Seat 4: Rezzonner ($100 in chips) 
Seat 5: avlee1 ($100 in chips) 
Seat 6: Pvn1219 ($126.93 in chips) 
Pvn1219: posts small blind $0.50
SorinS28: posts big blind $1
*** HOLE CARDS ***
andutu34: folds 
ReVeu710: folds 
Rezzonner: folds 
avlee1: folds 
Pvn1219: raises $1 to $2
SorinS28: folds 
Uncalled bet ($1) returned to Pvn1219
Pvn1219 collected $2 from pot
*** SUMMARY ***
Total pot $2 | Rake $0 
Seat 1: SorinS28 (big blind) folded before Flop
Seat 2: andutu34 folded before Flop (didn't bet)
Seat 3: ReVeu710 folded before Flop (didn't bet)
Seat 4: Rezzonner folded before Flop (didn't bet)
Seat 5: avlee1 (button) folded before Flop (didn't bet)
Seat 6: Pvn1219 (small blind) collected ($2)



PokerStars Hand #254742757816:  Hold'em No Limit ($0.50/$1.00 USD) - 2025/02/06 0:37:19 WET [2025/02/06 19:37:19 ET]
Table 'Sheratan II' 6-max Seat #6 is the button
Seat 1: SorinS28 ($100 in chips) 
Seat 2: andutu34 ($100 in chips) 
Seat 3: ReVeu710 ($101.49 in chips) 
Seat 4: Rezzonner ($100 in chips) 
Seat 5: avlee1 ($100 in chips) 
Seat 6: Pvn1219 ($127.93 in chips) 
SorinS28: posts small blind $0.50
andutu34: posts big blind $1
*** HOLE CARDS ***
ReVeu710: folds 
Rezzonner: folds 
avlee1: folds 
Pvn1219: raises $1 to $2
SorinS28: folds 
andutu34: raises $8 to $10
Pvn1219: calls $8
*** FLOP *** [9c Ah 9s]
andutu34: bets $4.87
Pvn1219: raises $4.87 to $9.74
andutu34: folds 
Uncalled bet ($4.87) returned to Pvn1219
Pvn1219 collected $28.73 from pot
*** SUMMARY ***
Total pot $30.24 | Rake $1.51 
Board [9c Ah 9s]
Seat 1: SorinS28 (small blind) folded before Flop
Seat 2: andutu34 (big blind) folded on the Flop
Seat 3: ReVeu710 folded before Flop (didn't bet)
Seat 4: Rezzonner folded before Flop (didn't bet)
Seat 5: avlee1 folded before Flop (didn't bet)
Seat 6: Pvn1219 (button) collected ($28.73)



PokerStars Hand #254742765693:  Hold'em No Limit ($0.50/$1.00 USD) - 2025/02/06 0:38:00 WET [2025/02/06 19:38:00 ET]
Table 'Sheratan II' 6-max Seat #1 is the button
Seat 1: SorinS28 ($100 in chips) 
Seat 2: andutu34 ($100 in chips) 
Seat 3: ReVeu710 ($101.49 in chips) 
Seat 4: Rezzonner ($100 in chips) 
Seat 5: avlee1 ($100 in chips) 
Seat 6: Pvn1219 ($141.79 in chips) 
andutu34: posts small blind $0.50
ReVeu710: posts big blind $1
*** HOLE CARDS ***
Rezzonner: folds 
avlee1: folds 
Pvn1219: folds 
SorinS28: folds 
andutu34: raises $2 to $3
ReVeu710: raises $7 to $10
andutu34: folds 
Uncalled bet ($7) returned to ReVeu710
ReVeu710 collected $6 from pot
ReVeu710: doesn't show hand 
*** SUMMARY ***
Total pot $6 | Rake $0 
Seat 1: SorinS28 (button) folded before Flop (didn't bet)
Seat 2: andutu34 (small blind) folded before Flop
Seat 3: ReVeu710 (big blind) collected ($6)
Seat 4: Rezzonner folded before Flop (didn't bet)
Seat 5: avlee1 folded before Flop (didn't bet)
Seat 6: Pvn1219 folded before Flop (didn't bet)



PokerStars Hand #254743290815:  Hold'em No Limit ($0.50/$1.00 USD) - 2025/02/06 0:40:12 WET [2025/02/06 19:40:12 ET]
Table 'Sheratan II' 6-max Seat #4 is the button
Seat 1: SorinS28 ($109.48 in chips) 
Seat 2: andutu34 ($100 in chips) 
Seat 3: ReVeu710 ($103.99 in chips) 
Seat 4: Rezzonner ($100 in chips) 
Seat 5: avlee1 ($100 in chips) 
Seat 6: Pvn1219 ($137.29 in chips) 
avlee1: posts small blind $0.50
Pvn1219: posts big blind $1
*** HOLE CARDS ***
SorinS28: folds 
andutu34: raises $1 to $2
ReVeu710: raises $4.50 to $6.50
Rezzonner: folds 
avlee1: folds 
Pvn1219: folds 
andutu34: folds 
Uncalled bet ($4.50) returned to ReVeu710
ReVeu710 collected $5.50 from pot
ReVeu710: doesn't show hand 
*** SUMMARY ***
Total pot $5.50 | Rake $0 
Seat 1: SorinS28 folded before Flop (didn't bet)
Seat 2: andutu34 folded before Flop
Seat 3: ReVeu710 collected ($5.50)
Seat 4: Rezzonner (button) folded before Flop (didn't bet)
Seat 5: avlee1 (small blind) folded before Flop
Seat 6: Pvn1219 (big blind) folded before Flop



PokerStars Hand #254743294511:  Hold'em No Limit ($0.50/$1.00 USD) - 2025/02/06 0:40:31 WET [2025/02/06 19:40:31 ET]
Table 'Sheratan II' 6-max Seat #5 is the button
Seat 1: SorinS28 ($109.48 in chips) 
Seat 2: andutu34 ($100 in chips) 
Seat 3: ReVeu710 ($107.49 in chips) 
Seat 4: Rezzonner ($100 in chips) 
Seat 5: avlee1 ($100 in chips) 
Seat 6: Pvn1219 ($136.29 in chips) 
Pvn1219: posts small blind $0.50
SorinS28: posts big blind $1
*** HOLE CARDS ***
andutu34: folds 
ReVeu710: folds 
Rezzonner: folds 
avlee1: folds 
Pvn1219: folds 
Uncalled bet ($0.50) returned to SorinS28
SorinS28 collected $1 from pot
SorinS28: doesn't show hand 
*** SUMMARY ***
Total pot $1 | Rake $0 
Seat 1: SorinS28 (big blind) collected ($1)
Seat 2: andutu34 folded before Flop (didn't bet)
Seat 3: ReVeu710 folded before Flop (didn't bet)
Seat 4: Rezzonner folded before Flop (didn't bet)
Seat 5: avlee1 (button) folded before Flop (didn't bet)
Seat 6: Pvn1219 (small blind) folded before Flop



PokerStars Hand #254743521697:  Hold'em No Limit ($0.50/$1.00 USD) - 2025/02/06 1:02:21 WET [2025/02/06 20:02:21 ET]
Table 'Sheratan II' 6-max Seat #1 is the button
Seat 1: socito ($100 in chips) 
Seat 2: andutu34 ($116.79 in chips) 
Seat 3: Tibibacsi ($100 in chips) 
Seat 4: Rezzonner ($121.10 in chips) 
Seat 5: avlee1 ($126.60 in chips) 
Seat 6: Pvn1219 ($114.13 in chips) 
andutu34: posts small blind $0.50
Tibibacsi: posts big blind $1
*** HOLE CARDS ***
Rezzonner: folds 
avlee1: folds 
Pvn1219: raises $2 to $3
socito: folds 
andutu34: folds 
Tibibacsi: folds 
Uncalled bet ($2) returned to Pvn1219
Pvn1219 collected $2.50 from pot
*** SUMMARY ***
Total pot $2.50 | Rake $0 
Seat 1: socito (button) folded before Flop (didn't bet)
Seat 2: andutu34 (small blind) folded before Flop
Seat 3: Tibibacsi (big blind) folded before Flop
Seat 4: Rezzonner folded before Flop (didn't bet)
Seat 5: avlee1 folded before Flop (didn't bet)
Seat 6: Pvn1219 collected ($2.50)



PokerStars Hand #254743524580:  Hold'em No Limit ($0.50/$1.00 USD) - 2025/02/06 1:02:37 WET [2025/02/06 20:02:37 ET]
Table 'Sheratan II' 6-max Seat #2 is the button
Seat 1: socito ($100 in chips) 
Seat 2: andutu34 ($116.29 in chips) 
Seat 3: Tibibacsi ($100 in chips) 
Seat 4: Rezzonner ($121.10 in chips) 
Seat 5: avlee1 ($126.60 in chips) 
Seat 6: Pvn1219 ($115.63 in chips) 
Tibibacsi: posts small blind $0.50
Rezzonner: posts big blind $1
*** HOLE CARDS ***
avlee1: folds 
Pvn1219: folds 
socito: folds 
andutu34: folds 
Tibibacsi: raises $2 to $3
Rezzonner: raises $6 to $9
Tibibacsi: folds 
Uncalled bet ($6) returned to Rezzonner
Rezzonner collected $6 from pot
Rezzonner: doesn't show hand 
*** SUMMARY ***
Total pot $6 | Rake $0 
Seat 1: socito folded before Flop (didn't bet)
Seat 2: andutu34 (button) folded before Flop (didn't bet)
Seat 3: Tibibacsi (small blind) folded before Flop
Seat 4: Rezzonner (big blind) collected ($6)
Seat 5: avlee1 folded before Flop (didn't bet)
Seat 6: Pvn1219 folded before Flop (didn't bet)



PokerStars Hand #254743527973:  Hold'em No Limit ($0.50/$1.00 USD) - 2025/02/06 1:02:57 WET [2025/02/06 20:02:57 ET]
Table 'Sheratan II' 6-max Seat #3 is the button
Seat 1: socito ($100 in chips) 
Seat 2: andutu34 ($116.29 in chips) 
Seat 3: Tibibacsi ($100 in chips) 
Seat 4: Rezzonner ($124.10 in chips) 
Seat 5: avlee1 ($126.60 in chips) 
Seat 6: Pvn1219 ($115.63 in chips) 
Rezzonner: posts small blind $0.50
avlee1: posts big blind $1
*** HOLE CARDS ***
Pvn1219: folds 
socito: folds 
andutu34: raises $1.30 to $2.30
Tibibacsi: folds 
Rezzonner: folds 
avlee1: calls $1.30
*** FLOP *** [Tc 7c 6c]
avlee1: checks 
andutu34: checks 
*** TURN *** [Tc 7c 6c] [Ts]
avlee1: checks 
andutu34: bets $1.60
avlee1: calls $1.60
*** RIVER *** [Tc 7c 6c Ts] [2h]
avlee1: checks 
andutu34: checks 
*** SHOW DOWN ***
avlee1: shows [Qc Ah] (a pair of Tens)
andutu34: shows [As Qd] (a pair of Tens)
avlee1 collected $3.94 from pot
andutu34 collected $3.94 from pot
*** SUMMARY ***
Total pot $8.30 | Rake $0.42 
Board [Tc 7c 6c Ts 2h]
Seat 1: socito folded before Flop (didn't bet)
Seat 2: andutu34 showed [As Qd] and won ($3.94) with a pair of Tens
Seat 3: Tibibacsi (button) folded before Flop (didn't bet)
Seat 4: Rezzonner (small blind) folded before Flop
Seat 5: avlee1 (big blind) showed [Qc Ah] and won ($3.94) with a pair of Tens
Seat 6: Pvn1219 folded before Flop (didn't bet)



PokerStars Hand #254743538152:  Hold'em No Limit ($0.50/$1.00 USD) - 2025/02/06 1:03:55 WET [2025/02/06 20:03:55 ET]
Table 'Sheratan II' 6-max Seat #4 is the button
Seat 1: socito ($100 in chips) 
Seat 2: andutu34 ($116.33 in chips) 
Seat 3: Tibibacsi ($100 in chips) 
Seat 4: Rezzonner ($123.60 in chips) 
Seat 5: avlee1 ($126.64 in chips) 
Seat 6: Pvn1219 ($115.63 in chips) 
avlee1: posts small blind $0.50
Pvn1219: posts big blind $1
*** HOLE CARDS ***
socito: folds 
andutu34: folds 
Tibibacsi: folds 
Rezzonner: raises $1.50 to $2.50
avlee1: folds 
Pvn1219: raises $3.50 to $6
Rezzonner: folds 
Uncalled bet ($3.50) returned to Pvn1219
Pvn1219 collected $5.50 from pot
*** SUMMARY ***
Total pot $5.50 | Rake $0 
Seat 1: socito folded before Flop (didn't bet)
Seat 2: andutu34 folded before Flop (didn't bet)
Seat 3: Tibibacsi folded before Flop (didn't bet)
Seat 4: Rezzonner (button) folded before Flop
Seat 5: avlee1 (small blind) folded before Flop
Seat 6: Pvn1219 (big blind) collected ($5.50)



PokerStars Hand #254743542638:  Hold'em No Limit ($0.50/$1.00 USD) - 2025/02/06 1:04:20 WET [2025/02/06 20:04:20 ET]
Table 'Sheratan II' 6-max Seat #5 is the button
Seat 1: socito ($100 in chips) 
Seat 2: andutu34 ($116.33 in chips) 
Seat 3: Tibibacsi ($100 in chips) 
Seat 4: Rezzonner ($121.10 in chips) 
Seat 5: avlee1 ($126.14 in chips) 
Seat 6: Pvn1219 ($118.63 in chips) 
Pvn1219: posts small blind $0.50
socito: posts big blind $1
*** HOLE CARDS ***
andutu34: folds 
Tibibacsi: folds 
Rezzonner: folds 
avlee1: raises $1.50 to $2.50
Pvn1219: folds 
socito: folds 
Uncalled bet ($1.50) returned to avlee1
avlee1 collected $2.50 from pot
avlee1: doesn't show hand 
*** SUMMARY ***
Total pot $2.50 | Rake $0 
Seat 1: socito (big blind) folded before Flop
Seat 2: andutu34 folded before Flop (didn't bet)
Seat 3: Tibibacsi folded before Flop (didn't bet)
Seat 4: Rezzonner folded before Flop (didn't bet)
Seat 5: avlee1 (button) collected ($2.50)
Seat 6: Pvn1219 (small blind) folded before Flop



PokerStars Hand #254743545713:  Hold'em No Limit ($0.50/$1.00 USD) - 2025/02/06 1:04:38 WET [2025/02/06 20:04:38 ET]
Table 'Sheratan II' 6-max Seat #6 is the button
Seat 1: socito ($100 in chips) 
Seat 2: andutu34 ($116.33 in chips) 
Seat 3: Tibibacsi ($100 in chips) 
Seat 4: Rezzonner ($121.10 in chips) 
Seat 5: avlee1 ($127.64 in chips) 
Seat 6: Pvn1219 ($118.13 in chips) 
socito: posts small blind $0.50
andutu34: posts big blind $1
*** HOLE CARDS ***
Tibibacsi: folds 
Rezzonner: folds 
avlee1: folds 
Pvn1219: raises $2 to $3
socito: folds 
andutu34: calls $2
*** FLOP *** [Td Ah 2s]
andutu34: checks 
Pvn1219: checks 
*** TURN *** [Td Ah 2s] [7s]
andutu34: checks 
Pvn1219: bets $3.09
andutu34: folds 
Uncalled bet ($3.09) returned to Pvn1219
Pvn1219 collected $6.18 from pot
*** SUMMARY ***
Total pot $6.50 | Rake $0.32 
Board [Td Ah 2s 7s]
Seat 1: socito (small blind) folded before Flop
Seat 2: andutu34 (big blind) folded on the Turn
Seat 3: Tibibacsi folded before Flop (didn't bet)
Seat 4: Rezzonner folded before Flop (didn't bet)
Seat 5: avlee1 folded before Flop (didn't bet)
Seat 6: Pvn1219 (button) collected ($6.18)



PokerStars Hand #254743551176:  Hold'em No Limit ($0.50/$1.00 USD) - 2025/02/06 1:05:08 WET [2025/02/06 20:05:08 ET]
Table 'Sheratan II' 6-max Seat #1 is the button
Seat 1: socito ($100 in chips) 
Seat 2: andutu34 ($113.33 in chips) 
Seat 3: Tibibacsi ($100 in chips) 
Seat 4: Rezzonner ($121.10 in chips) 
Seat 5: avlee1 ($127.64 in chips) 
Seat 6: Pvn1219 ($121.31 in chips) 
andutu34: posts small blind $0.50
Tibibacsi: posts big blind $1
*** HOLE CARDS ***
Rezzonner: folds 
avlee1: folds 
Pvn1219: folds 
socito: folds 
andutu34: folds 
Uncalled bet ($0.50) returned to Tibibacsi
Tibibacsi collected $1 from pot
Tibibacsi: doesn't show hand 
*** SUMMARY ***
Total pot $1 | Rake $0 
Seat 1: socito (button) folded before Flop (didn't bet)
Seat 2: andutu34 (small blind) folded before Flop
Seat 3: Tibibacsi (big blind) collected ($1)
Seat 4: Rezzonner folded before Flop (didn't bet)
Seat 5: avlee1 folded before Flop (didn't bet)
Seat 6: Pvn1219 folded before Flop (didn't bet)



PokerStars Hand #254743552760:  Hold'em No Limit ($0.50/$1.00 USD) - 2025/02/06 1:05:17 WET [2025/02/06 20:05:17 ET]
Table 'Sheratan II' 6-max Seat #2 is the button
Seat 1: socito ($100 in chips) 
Seat 2: andutu34 ($112.83 in chips) 
Seat 3: Tibibacsi ($100.50 in chips) 
Seat 4: Rezzonner ($121.10 in chips) 
Seat 5: avlee1 ($127.64 in chips) 
Seat 6: Pvn1219 ($121.31 in chips) 
Tibibacsi: posts small blind $0.50
Rezzonner: posts big blind $1
*** HOLE CARDS ***
avlee1: folds 
Pvn1219: folds 
socito: folds 
andutu34: folds 
Tibibacsi: raises $2 to $3
Rezzonner: folds 
Uncalled bet ($2) returned to Tibibacsi
Tibibacsi collected $2 from pot
Tibibacsi: doesn't show hand 
*** SUMMARY ***
Total pot $2 | Rake $0 
Seat 1: socito folded before Flop (didn't bet)
Seat 2: andutu34 (button) folded before Flop (didn't bet)
Seat 3: Tibibacsi (small blind) collected ($2)
Seat 4: Rezzonner (big blind) folded before Flop
Seat 5: avlee1 folded before Flop (didn't bet)
Seat 6: Pvn1219 folded before Flop (didn't bet)



PokerStars Hand #254743558763:  Hold'em No Limit ($0.50/$1.00 USD) - 2025/02/06 1:05:52 WET [2025/02/06 20:05:52 ET]
Table 'Sheratan II' 6-max Seat #3 is the button
Seat 1: socito ($100 in chips) 
Seat 2: andutu34 ($112.83 in chips) 
Seat 3: Tibibacsi ($101.50 in chips) 
Seat 4: Rezzonner ($120.10 in chips) 
Seat 5: avlee1 ($127.64 in chips) 
Seat 6: Pvn1219 ($121.31 in chips) 
Rezzonner: posts small blind $0.50
avlee1: posts big blind $1
*** HOLE CARDS ***
Pvn1219: folds 
socito: raises $1.50 to $2.50
andutu34: folds 
Tibibacsi: folds 
Rezzonner: folds 
avlee1: folds 
Uncalled bet ($1.50) returned to socito
socito collected $2.50 from pot
socito: doesn't show hand 
*** SUMMARY ***
Total pot $2.50 | Rake $0 
Seat 1: socito collected ($2.50)
Seat 2: andutu34 folded before Flop (didn't bet)
Seat 3: Tibibacsi (button) folded before Flop (didn't bet)
Seat 4: Rezzonner (small blind) folded before Flop
Seat 5: avlee1 (big blind) folded before Flop
Seat 6: Pvn1219 folded before Flop (didn't bet)



PokerStars Hand #254743561237:  Hold'em No Limit ($0.50/$1.00 USD) - 2025/02/06 1:06:07 WET [2025/02/06 20:06:07 ET]
Table 'Sheratan II' 6-max Seat #4 is the button
Seat 1: socito ($101.50 in chips) 
Seat 2: andutu34 ($112.83 in chips) 
Seat 3: Tibibacsi ($101.50 in chips) 
Seat 4: Rezzonner ($119.60 in chips) 
Seat 5: avlee1 ($126.64 in chips) 
Seat 6: Pvn1219 ($121.31 in chips) 
avlee1: posts small blind $0.50
Pvn1219: posts big blind $1
*** HOLE CARDS ***
socito: folds 
andutu34: folds 
Tibibacsi: raises $1 to $2
Rezzonner: folds 
avlee1: folds 
Pvn1219: folds 
Uncalled bet ($1) returned to Tibibacsi
Tibibacsi collected $2.50 from pot
Tibibacsi: doesn't show hand 
*** SUMMARY ***
Total pot $2.50 | Rake $0 
Seat 1: socito folded before Flop (didn't bet)
Seat 2: andutu34 folded before Flop (didn't bet)
Seat 3: Tibibacsi collected ($2.50)
Seat 4: Rezzonner (button) folded before Flop (didn't bet)
Seat 5: avlee1 (small blind) folded before Flop
Seat 6: Pvn1219 (big blind) folded before Flop



PokerStars Hand #254743564220:  Hold'em No Limit ($0.50/$1.00 USD) - 2025/02/06 1:06:24 WET [2025/02/06 20:06:24 ET]
Table 'Sheratan II' 6-max Seat #5 is the button
Seat 1: socito ($101.50 in chips) 
Seat 2: andutu34 ($112.83 in chips) 
Seat 3: Tibibacsi ($103 in chips) 
Seat 4: Rezzonner ($119.60 in chips) 
Seat 5: avlee1 ($126.14 in chips) 
Seat 6: Pvn1219 ($120.31 in chips) 
Pvn1219: posts small blind $0.50
socito: posts big blind $1
*** HOLE CARDS ***
andutu34: folds 
Tibibacsi: folds 
Rezzonner: folds 
avlee1: folds 
Pvn1219: folds 
Uncalled bet ($0.50) returned to socito
socito collected $1 from pot
socito: doesn't show hand 
*** SUMMARY ***
Total pot $1 | Rake $0 
Seat 1: socito (big blind) collected ($1)
Seat 2: andutu34 folded before Flop (didn't bet)
Seat 3: Tibibacsi folded before Flop (didn't bet)
Seat 4: Rezzonner folded before Flop (didn't bet)
Seat 5: avlee1 (button) folded before Flop (didn't bet)
Seat 6: Pvn1219 (small blind) folded before Flop



PokerStars Hand #254743566687:  Hold'em No Limit ($0.50/$1.00 USD) - 2025/02/06 1:06:38 WET [2025/02/06 20:06:38 ET]
Table 'Sheratan II' 6-max Seat #6 is the button
Seat 1: socito ($102 in chips) 
Seat 2: andutu34 ($112.83 in chips) 
Seat 3: Tibibacsi ($103 in chips) 
Seat 4: Rezzonner ($119.60 in chips) 
Seat 5: avlee1 ($126.14 in chips) 
Seat 6: Pvn1219 ($119.81 in chips) 
socito: posts small blind $0.50
andutu34: posts big blind $1
*** HOLE CARDS ***
Tibibacsi: raises $1 to $2
Rezzonner: folds 
avlee1: folds 
Pvn1219: calls $2
socito: folds 
andutu34: folds 
*** FLOP *** [Ac 3d 2s]
Tibibacsi: bets $1.31
Pvn1219: calls $1.31
*** TURN *** [Ac 3d 2s] [2h]
Tibibacsi: checks 
Pvn1219: bets $7.71
Tibibacsi: folds 
Uncalled bet ($7.71) returned to Pvn1219
Pvn1219 collected $7.71 from pot
*** SUMMARY ***
Total pot $8.12 | Rake $0.41 
Board [Ac 3d 2s 2h]
Seat 1: socito (small blind) folded before Flop
Seat 2: andutu34 (big blind) folded before Flop
Seat 3: Tibibacsi folded on the Turn
Seat 4: Rezzonner folded before Flop (didn't bet)
Seat 5: avlee1 folded before Flop (didn't bet)
Seat 6: Pvn1219 (button) collected ($7.71)



PokerStars Hand #254743580699:  Hold'em No Limit ($0.50/$1.00 USD) - 2025/02/06 1:08:00 WET [2025/02/06 20:08:00 ET]
Table 'Sheratan II' 6-max Seat #1 is the button
Seat 1: socito ($101.50 in chips) 
Seat 2: andutu34 ($111.83 in chips) 
Seat 3: Tibibacsi ($100 in chips) 
Seat 4: Rezzonner ($119.60 in chips) 
Seat 5: avlee1 ($126.14 in chips) 
Seat 6: Pvn1219 ($124.21 in chips) 
andutu34: posts small blind $0.50
Tibibacsi: posts big blind $1
*** HOLE CARDS ***
Rezzonner: folds 
avlee1: folds 
Pvn1219: folds 
socito: folds 
andutu34: folds 
Uncalled bet ($0.50) returned to Tibibacsi
Tibibacsi collected $1 from pot
Tibibacsi: doesn't show hand 
*** SUMMARY ***
Total pot $1 | Rake $0 
Seat 1: socito (button) folded before Flop (didn't bet)
Seat 2: andutu34 (small blind) folded before Flop
Seat 3: Tibibacsi (big blind) collected ($1)
Seat 4: Rezzonner folded before Flop (didn't bet)
Seat 5: avlee1 folded before Flop (didn't bet)
Seat 6: Pvn1219 folded before Flop (didn't bet)



PokerStars Hand #254743583813:  Hold'em No Limit ($0.50/$1.00 USD) - 2025/02/06 1:08:18 WET [2025/02/06 20:08:18 ET]
Table 'Sheratan II' 6-max Seat #2 is the button
Seat 1: socito ($101.50 in chips) 
Seat 2: andutu34 ($111.33 in chips) 
Seat 3: Tibibacsi ($100.50 in chips) 
Seat 4: Rezzonner ($119.60 in chips) 
Seat 5: avlee1 ($126.14 in chips) 
Seat 6: Pvn1219 ($124.21 in chips) 
Tibibacsi: posts small blind $0.50
Rezzonner: posts big blind $1
*** HOLE CARDS ***
avlee1: raises $1.50 to $2.50
Pvn1219: folds 
socito: raises $5 to $7.50
andutu34: folds 
Tibibacsi: folds 
Rezzonner: folds 
avlee1: folds 
Uncalled bet ($5) returned to socito
socito collected $6.50 from pot
socito: doesn't show hand 
*** SUMMARY ***
Total pot $6.50 | Rake $0 
Seat 1: socito collected ($6.50)
Seat 2: andutu34 (button) folded before Flop (didn't bet)
Seat 3: Tibibacsi (small blind) folded before Flop
Seat 4: Rezzonner (big blind) folded before Flop
Seat 5: avlee1 folded before Flop
Seat 6: Pvn1219 folded before Flop (didn't bet)



PokerStars Hand #254743588231:  Hold'em No Limit ($0.50/$1.00 USD) - 2025/02/06 1:08:43 WET [2025/02/06 20:08:43 ET]
Table 'Sheratan II' 6-max Seat #3 is the button
Seat 1: socito ($105.50 in chips) 
Seat 2: andutu34 ($111.33 in chips) 
Seat 3: Tibibacsi ($100 in chips) 
Seat 4: Rezzonner ($118.60 in chips) 
Seat 5: avlee1 ($123.64 in chips) 
Seat 6: Pvn1219 ($124.21 in chips) 
Rezzonner: posts small blind $0.50
avlee1: posts big blind $1
*** HOLE CARDS ***
Pvn1219: folds 
socito: folds 
andutu34: folds 
Tibibacsi: folds 
Rezzonner: raises $2 to $3
avlee1: raises $7 to $10
Rezzonner: folds 
Uncalled bet ($7) returned to avlee1
avlee1 collected $6 from pot
avlee1: doesn't show hand 
*** SUMMARY ***
Total pot $6 | Rake $0 
Seat 1: socito folded before Flop (didn't bet)
Seat 2: andutu34 folded before Flop (didn't bet)
Seat 3: Tibibacsi (button) folded before Flop (didn't bet)
Seat 4: Rezzonner (small blind) folded before Flop
Seat 5: avlee1 (big blind) collected ($6)
Seat 6: Pvn1219 folded before Flop (didn't bet)



PokerStars Hand #254743594759:  Hold'em No Limit ($0.50/$1.00 USD) - 2025/02/06 1:09:21 WET [2025/02/06 20:09:21 ET]
Table 'Sheratan II' 6-max Seat #4 is the button
Seat 1: socito ($105.50 in chips) 
Seat 2: andutu34 ($111.33 in chips) 
Seat 3: Tibibacsi ($100 in chips) 
Seat 4: Rezzonner ($115.60 in chips) 
Seat 5: avlee1 ($126.64 in chips) 
Seat 6: Pvn1219 ($124.21 in chips) 
avlee1: posts small blind $0.50
Pvn1219: posts big blind $1
*** HOLE CARDS ***
socito: folds 
andutu34: raises $1 to $2
Tibibacsi: raises $4.50 to $6.50
Rezzonner: folds 
avlee1: folds 
Pvn1219: folds 
andutu34: calls $4.50
*** FLOP *** [6c 2h 8c]
andutu34: checks 
Tibibacsi: bets $9
andutu34: raises $10.49 to $19.49
Tibibacsi: folds 
Uncalled bet ($10.49) returned to andutu34
andutu34 collected $30.88 from pot
andutu34: doesn't show hand 
*** SUMMARY ***
Total pot $32.50 | Rake $1.62 
Board [6c 2h 8c]
Seat 1: socito folded before Flop (didn't bet)
Seat 2: andutu34 collected ($30.88)
Seat 3: Tibibacsi folded on the Flop
Seat 4: Rezzonner (button) folded before Flop (didn't bet)
Seat 5: avlee1 (small blind) folded before Flop
Seat 6: Pvn1219 (big blind) folded before Flop



PokerStars Hand #254743609308:  Hold'em No Limit ($0.50/$1.00 USD) - 2025/02/06 1:10:45 WET [2025/02/06 20:10:45 ET]
Table 'Sheratan II' 6-max Seat #5 is the button
Seat 1: socito ($105.50 in chips) 
Seat 2: andutu34 ($126.71 in chips) 
Seat 3: Tibibacsi ($100 in chips) 
Seat 4: Rezzonner ($115.60 in chips) 
Seat 5: avlee1 ($126.14 in chips) 
Seat 6: Pvn1219 ($123.21 in chips) 
Pvn1219: posts small blind $0.50
socito: posts big blind $1
*** HOLE CARDS ***
andutu34: folds 
Tibibacsi: folds 
Rezzonner: raises $1.50 to $2.50
avlee1: folds 
Pvn1219: folds 
socito: calls $1.50
*** FLOP *** [3s As Tc]
socito: checks 
Rezzonner: bets $3.50
socito: folds 
Uncalled bet ($3.50) returned to Rezzonner
Rezzonner collected $5.22 from pot
Rezzonner: doesn't show hand 
*** SUMMARY ***
Total pot $5.50 | Rake $0.28 
Board [3s As Tc]
Seat 1: socito (big blind) folded on the Flop
Seat 2: andutu34 folded before Flop (didn't bet)
Seat 3: Tibibacsi folded before Flop (didn't bet)
Seat 4: Rezzonner collected ($5.22)
Seat 5: avlee1 (button) folded before Flop (didn't bet)
Seat 6: Pvn1219 (small blind) folded before Flop



PokerStars Hand #254743614383:  Hold'em No Limit ($0.50/$1.00 USD) - 2025/02/06 1:11:14 WET [2025/02/06 20:11:14 ET]
Table 'Sheratan II' 6-max Seat #6 is the button
Seat 1: socito ($103 in chips) 
Seat 2: andutu34 ($126.71 in chips) 
Seat 3: Tibibacsi ($100 in chips) 
Seat 4: Rezzonner ($118.32 in chips) 
Seat 5: avlee1 ($126.14 in chips) 
Seat 6: Pvn1219 ($122.71 in chips) 
socito: posts small blind $0.50
andutu34: posts big blind $1
*** HOLE CARDS ***
Tibibacsi: folds 
Rezzonner: raises $1.50 to $2.50
avlee1: folds 
Pvn1219: calls $2.50
socito: folds 
andutu34: calls $1.50
*** FLOP *** [Jc Ts 4d]
andutu34: checks 
Rezzonner: bets $3.80
Pvn1219: calls $3.80
andutu34: raises $14.25 to $18.05
Rezzonner: folds 
Pvn1219: folds 
Uncalled bet ($14.25) returned to andutu34
andutu34 collected $18.43 from pot
andutu34: doesn't show hand 
*** SUMMARY ***
Total pot $19.40 | Rake $0.97 
Board [Jc Ts 4d]
Seat 1: socito (small blind) folded before Flop
Seat 2: andutu34 (big blind) collected ($18.43)
Seat 3: Tibibacsi folded before Flop (didn't bet)
Seat 4: Rezzonner folded on the Flop
Seat 5: avlee1 folded before Flop (didn't bet)
Seat 6: Pvn1219 (button) folded on the Flop



PokerStars Hand #254743628169:  Hold'em No Limit ($0.50/$1.00 USD) - 2025/02/06 1:12:32 WET [2025/02/06 20:12:32 ET]
Table 'Sheratan II' 6-max Seat #1 is the button
Seat 1: socito ($102.50 in chips) 
Seat 2: andutu34 ($138.84 in chips) 
Seat 3: Tibibacsi ($100 in chips) 
Seat 4: Rezzonner ($112.02 in chips) 
Seat 5: avlee1 ($126.14 in chips) 
Seat 6: Pvn1219 ($116.41 in chips) 
andutu34: posts small blind $0.50
Tibibacsi: posts big blind $1
*** HOLE CARDS ***
Rezzonner: folds 
avlee1: folds 
Pvn1219: raises $2 to $3
socito: folds 
andutu34: folds 
Tibibacsi: folds 
Uncalled bet ($2) returned to Pvn1219
Pvn1219 collected $2.50 from pot
*** SUMMARY ***
Total pot $2.50 | Rake $0 
Seat 1: socito (button) folded before Flop (didn't bet)
Seat 2: andutu34 (small blind) folded before Flop
Seat 3: Tibibacsi (big blind) folded before Flop
Seat 4: Rezzonner folded before Flop (didn't bet)
Seat 5: avlee1 folded before Flop (didn't bet)
Seat 6: Pvn1219 collected ($2.50)



PokerStars Hand #254743631300:  Hold'em No Limit ($0.50/$1.00 USD) - 2025/02/06 1:12:50 WET [2025/02/06 20:12:50 ET]
Table 'Sheratan II' 6-max Seat #2 is the button
Seat 1: socito ($102.50 in chips) 
Seat 2: andutu34 ($138.34 in chips) 
Seat 3: Tibibacsi ($100 in chips) 
Seat 4: Rezzonner ($112.02 in chips) 
Seat 5: avlee1 ($126.14 in chips) 
Seat 6: Pvn1219 ($117.91 in chips) 
Tibibacsi: posts small blind $0.50
Rezzonner: posts big blind $1
*** HOLE CARDS ***
avlee1: folds 
Pvn1219: raises $1 to $2
socito: folds 
andutu34: calls $2
Tibibacsi: folds 
Rezzonner: folds 
*** FLOP *** [4d Qs 2d]
Pvn1219: bets $3.61
andutu34: calls $3.61
*** TURN *** [4d Qs 2d] [5s]
Pvn1219: bets $7.04
andutu34: calls $7.04
*** RIVER *** [4d Qs 2d 5s] [4h]
Pvn1219: checks 
andutu34: checks 
*** SHOW DOWN ***
Pvn1219: shows [Kh 9c] (a pair of Fours)
andutu34: shows [7h 7d] (two pair, Sevens and Fours)
andutu34 collected $25.46 from pot
*** SUMMARY ***
Total pot $26.80 | Rake $1.34 
Board [4d Qs 2d 5s 4h]
Seat 1: socito folded before Flop (didn't bet)
Seat 2: andutu34 (button) showed [7h 7d] and won ($25.46) with two pair, Sevens and Fours
Seat 3: Tibibacsi (small blind) folded before Flop
Seat 4: Rezzonner (big blind) folded before Flop
Seat 5: avlee1 folded before Flop (didn't bet)
Seat 6: Pvn1219 showed [Kh 9c] and lost with a pair of Fours



PokerStars Hand #254743645752:  Hold'em No Limit ($0.50/$1.00 USD) - 2025/02/06 1:14:13 WET [2025/02/06 20:14:13 ET]
Table 'Sheratan II' 6-max Seat #3 is the button
Seat 1: socito ($102.50 in chips) 
Seat 2: andutu34 ($151.15 in chips) 
Seat 3: Tibibacsi ($100 in chips) 
Seat 4: Rezzonner ($111.02 in chips) 
Seat 5: avlee1 ($126.14 in chips) 
Seat 6: Pvn1219 ($105.26 in chips) 
Rezzonner: posts small blind $0.50
avlee1: posts big blind $1
*** HOLE CARDS ***
Pvn1219: folds 
socito: folds 
andutu34: raises $1.30 to $2.30
Tibibacsi: raises $4.70 to $7
Rezzonner: folds 
avlee1: folds 
andutu34: raises $13.50 to $20.50
Tibibacsi: folds 
Uncalled bet ($13.50) returned to andutu34
andutu34 collected $15.50 from pot
andutu34: doesn't show hand 
*** SUMMARY ***
Total pot $15.50 | Rake $0 
Seat 1: socito folded before Flop (didn't bet)
Seat 2: andutu34 collected ($15.50)
Seat 3: Tibibacsi (button) folded before Flop
Seat 4: Rezzonner (small blind) folded before Flop
Seat 5: avlee1 (big blind) folded before Flop
Seat 6: Pvn1219 folded before Flop (didn't bet)



PokerStars Hand #254743654351:  Hold'em No Limit ($0.50/$1.00 USD) - 2025/02/06 1:15:02 WET [2025/02/06 20:15:02 ET]
Table 'Sheratan II' 6-max Seat #4 is the button
Seat 1: socito ($102.50 in chips) 
Seat 2: andutu34 ($159.65 in chips) 
Seat 3: Tibibacsi ($100 in chips) 
Seat 4: Rezzonner ($110.52 in chips) 
Seat 5: avlee1 ($125.14 in chips) 
Seat 6: Pvn1219 ($105.26 in chips) 
avlee1: posts small blind $0.50
Pvn1219: posts big blind $1
*** HOLE CARDS ***
socito: raises $1.50 to $2.50
andutu34: folds 
Tibibacsi: folds 
Rezzonner: folds 
avlee1: folds 
Pvn1219: calls $1.50
*** FLOP *** [8d Qd Jd]
Pvn1219: checks 
socito: checks 
*** TURN *** [8d Qd Jd] [Tc]
Pvn1219: bets $2.61
socito: folds 
Uncalled bet ($2.61) returned to Pvn1219
Pvn1219 collected $5.22 from pot
*** SUMMARY ***
Total pot $5.50 | Rake $0.28 
Board [8d Qd Jd Tc]
Seat 1: socito folded on the Turn
Seat 2: andutu34 folded before Flop (didn't bet)
Seat 3: Tibibacsi folded before Flop (didn't bet)
Seat 4: Rezzonner (button) folded before Flop (didn't bet)
Seat 5: avlee1 (small blind) folded before Flop
Seat 6: Pvn1219 (big blind) collected ($5.22)



PokerStars Hand #254743660544:  Hold'em No Limit ($0.50/$1.00 USD) - 2025/02/06 1:15:37 WET [2025/02/06 20:15:37 ET]
Table 'Sheratan II' 6-max Seat #5 is the button
Seat 1: socito ($100 in chips) 
Seat 2: andutu34 ($159.65 in chips) 
Seat 3: Tibibacsi ($100 in chips) 
Seat 4: Rezzonner ($110.52 in chips) 
Seat 5: avlee1 ($124.64 in chips) 
Seat 6: Pvn1219 ($107.98 in chips) 
Pvn1219: posts small blind $0.50
socito: posts big blind $1
*** HOLE CARDS ***
andutu34: folds 
Tibibacsi: folds 
Rezzonner: raises $1.50 to $2.50
avlee1: folds 
Pvn1219: folds 
socito: folds 
Uncalled bet ($1.50) returned to Rezzonner
Rezzonner collected $2.50 from pot
Rezzonner: doesn't show hand 
*** SUMMARY ***
Total pot $2.50 | Rake $0 
Seat 1: socito (big blind) folded before Flop
Seat 2: andutu34 folded before Flop (didn't bet)
Seat 3: Tibibacsi folded before Flop (didn't bet)
Seat 4: Rezzonner collected ($2.50)
Seat 5: avlee1 (button) folded before Flop (didn't bet)
Seat 6: Pvn1219 (small blind) folded before Flop



PokerStars Hand #254743663362:  Hold'em No Limit ($0.50/$1.00 USD) - 2025/02/06 1:15:54 WET [2025/02/06 20:15:54 ET]
Table 'Sheratan II' 6-max Seat #6 is the button
Seat 1: socito ($100 in chips) 
Seat 2: andutu34 ($159.65 in chips) 
Seat 3: Tibibacsi ($100 in chips) 
Seat 4: Rezzonner ($112.02 in chips) 
Seat 5: avlee1 ($124.64 in chips) 
Seat 6: Pvn1219 ($107.48 in chips) 
socito: posts small blind $0.50
andutu34: posts big blind $1
*** HOLE CARDS ***
Tibibacsi: folds 
Rezzonner: folds 
avlee1: folds 
Pvn1219: folds 
socito: folds 
Uncalled bet ($0.50) returned to andutu34
andutu34 collected $1 from pot
andutu34: doesn't show hand 
*** SUMMARY ***
Total pot $1 | Rake $0 
Seat 1: socito (small blind) folded before Flop
Seat 2: andutu34 (big blind) collected ($1)
Seat 3: Tibibacsi folded before Flop (didn't bet)
Seat 4: Rezzonner folded before Flop (didn't bet)
Seat 5: avlee1 folded before Flop (didn't bet)
Seat 6: Pvn1219 (button) folded before Flop (didn't bet)



PokerStars Hand #254743665932:  Hold'em No Limit ($0.50/$1.00 USD) - 2025/02/06 1:16:08 WET [2025/02/06 20:16:08 ET]
Table 'Sheratan II' 6-max Seat #1 is the button
Seat 1: socito ($100 in chips) 
Seat 2: andutu34 ($160.15 in chips) 
Seat 3: Tibibacsi ($100 in chips) 
Seat 4: Rezzonner ($112.02 in chips) 
Seat 5: avlee1 ($124.64 in chips) 
Seat 6: Pvn1219 ($107.48 in chips) 
andutu34: posts small blind $0.50
Tibibacsi: posts big blind $1
*** HOLE CARDS ***
Rezzonner: folds 
avlee1: raises $1.50 to $2.50
Pvn1219: folds 
socito: folds 
andutu34: raises $8.70 to $11.20
Tibibacsi: folds 
avlee1: folds 
Uncalled bet ($8.70) returned to andutu34
andutu34 collected $6 from pot
andutu34: doesn't show hand 
*** SUMMARY ***
Total pot $6 | Rake $0 
Seat 1: socito (button) folded before Flop (didn't bet)
Seat 2: andutu34 (small blind) collected ($6)
Seat 3: Tibibacsi (big blind) folded before Flop
Seat 4: Rezzonner folded before Flop (didn't bet)
Seat 5: avlee1 folded before Flop
Seat 6: Pvn1219 folded before Flop (didn't bet)



PokerStars Hand #254743669926:  Hold'em No Limit ($0.50/$1.00 USD) - 2025/02/06 1:16:31 WET [2025/02/06 20:16:31 ET]
Table 'Sheratan II' 6-max Seat #2 is the button
Seat 1: socito ($100 in chips) 
Seat 2: andutu34 ($163.65 in chips) 
Seat 3: Tibibacsi ($100 in chips) 
Seat 4: Rezzonner ($112.02 in chips) 
Seat 5: avlee1 ($122.14 in chips) 
Seat 6: Pvn1219 ($107.48 in chips) 
Tibibacsi: posts small blind $0.50
Rezzonner: posts big blind $1
*** HOLE CARDS ***
avlee1: folds 
Pvn1219: folds 
socito: folds 
andutu34: raises $1.49 to $2.49
Tibibacsi: folds 
Rezzonner: calls $1.49
*** FLOP *** [7c Qd Ac]
Rezzonner: checks 
andutu34: checks 
*** TURN *** [7c Qd Ac] [5h]
Rezzonner: checks 
andutu34: bets $7.81
Rezzonner: folds 
Uncalled bet ($7.81) returned to andutu34
andutu34 collected $5.21 from pot
andutu34: doesn't show hand 
*** SUMMARY ***
Total pot $5.48 | Rake $0.27 
Board [7c Qd Ac 5h]
Seat 1: socito folded before Flop (didn't bet)
Seat 2: andutu34 (button) collected ($5.21)
Seat 3: Tibibacsi (small blind) folded before Flop
Seat 4: Rezzonner (big blind) folded on the Turn
Seat 5: avlee1 folded before Flop (didn't bet)
Seat 6: Pvn1219 folded before Flop (didn't bet)



PokerStars Hand #254743682707:  Hold'em No Limit ($0.50/$1.00 USD) - 2025/02/06 1:17:44 WET [2025/02/06 20:17:44 ET]
Table 'Sheratan II' 6-max Seat #3 is the button
Seat 1: socito ($100 in chips) 
Seat 2: andutu34 ($166.37 in chips) 
Seat 3: Tibibacsi ($100 in chips) 
Seat 4: Rezzonner ($109.53 in chips) 
Seat 5: avlee1 ($122.14 in chips) 
Seat 6: Pvn1219 ($107.48 in chips) 
Rezzonner: posts small blind $0.50
avlee1: posts big blind $1
*** HOLE CARDS ***
Pvn1219: folds 
socito: folds 
andutu34: raises $1.30 to $2.30
Tibibacsi: folds 
Rezzonner: folds 
avlee1: folds 
Uncalled bet ($1.30) returned to andutu34
andutu34 collected $2.50 from pot
andutu34: doesn't show hand 
*** SUMMARY ***
Total pot $2.50 | Rake $0 
Seat 1: socito folded before Flop (didn't bet)
Seat 2: andutu34 collected ($2.50)
Seat 3: Tibibacsi (button) folded before Flop (didn't bet)
Seat 4: Rezzonner (small blind) folded before Flop
Seat 5: avlee1 (big blind) folded before Flop
Seat 6: Pvn1219 folded before Flop (didn't bet)



PokerStars Hand #254743686548:  Hold'em No Limit ($0.50/$1.00 USD) - 2025/02/06 1:18:07 WET [2025/02/06 20:18:07 ET]
Table 'Sheratan II' 6-max Seat #4 is the button
Seat 1: socito ($100 in chips) 
Seat 2: andutu34 ($167.87 in chips) 
Seat 3: Tibibacsi ($100 in chips) 
Seat 4: Rezzonner ($109.03 in chips) 
Seat 5: avlee1 ($121.14 in chips) 
Seat 6: Pvn1219 ($107.48 in chips) 
avlee1: posts small blind $0.50
Pvn1219: posts big blind $1
*** HOLE CARDS ***
socito: folds 
andutu34: folds 
Tibibacsi: raises $1 to $2
Rezzonner: folds 
avlee1: folds 
Pvn1219: calls $1
*** FLOP *** [9h 7s Jc]
Pvn1219: checks 
Tibibacsi: bets $1.41
Pvn1219: calls $1.41
*** TURN *** [9h 7s Jc] [Qh]
Pvn1219: checks 
Tibibacsi: checks 
*** RIVER *** [9h 7s Jc Qh] [4d]
Pvn1219: bets $3.48
Tibibacsi: calls $3.48
*** SHOW DOWN ***
Pvn1219: shows [7d Kh] (a pair of Sevens)
Tibibacsi: shows [Ah 9s] (a pair of Nines)
Tibibacsi collected $13.57 from pot
*** SUMMARY ***
Total pot $14.28 | Rake $0.71 
Board [9h 7s Jc Qh 4d]
Seat 1: socito folded before Flop (didn't bet)
Seat 2: andutu34 folded before Flop (didn't bet)
Seat 3: Tibibacsi showed [Ah 9s] and won ($13.57) with a pair of Nines
Seat 4: Rezzonner (button) folded before Flop (didn't bet)
Seat 5: avlee1 (small blind) folded before Flop
Seat 6: Pvn1219 (big blind) showed [7d Kh] and lost with a pair of Sevens



PokerStars Hand #254743696906:  Hold'em No Limit ($0.50/$1.00 USD) - 2025/02/06 1:19:08 WET [2025/02/06 20:19:08 ET]
Table 'Sheratan II' 6-max Seat #5 is the button
Seat 1: socito ($100 in chips) 
Seat 2: andutu34 ($167.87 in chips) 
Seat 3: Tibibacsi ($106.68 in chips) 
Seat 4: Rezzonner ($109.03 in chips) 
Seat 5: avlee1 ($120.64 in chips) 
Seat 6: Pvn1219 ($100.59 in chips) 
Pvn1219: posts small blind $0.50
socito: posts big blind $1
*** HOLE CARDS ***
andutu34: folds 
Tibibacsi: folds 
Rezzonner: folds 
avlee1: folds 
Pvn1219: folds 
Uncalled bet ($0.50) returned to socito
socito collected $1 from pot
socito: doesn't show hand 
*** SUMMARY ***
Total pot $1 | Rake $0 
Seat 1: socito (big blind) collected ($1)
Seat 2: andutu34 folded before Flop (didn't bet)
Seat 3: Tibibacsi folded before Flop (didn't bet)
Seat 4: Rezzonner folded before Flop (didn't bet)
Seat 5: avlee1 (button) folded before Flop (didn't bet)
Seat 6: Pvn1219 (small blind) folded before Flop



PokerStars Hand #254743700149:  Hold'em No Limit ($0.50/$1.00 USD) - 2025/02/06 1:19:27 WET [2025/02/06 20:19:27 ET]
Table 'Sheratan II' 6-max Seat #6 is the button
Seat 1: socito ($100.50 in chips) 
Seat 2: andutu34 ($167.87 in chips) 
Seat 3: Tibibacsi ($106.68 in chips) 
Seat 4: Rezzonner ($109.03 in chips) 
Seat 5: avlee1 ($120.64 in chips) 
Seat 6: Pvn1219 ($100.09 in chips) 
socito: posts small blind $0.50
andutu34: posts big blind $1
*** HOLE CARDS ***
Tibibacsi: raises $1 to $2
Rezzonner: folds 
avlee1: folds 
Pvn1219: calls $2
socito: folds 
andutu34: calls $1
*** FLOP *** [3d 3c 7d]
andutu34: checks 
Tibibacsi: checks 
Pvn1219: bets $3.09
andutu34: calls $3.09
Tibibacsi: calls $3.09
*** TURN *** [3d 3c 7d] [Tc]
andutu34: checks 
Tibibacsi: checks 
Pvn1219: bets $12.49
andutu34: folds 
Tibibacsi: folds 
Uncalled bet ($12.49) returned to Pvn1219
Pvn1219 collected $14.98 from pot
*** SUMMARY ***
Total pot $15.77 | Rake $0.79 
Board [3d 3c 7d Tc]
Seat 1: socito (small blind) folded before Flop
Seat 2: andutu34 (big blind) folded on the Turn
Seat 3: Tibibacsi folded on the Turn
Seat 4: Rezzonner folded before Flop (didn't bet)
Seat 5: avlee1 folded before Flop (didn't bet)
Seat 6: Pvn1219 (button) collected ($14.98)



PokerStars Hand #254743712693:  Hold'em No Limit ($0.50/$1.00 USD) - 2025/02/06 1:20:40 WET [2025/02/06 20:20:40 ET]
Table 'Sheratan II' 6-max Seat #1 is the button
Seat 1: socito ($100 in chips) 
Seat 2: andutu34 ($162.78 in chips) 
Seat 3: Tibibacsi ($101.59 in chips) 
Seat 4: Rezzonner ($109.03 in chips) 
Seat 5: avlee1 ($120.64 in chips) 
Seat 6: Pvn1219 ($109.98 in chips) 
andutu34: posts small blind $0.50
Tibibacsi: posts big blind $1
*** HOLE CARDS ***
Rezzonner: folds 
avlee1: folds 
Pvn1219: raises $1 to $2
socito: folds 
andutu34: folds 
Tibibacsi: calls $1
*** FLOP *** [Ac 8c Kc]
Tibibacsi: checks 
Pvn1219: checks 
*** TURN *** [Ac 8c Kc] [Jh]
Tibibacsi: bets $6.50
Pvn1219: calls $6.50
*** RIVER *** [Ac 8c Kc Jh] [4s]
Tibibacsi: bets $21.50
Pvn1219: calls $21.50
*** SHOW DOWN ***
Tibibacsi: shows [Qs Th] (a straight, Ten to Ace)
Pvn1219: mucks hand 
Tibibacsi collected $58 from pot
*** SUMMARY ***
Total pot $60.50 | Rake $2.50 
Board [Ac 8c Kc Jh 4s]
Seat 1: socito (button) folded before Flop (didn't bet)
Seat 2: andutu34 (small blind) folded before Flop
Seat 3: Tibibacsi (big blind) showed [Qs Th] and won ($58) with a straight, Ten to Ace
Seat 4: Rezzonner folded before Flop (didn't bet)
Seat 5: avlee1 folded before Flop (didn't bet)
Seat 6: Pvn1219 mucked



PokerStars Hand #254743728899:  Hold'em No Limit ($0.50/$1.00 USD) - 2025/02/06 1:22:14 WET [2025/02/06 20:22:14 ET]
Table 'Sheratan II' 6-max Seat #2 is the button
Seat 1: socito ($100 in chips) 
Seat 2: andutu34 ($162.28 in chips) 
Seat 3: Tibibacsi ($129.59 in chips) 
Seat 4: Rezzonner ($109.03 in chips) 
Seat 5: avlee1 ($120.64 in chips) 
Seat 6: Pvn1219 ($79.98 in chips) 
Tibibacsi: posts small blind $0.50
Rezzonner: posts big blind $1
*** HOLE CARDS ***
avlee1: folds 
Pvn1219: folds 
socito: folds 
andutu34: folds 
Tibibacsi: folds 
Uncalled bet ($0.50) returned to Rezzonner
Rezzonner collected $1 from pot
Rezzonner: doesn't show hand 
*** SUMMARY ***
Total pot $1 | Rake $0 
Seat 1: socito folded before Flop (didn't bet)
Seat 2: andutu34 (button) folded before Flop (didn't bet)
Seat 3: Tibibacsi (small blind) folded before Flop
Seat 4: Rezzonner (big blind) collected ($1)
Seat 5: avlee1 folded before Flop (didn't bet)
Seat 6: Pvn1219 folded before Flop (didn't bet)



PokerStars Hand #254743730871:  Hold'em No Limit ($0.50/$1.00 USD) - 2025/02/06 1:22:26 WET [2025/02/06 20:22:26 ET]
Table 'Sheratan II' 6-max Seat #3 is the button
Seat 1: socito ($100 in chips) 
Seat 2: andutu34 ($162.28 in chips) 
Seat 3: Tibibacsi ($129.09 in chips) 
Seat 4: Rezzonner ($109.53 in chips) 
Seat 5: avlee1 ($120.64 in chips) 
Seat 6: Pvn1219 ($79.98 in chips) 
Rezzonner: posts small blind $0.50
avlee1: posts big blind $1
*** HOLE CARDS ***
Pvn1219: folds 
socito: raises $1.50 to $2.50
andutu34: folds 
Tibibacsi: folds 
Rezzonner: folds 
avlee1: folds 
Uncalled bet ($1.50) returned to socito
socito collected $2.50 from pot
socito: doesn't show hand 
*** SUMMARY ***
Total pot $2.50 | Rake $0 
Seat 1: socito collected ($2.50)
Seat 2: andutu34 folded before Flop (didn't bet)
Seat 3: Tibibacsi (button) folded before Flop (didn't bet)
Seat 4: Rezzonner (small blind) folded before Flop
Seat 5: avlee1 (big blind) folded before Flop
Seat 6: Pvn1219 folded before Flop (didn't bet)



PokerStars Hand #254743771343:  Hold'em No Limit ($0.50/$1.00 USD) - 2025/02/06 1:26:21 WET [2025/02/06 20:26:21 ET]
Table 'Sheratan II' 6-max Seat #2 is the button
Seat 1: socito ($106.27 in chips) 
Seat 2: andutu34 ($162.28 in chips) 
Seat 3: Tibibacsi ($100 in chips) 
Seat 4: Rezzonner ($115.75 in chips) 
Seat 5: avlee1 ($119.14 in chips) 
Seat 6: Pvn1219 ($132.38 in chips) 
Tibibacsi: posts small blind $0.50
Rezzonner: posts big blind $1
*** HOLE CARDS ***
avlee1: folds 
Pvn1219: folds 
socito: folds 
andutu34: folds 
Tibibacsi: folds 
Uncalled bet ($0.50) returned to Rezzonner
Rezzonner collected $1 from pot
Rezzonner: doesn't show hand 
*** SUMMARY ***
Total pot $1 | Rake $0 
Seat 1: socito folded before Flop (didn't bet)
Seat 2: andutu34 (button) folded before Flop (didn't bet)
Seat 3: Tibibacsi (small blind) folded before Flop
Seat 4: Rezzonner (big blind) collected ($1)
Seat 5: avlee1 folded before Flop (didn't bet)
Seat 6: Pvn1219 folded before Flop (didn't bet)



PokerStars Hand #254743775974:  Hold'em No Limit ($0.50/$1.00 USD) - 2025/02/06 1:26:48 WET [2025/02/06 20:26:48 ET]
Table 'Sheratan II' 6-max Seat #3 is the button
Seat 1: socito ($106.27 in chips) 
Seat 2: andutu34 ($162.28 in chips) 
Seat 3: Tibibacsi ($100 in chips) 
Seat 4: Rezzonner ($116.25 in chips) 
Seat 5: avlee1 ($119.14 in chips) 
Seat 6: Pvn1219 ($132.38 in chips) 
Rezzonner: posts small blind $0.50
avlee1: posts big blind $1
*** HOLE CARDS ***
Pvn1219: folds 
socito: folds 
andutu34: raises $1.30 to $2.30
Tibibacsi: folds 
Rezzonner: folds 
avlee1: calls $1.30
*** FLOP *** [9s Qd 4h]
avlee1: checks 
andutu34: bets $1.21
avlee1: calls $1.21
*** TURN *** [9s Qd 4h] [6s]
avlee1: checks 
andutu34: checks 
*** RIVER *** [9s Qd 4h 6s] [2h]
avlee1: bets $3.57
andutu34: folds 
Uncalled bet ($3.57) returned to avlee1
avlee1 collected $7.14 from pot
avlee1: doesn't show hand 
*** SUMMARY ***
Total pot $7.52 | Rake $0.38 
Board [9s Qd 4h 6s 2h]
Seat 1: socito folded before Flop (didn't bet)
Seat 2: andutu34 folded on the River
Seat 3: Tibibacsi (button) folded before Flop (didn't bet)
Seat 4: Rezzonner (small blind) folded before Flop
Seat 5: avlee1 (big blind) collected ($7.14)
Seat 6: Pvn1219 folded before Flop (didn't bet)



PokerStars Hand #254743783053:  Hold'em No Limit ($0.50/$1.00 USD) - 2025/02/06 1:27:29 WET [2025/02/06 20:27:29 ET]
Table 'Sheratan II' 6-max Seat #4 is the button
Seat 1: socito ($106.27 in chips) 
Seat 2: andutu34 ($158.77 in chips) 
Seat 3: Tibibacsi ($100 in chips) 
Seat 4: Rezzonner ($115.75 in chips) 
Seat 5: avlee1 ($122.77 in chips) 
Seat 6: Pvn1219 ($132.38 in chips) 
avlee1: posts small blind $0.50
Pvn1219: posts big blind $1
*** HOLE CARDS ***
socito: folds 
andutu34: folds 
Tibibacsi: folds 
Rezzonner: folds 
avlee1: folds 
Uncalled bet ($0.50) returned to Pvn1219
Pvn1219 collected $1 from pot
*** SUMMARY ***
Total pot $1 | Rake $0 
Seat 1: socito folded before Flop (didn't bet)
Seat 2: andutu34 folded before Flop (didn't bet)
Seat 3: Tibibacsi folded before Flop (didn't bet)
Seat 4: Rezzonner (button) folded before Flop (didn't bet)
Seat 5: avlee1 (small blind) folded before Flop
Seat 6: Pvn1219 (big blind) collected ($1)



PokerStars Hand #254743784921:  Hold'em No Limit ($0.50/$1.00 USD) - 2025/02/06 1:27:40 WET [2025/02/06 20:27:40 ET]
Table 'Sheratan II' 6-max Seat #5 is the button
Seat 1: socito ($106.27 in chips) 
Seat 2: andutu34 ($158.77 in chips) 
Seat 3: Tibibacsi ($100 in chips) 
Seat 4: Rezzonner ($115.75 in chips) 
Seat 5: avlee1 ($122.27 in chips) 
Seat 6: Pvn1219 ($132.88 in chips) 
Pvn1219: posts small blind $0.50
socito: posts big blind $1
*** HOLE CARDS ***
andutu34: folds 
Tibibacsi: folds 
Rezzonner: folds 
avlee1: raises $1.50 to $2.50
Pvn1219: folds 
socito: folds 
Uncalled bet ($1.50) returned to avlee1
avlee1 collected $2.50 from pot
avlee1: doesn't show hand 
*** SUMMARY ***
Total pot $2.50 | Rake $0 
Seat 1: socito (big blind) folded before Flop
Seat 2: andutu34 folded before Flop (didn't bet)
Seat 3: Tibibacsi folded before Flop (didn't bet)
Seat 4: Rezzonner folded before Flop (didn't bet)
Seat 5: avlee1 (button) collected ($2.50)
Seat 6: Pvn1219 (small blind) folded before Flop



PokerStars Hand #254743788962:  Hold'em No Limit ($0.50/$1.00 USD) - 2025/02/06 1:28:03 WET [2025/02/06 20:28:03 ET]
Table 'Sheratan II' 6-max Seat #6 is the button
Seat 1: socito ($105.27 in chips) 
Seat 2: andutu34 ($158.77 in chips) 
Seat 3: Tibibacsi ($100 in chips) 
Seat 4: Rezzonner ($115.75 in chips) 
Seat 5: avlee1 ($123.77 in chips) 
Seat 6: Pvn1219 ($132.38 in chips) 
socito: posts small blind $0.50
andutu34: posts big blind $1
*** HOLE CARDS ***
Tibibacsi: folds 
Rezzonner: folds 
avlee1: folds 
Pvn1219: raises $2 to $3
socito: raises $9 to $12
andutu34: folds 
Pvn1219: calls $9
*** FLOP *** [5s 3c 9d]
socito: checks 
Pvn1219: checks 
*** TURN *** [5s 3c 9d] [Qd]
socito: checks 
Pvn1219: bets $11.88
socito: calls $11.88
*** RIVER *** [5s 3c 9d Qd] [8h]
socito: checks 
Pvn1219: checks 
*** SHOW DOWN ***
socito: shows [Tc Ts] (a pair of Tens)
Pvn1219: mucks hand 
socito collected $46.32 from pot
*** SUMMARY ***
Total pot $48.76 | Rake $2.44 
Board [5s 3c 9d Qd 8h]
Seat 1: socito (small blind) showed [Tc Ts] and won ($46.32) with a pair of Tens
Seat 2: andutu34 (big blind) folded before Flop
Seat 3: Tibibacsi folded before Flop (didn't bet)
Seat 4: Rezzonner folded before Flop (didn't bet)
Seat 5: avlee1 folded before Flop (didn't bet)
Seat 6: Pvn1219 (button) mucked



PokerStars Hand #254743802205:  Hold'em No Limit ($0.50/$1.00 USD) - 2025/02/06 1:29:19 WET [2025/02/06 20:29:19 ET]
Table 'Sheratan II' 6-max Seat #1 is the button
Seat 1: socito ($127.71 in chips) 
Seat 2: andutu34 ($157.77 in chips) 
Seat 3: Tibibacsi ($100 in chips) 
Seat 4: Rezzonner ($115.75 in chips) 
Seat 5: avlee1 ($123.77 in chips) 
Seat 6: Pvn1219 ($108.50 in chips) 
andutu34: posts small blind $0.50
Tibibacsi: posts big blind $1
*** HOLE CARDS ***
Rezzonner: raises $1.50 to $2.50
avlee1: folds 
Pvn1219: folds 
socito: folds 
andutu34: folds 
Tibibacsi: folds 
Uncalled bet ($1.50) returned to Rezzonner
Rezzonner collected $2.50 from pot
Rezzonner: doesn't show hand 
*** SUMMARY ***
Total pot $2.50 | Rake $0 
Seat 1: socito (button) folded before Flop (didn't bet)
Seat 2: andutu34 (small blind) folded before Flop
Seat 3: Tibibacsi (big blind) folded before Flop
Seat 4: Rezzonner collected ($2.50)
Seat 5: avlee1 folded before Flop (didn't bet)
Seat 6: Pvn1219 folded before Flop (didn't bet)



PokerStars Hand #254743804558:  Hold'em No Limit ($0.50/$1.00 USD) - 2025/02/06 1:29:33 WET [2025/02/06 20:29:33 ET]
Table 'Sheratan II' 6-max Seat #2 is the button
Seat 1: socito ($127.71 in chips) 
Seat 2: andutu34 ($157.27 in chips) 
Seat 3: Tibibacsi ($100 in chips) 
Seat 4: Rezzonner ($117.25 in chips) 
Seat 5: avlee1 ($123.77 in chips) 
Seat 6: Pvn1219 ($108.50 in chips) 
Tibibacsi: posts small blind $0.50
Rezzonner: posts big blind $1
*** HOLE CARDS ***
avlee1: folds 
Pvn1219: folds 
socito: raises $1.50 to $2.50
andutu34: folds 
Tibibacsi: raises $9 to $11.50
Rezzonner: folds 
socito: folds 
Uncalled bet ($9) returned to Tibibacsi
Tibibacsi collected $6 from pot
Tibibacsi: doesn't show hand 
*** SUMMARY ***
Total pot $6 | Rake $0 
Seat 1: socito folded before Flop
Seat 2: andutu34 (button) folded before Flop (didn't bet)
Seat 3: Tibibacsi (small blind) collected ($6)
Seat 4: Rezzonner (big blind) folded before Flop
Seat 5: avlee1 folded before Flop (didn't bet)
Seat 6: Pvn1219 folded before Flop (didn't bet)



PokerStars Hand #254743808235:  Hold'em No Limit ($0.50/$1.00 USD) - 2025/02/06 1:29:54 WET [2025/02/06 20:29:54 ET]
Table 'Sheratan II' 6-max Seat #3 is the button
Seat 1: socito ($125.21 in chips) 
Seat 2: andutu34 ($157.27 in chips) 
Seat 3: Tibibacsi ($103.50 in chips) 
Seat 4: Rezzonner ($116.25 in chips) 
Seat 5: avlee1 ($123.77 in chips) 
Seat 6: Pvn1219 ($108.50 in chips) 
Rezzonner: posts small blind $0.50
avlee1: posts big blind $1
*** HOLE CARDS ***
Pvn1219: folds 
socito: folds 
andutu34: folds 
Tibibacsi: raises $1.50 to $2.50
Rezzonner: folds 
avlee1: calls $1.50
*** FLOP *** [As Th Ac]
avlee1: checks 
Tibibacsi: checks 
*** TURN *** [As Th Ac] [Kd]
avlee1: checks 
Tibibacsi: bets $2.61
avlee1: calls $2.61
*** RIVER *** [As Th Ac Kd] [3s]
avlee1: checks 
Tibibacsi: bets $8
avlee1: calls $8
*** SHOW DOWN ***
Tibibacsi: shows [7d Jd] (a pair of Aces)
avlee1: shows [Ah 4d] (three of a kind, Aces)
avlee1 collected $25.38 from pot
*** SUMMARY ***
Total pot $26.72 | Rake $1.34 
Board [As Th Ac Kd 3s]
Seat 1: socito folded before Flop (didn't bet)
Seat 2: andutu34 folded before Flop (didn't bet)
Seat 3: Tibibacsi (button) showed [7d Jd] and lost with a pair of Aces
Seat 4: Rezzonner (small blind) folded before Flop
Seat 5: avlee1 (big blind) showed [Ah 4d] and won ($25.38) with three of a kind, Aces
Seat 6: Pvn1219 folded before Flop (didn't bet)



PokerStars Hand #254743823063:  Hold'em No Limit ($0.50/$1.00 USD) - 2025/02/06 1:31:19 WET [2025/02/06 20:31:19 ET]
Table 'Sheratan II' 6-max Seat #4 is the button
Seat 1: socito ($125.21 in chips) 
Seat 2: andutu34 ($157.27 in chips) 
Seat 3: Tibibacsi ($100 in chips) 
Seat 4: Rezzonner ($115.75 in chips) 
Seat 5: avlee1 ($136.04 in chips) 
Seat 6: Pvn1219 ($108.50 in chips) 
avlee1: posts small blind $0.50
Pvn1219: posts big blind $1
*** HOLE CARDS ***
socito: folds 
andutu34: folds 
Tibibacsi: folds 
Rezzonner: folds 
avlee1: folds 
Uncalled bet ($0.50) returned to Pvn1219
Pvn1219 collected $1 from pot
*** SUMMARY ***
Total pot $1 | Rake $0 
Seat 1: socito folded before Flop (didn't bet)
Seat 2: andutu34 folded before Flop (didn't bet)
Seat 3: Tibibacsi folded before Flop (didn't bet)
Seat 4: Rezzonner (button) folded before Flop (didn't bet)
Seat 5: avlee1 (small blind) folded before Flop
Seat 6: Pvn1219 (big blind) collected ($1)



PokerStars Hand #254743826494:  Hold'em No Limit ($0.50/$1.00 USD) - 2025/02/06 1:31:39 WET [2025/02/06 20:31:39 ET]
Table 'Sheratan II' 6-max Seat #5 is the button
Seat 1: socito ($125.21 in chips) 
Seat 2: andutu34 ($157.27 in chips) 
Seat 3: Tibibacsi ($100 in chips) 
Seat 4: Rezzonner ($115.75 in chips) 
Seat 5: avlee1 ($135.54 in chips) 
Seat 6: Pvn1219 ($109 in chips) 
Pvn1219: posts small blind $0.50
socito: posts big blind $1
*** HOLE CARDS ***
andutu34: folds 
Tibibacsi: folds 
Rezzonner: folds 
avlee1: folds 
Pvn1219: folds 
Uncalled bet ($0.50) returned to socito
socito collected $1 from pot
socito: doesn't show hand 
*** SUMMARY ***
Total pot $1 | Rake $0 
Seat 1: socito (big blind) collected ($1)
Seat 2: andutu34 folded before Flop (didn't bet)
Seat 3: Tibibacsi folded before Flop (didn't bet)
Seat 4: Rezzonner folded before Flop (didn't bet)
Seat 5: avlee1 (button) folded before Flop (didn't bet)
Seat 6: Pvn1219 (small blind) folded before Flop



PokerStars Hand #254743828008:  Hold'em No Limit ($0.50/$1.00 USD) - 2025/02/06 1:31:47 WET [2025/02/06 20:31:47 ET]
Table 'Sheratan II' 6-max Seat #6 is the button
Seat 2: andutu34 ($157.27 in chips) is sitting out
Seat 1: socito ($125.71 in chips) 
Seat 3: Tibibacsi ($100 in chips) 
Seat 4: Rezzonner ($115.75 in chips) 
Seat 5: avlee1 ($135.54 in chips) 
Seat 6: Pvn1219 ($108.50 in chips) 
socito: posts small blind $0.50
andutu34: is sitting out 
Tibibacsi: posts big blind $1
*** HOLE CARDS ***
Rezzonner: folds 
avlee1: folds 
andutu34 leaves the table
Pvn1219: folds 
socito: raises $2 to $3
Tibibacsi: calls $2
*** FLOP *** [Th 7s 2s]
ghc_2 joins the table at seat #2 
socito: checks 
Tibibacsi: bets $1.88
socito: calls $1.88
*** TURN *** [Th 7s 2s] [3c]
socito: checks 
Tibibacsi: bets $4.64
socito: raises $18.55 to $23.19
Tibibacsi: folds 
Uncalled bet ($18.55) returned to socito
socito collected $18.09 from pot
socito: doesn't show hand 
*** SUMMARY ***
Total pot $19.04 | Rake $0.95 
Board [Th 7s 2s 3c]
Seat 2: andutu34
Seat 1: socito (small blind) collected ($18.09)
Seat 3: Tibibacsi (big blind) folded on the Turn
Seat 4: Rezzonner folded before Flop (didn't bet)
Seat 5: avlee1 folded before Flop (didn't bet)
Seat 6: Pvn1219 (button) folded before Flop (didn't bet)



PokerStars Hand #254743843617:  Hold'em No Limit ($0.50/$1.00 USD) - 2025/02/06 1:33:19 WET [2025/02/06 20:33:19 ET]
Table 'Sheratan II' 6-max Seat #1 is the button
Seat 2: ghc_2 ($100 in chips) is sitting out
Seat 1: socito ($134.28 in chips) 
Seat 3: Tibibacsi ($100 in chips) 
Seat 4: Rezzonner ($115.75 in chips) 
Seat 5: avlee1 ($135.54 in chips) 
Seat 6: Pvn1219 ($108.50 in chips) 
Tibibacsi: posts small blind $0.50
Rezzonner: posts big blind $1
*** HOLE CARDS ***
avlee1: folds 
Pvn1219: folds 
socito: folds 
Tibibacsi: folds 
Uncalled bet ($0.50) returned to Rezzonner
Rezzonner collected $1 from pot
Rezzonner: doesn't show hand 
*** SUMMARY ***
Total pot $1 | Rake $0 
Seat 2: ghc_2
Seat 1: socito (button) folded before Flop (didn't bet)
Seat 3: Tibibacsi (small blind) folded before Flop
Seat 4: Rezzonner (big blind) collected ($1)
Seat 5: avlee1 folded before Flop (didn't bet)
Seat 6: Pvn1219 folded before Flop (didn't bet)



PokerStars Hand #254743846756:  Hold'em No Limit ($0.50/$1.00 USD) - 2025/02/06 1:33:37 WET [2025/02/06 20:33:37 ET]
Table 'Sheratan II' 6-max Seat #3 is the button
Seat 2: ghc_2 ($100 in chips) is sitting out
Seat 1: socito ($134.28 in chips) 
Seat 3: Tibibacsi ($100 in chips) 
Seat 4: Rezzonner ($116.25 in chips) 
Seat 5: avlee1 ($135.54 in chips) 
Seat 6: Pvn1219 ($108.50 in chips) 
Rezzonner: posts small blind $0.50
avlee1: posts big blind $1
ghc_2: sits out 
*** HOLE CARDS ***
Pvn1219: folds 
socito: folds 
Tibibacsi: folds 
Rezzonner: folds 
Uncalled bet ($0.50) returned to avlee1
avlee1 collected $1 from pot
avlee1: doesn't show hand 
*** SUMMARY ***
Total pot $1 | Rake $0 
Seat 2: ghc_2
Seat 1: socito folded before Flop (didn't bet)
Seat 3: Tibibacsi (button) folded before Flop (didn't bet)
Seat 4: Rezzonner (small blind) folded before Flop
Seat 5: avlee1 (big blind) collected ($1)
Seat 6: Pvn1219 folded before Flop (didn't bet)



PokerStars Hand #254743849487:  Hold'em No Limit ($0.50/$1.00 USD) - 2025/02/06 1:33:53 WET [2025/02/06 20:33:53 ET]
Table 'Sheratan II' 6-max Seat #4 is the button
Seat 2: ghc_2 ($100 in chips) is sitting out
Seat 1: socito ($134.28 in chips) 
Seat 3: Tibibacsi ($100 in chips) 
Seat 4: Rezzonner ($115.75 in chips) 
Seat 5: avlee1 ($136.04 in chips) 
Seat 6: Pvn1219 ($108.50 in chips) 
avlee1: posts small blind $0.50
Pvn1219: posts big blind $1
ghc_2: sits out 
*** HOLE CARDS ***
socito: folds 
Tibibacsi: raises $1.50 to $2.50
Rezzonner: folds 
avlee1: folds 
Pvn1219: calls $1.50
*** FLOP *** [5h Ah 9c]
Pvn1219: checks 
Tibibacsi: checks 
*** TURN *** [5h Ah 9c] [Kc]
Pvn1219: checks 
Tibibacsi: checks 
*** RIVER *** [5h Ah 9c Kc] [4h]
Pvn1219: bets $5.22
Tibibacsi: folds 
Uncalled bet ($5.22) returned to Pvn1219
Pvn1219 collected $5.22 from pot
*** SUMMARY ***
Total pot $5.50 | Rake $0.28 
Board [5h Ah 9c Kc 4h]
Seat 2: ghc_2
Seat 1: socito folded before Flop (didn't bet)
Seat 3: Tibibacsi folded on the River
Seat 4: Rezzonner (button) folded before Flop (didn't bet)
Seat 5: avlee1 (small blind) folded before Flop
Seat 6: Pvn1219 (big blind) collected ($5.22)



PokerStars Hand #254743857568:  Hold'em No Limit ($0.50/$1.00 USD) - 2025/02/06 1:34:41 WET [2025/02/06 20:34:41 ET]
Table 'Sheratan II' 6-max Seat #5 is the button
Seat 2: ghc_2 ($100 in chips) is sitting out
Seat 1: socito ($134.28 in chips) 
Seat 3: Tibibacsi ($100 in chips) 
Seat 4: Rezzonner ($115.75 in chips) 
Seat 5: avlee1 ($135.54 in chips) 
Seat 6: Pvn1219 ($111.22 in chips) 
Pvn1219: posts small blind $0.50
socito: posts big blind $1
ghc_2: sits out 
*** HOLE CARDS ***
Tibibacsi: folds 
Rezzonner: folds 
avlee1: folds 
Pvn1219: raises $2 to $3
socito: folds 
Uncalled bet ($2) returned to Pvn1219
Pvn1219 collected $2 from pot
*** SUMMARY ***
Total pot $2 | Rake $0 
Seat 2: ghc_2
Seat 1: socito (big blind) folded before Flop
Seat 3: Tibibacsi folded before Flop (didn't bet)
Seat 4: Rezzonner folded before Flop (didn't bet)
Seat 5: avlee1 (button) folded before Flop (didn't bet)
Seat 6: Pvn1219 (small blind) collected ($2)



PokerStars Hand #254743860106:  Hold'em No Limit ($0.50/$1.00 USD) - 2025/02/06 1:34:55 WET [2025/02/06 20:34:55 ET]
Table 'Sheratan II' 6-max Seat #6 is the button
Seat 1: socito ($133.28 in chips) 
Seat 2: ghc_2 ($100 in chips) 
Seat 3: Tibibacsi ($100 in chips) 
Seat 4: Rezzonner ($115.75 in chips) 
Seat 5: avlee1 ($135.54 in chips) 
Seat 6: Pvn1219 ($112.22 in chips) 
socito: posts small blind $0.50
ghc_2: posts big blind $1
*** HOLE CARDS ***
Tibibacsi: folds 
Rezzonner: folds 
avlee1: raises $1.50 to $2.50
Pvn1219: folds 
socito: folds 
ghc_2: calls $1.50
*** FLOP *** [8s Th 2d]
ghc_2: checks 
avlee1: checks 
*** TURN *** [8s Th 2d] [3s]
ghc_2: checks 
avlee1: checks 
*** RIVER *** [8s Th 2d 3s] [6s]
ghc_2: checks 
avlee1: checks 
*** SHOW DOWN ***
ghc_2: shows [Ad 9d] (high card Ace)
avlee1: shows [Ac 9c] (high card Ace)
ghc_2 collected $2.61 from pot
avlee1 collected $2.61 from pot
*** SUMMARY ***
Total pot $5.50 | Rake $0.28 
Board [8s Th 2d 3s 6s]
Seat 1: socito (small blind) folded before Flop
Seat 2: ghc_2 (big blind) showed [Ad 9d] and won ($2.61) with high card Ace
Seat 3: Tibibacsi folded before Flop (didn't bet)
Seat 4: Rezzonner folded before Flop (didn't bet)
Seat 5: avlee1 showed [Ac 9c] and won ($2.61) with high card Ace
Seat 6: Pvn1219 (button) folded before Flop (didn't bet)



PokerStars Hand #254743869820:  Hold'em No Limit ($0.50/$1.00 USD) - 2025/02/06 1:35:52 WET [2025/02/06 20:35:52 ET]
Table 'Sheratan II' 6-max Seat #1 is the button
Seat 1: socito ($132.78 in chips) 
Seat 2: ghc_2 ($100.11 in chips) 
Seat 3: Tibibacsi ($100 in chips) 
Seat 4: Rezzonner ($115.75 in chips) 
Seat 5: avlee1 ($135.65 in chips) 
Seat 6: Pvn1219 ($112.22 in chips) 
ghc_2: posts small blind $0.50
Tibibacsi: posts big blind $1
*** HOLE CARDS ***
Rezzonner: folds 
avlee1: folds 
Pvn1219: raises $2 to $3
socito: folds 
ghc_2: folds 
Tibibacsi: folds 
Uncalled bet ($2) returned to Pvn1219
Pvn1219 collected $2.50 from pot
*** SUMMARY ***
Total pot $2.50 | Rake $0 
Seat 1: socito (button) folded before Flop (didn't bet)
Seat 2: ghc_2 (small blind) folded before Flop
Seat 3: Tibibacsi (big blind) folded before Flop
Seat 4: Rezzonner folded before Flop (didn't bet)
Seat 5: avlee1 folded before Flop (didn't bet)
Seat 6: Pvn1219 collected ($2.50)



PokerStars Hand #254743874019:  Hold'em No Limit ($0.50/$1.00 USD) - 2025/02/06 1:36:17 WET [2025/02/06 20:36:17 ET]
Table 'Sheratan II' 6-max Seat #2 is the button
Seat 1: socito ($132.78 in chips) 
Seat 2: ghc_2 ($100 in chips) 
Seat 3: Tibibacsi ($100 in chips) 
Seat 4: Rezzonner ($115.75 in chips) 
Seat 5: avlee1 ($135.65 in chips) 
Seat 6: Pvn1219 ($113.72 in chips) 
Tibibacsi: posts small blind $0.50
Rezzonner: posts big blind $1
*** HOLE CARDS ***
avlee1: folds 
Pvn1219: folds 
socito: raises $1.50 to $2.50
ghc_2: folds 
Tibibacsi: folds 
Rezzonner: calls $1.50
*** FLOP *** [2h Qh Ks]
Rezzonner: checks 
socito: bets $1.72
Rezzonner: calls $1.72
*** TURN *** [2h Qh Ks] [8s]
Rezzonner: checks 
socito: bets $8.49
Rezzonner: folds 
Uncalled bet ($8.49) returned to socito
socito collected $8.49 from pot
socito: doesn't show hand 
*** SUMMARY ***
Total pot $8.94 | Rake $0.45 
Board [2h Qh Ks 8s]
Seat 1: socito collected ($8.49)
Seat 2: ghc_2 (button) folded before Flop (didn't bet)
Seat 3: Tibibacsi (small blind) folded before Flop
Seat 4: Rezzonner (big blind) folded on the Turn
Seat 5: avlee1 folded before Flop (didn't bet)
Seat 6: Pvn1219 folded before Flop (didn't bet)



PokerStars Hand #254743886035:  Hold'em No Limit ($0.50/$1.00 USD) - 2025/02/06 1:37:27 WET [2025/02/06 20:37:27 ET]
Table 'Sheratan II' 6-max Seat #3 is the button
Seat 1: socito ($137.05 in chips) 
Seat 2: ghc_2 ($100 in chips) 
Seat 3: Tibibacsi ($100 in chips) 
Seat 4: Rezzonner ($111.53 in chips) 
Seat 5: avlee1 ($135.65 in chips) 
Seat 6: Pvn1219 ($113.72 in chips) 
Rezzonner: posts small blind $0.50
avlee1: posts big blind $1
*** HOLE CARDS ***
Pvn1219: folds 
socito: folds 
ghc_2: folds 
Tibibacsi: raises $1.50 to $2.50
Rezzonner: folds 
avlee1: folds 
Uncalled bet ($1.50) returned to Tibibacsi
Tibibacsi collected $2.50 from pot
Tibibacsi: doesn't show hand 
*** SUMMARY ***
Total pot $2.50 | Rake $0 
Seat 1: socito folded before Flop (didn't bet)
Seat 2: ghc_2 folded before Flop (didn't bet)
Seat 3: Tibibacsi (button) collected ($2.50)
Seat 4: Rezzonner (small blind) folded before Flop
Seat 5: avlee1 (big blind) folded before Flop
Seat 6: Pvn1219 folded before Flop (didn't bet)



PokerStars Hand #254743889493:  Hold'em No Limit ($0.50/$1.00 USD) - 2025/02/06 1:37:47 WET [2025/02/06 20:37:47 ET]
Table 'Sheratan II' 6-max Seat #4 is the button
Seat 1: socito ($137.05 in chips) 
Seat 2: ghc_2 ($100 in chips) 
Seat 3: Tibibacsi ($101.50 in chips) 
Seat 4: Rezzonner ($111.03 in chips) 
Seat 5: avlee1 ($134.65 in chips) 
Seat 6: Pvn1219 ($113.72 in chips) 
avlee1: posts small blind $0.50
Pvn1219: posts big blind $1
*** HOLE CARDS ***
socito: folds 
ghc_2: folds 
Tibibacsi: folds 
Rezzonner: folds 
avlee1: raises $2 to $3
Pvn1219: calls $2
*** FLOP *** [7d 5s 9c]
avlee1: checks 
Pvn1219: bets $3.85
avlee1: raises $5.65 to $9.50
Pvn1219: calls $5.65
*** TURN *** [7d 5s 9c] [8d]
avlee1: checks 
Pvn1219: checks 
*** RIVER *** [7d 5s 9c 8d] [Qc]
avlee1: checks 
Pvn1219: checks 
*** SHOW DOWN ***
avlee1: shows [8c Ks] (a pair of Eights)
Pvn1219: mucks hand 
avlee1 collected $23.75 from pot
*** SUMMARY ***
Total pot $25 | Rake $1.25 
Board [7d 5s 9c 8d Qc]
Seat 1: socito folded before Flop (didn't bet)
Seat 2: ghc_2 folded before Flop (didn't bet)
Seat 3: Tibibacsi folded before Flop (didn't bet)
Seat 4: Rezzonner (button) folded before Flop (didn't bet)
Seat 5: avlee1 (small blind) showed [8c Ks] and won ($23.75) with a pair of Eights
Seat 6: Pvn1219 (big blind) mucked



PokerStars Hand #254743903495:  Hold'em No Limit ($0.50/$1.00 USD) - 2025/02/06 1:39:09 WET [2025/02/06 20:39:09 ET]
Table 'Sheratan II' 6-max Seat #5 is the button
Seat 1: socito ($137.05 in chips) 
Seat 2: ghc_2 ($100 in chips) 
Seat 3: Tibibacsi ($101.50 in chips) 
Seat 4: Rezzonner ($111.03 in chips) 
Seat 5: avlee1 ($145.90 in chips) 
Seat 6: Pvn1219 ($101.22 in chips) 
Pvn1219: posts small blind $0.50
socito: posts big blind $1
*** HOLE CARDS ***
ghc_2: folds 
Tibibacsi: folds 
Rezzonner: raises $1.50 to $2.50
avlee1: folds 
Pvn1219: calls $2
socito: folds 
*** FLOP *** [3d Qd 7s]
Pvn1219: checks 
Rezzonner: bets $1.88
Pvn1219: folds 
Uncalled bet ($1.88) returned to Rezzonner
Rezzonner collected $5.70 from pot
Rezzonner: doesn't show hand 
*** SUMMARY ***
Total pot $6 | Rake $0.30 
Board [3d Qd 7s]
Seat 1: socito (big blind) folded before Flop
Seat 2: ghc_2 folded before Flop (didn't bet)
Seat 3: Tibibacsi folded before Flop (didn't bet)
Seat 4: Rezzonner collected ($5.70)
Seat 5: avlee1 (button) folded before Flop (didn't bet)
Seat 6: Pvn1219 (small blind) folded on the Flop



PokerStars Hand #254743914638:  Hold'em No Limit ($0.50/$1.00 USD) - 2025/02/06 1:40:15 WET [2025/02/06 20:40:15 ET]
Table 'Sheratan II' 6-max Seat #6 is the button
Seat 1: socito ($136.05 in chips) 
Seat 2: ghc_2 ($100 in chips) 
Seat 3: Tibibacsi ($101.50 in chips) 
Seat 4: Rezzonner ($114.23 in chips) 
Seat 5: avlee1 ($145.90 in chips) 
Seat 6: Pvn1219 ($98.72 in chips) 
socito: posts small blind $0.50
ghc_2: posts big blind $1
*** HOLE CARDS ***
Tibibacsi: folds 
Rezzonner: folds 
avlee1: folds 
Pvn1219: folds 
socito: folds 
Uncalled bet ($0.50) returned to ghc_2
ghc_2 collected $1 from pot
ghc_2: doesn't show hand 
*** SUMMARY ***
Total pot $1 | Rake $0 
Seat 1: socito (small blind) folded before Flop
Seat 2: ghc_2 (big blind) collected ($1)
Seat 3: Tibibacsi folded before Flop (didn't bet)
Seat 4: Rezzonner folded before Flop (didn't bet)
Seat 5: avlee1 folded before Flop (didn't bet)
Seat 6: Pvn1219 (button) folded before Flop (didn't bet)



PokerStars Hand #254743916586:  Hold'em No Limit ($0.50/$1.00 USD) - 2025/02/06 1:40:26 WET [2025/02/06 20:40:26 ET]
Table 'Sheratan II' 6-max Seat #1 is the button
Seat 1: socito ($135.55 in chips) 
Seat 2: ghc_2 ($100.50 in chips) 
Seat 3: Tibibacsi ($101.50 in chips) 
Seat 4: Rezzonner ($114.23 in chips) 
Seat 5: avlee1 ($145.90 in chips) 
Seat 6: Pvn1219 ($98.72 in chips) 
ghc_2: posts small blind $0.50
Tibibacsi: posts big blind $1
*** HOLE CARDS ***
Rezzonner: folds 
avlee1: folds 
Pvn1219: folds 
socito: raises $1.50 to $2.50
ghc_2: folds 
Tibibacsi: folds 
Uncalled bet ($1.50) returned to socito
socito collected $2.50 from pot
socito: doesn't show hand 
*** SUMMARY ***
Total pot $2.50 | Rake $0 
Seat 1: socito (button) collected ($2.50)
Seat 2: ghc_2 (small blind) folded before Flop
Seat 3: Tibibacsi (big blind) folded before Flop
Seat 4: Rezzonner folded before Flop (didn't bet)
Seat 5: avlee1 folded before Flop (didn't bet)
Seat 6: Pvn1219 folded before Flop (didn't bet)



PokerStars Hand #254743924406:  Hold'em No Limit ($0.50/$1.00 USD) - 2025/02/06 1:41:13 WET [2025/02/06 20:41:13 ET]
Table 'Sheratan II' 6-max Seat #2 is the button
Seat 1: socito ($137.05 in chips) 
Seat 2: ghc_2 ($100 in chips) 
Seat 3: Tibibacsi ($100.50 in chips) 
Seat 4: Rezzonner ($114.23 in chips) 
Seat 5: avlee1 ($145.90 in chips) 
Seat 6: Pvn1219 ($98.72 in chips) 
Tibibacsi: posts small blind $0.50
Rezzonner: posts big blind $1
*** HOLE CARDS ***
avlee1: folds 
Pvn1219: folds 
socito: folds 
ghc_2: folds 
Tibibacsi: folds 
Uncalled bet ($0.50) returned to Rezzonner
Rezzonner collected $1 from pot
Rezzonner: doesn't show hand 
*** SUMMARY ***
Total pot $1 | Rake $0 
Seat 1: socito folded before Flop (didn't bet)
Seat 2: ghc_2 (button) folded before Flop (didn't bet)
Seat 3: Tibibacsi (small blind) folded before Flop
Seat 4: Rezzonner (big blind) collected ($1)
Seat 5: avlee1 folded before Flop (didn't bet)
Seat 6: Pvn1219 folded before Flop (didn't bet)



PokerStars Hand #254743928010:  Hold'em No Limit ($0.50/$1.00 USD) - 2025/02/06 1:41:34 WET [2025/02/06 20:41:34 ET]
Table 'Sheratan II' 6-max Seat #3 is the button
Seat 1: socito ($137.05 in chips) 
Seat 2: ghc_2 ($100 in chips) 
Seat 3: Tibibacsi ($100 in chips) 
Seat 4: Rezzonner ($114.73 in chips) 
Seat 5: avlee1 ($145.90 in chips) 
Seat 6: Pvn1219 ($98.72 in chips) 
Rezzonner: posts small blind $0.50
avlee1: posts big blind $1
*** HOLE CARDS ***
Pvn1219: folds 
socito: folds 
ghc_2: folds 
Tibibacsi: folds 
Rezzonner: folds 
Uncalled bet ($0.50) returned to avlee1
avlee1 collected $1 from pot
avlee1: doesn't show hand 
*** SUMMARY ***
Total pot $1 | Rake $0 
Seat 1: socito folded before Flop (didn't bet)
Seat 2: ghc_2 folded before Flop (didn't bet)
Seat 3: Tibibacsi (button) folded before Flop (didn't bet)
Seat 4: Rezzonner (small blind) folded before Flop
Seat 5: avlee1 (big blind) collected ($1)
Seat 6: Pvn1219 folded before Flop (didn't bet)



PokerStars Hand #254743932121:  Hold'em No Limit ($0.50/$1.00 USD) - 2025/02/06 1:41:59 WET [2025/02/06 20:41:59 ET]
Table 'Sheratan II' 6-max Seat #4 is the button
Seat 1: socito ($137.05 in chips) 
Seat 2: ghc_2 ($100 in chips) 
Seat 3: Tibibacsi ($100 in chips) 
Seat 4: Rezzonner ($114.23 in chips) 
Seat 5: avlee1 ($146.40 in chips) 
Seat 6: Pvn1219 ($98.72 in chips) 
avlee1: posts small blind $0.50
Pvn1219: posts big blind $1
*** HOLE CARDS ***
socito: folds 
ghc_2: raises $1 to $2
Tibibacsi: folds 
Rezzonner: calls $2
avlee1: folds 
Pvn1219: calls $1
*** FLOP *** [Ah 3c 4s]
Pvn1219: checks 
ghc_2: checks 
Rezzonner: bets $2.04
Pvn1219: folds 
ghc_2: folds 
Uncalled bet ($2.04) returned to Rezzonner
Rezzonner collected $6.18 from pot
Rezzonner: doesn't show hand 
*** SUMMARY ***
Total pot $6.50 | Rake $0.32 
Board [Ah 3c 4s]
Seat 1: socito folded before Flop (didn't bet)
Seat 2: ghc_2 folded on the Flop
Seat 3: Tibibacsi folded before Flop (didn't bet)
Seat 4: Rezzonner (button) collected ($6.18)
Seat 5: avlee1 (small blind) folded before Flop
Seat 6: Pvn1219 (big blind) folded on the Flop



PokerStars Hand #254743940987:  Hold'em No Limit ($0.50/$1.00 USD) - 2025/02/06 1:42:51 WET [2025/02/06 20:42:51 ET]
Table 'Sheratan II' 6-max Seat #5 is the button
Seat 1: socito ($137.05 in chips) 
Seat 2: ghc_2 ($100 in chips) 
Seat 3: Tibibacsi ($100 in chips) 
Seat 4: Rezzonner ($118.41 in chips) 
Seat 5: avlee1 ($145.90 in chips) 
Seat 6: Pvn1219 ($96.72 in chips) 
Pvn1219: posts small blind $0.50
socito: posts big blind $1
*** HOLE CARDS ***
ghc_2: folds 
Tibibacsi: raises $1 to $2
Rezzonner: folds 
avlee1: raises $5 to $7
Pvn1219: folds 
socito: folds 
Tibibacsi: folds 
Uncalled bet ($5) returned to avlee1
avlee1 collected $5.50 from pot
avlee1: doesn't show hand 
*** SUMMARY ***
Total pot $5.50 | Rake $0 
Seat 1: socito (big blind) folded before Flop
Seat 2: ghc_2 folded before Flop (didn't bet)
Seat 3: Tibibacsi folded before Flop
Seat 4: Rezzonner folded before Flop (didn't bet)
Seat 5: avlee1 (button) collected ($5.50)
Seat 6: Pvn1219 (small blind) folded before Flop



PokerStars Hand #254743945938:  Hold'em No Limit ($0.50/$1.00 USD) - 2025/02/06 1:43:20 WET [2025/02/06 20:43:20 ET]
Table 'Sheratan II' 6-max Seat #6 is the button
Seat 1: socito ($136.05 in chips) 
Seat 2: ghc_2 ($100 in chips) 
Seat 3: Tibibacsi ($100 in chips) 
Seat 4: Rezzonner ($118.41 in chips) 
Seat 5: avlee1 ($149.40 in chips) 
Seat 6: Pvn1219 ($96.22 in chips) 
socito: posts small blind $0.50
ghc_2: posts big blind $1
*** HOLE CARDS ***
Tibibacsi: folds 
Rezzonner: raises $1.50 to $2.50
avlee1: folds 
Pvn1219: folds 
socito: folds 
ghc_2: folds 
Uncalled bet ($1.50) returned to Rezzonner
Rezzonner collected $2.50 from pot
Rezzonner: doesn't show hand 
*** SUMMARY ***
Total pot $2.50 | Rake $0 
Seat 1: socito (small blind) folded before Flop
Seat 2: ghc_2 (big blind) folded before Flop
Seat 3: Tibibacsi folded before Flop (didn't bet)
Seat 4: Rezzonner collected ($2.50)
Seat 5: avlee1 folded before Flop (didn't bet)
Seat 6: Pvn1219 (button) folded before Flop (didn't bet)



PokerStars Hand #254743947942:  Hold'em No Limit ($0.50/$1.00 USD) - 2025/02/06 1:43:32 WET [2025/02/06 20:43:32 ET]
Table 'Sheratan II' 6-max Seat #1 is the button
Seat 1: socito ($135.55 in chips) 
Seat 2: ghc_2 ($100 in chips) 
Seat 3: Tibibacsi ($100 in chips) 
Seat 4: Rezzonner ($119.91 in chips) 
Seat 5: avlee1 ($149.40 in chips) 
Seat 6: Pvn1219 ($96.22 in chips) 
ghc_2: posts small blind $0.50
Tibibacsi: posts big blind $1
*** HOLE CARDS ***
Rezzonner: folds 
avlee1: folds 
Pvn1219: folds 
socito: folds 
ghc_2: raises $2 to $3
Tibibacsi: folds 
Uncalled bet ($2) returned to ghc_2
ghc_2 collected $2 from pot
ghc_2: doesn't show hand 
*** SUMMARY ***
Total pot $2 | Rake $0 
Seat 1: socito (button) folded before Flop (didn't bet)
Seat 2: ghc_2 (small blind) collected ($2)
Seat 3: Tibibacsi (big blind) folded before Flop
Seat 4: Rezzonner folded before Flop (didn't bet)
Seat 5: avlee1 folded before Flop (didn't bet)
Seat 6: Pvn1219 folded before Flop (didn't bet)



PokerStars Hand #254743950784:  Hold'em No Limit ($0.50/$1.00 USD) - 2025/02/06 1:43:49 WET [2025/02/06 20:43:49 ET]
Table 'Sheratan II' 6-max Seat #2 is the button
Seat 1: socito ($135.55 in chips) 
Seat 2: ghc_2 ($101 in chips) 
Seat 3: Tibibacsi ($100 in chips) 
Seat 4: Rezzonner ($119.91 in chips) 
Seat 5: avlee1 ($149.40 in chips) 
Seat 6: Pvn1219 ($96.22 in chips) 
Tibibacsi: posts small blind $0.50
Rezzonner: posts big blind $1
*** HOLE CARDS ***
avlee1: folds 
Pvn1219: folds 
socito: folds 
ghc_2: raises $1.40 to $2.40
Tibibacsi: folds 
Rezzonner: folds 
Uncalled bet ($1.40) returned to ghc_2
ghc_2 collected $2.50 from pot
ghc_2: doesn't show hand 
*** SUMMARY ***
Total pot $2.50 | Rake $0 
Seat 1: socito folded before Flop (didn't bet)
Seat 2: ghc_2 (button) collected ($2.50)
Seat 3: Tibibacsi (small blind) folded before Flop
Seat 4: Rezzonner (big blind) folded before Flop
Seat 5: avlee1 folded before Flop (didn't bet)
Seat 6: Pvn1219 folded before Flop (didn't bet)



PokerStars Hand #254743955498:  Hold'em No Limit ($0.50/$1.00 USD) - 2025/02/06 1:44:17 WET [2025/02/06 20:44:17 ET]
Table 'Sheratan II' 6-max Seat #3 is the button
Seat 1: socito ($135.55 in chips) 
Seat 2: ghc_2 ($102.50 in chips) 
Seat 3: Tibibacsi ($100 in chips) 
Seat 4: Rezzonner ($118.91 in chips) 
Seat 5: avlee1 ($149.40 in chips) 
Seat 6: Pvn1219 ($96.22 in chips) 
Rezzonner: posts small blind $0.50
avlee1: posts big blind $1
*** HOLE CARDS ***
Pvn1219: folds 
socito: raises $1.50 to $2.50
ghc_2: folds 
Tibibacsi: folds 
Rezzonner: folds 
avlee1: folds 
Uncalled bet ($1.50) returned to socito
socito collected $2.50 from pot
socito: doesn't show hand 
*** SUMMARY ***
Total pot $2.50 | Rake $0 
Seat 1: socito collected ($2.50)
Seat 2: ghc_2 folded before Flop (didn't bet)
Seat 3: Tibibacsi (button) folded before Flop (didn't bet)
Seat 4: Rezzonner (small blind) folded before Flop
Seat 5: avlee1 (big blind) folded before Flop
Seat 6: Pvn1219 folded before Flop (didn't bet)



PokerStars Hand #254743959401:  Hold'em No Limit ($0.50/$1.00 USD) - 2025/02/06 1:44:41 WET [2025/02/06 20:44:41 ET]
Table 'Sheratan II' 6-max Seat #4 is the button
Seat 1: socito ($137.05 in chips) 
Seat 2: ghc_2 ($102.50 in chips) 
Seat 3: Tibibacsi ($100 in chips) 
Seat 4: Rezzonner ($118.41 in chips) 
Seat 5: avlee1 ($148.40 in chips) 
Seat 6: Pvn1219 ($96.22 in chips) 
avlee1: posts small blind $0.50
Pvn1219: posts big blind $1
*** HOLE CARDS ***
socito: folds 
ghc_2: folds 
Tibibacsi: folds 
Rezzonner: folds 
avlee1: folds 
Uncalled bet ($0.50) returned to Pvn1219
Pvn1219 collected $1 from pot
*** SUMMARY ***
Total pot $1 | Rake $0 
Seat 1: socito folded before Flop (didn't bet)
Seat 2: ghc_2 folded before Flop (didn't bet)
Seat 3: Tibibacsi folded before Flop (didn't bet)
Seat 4: Rezzonner (button) folded before Flop (didn't bet)
Seat 5: avlee1 (small blind) folded before Flop
Seat 6: Pvn1219 (big blind) collected ($1)



PokerStars Hand #254743961375:  Hold'em No Limit ($0.50/$1.00 USD) - 2025/02/06 1:44:53 WET [2025/02/06 20:44:53 ET]
Table 'Sheratan II' 6-max Seat #5 is the button
Seat 1: socito ($137.05 in chips) 
Seat 2: ghc_2 ($102.50 in chips) 
Seat 3: Tibibacsi ($100 in chips) 
Seat 4: Rezzonner ($118.41 in chips) 
Seat 5: avlee1 ($147.90 in chips) 
Seat 6: Pvn1219 ($96.72 in chips) 
Pvn1219: posts small blind $0.50
socito: posts big blind $1
*** HOLE CARDS ***
ghc_2: folds 
Tibibacsi: folds 
Rezzonner: folds 
avlee1: folds 
Pvn1219: folds 
Uncalled bet ($0.50) returned to socito
socito collected $1 from pot
socito: doesn't show hand 
*** SUMMARY ***
Total pot $1 | Rake $0 
Seat 1: socito (big blind) collected ($1)
Seat 2: ghc_2 folded before Flop (didn't bet)
Seat 3: Tibibacsi folded before Flop (didn't bet)
Seat 4: Rezzonner folded before Flop (didn't bet)
Seat 5: avlee1 (button) folded before Flop (didn't bet)
Seat 6: Pvn1219 (small blind) folded before Flop



PokerStars Hand #254743963994:  Hold'em No Limit ($0.50/$1.00 USD) - 2025/02/06 1:45:09 WET [2025/02/06 20:45:09 ET]
Table 'Sheratan II' 6-max Seat #6 is the button
Seat 1: socito ($137.55 in chips) 
Seat 2: ghc_2 ($102.50 in chips) 
Seat 3: Tibibacsi ($100 in chips) 
Seat 4: Rezzonner ($118.41 in chips) 
Seat 5: avlee1 ($147.90 in chips) 
Seat 6: Pvn1219 ($96.22 in chips) 
socito: posts small blind $0.50
ghc_2: posts big blind $1
*** HOLE CARDS ***
Tibibacsi: folds 
Rezzonner: folds 
avlee1: folds 
Pvn1219: raises $2 to $3
socito: raises $9 to $12
ghc_2: folds 
Pvn1219: calls $9
*** FLOP *** [5s Qc Ah]
socito: bets $7.84
Pvn1219: calls $7.84
*** TURN *** [5s Qc Ah] [Qh]
socito: checks 
Pvn1219: checks 
*** RIVER *** [5s Qc Ah Qh] [Qs]
socito: checks 
Pvn1219: bets $21.33
socito: calls $21.33
*** SHOW DOWN ***
Pvn1219: shows [Qd Js] (four of a kind, Queens)
socito: mucks hand 
Pvn1219 collected $80.84 from pot
*** SUMMARY ***
Total pot $83.34 | Rake $2.50 
Board [5s Qc Ah Qh Qs]
Seat 1: socito (small blind) mucked
Seat 2: ghc_2 (big blind) folded before Flop
Seat 3: Tibibacsi folded before Flop (didn't bet)
Seat 4: Rezzonner folded before Flop (didn't bet)
Seat 5: avlee1 folded before Flop (didn't bet)
Seat 6: Pvn1219 (button) showed [Qd Js] and won ($80.84) with four of a kind, Queens



PokerStars Hand #254743978545:  Hold'em No Limit ($0.50/$1.00 USD) - 2025/02/06 1:46:36 WET [2025/02/06 20:46:36 ET]
Table 'Sheratan II' 6-max Seat #1 is the button
Seat 1: socito ($100 in chips) 
Seat 2: ghc_2 ($101.50 in chips) 
Seat 3: Tibibacsi ($100 in chips) 
Seat 4: Rezzonner ($118.41 in chips) 
Seat 5: avlee1 ($147.90 in chips) 
Seat 6: Pvn1219 ($135.89 in chips) 
ghc_2: posts small blind $0.50
Tibibacsi: posts big blind $1
*** HOLE CARDS ***
Rezzonner: folds 
avlee1: folds 
Pvn1219: raises $2 to $3
socito: folds 
ghc_2: folds 
Tibibacsi: folds 
Uncalled bet ($2) returned to Pvn1219
Pvn1219 collected $2.50 from pot
*** SUMMARY ***
Total pot $2.50 | Rake $0 
Seat 1: socito (button) folded before Flop (didn't bet)
Seat 2: ghc_2 (small blind) folded before Flop
Seat 3: Tibibacsi (big blind) folded before Flop
Seat 4: Rezzonner folded before Flop (didn't bet)
Seat 5: avlee1 folded before Flop (didn't bet)
Seat 6: Pvn1219 collected ($2.50)



PokerStars Hand #254743755321:  Hold'em No Limit ($0.50/$1.00 USD) - 2025/02/06 1:24:49 WET [2025/02/06 20:24:49 ET]
Table 'Sheratan II' 6-max Seat #6 is the button
Seat 1: socito ($106.77 in chips) 
Seat 2: andutu34 ($162.28 in chips) 
Seat 3: Tibibacsi ($129.09 in chips) 
Seat 4: Rezzonner ($115.75 in chips) 
Seat 5: avlee1 ($119.14 in chips) 
Seat 6: Pvn1219 ($67.19 in chips) 
socito: posts small blind $0.50
andutu34: posts big blind $1
*** HOLE CARDS ***
Tibibacsi: folds 
Rezzonner: folds 
avlee1: folds 
Pvn1219: folds 
socito: folds 
Uncalled bet ($0.50) returned to andutu34
andutu34 collected $1 from pot
andutu34: doesn't show hand 
*** SUMMARY ***
Total pot $1 | Rake $0 
Seat 1: socito (small blind) folded before Flop
Seat 2: andutu34 (big blind) collected ($1)
Seat 3: Tibibacsi folded before Flop (didn't bet)
Seat 4: Rezzonner folded before Flop (didn't bet)
Seat 5: avlee1 folded before Flop (didn't bet)
Seat 6: Pvn1219 (button) folded before Flop (didn't bet)



PokerStars Hand #254743757710:  Hold'em No Limit ($0.50/$1.00 USD) - 2025/02/06 1:25:03 WET [2025/02/06 20:25:03 ET]
Table 'Sheratan II' 6-max Seat #1 is the button
Seat 1: socito ($106.27 in chips) 
Seat 2: andutu34 ($162.78 in chips) 
Seat 3: Tibibacsi ($129.09 in chips) 
Seat 4: Rezzonner ($115.75 in chips) 
Seat 5: avlee1 ($119.14 in chips) 
Seat 6: Pvn1219 ($67.19 in chips) 
andutu34: posts small blind $0.50
Tibibacsi: posts big blind $1
*** HOLE CARDS ***
Rezzonner: folds 
avlee1: folds 
Pvn1219: raises $1 to $2
socito: folds 
andutu34: folds 
Tibibacsi: raises $7 to $9
Pvn1219: calls $7
*** FLOP *** [8h 7s 7h]
Tibibacsi: checks 
Pvn1219: bets $10.79
Tibibacsi: raises $109.30 to $120.09 and is all-in
Pvn1219: calls $47.40 and is all-in
Uncalled bet ($61.90) returned to Tibibacsi
*** TURN *** [8h 7s 7h] [6s]
*** RIVER *** [8h 7s 7h 6s] [2s]
*** SHOW DOWN ***
Tibibacsi: shows [As Kh] (a pair of Sevens)
Pvn1219: shows [7d 3d] (three of a kind, Sevens)
Pvn1219 collected $132.38 from pot
*** SUMMARY ***
Total pot $134.88 | Rake $2.50 
Board [8h 7s 7h 6s 2s]
Seat 1: socito (button) folded before Flop (didn't bet)
Seat 2: andutu34 (small blind) folded before Flop
Seat 3: Tibibacsi (big blind) showed [As Kh] and lost with a pair of Sevens
Seat 4: Rezzonner folded before Flop (didn't bet)
Seat 5: avlee1 folded before Flop (didn't bet)
Seat 6: Pvn1219 showed [7d 3d] and won ($132.38) with three of a kind, Sevens



PokerStars Hand #254743982313:  Hold'em No Limit ($0.50/$1.00 USD) - 2025/02/06 1:46:58 WET [2025/02/06 20:46:58 ET]
Table 'Sheratan II' 6-max Seat #2 is the button
Seat 1: socito ($100 in chips) 
Seat 2: ghc_2 ($101 in chips) 
Seat 3: Tibibacsi ($100 in chips) 
Seat 4: Rezzonner ($118.41 in chips) 
Seat 5: avlee1 ($147.90 in chips) 
Seat 6: Pvn1219 ($137.39 in chips) 
Tibibacsi: posts small blind $0.50
Rezzonner: posts big blind $1
*** HOLE CARDS ***
avlee1: folds 
Pvn1219: raises $2 to $3
socito: folds 
ghc_2: folds 
Tibibacsi: folds 
Rezzonner: calls $2
*** FLOP *** [5d As 4c]
Rezzonner: checks 
Pvn1219: checks 
*** TURN *** [5d As 4c] [2s]
Rezzonner: checks 
Pvn1219: bets $3.09
Rezzonner: folds 
Uncalled bet ($3.09) returned to Pvn1219
Pvn1219 collected $6.18 from pot
*** SUMMARY ***
Total pot $6.50 | Rake $0.32 
Board [5d As 4c 2s]
Seat 1: socito folded before Flop (didn't bet)
Seat 2: ghc_2 (button) folded before Flop (didn't bet)
Seat 3: Tibibacsi (small blind) folded before Flop
Seat 4: Rezzonner (big blind) folded on the Turn
Seat 5: avlee1 folded before Flop (didn't bet)
Seat 6: Pvn1219 collected ($6.18)



PokerStars Hand #254743988817:  Hold'em No Limit ($0.50/$1.00 USD) - 2025/02/06 1:47:37 WET [2025/02/06 20:47:37 ET]
Table 'Sheratan II' 6-max Seat #3 is the button
Seat 1: socito ($100 in chips) 
Seat 2: ghc_2 ($101 in chips) 
Seat 3: Tibibacsi ($100 in chips) 
Seat 4: Rezzonner ($115.41 in chips) 
Seat 5: avlee1 ($147.90 in chips) 
Seat 6: Pvn1219 ($140.57 in chips) 
Rezzonner: posts small blind $0.50
avlee1: posts big blind $1
*** HOLE CARDS ***
Pvn1219: raises $1 to $2
socito: calls $2
ghc_2: folds 
Tibibacsi: folds 
Rezzonner: folds 
avlee1: calls $1
*** FLOP *** [5s 7d 9d]
avlee1: checks 
Pvn1219: checks 
socito: checks 
*** TURN *** [5s 7d 9d] [4s]
avlee1: checks 
Pvn1219: checks 
socito: bets $3.09
avlee1: folds 
Pvn1219: folds 
Uncalled bet ($3.09) returned to socito
socito collected $6.18 from pot
socito: doesn't show hand 
*** SUMMARY ***
Total pot $6.50 | Rake $0.32 
Board [5s 7d 9d 4s]
Seat 1: socito collected ($6.18)
Seat 2: ghc_2 folded before Flop (didn't bet)
Seat 3: Tibibacsi (button) folded before Flop (didn't bet)
Seat 4: Rezzonner (small blind) folded before Flop
Seat 5: avlee1 (big blind) folded on the Turn
Seat 6: Pvn1219 folded on the Turn



PokerStars Hand #254744000184:  Hold'em No Limit ($0.50/$1.00 USD) - 2025/02/06 1:48:46 WET [2025/02/06 20:48:46 ET]
Table 'Sheratan II' 6-max Seat #4 is the button
Seat 1: socito ($104.18 in chips) 
Seat 2: ghc_2 ($101 in chips) 
Seat 3: Tibibacsi ($100 in chips) 
Seat 4: Rezzonner ($114.91 in chips) 
Seat 5: avlee1 ($145.90 in chips) 
Seat 6: Pvn1219 ($138.57 in chips) 
avlee1: posts small blind $0.50
Pvn1219: posts big blind $1
*** HOLE CARDS ***
socito: folds 
ghc_2: raises $1 to $2
Tibibacsi: folds 
Rezzonner: folds 
avlee1: folds 
Pvn1219: folds 
Uncalled bet ($1) returned to ghc_2
ghc_2 collected $2.50 from pot
ghc_2: doesn't show hand 
*** SUMMARY ***
Total pot $2.50 | Rake $0 
Seat 1: socito folded before Flop (didn't bet)
Seat 2: ghc_2 collected ($2.50)
Seat 3: Tibibacsi folded before Flop (didn't bet)
Seat 4: Rezzonner (button) folded before Flop (didn't bet)
Seat 5: avlee1 (small blind) folded before Flop
Seat 6: Pvn1219 (big blind) folded before Flop



PokerStars Hand #254744004123:  Hold'em No Limit ($0.50/$1.00 USD) - 2025/02/06 1:49:10 WET [2025/02/06 20:49:10 ET]
Table 'Sheratan II' 6-max Seat #5 is the button
Seat 1: socito ($104.18 in chips) 
Seat 2: ghc_2 ($102.50 in chips) 
Seat 3: Tibibacsi ($100 in chips) 
Seat 4: Rezzonner ($114.91 in chips) 
Seat 5: avlee1 ($145.40 in chips) 
Seat 6: Pvn1219 ($137.57 in chips) 
Pvn1219: posts small blind $0.50
socito: posts big blind $1
*** HOLE CARDS ***
ghc_2: folds 
Tibibacsi: folds 
Rezzonner: folds 
avlee1: folds 
Pvn1219: folds 
Uncalled bet ($0.50) returned to socito
socito collected $1 from pot
socito: doesn't show hand 
*** SUMMARY ***
Total pot $1 | Rake $0 
Seat 1: socito (big blind) collected ($1)
Seat 2: ghc_2 folded before Flop (didn't bet)
Seat 3: Tibibacsi folded before Flop (didn't bet)
Seat 4: Rezzonner folded before Flop (didn't bet)
Seat 5: avlee1 (button) folded before Flop (didn't bet)
Seat 6: Pvn1219 (small blind) folded before Flop



PokerStars Hand #254744006283:  Hold'em No Limit ($0.50/$1.00 USD) - 2025/02/06 1:49:23 WET [2025/02/06 20:49:23 ET]
Table 'Sheratan II' 6-max Seat #6 is the button
Seat 1: socito ($104.68 in chips) 
Seat 2: ghc_2 ($102.50 in chips) 
Seat 3: Tibibacsi ($100 in chips) 
Seat 4: Rezzonner ($114.91 in chips) 
Seat 5: avlee1 ($145.40 in chips) 
Seat 6: Pvn1219 ($137.07 in chips) 
socito: posts small blind $0.50
ghc_2: posts big blind $1
*** HOLE CARDS ***
Tibibacsi: folds 
Rezzonner: folds 
avlee1: folds 
Pvn1219: raises $2 to $3
socito: folds 
ghc_2: folds 
Uncalled bet ($2) returned to Pvn1219
Pvn1219 collected $2.50 from pot
*** SUMMARY ***
Total pot $2.50 | Rake $0 
Seat 1: socito (small blind) folded before Flop
Seat 2: ghc_2 (big blind) folded before Flop
Seat 3: Tibibacsi folded before Flop (didn't bet)
Seat 4: Rezzonner folded before Flop (didn't bet)
Seat 5: avlee1 folded before Flop (didn't bet)
Seat 6: Pvn1219 (button) collected ($2.50)



PokerStars Hand #254744009942:  Hold'em No Limit ($0.50/$1.00 USD) - 2025/02/06 1:49:45 WET [2025/02/06 20:49:45 ET]
Table 'Sheratan II' 6-max Seat #1 is the button
Seat 1: socito ($104.18 in chips) 
Seat 2: ghc_2 ($101.50 in chips) 
Seat 3: Tibibacsi ($100 in chips) 
Seat 4: Rezzonner ($114.91 in chips) 
Seat 5: avlee1 ($145.40 in chips) 
Seat 6: Pvn1219 ($138.57 in chips) 
ghc_2: posts small blind $0.50
Tibibacsi: posts big blind $1
*** HOLE CARDS ***
Rezzonner: folds 
avlee1: raises $1.50 to $2.50
Pvn1219: folds 
socito: folds 
ghc_2: folds 
Tibibacsi: calls $1.50
*** FLOP *** [2c 7s 3s]
Tibibacsi: checks 
avlee1: bets $1.46
Tibibacsi: raises $5.04 to $6.50
avlee1: calls $5.04
*** TURN *** [2c 7s 3s] [4d]
Tibibacsi: bets $21.50
avlee1: calls $21.50
*** RIVER *** [2c 7s 3s 4d] [Td]
Tibibacsi: bets $69.50 and is all-in
avlee1: folds 
Uncalled bet ($69.50) returned to Tibibacsi
Tibibacsi collected $59 from pot
Tibibacsi: doesn't show hand 
*** SUMMARY ***
Total pot $61.50 | Rake $2.50 
Board [2c 7s 3s 4d Td]
Seat 1: socito (button) folded before Flop (didn't bet)
Seat 2: ghc_2 (small blind) folded before Flop
Seat 3: Tibibacsi (big blind) collected ($59)
Seat 4: Rezzonner folded before Flop (didn't bet)
Seat 5: avlee1 folded on the River
Seat 6: Pvn1219 folded before Flop (didn't bet)



PokerStars Hand #254744032999:  Hold'em No Limit ($0.50/$1.00 USD) - 2025/02/06 1:52:04 WET [2025/02/06 20:52:04 ET]
Table 'Sheratan II' 6-max Seat #2 is the button
Seat 1: socito ($104.18 in chips) 
Seat 2: ghc_2 ($101 in chips) 
Seat 3: Tibibacsi ($128.50 in chips) 
Seat 4: Rezzonner ($114.91 in chips) 
Seat 5: avlee1 ($114.90 in chips) 
Seat 6: Pvn1219 ($138.57 in chips) 
Tibibacsi: posts small blind $0.50
Rezzonner: posts big blind $1
*** HOLE CARDS ***
avlee1: folds 
Pvn1219: folds 
socito: folds 
ghc_2: raises $1.40 to $2.40
Tibibacsi: folds 
Rezzonner: raises $7.60 to $10
ghc_2: folds 
Uncalled bet ($7.60) returned to Rezzonner
Rezzonner collected $5.30 from pot
Rezzonner: doesn't show hand 
*** SUMMARY ***
Total pot $5.30 | Rake $0 
Seat 1: socito folded before Flop (didn't bet)
Seat 2: ghc_2 (button) folded before Flop
Seat 3: Tibibacsi (small blind) folded before Flop
Seat 4: Rezzonner (big blind) collected ($5.30)
Seat 5: avlee1 folded before Flop (didn't bet)
Seat 6: Pvn1219 folded before Flop (didn't bet)



PokerStars Hand #254744037531:  Hold'em No Limit ($0.50/$1.00 USD) - 2025/02/06 1:52:31 WET [2025/02/06 20:52:31 ET]
Table 'Sheratan II' 6-max Seat #3 is the button
Seat 1: socito ($104.18 in chips) 
Seat 2: ghc_2 ($100 in chips) 
Seat 3: Tibibacsi ($128 in chips) 
Seat 4: Rezzonner ($117.81 in chips) 
Seat 5: avlee1 ($114.90 in chips) 
Seat 6: Pvn1219 ($138.57 in chips) 
Rezzonner: posts small blind $0.50
avlee1: posts big blind $1
*** HOLE CARDS ***
Pvn1219: raises $1 to $2
socito: folds 
ghc_2: folds 
Tibibacsi: folds 
Rezzonner: folds 
avlee1: calls $1
*** FLOP *** [Ts Ks Jd]
avlee1: checks 
Pvn1219: checks 
*** TURN *** [Ts Ks Jd] [Td]
avlee1: checks 
Pvn1219: checks 
*** RIVER *** [Ts Ks Jd Td] [Kh]
avlee1: checks 
Pvn1219: checks 
*** SHOW DOWN ***
avlee1: shows [Js Tc] (a full house, Tens full of Kings)
Pvn1219: mucks hand 
avlee1 collected $4.28 from pot
*** SUMMARY ***
Total pot $4.50 | Rake $0.22 
Board [Ts Ks Jd Td Kh]
Seat 1: socito folded before Flop (didn't bet)
Seat 2: ghc_2 folded before Flop (didn't bet)
Seat 3: Tibibacsi (button) folded before Flop (didn't bet)
Seat 4: Rezzonner (small blind) folded before Flop
Seat 5: avlee1 (big blind) showed [Js Tc] and won ($4.28) with a full house, Tens full of Kings
Seat 6: Pvn1219 mucked



PokerStars Hand #254744046519:  Hold'em No Limit ($0.50/$1.00 USD) - 2025/02/06 1:53:24 WET [2025/02/06 20:53:24 ET]
Table 'Sheratan II' 6-max Seat #4 is the button
Seat 1: socito ($104.18 in chips) 
Seat 2: ghc_2 ($100 in chips) 
Seat 3: Tibibacsi ($128 in chips) 
Seat 4: Rezzonner ($117.31 in chips) 
Seat 5: avlee1 ($117.18 in chips) 
Seat 6: Pvn1219 ($136.57 in chips) 
avlee1: posts small blind $0.50
Pvn1219: posts big blind $1
*** HOLE CARDS ***
socito: folds 
ghc_2: folds 
Tibibacsi: folds 
Rezzonner: raises $1.50 to $2.50
avlee1: folds 
Pvn1219: folds 
Uncalled bet ($1.50) returned to Rezzonner
Rezzonner collected $2.50 from pot
Rezzonner: doesn't show hand 
*** SUMMARY ***
Total pot $2.50 | Rake $0 
Seat 1: socito folded before Flop (didn't bet)
Seat 2: ghc_2 folded before Flop (didn't bet)
Seat 3: Tibibacsi folded before Flop (didn't bet)
Seat 4: Rezzonner (button) collected ($2.50)
Seat 5: avlee1 (small blind) folded before Flop
Seat 6: Pvn1219 (big blind) folded before Flop



PokerStars Hand #254744051594:  Hold'em No Limit ($0.50/$1.00 USD) - 2025/02/06 1:53:54 WET [2025/02/06 20:53:54 ET]
Table 'Sheratan II' 6-max Seat #5 is the button
Seat 1: socito ($104.18 in chips) 
Seat 2: ghc_2 ($100 in chips) 
Seat 3: Tibibacsi ($128 in chips) 
Seat 4: Rezzonner ($118.81 in chips) 
Seat 5: avlee1 ($116.68 in chips) 
Seat 6: Pvn1219 ($135.57 in chips) 
Pvn1219: posts small blind $0.50
socito: posts big blind $1
*** HOLE CARDS ***
ghc_2: folds 
Tibibacsi: folds 
Rezzonner: folds 
avlee1: folds 
Pvn1219: folds 
Uncalled bet ($0.50) returned to socito
socito collected $1 from pot
socito: doesn't show hand 
*** SUMMARY ***
Total pot $1 | Rake $0 
Seat 1: socito (big blind) collected ($1)
Seat 2: ghc_2 folded before Flop (didn't bet)
Seat 3: Tibibacsi folded before Flop (didn't bet)
Seat 4: Rezzonner folded before Flop (didn't bet)
Seat 5: avlee1 (button) folded before Flop (didn't bet)
Seat 6: Pvn1219 (small blind) folded before Flop



PokerStars Hand #254744053640:  Hold'em No Limit ($0.50/$1.00 USD) - 2025/02/06 1:54:07 WET [2025/02/06 20:54:07 ET]
Table 'Sheratan II' 6-max Seat #6 is the button
Seat 1: socito ($104.68 in chips) 
Seat 2: ghc_2 ($100 in chips) 
Seat 3: Tibibacsi ($128 in chips) 
Seat 4: Rezzonner ($118.81 in chips) 
Seat 5: avlee1 ($116.68 in chips) 
Seat 6: Pvn1219 ($135.07 in chips) 
socito: posts small blind $0.50
ghc_2: posts big blind $1
*** HOLE CARDS ***
Tibibacsi: folds 
Rezzonner: raises $1.50 to $2.50
avlee1: folds 
Pvn1219: calls $2.50
socito: raises $10.50 to $13
ghc_2: folds 
Rezzonner: folds 
Pvn1219: calls $10.50
*** FLOP *** [6c Ac As]
socito: bets $9.25
Pvn1219: calls $9.25
*** TURN *** [6c Ac As] [5s]
socito: bets $22.80
Pvn1219: raises $90.02 to $112.82 and is all-in
socito: calls $59.63 and is all-in
Uncalled bet ($30.39) returned to Pvn1219
*** RIVER *** [6c Ac As 5s] [4h]
*** SHOW DOWN ***
socito: shows [Ad Jh] (three of a kind, Aces)
Pvn1219: shows [Ah 8d] (three of a kind, Aces - lower kicker)
socito collected $210.36 from pot
*** SUMMARY ***
Total pot $212.86 | Rake $2.50 
Board [6c Ac As 5s 4h]
Seat 1: socito (small blind) showed [Ad Jh] and won ($210.36) with three of a kind, Aces
Seat 2: ghc_2 (big blind) folded before Flop
Seat 3: Tibibacsi folded before Flop (didn't bet)
Seat 4: Rezzonner folded before Flop
Seat 5: avlee1 folded before Flop (didn't bet)
Seat 6: Pvn1219 (button) showed [Ah 8d] and lost with three of a kind, Aces



PokerStars Hand #254744066498:  Hold'em No Limit ($0.50/$1.00 USD) - 2025/02/06 1:55:32 WET [2025/02/06 20:55:32 ET]
Table 'Sheratan II' 6-max Seat #1 is the button
Seat 1: socito ($210.36 in chips) 
Seat 2: ghc_2 ($100 in chips) 
Seat 3: Tibibacsi ($128 in chips) 
Seat 4: Rezzonner ($116.31 in chips) 
Seat 5: avlee1 ($116.68 in chips) 
Seat 6: Pvn1219 ($30.39 in chips) 
ghc_2: posts small blind $0.50
Tibibacsi: posts big blind $1
*** HOLE CARDS ***
Rezzonner: folds 
avlee1: folds 
Pvn1219: raises $2 to $3
socito: folds 
ghc_2: folds 
Tibibacsi: folds 
Uncalled bet ($2) returned to Pvn1219
Pvn1219 collected $2.50 from pot
*** SUMMARY ***
Total pot $2.50 | Rake $0 
Seat 1: socito (button) folded before Flop (didn't bet)
Seat 2: ghc_2 (small blind) folded before Flop
Seat 3: Tibibacsi (big blind) folded before Flop
Seat 4: Rezzonner folded before Flop (didn't bet)
Seat 5: avlee1 folded before Flop (didn't bet)
Seat 6: Pvn1219 collected ($2.50)



PokerStars Hand #254744069109:  Hold'em No Limit ($0.50/$1.00 USD) - 2025/02/06 1:55:52 WET [2025/02/06 20:55:52 ET]
Table 'Sheratan II' 6-max Seat #2 is the button
Seat 1: socito ($210.36 in chips) 
Seat 2: ghc_2 ($100 in chips) 
Seat 3: Tibibacsi ($127 in chips) 
Seat 4: Rezzonner ($116.31 in chips) 
Seat 5: avlee1 ($116.68 in chips) 
Seat 6: Pvn1219 ($31.89 in chips) 
Tibibacsi: posts small blind $0.50
Rezzonner: posts big blind $1
*** HOLE CARDS ***
avlee1: folds 
Pvn1219: raises $1 to $2
socito: folds 
ghc_2: folds 
Tibibacsi: folds 
Rezzonner: folds 
Uncalled bet ($1) returned to Pvn1219
Pvn1219 collected $2.50 from pot
*** SUMMARY ***
Total pot $2.50 | Rake $0 
Seat 1: socito folded before Flop (didn't bet)
Seat 2: ghc_2 (button) folded before Flop (didn't bet)
Seat 3: Tibibacsi (small blind) folded before Flop
Seat 4: Rezzonner (big blind) folded before Flop
Seat 5: avlee1 folded before Flop (didn't bet)
Seat 6: Pvn1219 collected ($2.50)



PokerStars Hand #254744074413:  Hold'em No Limit ($0.50/$1.00 USD) - 2025/02/06 1:56:33 WET [2025/02/06 20:56:33 ET]
Table 'Sheratan II' 6-max Seat #3 is the button
Seat 1: socito ($210.36 in chips) 
Seat 2: ghc_2 ($100 in chips) 
Seat 3: Tibibacsi ($126.50 in chips) 
Seat 4: Rezzonner ($115.31 in chips) 
Seat 5: avlee1 ($116.68 in chips) 
Seat 6: Pvn1219 ($33.39 in chips) 
Rezzonner: posts small blind $0.50
avlee1: posts big blind $1
*** HOLE CARDS ***
Pvn1219: folds 
socito: raises $1.50 to $2.50
ghc_2: folds 
Tibibacsi: folds 
Rezzonner: folds 
avlee1: folds 
Uncalled bet ($1.50) returned to socito
socito collected $2.50 from pot
socito: doesn't show hand 
*** SUMMARY ***
Total pot $2.50 | Rake $0 
Seat 1: socito collected ($2.50)
Seat 2: ghc_2 folded before Flop (didn't bet)
Seat 3: Tibibacsi (button) folded before Flop (didn't bet)
Seat 4: Rezzonner (small blind) folded before Flop
Seat 5: avlee1 (big blind) folded before Flop
Seat 6: Pvn1219 folded before Flop (didn't bet)



PokerStars Hand #254744077300:  Hold'em No Limit ($0.50/$1.00 USD) - 2025/02/06 1:56:55 WET [2025/02/06 20:56:55 ET]
Table 'Sheratan II' 6-max Seat #4 is the button
Seat 1: socito ($211.86 in chips) 
Seat 2: ghc_2 ($100 in chips) 
Seat 3: Tibibacsi ($126.50 in chips) 
Seat 4: Rezzonner ($114.81 in chips) 
Seat 5: avlee1 ($115.68 in chips) 
Seat 6: Pvn1219 ($33.39 in chips) 
avlee1: posts small blind $0.50
Pvn1219: posts big blind $1
*** HOLE CARDS ***
socito: folds 
ghc_2: folds 
Tibibacsi: folds 
Rezzonner: folds 
avlee1: folds 
Uncalled bet ($0.50) returned to Pvn1219
Pvn1219 collected $1 from pot
*** SUMMARY ***
Total pot $1 | Rake $0 
Seat 1: socito folded before Flop (didn't bet)
Seat 2: ghc_2 folded before Flop (didn't bet)
Seat 3: Tibibacsi folded before Flop (didn't bet)
Seat 4: Rezzonner (button) folded before Flop (didn't bet)
Seat 5: avlee1 (small blind) folded before Flop
Seat 6: Pvn1219 (big blind) collected ($1)



PokerStars Hand #254744079211:  Hold'em No Limit ($0.50/$1.00 USD) - 2025/02/06 1:57:10 WET [2025/02/06 20:57:10 ET]
Table 'Sheratan II' 6-max Seat #5 is the button
Seat 1: socito ($211.86 in chips) 
Seat 2: ghc_2 ($100 in chips) 
Seat 3: Tibibacsi ($126.50 in chips) 
Seat 4: Rezzonner ($114.81 in chips) 
Seat 5: avlee1 ($115.18 in chips) 
Seat 6: Pvn1219 ($33.89 in chips) 
Pvn1219: posts small blind $0.50
socito: posts big blind $1
*** HOLE CARDS ***
ghc_2: folds 
Tibibacsi: folds 
Rezzonner: folds 
avlee1: raises $1.50 to $2.50
Pvn1219: folds 
socito: folds 
Uncalled bet ($1.50) returned to avlee1
avlee1 collected $2.50 from pot
avlee1: doesn't show hand 
*** SUMMARY ***
Total pot $2.50 | Rake $0 
Seat 1: socito (big blind) folded before Flop
Seat 2: ghc_2 folded before Flop (didn't bet)
Seat 3: Tibibacsi folded before Flop (didn't bet)
Seat 4: Rezzonner folded before Flop (didn't bet)
Seat 5: avlee1 (button) collected ($2.50)
Seat 6: Pvn1219 (small blind) folded before Flop



PokerStars Hand #254744081660:  Hold'em No Limit ($0.50/$1.00 USD) - 2025/02/06 1:57:29 WET [2025/02/06 20:57:29 ET]
Table 'Sheratan II' 6-max Seat #6 is the button
Seat 1: socito ($210.86 in chips) 
Seat 2: ghc_2 ($100 in chips) 
Seat 3: Tibibacsi ($126.50 in chips) 
Seat 4: Rezzonner ($114.81 in chips) 
Seat 5: avlee1 ($116.68 in chips) 
Seat 6: Pvn1219 ($33.39 in chips) 
socito: posts small blind $0.50
ghc_2: posts big blind $1
*** HOLE CARDS ***
Tibibacsi: folds 
Rezzonner: folds 
avlee1: folds 
Pvn1219: folds 
socito: folds 
Uncalled bet ($0.50) returned to ghc_2
ghc_2 collected $1 from pot
ghc_2: doesn't show hand 
*** SUMMARY ***
Total pot $1 | Rake $0 
Seat 1: socito (small blind) folded before Flop
Seat 2: ghc_2 (big blind) collected ($1)
Seat 3: Tibibacsi folded before Flop (didn't bet)
Seat 4: Rezzonner folded before Flop (didn't bet)
Seat 5: avlee1 folded before Flop (didn't bet)
Seat 6: Pvn1219 (button) folded before Flop (didn't bet)



PokerStars Hand #254744083169:  Hold'em No Limit ($0.50/$1.00 USD) - 2025/02/06 1:57:40 WET [2025/02/06 20:57:40 ET]
Table 'Sheratan II' 6-max Seat #1 is the button
Seat 1: socito ($210.36 in chips) 
Seat 2: ghc_2 ($100.50 in chips) 
Seat 3: Tibibacsi ($126.50 in chips) 
Seat 4: Rezzonner ($114.81 in chips) 
Seat 5: avlee1 ($116.68 in chips) 
Seat 6: Pvn1219 ($33.39 in chips) 
ghc_2: posts small blind $0.50
Tibibacsi: posts big blind $1
*** HOLE CARDS ***
Rezzonner: folds 
avlee1: folds 
Pvn1219: folds 
socito: folds 
ghc_2: raises $2 to $3
Tibibacsi: calls $2
*** FLOP *** [Qh Kh As]
ghc_2: bets $1
Tibibacsi: calls $1
*** TURN *** [Qh Kh As] [Qc]
ghc_2: checks 
Tibibacsi: bets $2.51
ghc_2: calls $2.51
*** RIVER *** [Qh Kh As Qc] [Ks]
ghc_2: bets $1.50
Tibibacsi: calls $1.50
*** SHOW DOWN ***
ghc_2: shows [Ah 6c] (two pair, Aces and Kings)
Tibibacsi: shows [Kd Tc] (a full house, Kings full of Queens)
Tibibacsi collected $15.22 from pot
*** SUMMARY ***
Total pot $16.02 | Rake $0.80 
Board [Qh Kh As Qc Ks]
Seat 1: socito (button) folded before Flop (didn't bet)
Seat 2: ghc_2 (small blind) showed [Ah 6c] and lost with two pair, Aces and Kings
Seat 3: Tibibacsi (big blind) showed [Kd Tc] and won ($15.22) with a full house, Kings full of Queens
Seat 4: Rezzonner folded before Flop (didn't bet)
Seat 5: avlee1 folded before Flop (didn't bet)
Seat 6: Pvn1219 folded before Flop (didn't bet)



PokerStars Hand #254744092646:  Hold'em No Limit ($0.50/$1.00 USD) - 2025/02/06 1:58:53 WET [2025/02/06 20:58:53 ET]
Table 'Sheratan II' 6-max Seat #2 is the button
Seat 1: socito ($210.36 in chips) 
Seat 2: ghc_2 ($100 in chips) 
Seat 3: Tibibacsi ($133.71 in chips) 
Seat 4: Rezzonner ($114.81 in chips) 
Seat 5: avlee1 ($116.68 in chips) 
Seat 6: Pvn1219 ($33.39 in chips) 
Tibibacsi: posts small blind $0.50
Rezzonner: posts big blind $1
*** HOLE CARDS ***
avlee1: raises $1.50 to $2.50
Pvn1219: calls $2.50
socito: folds 
ghc_2: folds 
Tibibacsi: folds 
Rezzonner: folds 
*** FLOP *** [4h Kh Jh]
avlee1: bets $1.73
Pvn1219: calls $1.73
*** TURN *** [4h Kh Jh] [3c]
avlee1: checks 
Pvn1219: bets $9.46
avlee1: raises $36.89 to $46.35
Pvn1219: calls $19.70 and is all-in
Uncalled bet ($17.19) returned to avlee1
*** RIVER *** [4h Kh Jh 3c] [4d]
*** SHOW DOWN ***
avlee1: shows [Th 9h] (a flush, King high)
Pvn1219: shows [Js Kc] (two pair, Kings and Jacks)
avlee1 collected $65.78 from pot
*** SUMMARY ***
Total pot $68.28 | Rake $2.50 
Board [4h Kh Jh 3c 4d]
Seat 1: socito folded before Flop (didn't bet)
Seat 2: ghc_2 (button) folded before Flop (didn't bet)
Seat 3: Tibibacsi (small blind) folded before Flop
Seat 4: Rezzonner (big blind) folded before Flop
Seat 5: avlee1 showed [Th 9h] and won ($65.78) with a flush, King high
Seat 6: Pvn1219 showed [Js Kc] and lost with two pair, Kings and Jacks



PokerStars Hand #254744102154:  Hold'em No Limit ($0.50/$1.00 USD) - 2025/02/06 2:00:07 WET [2025/02/06 21:00:07 ET]
Table 'Sheratan II' 6-max Seat #3 is the button
Seat 6: Pvn1219 ($0 in chips) is sitting out
Seat 1: socito ($210.36 in chips) 
Seat 2: ghc_2 ($100 in chips) 
Seat 3: Tibibacsi ($133.21 in chips) 
Seat 4: Rezzonner ($113.81 in chips) 
Seat 5: avlee1 ($149.07 in chips) 
Rezzonner: posts small blind $0.50
avlee1: posts big blind $1
*** HOLE CARDS ***
socito: folds 
ghc_2: folds 
Tibibacsi: folds 
Rezzonner: folds 
Uncalled bet ($0.50) returned to avlee1
avlee1 collected $1 from pot
avlee1: doesn't show hand 
*** SUMMARY ***
Total pot $1 | Rake $0 
Seat 6: Pvn1219
Seat 1: socito folded before Flop (didn't bet)
Seat 2: ghc_2 folded before Flop (didn't bet)
Seat 3: Tibibacsi (button) folded before Flop (didn't bet)
Seat 4: Rezzonner (small blind) folded before Flop
Seat 5: avlee1 (big blind) collected ($1)



PokerStars Hand #254744103199:  Hold'em No Limit ($0.50/$1.00 USD) - 2025/02/06 2:00:15 WET [2025/02/06 21:00:15 ET]
Table 'Sheratan II' 6-max Seat #4 is the button
Seat 6: Pvn1219 ($0 in chips) is sitting out
Seat 1: socito ($210.36 in chips) 
Seat 2: ghc_2 ($100 in chips) 
Seat 3: Tibibacsi ($133.21 in chips) 
Seat 4: Rezzonner ($113.31 in chips) 
Seat 5: avlee1 ($149.57 in chips) 
avlee1: posts small blind $0.50
socito: posts big blind $1
*** HOLE CARDS ***
ghc_2: folds 
Tibibacsi: folds 
Rezzonner: folds 
avlee1: raises $2 to $3
socito: raises $6 to $9
avlee1: folds 
Uncalled bet ($6) returned to socito
socito collected $6 from pot
socito: doesn't show hand 
*** SUMMARY ***
Total pot $6 | Rake $0 
Seat 6: Pvn1219
Seat 1: socito (big blind) collected ($6)
Seat 2: ghc_2 folded before Flop (didn't bet)
Seat 3: Tibibacsi folded before Flop (didn't bet)
Seat 4: Rezzonner (button) folded before Flop (didn't bet)
Seat 5: avlee1 (small blind) folded before Flop



PokerStars Hand #254744106692:  Hold'em No Limit ($0.50/$1.00 USD) - 2025/02/06 2:00:39 WET [2025/02/06 21:00:39 ET]
Table 'Sheratan II' 6-max Seat #5 is the button
Seat 6: Pvn1219 ($0 in chips) is sitting out
Seat 1: socito ($213.36 in chips) 
Seat 2: ghc_2 ($100 in chips) 
Seat 3: Tibibacsi ($133.21 in chips) 
Seat 4: Rezzonner ($113.31 in chips) 
Seat 5: avlee1 ($146.57 in chips) 
socito: posts small blind $0.50
ghc_2: posts big blind $1
*** HOLE CARDS ***
Tibibacsi: folds 
Rezzonner: raises $1.50 to $2.50
avlee1: folds 
socito: folds 
ghc_2: folds 
Uncalled bet ($1.50) returned to Rezzonner
Rezzonner collected $2.50 from pot
Rezzonner: doesn't show hand 
*** SUMMARY ***
Total pot $2.50 | Rake $0 
Seat 6: Pvn1219
Seat 1: socito (small blind) folded before Flop
Seat 2: ghc_2 (big blind) folded before Flop
Seat 3: Tibibacsi folded before Flop (didn't bet)
Seat 4: Rezzonner collected ($2.50)
Seat 5: avlee1 (button) folded before Flop (didn't bet)



PokerStars Hand #254744109159:  Hold'em No Limit ($0.50/$1.00 USD) - 2025/02/06 2:00:55 WET [2025/02/06 21:00:55 ET]
Table 'Sheratan II' 6-max Seat #1 is the button
Seat 3: Tibibacsi ($133.21 in chips) is sitting out
Seat 4: Rezzonner ($114.81 in chips) is sitting out
Seat 6: Pvn1219 ($0 in chips) is sitting out
Seat 1: socito ($212.86 in chips) 
Seat 2: ghc_2 ($100 in chips) 
Seat 5: avlee1 ($146.57 in chips) 
ghc_2: posts small blind $0.50
Tibibacsi: is sitting out 
Rezzonner: is sitting out 
avlee1: posts big blind $1
*** HOLE CARDS ***
socito: raises $1.50 to $2.50
ghc_2: raises $9 to $11.50
Tibibacsi leaves the table
avlee1: folds 
Rezzonner leaves the table
socito: folds 
Uncalled bet ($9) returned to ghc_2
ghc_2 collected $6 from pot
ghc_2: doesn't show hand 
*** SUMMARY ***
Total pot $6 | Rake $0 
Seat 3: Tibibacsi
Seat 4: Rezzonner
Seat 6: Pvn1219
Seat 1: socito (button) folded before Flop
Seat 2: ghc_2 (small blind) collected ($6)
Seat 5: avlee1 (big blind) folded before Flop



PokerStars Hand #254744113005:  Hold'em No Limit ($0.50/$1.00 USD) - 2025/02/06 2:01:19 WET [2025/02/06 21:01:19 ET]
Table 'Sheratan II' 6-max Seat #2 is the button
Seat 6: Pvn1219 ($0 in chips) is sitting out
Seat 1: socito ($210.36 in chips) 
Seat 2: ghc_2 ($103.50 in chips) 
Seat 5: avlee1 ($145.57 in chips) 
avlee1: posts small blind $0.50
socito: posts big blind $1
*** HOLE CARDS ***
ghc_2: raises $1.40 to $2.40
avlee1: folds 
socito: folds 
Uncalled bet ($1.40) returned to ghc_2
ghc_2 collected $2.50 from pot
ghc_2: doesn't show hand 
*** SUMMARY ***
Total pot $2.50 | Rake $0 
Seat 6: Pvn1219
Seat 1: socito (big blind) folded before Flop
Seat 2: ghc_2 (button) collected ($2.50)
Seat 5: avlee1 (small blind) folded before Flop



PokerStars Hand #254744116603:  Hold'em No Limit ($0.50/$1.00 USD) - 2025/02/06 2:01:42 WET [2025/02/06 21:01:42 ET]
Table 'Sheratan II' 6-max Seat #3 is the button
Seat 5: avlee1 ($145.07 in chips) is sitting out
Seat 6: Pvn1219 ($0 in chips) is sitting out
Seat 1: socito ($209.36 in chips) 
Seat 2: ghc_2 ($105 in chips) 
Seat 3: maxalfelfi ($97.15 in chips) 
socito: posts small blind $0.50
ghc_2: posts big blind $1
*** HOLE CARDS ***
maxalfelfi: folds 
socito: folds 
Uncalled bet ($0.50) returned to ghc_2
ghc_2 collected $1 from pot
ghc_2: doesn't show hand 
*** SUMMARY ***
Total pot $1 | Rake $0 
Seat 5: avlee1
Seat 6: Pvn1219
Seat 1: socito (small blind) folded before Flop
Seat 2: ghc_2 (big blind) collected ($1)
Seat 3: maxalfelfi (button) folded before Flop (didn't bet)



PokerStars Hand #254744118271:  Hold'em No Limit ($0.50/$1.00 USD) - 2025/02/06 2:01:52 WET [2025/02/06 21:01:52 ET]
Table 'Sheratan II' 6-max Seat #1 is the button
Seat 5: avlee1 ($145.07 in chips) is sitting out
Seat 6: Pvn1219 ($0 in chips) is sitting out
Seat 1: socito ($208.86 in chips) 
Seat 2: ghc_2 ($105.50 in chips) 
Seat 3: maxalfelfi ($97.15 in chips) 
ghc_2: posts small blind $0.50
maxalfelfi: posts big blind $1
*** HOLE CARDS ***
socito: folds 
ghc_2: raises $2 to $3
avlee1 leaves the table
maxalfelfi: calls $2
*** FLOP *** [9d 5d Jd]
ghc_2: checks 
maxalfelfi: bets $4
ghc_2: folds 
Uncalled bet ($4) returned to maxalfelfi
maxalfelfi collected $5.70 from pot
maxalfelfi: doesn't show hand 
*** SUMMARY ***
Total pot $6 | Rake $0.30 
Board [9d 5d Jd]
Seat 5: avlee1
Seat 6: Pvn1219
Seat 1: socito (button) folded before Flop (didn't bet)
Seat 2: ghc_2 (small blind) folded on the Flop
Seat 3: maxalfelfi (big blind) collected ($5.70)



PokerStars Hand #254744123864:  Hold'em No Limit ($0.50/$1.00 USD) - 2025/02/06 2:02:26 WET [2025/02/06 21:02:26 ET]
Table 'Sheratan II' 6-max Seat #2 is the button
Seat 6: Pvn1219 ($0 in chips) is sitting out
Seat 1: socito ($208.86 in chips) 
Seat 2: ghc_2 ($102.50 in chips) 
Seat 3: maxalfelfi ($99.85 in chips) 
maxalfelfi: posts small blind $0.50
socito: posts big blind $1
*** HOLE CARDS ***
ghc_2: raises $1.40 to $2.40
maxalfelfi: folds 
socito: calls $1.40
*** FLOP *** [7h Tc 2c]
socito: checks 
ghc_2: bets $2.02
socito: raises $5.99 to $8.01
maxalfelfi leaves the table
ghc_2: raises $15.99 to $24
socito: folds 
Uncalled bet ($15.99) returned to ghc_2
ghc_2 collected $20.32 from pot
ghc_2: doesn't show hand 
*** SUMMARY ***
Total pot $21.32 | Rake $1 
Board [7h Tc 2c]
Seat 6: Pvn1219
Seat 1: socito (big blind) folded on the Flop
Seat 2: ghc_2 (button) collected ($20.32)
Seat 3: maxalfelfi (small blind) folded before Flop



PokerStars Hand #254744133011:  Hold'em No Limit ($0.50/$1.00 USD) - 2025/02/06 2:03:23 WET [2025/02/06 21:03:23 ET]
Table 'Sheratan II' 6-max Seat #1 is the button
Seat 6: Pvn1219 ($0 in chips) is sitting out
Seat 1: socito ($198.45 in chips) 
Seat 2: ghc_2 ($112.41 in chips) 
socito: posts small blind $0.50
ghc_2: posts big blind $1
*** HOLE CARDS ***
socito: folds 
Uncalled bet ($0.50) returned to ghc_2
ghc_2 collected $1 from pot
ghc_2: doesn't show hand 
*** SUMMARY ***
Total pot $1 | Rake $0 
Seat 6: Pvn1219
Seat 1: socito (button) (small blind) folded before Flop
Seat 2: ghc_2 (big blind) collected ($1)



PokerStars Hand #254744134192:  Hold'em No Limit ($0.50/$1.00 USD) - 2025/02/06 2:03:30 WET [2025/02/06 21:03:30 ET]
Table 'Sheratan II' 6-max Seat #2 is the button
Seat 6: Pvn1219 ($0 in chips) is sitting out
Seat 1: socito ($197.95 in chips) 
Seat 2: ghc_2 ($112.91 in chips) 
ghc_2: posts small blind $0.50
socito: posts big blind $1
*** HOLE CARDS ***
ghc_2: folds 
Uncalled bet ($0.50) returned to socito
socito collected $1 from pot
socito: doesn't show hand 
*** SUMMARY ***
Total pot $1 | Rake $0 
Seat 6: Pvn1219
Seat 1: socito (big blind) collected ($1)
Seat 2: ghc_2 (button) (small blind) folded before Flop



