PokerStars Hand #254485752280:  Hold'em No Limit ($0.50/$1.00 USD) - 2025/01/21 17:01:10 WET [2025/01/21 12:01:10 ET]
Table 'Huygens III' 6-max Seat #3 is the button
Seat 2: app1e_j@ck ($100 in chips) is sitting out
Seat 1: poker_soul11 ($100 in chips) 
Seat 3: MAO_DZEDYN_S ($114 in chips) 
Seat 4: Vodilazila ($100 in chips) 
Seat 5: MaikonAll ($100 in chips) 
Seat 6: BUMU80 ($100 in chips) 
Vodilazila: posts small blind $0.50
MaikonAll: posts big blind $1
BUMU80: posts big blind $1
app1e_j@ck: sits out 
*** HOLE CARDS ***
BUMU80: checks 
poker_soul11: folds 
MAO_DZEDYN_S: raises $3 to $4
Vodilazila: folds 
MaikonAll: folds 
BUMU80: calls $3
*** FLOP *** [5h 6h 6d]
BUMU80: checks 
MAO_DZEDYN_S: bets $4.63
BUMU80: calls $4.63
*** TURN *** [5h 6h 6d] [Ad]
BUMU80: checks 
MAO_DZEDYN_S: bets $17.40
BUMU80: raises $73.97 to $91.37 and is all-in
MAO_DZEDYN_S: calls $73.97
*** RIVER *** [5h 6h 6d Ad] [Jd]
*** SHOW DOWN ***
BUMU80: shows [2s 3c] (a pair of Sixes)
MAO_DZEDYN_S: shows [Qd As] (two pair, Aces and Sixes)
MAO_DZEDYN_S collected $199 from pot
BUMU80 cashed out the hand for $17.74 | Cash Out Fee $0.36
*** SUMMARY ***
Total pot $201.50 | Rake $2.50 
Board [5h 6h 6d Ad Jd]
Seat 2: app1e_j@ck
Seat 1: poker_soul11 folded before Flop (didn't bet)
Seat 3: MAO_DZEDYN_S (button) showed [Qd As] and won ($199) with two pair, Aces and Sixes
Seat 4: Vodilazila (small blind) folded before Flop
Seat 5: MaikonAll (big blind) folded before Flop
Seat 6: BUMU80 showed [2s 3c] and lost with a pair of Sixes (cashed out).



PokerStars Hand #254485775078:  Hold'em No Limit ($0.50/$1.00 USD) - 2025/01/21 17:02:51 WET [2025/01/21 12:02:51 ET]
Table 'Huygens III' 6-max Seat #4 is the button
Seat 2: app1e_j@ck ($100 in chips) is sitting out
Seat 1: poker_soul11 ($100 in chips) 
Seat 3: MAO_DZEDYN_S ($213 in chips) 
Seat 4: Vodilazila ($99.50 in chips) 
Seat 5: MaikonAll ($100 in chips) 
Seat 6: BUMU80 ($17.74 in chips) 
MaikonAll: posts small blind $0.50
BUMU80: posts big blind $1
app1e_j@ck: sits out 
*** HOLE CARDS ***
poker_soul11: raises $1.20 to $2.20
MAO_DZEDYN_S: folds 
Vodilazila: folds 
MaikonAll: folds 
BUMU80: calls $1.20
*** FLOP *** [Jh 2h 4d]
BUMU80: bets $4.66
poker_soul11: raises $17.48 to $22.14
BUMU80: calls $10.88 and is all-in
Uncalled bet ($6.60) returned to poker_soul11
*** TURN *** [Jh 2h 4d] [2s]
*** RIVER *** [Jh 2h 4d 2s] [4s]
*** SHOW DOWN ***
BUMU80: shows [7s Jd] (two pair, Jacks and Fours)
poker_soul11: shows [Kh Ad] (two pair, Fours and Deuces)
BUMU80 collected $34.18 from pot
*** SUMMARY ***
Total pot $35.98 | Rake $1.80 
Board [Jh 2h 4d 2s 4s]
Seat 2: app1e_j@ck
Seat 1: poker_soul11 showed [Kh Ad] and lost with two pair, Fours and Deuces
Seat 3: MAO_DZEDYN_S folded before Flop (didn't bet)
Seat 4: Vodilazila (button) folded before Flop (didn't bet)
Seat 5: MaikonAll (small blind) folded before Flop
Seat 6: BUMU80 (big blind) showed [7s Jd] and won ($34.18) with two pair, Jacks and Fours



PokerStars Hand #254485783841:  Hold'em No Limit ($0.50/$1.00 USD) - 2025/01/21 17:03:30 WET [2025/01/21 12:03:30 ET]
Table 'Huygens III' 6-max Seat #5 is the button
Seat 2: app1e_j@ck ($100 in chips) is sitting out
Seat 1: poker_soul11 ($100 in chips) 
Seat 3: MAO_DZEDYN_S ($213 in chips) 
Seat 4: Vodilazila ($99.50 in chips) 
Seat 5: MaikonAll ($100 in chips) 
Seat 6: BUMU80 ($34.18 in chips) 
BUMU80: posts small blind $0.50
poker_soul11: posts big blind $1
app1e_j@ck: sits out 
*** HOLE CARDS ***
MAO_DZEDYN_S: folds 
Vodilazila: raises $1.50 to $2.50
MaikonAll: folds 
BUMU80: raises $9.50 to $12
poker_soul11: folds 
Vodilazila: folds 
Uncalled bet ($9.50) returned to BUMU80
BUMU80 collected $6 from pot
*** SUMMARY ***
Total pot $6 | Rake $0 
Seat 2: app1e_j@ck
Seat 1: poker_soul11 (big blind) folded before Flop
Seat 3: MAO_DZEDYN_S folded before Flop (didn't bet)
Seat 4: Vodilazila folded before Flop
Seat 5: MaikonAll (button) folded before Flop (didn't bet)
Seat 6: BUMU80 (small blind) collected ($6)



PokerStars Hand #254485789612:  Hold'em No Limit ($0.50/$1.00 USD) - 2025/01/21 17:03:56 WET [2025/01/21 12:03:56 ET]
Table 'Huygens III' 6-max Seat #6 is the button
Seat 1: poker_soul11 ($100 in chips) 
Seat 2: app1e_j@ck ($100 in chips) 
Seat 3: MAO_DZEDYN_S ($213 in chips) 
Seat 4: Vodilazila ($97 in chips) 
Seat 5: MaikonAll ($100 in chips) 
Seat 6: BUMU80 ($37.68 in chips) 
poker_soul11: posts small blind $0.50
app1e_j@ck: posts big blind $1
*** HOLE CARDS ***
MAO_DZEDYN_S: folds 
Vodilazila: folds 
MaikonAll: folds 
BUMU80: raises $4 to $5
poker_soul11: folds 
app1e_j@ck: folds 
Uncalled bet ($4) returned to BUMU80
BUMU80 collected $2.50 from pot
*** SUMMARY ***
Total pot $2.50 | Rake $0 
Seat 1: poker_soul11 (small blind) folded before Flop
Seat 2: app1e_j@ck (big blind) folded before Flop
Seat 3: MAO_DZEDYN_S folded before Flop (didn't bet)
Seat 4: Vodilazila folded before Flop (didn't bet)
Seat 5: MaikonAll folded before Flop (didn't bet)
Seat 6: BUMU80 (button) collected ($2.50)



PokerStars Hand #254485797370:  Hold'em No Limit ($0.50/$1.00 USD) - 2025/01/21 17:04:30 WET [2025/01/21 12:04:30 ET]
Table 'Huygens III' 6-max Seat #1 is the button
Seat 1: poker_soul11 ($100 in chips) 
Seat 2: app1e_j@ck ($100 in chips) 
Seat 3: MAO_DZEDYN_S ($213 in chips) 
Seat 4: Vodilazila ($100 in chips) 
Seat 5: MaikonAll ($100 in chips) 
Seat 6: BUMU80 ($39.18 in chips) 
app1e_j@ck: posts small blind $0.50
MAO_DZEDYN_S: posts big blind $1
*** HOLE CARDS ***
Vodilazila: folds 
MaikonAll: folds 
BUMU80: calls $1
poker_soul11: folds 
app1e_j@ck: calls $0.50
MAO_DZEDYN_S: checks 
*** FLOP *** [Ac 6c 7h]
app1e_j@ck: checks 
MAO_DZEDYN_S: checks 
BUMU80: bets $2.85
app1e_j@ck: folds 
MAO_DZEDYN_S: folds 
Uncalled bet ($2.85) returned to BUMU80
BUMU80 collected $2.85 from pot
*** SUMMARY ***
Total pot $3 | Rake $0.15 
Board [Ac 6c 7h]
Seat 1: poker_soul11 (button) folded before Flop (didn't bet)
Seat 2: app1e_j@ck (small blind) folded on the Flop
Seat 3: MAO_DZEDYN_S (big blind) folded on the Flop
Seat 4: Vodilazila folded before Flop (didn't bet)
Seat 5: MaikonAll folded before Flop (didn't bet)
Seat 6: BUMU80 collected ($2.85)



PokerStars Hand #254485813173:  Hold'em No Limit ($0.50/$1.00 USD) - 2025/01/21 17:05:39 WET [2025/01/21 12:05:39 ET]
Table 'Huygens III' 6-max Seat #2 is the button
Seat 1: poker_soul11 ($100 in chips) 
Seat 2: app1e_j@ck ($100 in chips) 
Seat 3: MAO_DZEDYN_S ($212 in chips) 
Seat 4: Vodilazila ($100 in chips) 
Seat 5: MaikonAll ($100 in chips) 
Seat 6: BUMU80 ($41.03 in chips) 
MAO_DZEDYN_S: posts small blind $0.50
Vodilazila: posts big blind $1
*** HOLE CARDS ***
MaikonAll: folds 
BUMU80: folds 
poker_soul11: folds 
app1e_j@ck: raises $1.50 to $2.50
MAO_DZEDYN_S: folds 
Vodilazila: calls $1.50
*** FLOP *** [7h Qh Qs]
Vodilazila: checks 
app1e_j@ck: checks 
*** TURN *** [7h Qh Qs] [Qd]
Vodilazila: checks 
app1e_j@ck: checks 
*** RIVER *** [7h Qh Qs Qd] [9d]
Vodilazila: checks 
app1e_j@ck: checks 
*** SHOW DOWN ***
Vodilazila: shows [8s Kd] (three of a kind, Queens)
app1e_j@ck: shows [Ad 5s] (three of a kind, Queens - Ace kicker)
app1e_j@ck collected $5.22 from pot
*** SUMMARY ***
Total pot $5.50 | Rake $0.28 
Board [7h Qh Qs Qd 9d]
Seat 1: poker_soul11 folded before Flop (didn't bet)
Seat 2: app1e_j@ck (button) showed [Ad 5s] and won ($5.22) with three of a kind, Queens
Seat 3: MAO_DZEDYN_S (small blind) folded before Flop
Seat 4: Vodilazila (big blind) showed [8s Kd] and lost with three of a kind, Queens
Seat 5: MaikonAll folded before Flop (didn't bet)
Seat 6: BUMU80 folded before Flop (didn't bet)



PokerStars Hand #254485825769:  Hold'em No Limit ($0.50/$1.00 USD) - 2025/01/21 17:06:33 WET [2025/01/21 12:06:33 ET]
Table 'Huygens III' 6-max Seat #3 is the button
Seat 1: poker_soul11 ($100 in chips) 
Seat 2: app1e_j@ck ($102.72 in chips) 
Seat 3: MAO_DZEDYN_S ($211.50 in chips) 
Seat 4: Vodilazila ($100 in chips) 
Seat 5: MaikonAll ($100 in chips) 
Seat 6: BUMU80 ($41.03 in chips) 
Vodilazila: posts small blind $0.50
MaikonAll: posts big blind $1
*** HOLE CARDS ***
BUMU80: raises $2 to $3
poker_soul11: folds 
app1e_j@ck: raises $4.50 to $7.50
MAO_DZEDYN_S: folds 
Vodilazila: folds 
MaikonAll: folds 
BUMU80: calls $4.50
*** FLOP *** [Jd 6h Kd]
BUMU80: checks 
app1e_j@ck: bets $3.42
BUMU80: folds 
Uncalled bet ($3.42) returned to app1e_j@ck
app1e_j@ck collected $15.68 from pot
app1e_j@ck: doesn't show hand 
*** SUMMARY ***
Total pot $16.50 | Rake $0.82 
Board [Jd 6h Kd]
Seat 1: poker_soul11 folded before Flop (didn't bet)
Seat 2: app1e_j@ck collected ($15.68)
Seat 3: MAO_DZEDYN_S (button) folded before Flop (didn't bet)
Seat 4: Vodilazila (small blind) folded before Flop
Seat 5: MaikonAll (big blind) folded before Flop
Seat 6: BUMU80 folded on the Flop



PokerStars Hand #254485832708:  Hold'em No Limit ($0.50/$1.00 USD) - 2025/01/21 17:07:04 WET [2025/01/21 12:07:04 ET]
Table 'Huygens III' 6-max Seat #4 is the button
Seat 1: poker_soul11 ($100 in chips) 
Seat 2: app1e_j@ck ($110.90 in chips) 
Seat 3: MAO_DZEDYN_S ($211.50 in chips) 
Seat 4: Vodilazila ($99.50 in chips) 
Seat 5: MaikonAll ($100 in chips) 
Seat 6: BUMU80 ($33.53 in chips) 
MaikonAll: posts small blind $0.50
BUMU80: posts big blind $1
*** HOLE CARDS ***
poker_soul11: folds 
app1e_j@ck: folds 
MAO_DZEDYN_S: folds 
Vodilazila: raises $1.50 to $2.50
MaikonAll: folds 
BUMU80: calls $1.50
*** FLOP *** [8h 4c 7s]
BUMU80: checks 
Vodilazila: checks 
*** TURN *** [8h 4c 7s] [8c]
BUMU80: bets $4
Vodilazila: calls $4
*** RIVER *** [8h 4c 7s 8c] [7h]
BUMU80: checks 
Vodilazila: checks 
*** SHOW DOWN ***
BUMU80: shows [9s Jh] (two pair, Eights and Sevens)
Vodilazila: shows [Ac 3c] (two pair, Eights and Sevens - Ace kicker)
Vodilazila collected $12.82 from pot
*** SUMMARY ***
Total pot $13.50 | Rake $0.68 
Board [8h 4c 7s 8c 7h]
Seat 1: poker_soul11 folded before Flop (didn't bet)
Seat 2: app1e_j@ck folded before Flop (didn't bet)
Seat 3: MAO_DZEDYN_S folded before Flop (didn't bet)
Seat 4: Vodilazila (button) showed [Ac 3c] and won ($12.82) with two pair, Eights and Sevens
Seat 5: MaikonAll (small blind) folded before Flop
Seat 6: BUMU80 (big blind) showed [9s Jh] and lost with two pair, Eights and Sevens



PokerStars Hand #254485845400:  Hold'em No Limit ($0.50/$1.00 USD) - 2025/01/21 17:07:59 WET [2025/01/21 12:07:59 ET]
Table 'Huygens III' 6-max Seat #5 is the button
Seat 1: poker_soul11 ($100 in chips) 
Seat 2: app1e_j@ck ($110.90 in chips) 
Seat 3: MAO_DZEDYN_S ($211.50 in chips) 
Seat 4: Vodilazila ($105.82 in chips) 
Seat 5: MaikonAll ($100 in chips) 
Seat 6: BUMU80 ($27.03 in chips) 
BUMU80: posts small blind $0.50
poker_soul11: posts big blind $1
*** HOLE CARDS ***
app1e_j@ck: raises $1.50 to $2.50
MAO_DZEDYN_S: folds 
Vodilazila: raises $5 to $7.50
MaikonAll: folds 
BUMU80: folds 
poker_soul11: folds 
app1e_j@ck: raises $103.40 to $110.90 and is all-in
Vodilazila: calls $98.32 and is all-in
Uncalled bet ($5.08) returned to app1e_j@ck
*** FIRST FLOP *** [Kc 5c 3d]
*** FIRST TURN *** [Kc 5c 3d] [3h]
*** FIRST RIVER *** [Kc 5c 3d 3h] [7s]
*** SECOND FLOP *** [4c 6s 9c]
*** SECOND TURN *** [4c 6s 9c] [7d]
*** SECOND RIVER *** [4c 6s 9c 7d] [2c]
*** FIRST SHOW DOWN ***
app1e_j@ck: shows [Ad Kd] (two pair, Kings and Threes)
Vodilazila: shows [Qc Qs] (two pair, Queens and Threes)
app1e_j@ck collected $105.32 from pot
*** SECOND SHOW DOWN ***
app1e_j@ck: shows [Ad Kd] (high card Ace)
Vodilazila: shows [Qc Qs] (a pair of Queens)
Vodilazila collected $105.32 from pot
*** SUMMARY ***
Total pot $213.14 | Rake $2.50 
Hand was run twice
FIRST Board [Kc 5c 3d 3h 7s]
SECOND Board [4c 6s 9c 7d 2c]
Seat 1: poker_soul11 (big blind) folded before Flop
Seat 2: app1e_j@ck showed [Ad Kd] and won ($105.32) with two pair, Kings and Threes, and lost with high card Ace
Seat 3: MAO_DZEDYN_S folded before Flop (didn't bet)
Seat 4: Vodilazila showed [Qc Qs] and lost with two pair, Queens and Threes, and won ($105.32) with a pair of Queens
Seat 5: MaikonAll (button) folded before Flop (didn't bet)
Seat 6: BUMU80 (small blind) folded before Flop



PokerStars Hand #254485856044:  Hold'em No Limit ($0.50/$1.00 USD) - 2025/01/21 17:08:44 WET [2025/01/21 12:08:44 ET]
Table 'Huygens III' 6-max Seat #6 is the button
Seat 1: poker_soul11 ($100 in chips) 
Seat 2: app1e_j@ck ($110.40 in chips) 
Seat 3: MAO_DZEDYN_S ($211.50 in chips) 
Seat 4: Vodilazila ($105.32 in chips) 
Seat 5: MaikonAll ($100 in chips) 
Seat 6: BUMU80 ($26.53 in chips) 
poker_soul11: posts small blind $0.50
app1e_j@ck: posts big blind $1
*** HOLE CARDS ***
MAO_DZEDYN_S: folds 
Vodilazila: folds 
MaikonAll: folds 
BUMU80: folds 
poker_soul11: raises $2 to $3
app1e_j@ck: calls $2
*** FLOP *** [2h 4c Th]
poker_soul11: checks 
app1e_j@ck: checks 
*** TURN *** [2h 4c Th] [2s]
poker_soul11: checks 
app1e_j@ck: bets $1.88
poker_soul11: folds 
Uncalled bet ($1.88) returned to app1e_j@ck
app1e_j@ck collected $5.70 from pot
app1e_j@ck: doesn't show hand 
*** SUMMARY ***
Total pot $6 | Rake $0.30 
Board [2h 4c Th 2s]
Seat 1: poker_soul11 (small blind) folded on the Turn
Seat 2: app1e_j@ck (big blind) collected ($5.70)
Seat 3: MAO_DZEDYN_S folded before Flop (didn't bet)
Seat 4: Vodilazila folded before Flop (didn't bet)
Seat 5: MaikonAll folded before Flop (didn't bet)
Seat 6: BUMU80 (button) folded before Flop (didn't bet)



PokerStars Hand #254485869700:  Hold'em No Limit ($0.50/$1.00 USD) - 2025/01/21 17:09:43 WET [2025/01/21 12:09:43 ET]
Table 'Huygens III' 6-max Seat #1 is the button
Seat 1: poker_soul11 ($100 in chips) 
Seat 2: app1e_j@ck ($113.10 in chips) 
Seat 3: MAO_DZEDYN_S ($211.50 in chips) 
Seat 4: Vodilazila ($105.32 in chips) 
Seat 5: MaikonAll ($100 in chips) 
Seat 6: BUMU80 ($26.53 in chips) 
app1e_j@ck: posts small blind $0.50
MAO_DZEDYN_S: posts big blind $1
*** HOLE CARDS ***
Vodilazila: folds 
MaikonAll: raises $1.30 to $2.30
BUMU80: folds 
poker_soul11: folds 
app1e_j@ck: folds 
MAO_DZEDYN_S: folds 
Uncalled bet ($1.30) returned to MaikonAll
MaikonAll collected $2.50 from pot
MaikonAll: doesn't show hand 
*** SUMMARY ***
Total pot $2.50 | Rake $0 
Seat 1: poker_soul11 (button) folded before Flop (didn't bet)
Seat 2: app1e_j@ck (small blind) folded before Flop
Seat 3: MAO_DZEDYN_S (big blind) folded before Flop
Seat 4: Vodilazila folded before Flop (didn't bet)
Seat 5: MaikonAll collected ($2.50)
Seat 6: BUMU80 folded before Flop (didn't bet)



PokerStars Hand #254485876885:  Hold'em No Limit ($0.50/$1.00 USD) - 2025/01/21 17:10:13 WET [2025/01/21 12:10:13 ET]
Table 'Huygens III' 6-max Seat #2 is the button
Seat 1: poker_soul11 ($100 in chips) 
Seat 2: app1e_j@ck ($112.60 in chips) 
Seat 3: MAO_DZEDYN_S ($210.50 in chips) 
Seat 4: Vodilazila ($105.32 in chips) 
Seat 5: MaikonAll ($101.50 in chips) 
Seat 6: BUMU80 ($26.53 in chips) 
MAO_DZEDYN_S: posts small blind $0.50
Vodilazila: posts big blind $1
*** HOLE CARDS ***
MaikonAll: folds 
BUMU80: folds 
poker_soul11: folds 
app1e_j@ck: folds 
MAO_DZEDYN_S: folds 
Uncalled bet ($0.50) returned to Vodilazila
Vodilazila collected $1 from pot
Vodilazila: doesn't show hand 
*** SUMMARY ***
Total pot $1 | Rake $0 
Seat 1: poker_soul11 folded before Flop (didn't bet)
Seat 2: app1e_j@ck (button) folded before Flop (didn't bet)
Seat 3: MAO_DZEDYN_S (small blind) folded before Flop
Seat 4: Vodilazila (big blind) collected ($1)
Seat 5: MaikonAll folded before Flop (didn't bet)
Seat 6: BUMU80 folded before Flop (didn't bet)



PokerStars Hand #254485882815:  Hold'em No Limit ($0.50/$1.00 USD) - 2025/01/21 17:10:38 WET [2025/01/21 12:10:38 ET]
Table 'Huygens III' 6-max Seat #3 is the button
Seat 1: poker_soul11 ($100 in chips) 
Seat 2: app1e_j@ck ($112.60 in chips) 
Seat 3: MAO_DZEDYN_S ($210 in chips) 
Seat 4: Vodilazila ($105.82 in chips) 
Seat 5: MaikonAll ($101.50 in chips) 
Seat 6: BUMU80 ($26.53 in chips) 
Vodilazila: posts small blind $0.50
MaikonAll: posts big blind $1
*** HOLE CARDS ***
BUMU80: folds 
poker_soul11: raises $1.20 to $2.20
app1e_j@ck: folds 
MAO_DZEDYN_S: folds 
Vodilazila: folds 
MaikonAll: folds 
Uncalled bet ($1.20) returned to poker_soul11
poker_soul11 collected $2.50 from pot
poker_soul11: doesn't show hand 
*** SUMMARY ***
Total pot $2.50 | Rake $0 
Seat 1: poker_soul11 collected ($2.50)
Seat 2: app1e_j@ck folded before Flop (didn't bet)
Seat 3: MAO_DZEDYN_S (button) folded before Flop (didn't bet)
Seat 4: Vodilazila (small blind) folded before Flop
Seat 5: MaikonAll (big blind) folded before Flop
Seat 6: BUMU80 folded before Flop (didn't bet)



PokerStars Hand #254485889109:  Hold'em No Limit ($0.50/$1.00 USD) - 2025/01/21 17:11:04 WET [2025/01/21 12:11:04 ET]
Table 'Huygens III' 6-max Seat #4 is the button
Seat 1: poker_soul11 ($101.50 in chips) 
Seat 2: app1e_j@ck ($112.60 in chips) 
Seat 3: MAO_DZEDYN_S ($210 in chips) 
Seat 4: Vodilazila ($105.32 in chips) 
Seat 5: MaikonAll ($100.50 in chips) 
Seat 6: BUMU80 ($26.53 in chips) 
MaikonAll: posts small blind $0.50
BUMU80: posts big blind $1
*** HOLE CARDS ***
poker_soul11: folds 
app1e_j@ck: folds 
MAO_DZEDYN_S: folds 
Vodilazila: raises $1.50 to $2.50
MaikonAll: folds 
BUMU80: raises $24.03 to $26.53 and is all-in
Vodilazila: calls $24.03
*** FLOP *** [Qd 3d 9c]
*** TURN *** [Qd 3d 9c] [Kh]
*** RIVER *** [Qd 3d 9c Kh] [2s]
*** SHOW DOWN ***
BUMU80: shows [Tc Ts] (a pair of Tens)
Vodilazila: shows [Ac 8c] (high card Ace)
BUMU80 collected $51.06 from pot
*** SUMMARY ***
Total pot $53.56 | Rake $2.50 
Board [Qd 3d 9c Kh 2s]
Seat 1: poker_soul11 folded before Flop (didn't bet)
Seat 2: app1e_j@ck folded before Flop (didn't bet)
Seat 3: MAO_DZEDYN_S folded before Flop (didn't bet)
Seat 4: Vodilazila (button) showed [Ac 8c] and lost with high card Ace
Seat 5: MaikonAll (small blind) folded before Flop
Seat 6: BUMU80 (big blind) showed [Tc Ts] and won ($51.06) with a pair of Tens



PokerStars Hand #254485899233:  Hold'em No Limit ($0.50/$1.00 USD) - 2025/01/21 17:11:46 WET [2025/01/21 12:11:46 ET]
Table 'Huygens III' 6-max Seat #5 is the button
Seat 1: poker_soul11 ($101.50 in chips) 
Seat 2: app1e_j@ck ($112.60 in chips) 
Seat 3: MAO_DZEDYN_S ($210 in chips) 
Seat 4: Vodilazila ($100 in chips) 
Seat 5: MaikonAll ($100 in chips) 
Seat 6: BUMU80 ($51.06 in chips) 
BUMU80: posts small blind $0.50
poker_soul11: posts big blind $1
*** HOLE CARDS ***
app1e_j@ck: folds 
MAO_DZEDYN_S: folds 
Vodilazila: folds 
MaikonAll: raises $1.50 to $2.50
BUMU80: raises $6.50 to $9
poker_soul11: folds 
MaikonAll: folds 
Uncalled bet ($6.50) returned to BUMU80
BUMU80 collected $6 from pot
*** SUMMARY ***
Total pot $6 | Rake $0 
Seat 1: poker_soul11 (big blind) folded before Flop
Seat 2: app1e_j@ck folded before Flop (didn't bet)
Seat 3: MAO_DZEDYN_S folded before Flop (didn't bet)
Seat 4: Vodilazila folded before Flop (didn't bet)
Seat 5: MaikonAll (button) folded before Flop
Seat 6: BUMU80 (small blind) collected ($6)



PokerStars Hand #254485909306:  Hold'em No Limit ($0.50/$1.00 USD) - 2025/01/21 17:12:27 WET [2025/01/21 12:12:27 ET]
Table 'Huygens III' 6-max Seat #6 is the button
Seat 1: poker_soul11 ($100.50 in chips) 
Seat 2: app1e_j@ck ($112.60 in chips) 
Seat 3: MAO_DZEDYN_S ($210 in chips) 
Seat 4: Vodilazila ($100 in chips) 
Seat 5: MaikonAll ($100 in chips) 
Seat 6: BUMU80 ($54.56 in chips) 
poker_soul11: posts small blind $0.50
app1e_j@ck: posts big blind $1
*** HOLE CARDS ***
MAO_DZEDYN_S: folds 
Vodilazila: folds 
MaikonAll: folds 
BUMU80: raises $2 to $3
poker_soul11: folds 
app1e_j@ck: folds 
Uncalled bet ($2) returned to BUMU80
BUMU80 collected $2.50 from pot
*** SUMMARY ***
Total pot $2.50 | Rake $0 
Seat 1: poker_soul11 (small blind) folded before Flop
Seat 2: app1e_j@ck (big blind) folded before Flop
Seat 3: MAO_DZEDYN_S folded before Flop (didn't bet)
Seat 4: Vodilazila folded before Flop (didn't bet)
Seat 5: MaikonAll folded before Flop (didn't bet)
Seat 6: BUMU80 (button) collected ($2.50)



PokerStars Hand #254485914384:  Hold'em No Limit ($0.50/$1.00 USD) - 2025/01/21 17:12:47 WET [2025/01/21 12:12:47 ET]
Table 'Huygens III' 6-max Seat #1 is the button
Seat 1: poker_soul11 ($100 in chips) 
Seat 2: app1e_j@ck ($111.60 in chips) 
Seat 3: MAO_DZEDYN_S ($210 in chips) 
Seat 4: Vodilazila ($100 in chips) 
Seat 5: MaikonAll ($100 in chips) 
Seat 6: BUMU80 ($56.06 in chips) 
app1e_j@ck: posts small blind $0.50
MAO_DZEDYN_S: posts big blind $1
*** HOLE CARDS ***
Vodilazila: folds 
MaikonAll: folds 
BUMU80: raises $2 to $3
poker_soul11: folds 
app1e_j@ck: folds 
MAO_DZEDYN_S: folds 
Uncalled bet ($2) returned to BUMU80
BUMU80 collected $2.50 from pot
*** SUMMARY ***
Total pot $2.50 | Rake $0 
Seat 1: poker_soul11 (button) folded before Flop (didn't bet)
Seat 2: app1e_j@ck (small blind) folded before Flop
Seat 3: MAO_DZEDYN_S (big blind) folded before Flop
Seat 4: Vodilazila folded before Flop (didn't bet)
Seat 5: MaikonAll folded before Flop (didn't bet)
Seat 6: BUMU80 collected ($2.50)



PokerStars Hand #254485920931:  Hold'em No Limit ($0.50/$1.00 USD) - 2025/01/21 17:13:14 WET [2025/01/21 12:13:14 ET]
Table 'Huygens III' 6-max Seat #2 is the button
Seat 1: poker_soul11 ($100 in chips) 
Seat 2: app1e_j@ck ($111.10 in chips) 
Seat 3: MAO_DZEDYN_S ($209 in chips) 
Seat 4: Vodilazila ($100 in chips) 
Seat 5: MaikonAll ($100 in chips) 
Seat 6: BUMU80 ($57.56 in chips) 
MAO_DZEDYN_S: posts small blind $0.50
Vodilazila: posts big blind $1
*** HOLE CARDS ***
MaikonAll: folds 
BUMU80: calls $1
poker_soul11: raises $2.50 to $3.50
app1e_j@ck: folds 
MAO_DZEDYN_S: folds 
Vodilazila: calls $2.50
BUMU80: calls $2.50
*** FLOP *** [6h 7s 6s]
Vodilazila: checks 
BUMU80: bets $5.23
poker_soul11: folds 
Vodilazila: raises $91.27 to $96.50 and is all-in
BUMU80: folds 
Uncalled bet ($91.27) returned to Vodilazila
Vodilazila collected $20.39 from pot
Vodilazila: doesn't show hand 
*** SUMMARY ***
Total pot $21.46 | Rake $1.07 
Board [6h 7s 6s]
Seat 1: poker_soul11 folded on the Flop
Seat 2: app1e_j@ck (button) folded before Flop (didn't bet)
Seat 3: MAO_DZEDYN_S (small blind) folded before Flop
Seat 4: Vodilazila (big blind) collected ($20.39)
Seat 5: MaikonAll folded before Flop (didn't bet)
Seat 6: BUMU80 folded on the Flop



PokerStars Hand #254485934932:  Hold'em No Limit ($0.50/$1.00 USD) - 2025/01/21 17:14:11 WET [2025/01/21 12:14:11 ET]
Table 'Huygens III' 6-max Seat #3 is the button
Seat 1: poker_soul11 ($100 in chips) 
Seat 2: app1e_j@ck ($111.10 in chips) 
Seat 3: MAO_DZEDYN_S ($208.50 in chips) 
Seat 4: Vodilazila ($111.66 in chips) 
Seat 5: MaikonAll ($100 in chips) 
Seat 6: BUMU80 ($48.83 in chips) 
Vodilazila: posts small blind $0.50
MaikonAll: posts big blind $1
*** HOLE CARDS ***
BUMU80: folds 
poker_soul11: folds 
app1e_j@ck: folds 
MAO_DZEDYN_S: raises $1.50 to $2.50
Vodilazila: folds 
MaikonAll: calls $1.50
*** FLOP *** [5s 5c 6d]
MaikonAll: checks 
MAO_DZEDYN_S: bets $1.57
MaikonAll: calls $1.57
*** TURN *** [5s 5c 6d] [8d]
MaikonAll: checks 
MAO_DZEDYN_S: bets $6.17
MaikonAll: folds 
Uncalled bet ($6.17) returned to MAO_DZEDYN_S
MAO_DZEDYN_S collected $8.21 from pot
MAO_DZEDYN_S: doesn't show hand 
*** SUMMARY ***
Total pot $8.64 | Rake $0.43 
Board [5s 5c 6d 8d]
Seat 1: poker_soul11 folded before Flop (didn't bet)
Seat 2: app1e_j@ck folded before Flop (didn't bet)
Seat 3: MAO_DZEDYN_S (button) collected ($8.21)
Seat 4: Vodilazila (small blind) folded before Flop
Seat 5: MaikonAll (big blind) folded on the Turn
Seat 6: BUMU80 folded before Flop (didn't bet)



PokerStars Hand #254485959113:  Hold'em No Limit ($0.50/$1.00 USD) - 2025/01/21 17:15:48 WET [2025/01/21 12:15:48 ET]
Table 'Huygens III' 6-max Seat #4 is the button
Seat 1: poker_soul11 ($100 in chips) 
Seat 2: app1e_j@ck ($111.10 in chips) 
Seat 3: MAO_DZEDYN_S ($212.64 in chips) 
Seat 4: Vodilazila ($111.16 in chips) 
Seat 5: MaikonAll ($100 in chips) 
Seat 6: BUMU80 ($48.83 in chips) 
MaikonAll: posts small blind $0.50
BUMU80: posts big blind $1
*** HOLE CARDS ***
poker_soul11: raises $1.20 to $2.20
app1e_j@ck: folds 
MAO_DZEDYN_S: folds 
Vodilazila: folds 
MaikonAll: folds 
BUMU80: calls $1.20
*** FLOP *** [5s 4h 6c]
BUMU80: bets $2.33
poker_soul11: folds 
Uncalled bet ($2.33) returned to BUMU80
BUMU80 collected $4.66 from pot
*** SUMMARY ***
Total pot $4.90 | Rake $0.24 
Board [5s 4h 6c]
Seat 1: poker_soul11 folded on the Flop
Seat 2: app1e_j@ck folded before Flop (didn't bet)
Seat 3: MAO_DZEDYN_S folded before Flop (didn't bet)
Seat 4: Vodilazila (button) folded before Flop (didn't bet)
Seat 5: MaikonAll (small blind) folded before Flop
Seat 6: BUMU80 (big blind) collected ($4.66)



PokerStars Hand #254485968360:  Hold'em No Limit ($0.50/$1.00 USD) - 2025/01/21 17:16:26 WET [2025/01/21 12:16:26 ET]
Table 'Huygens III' 6-max Seat #5 is the button
Seat 1: poker_soul11 ($100 in chips) 
Seat 2: app1e_j@ck ($111.10 in chips) 
Seat 3: MAO_DZEDYN_S ($212.64 in chips) 
Seat 4: Vodilazila ($111.16 in chips) 
Seat 5: MaikonAll ($100 in chips) 
Seat 6: BUMU80 ($51.29 in chips) 
BUMU80: posts small blind $0.50
poker_soul11: posts big blind $1
*** HOLE CARDS ***
app1e_j@ck: folds 
MAO_DZEDYN_S: folds 
Vodilazila: folds 
MaikonAll: raises $1.50 to $2.50
BUMU80: raises $6 to $8.50
poker_soul11: folds 
MaikonAll: folds 
Uncalled bet ($6) returned to BUMU80
BUMU80 collected $6 from pot
*** SUMMARY ***
Total pot $6 | Rake $0 
Seat 1: poker_soul11 (big blind) folded before Flop
Seat 2: app1e_j@ck folded before Flop (didn't bet)
Seat 3: MAO_DZEDYN_S folded before Flop (didn't bet)
Seat 4: Vodilazila folded before Flop (didn't bet)
Seat 5: MaikonAll (button) folded before Flop
Seat 6: BUMU80 (small blind) collected ($6)



PokerStars Hand #254485975111:  Hold'em No Limit ($0.50/$1.00 USD) - 2025/01/21 17:16:53 WET [2025/01/21 12:16:53 ET]
Table 'Huygens III' 6-max Seat #6 is the button
Seat 1: poker_soul11 ($100 in chips) 
Seat 2: app1e_j@ck ($111.10 in chips) 
Seat 3: MAO_DZEDYN_S ($212.64 in chips) 
Seat 4: Vodilazila ($111.16 in chips) 
Seat 5: MaikonAll ($100 in chips) 
Seat 6: BUMU80 ($54.79 in chips) 
poker_soul11: posts small blind $0.50
app1e_j@ck: posts big blind $1
*** HOLE CARDS ***
MAO_DZEDYN_S: folds 
Vodilazila: raises $1.50 to $2.50
MaikonAll: folds 
BUMU80: folds 
poker_soul11: folds 
app1e_j@ck: calls $1.50
*** FLOP *** [Ac 4d 7s]
app1e_j@ck: checks 
Vodilazila: bets $1.72
app1e_j@ck: folds 
Uncalled bet ($1.72) returned to Vodilazila
Vodilazila collected $5.22 from pot
Vodilazila: doesn't show hand 
*** SUMMARY ***
Total pot $5.50 | Rake $0.28 
Board [Ac 4d 7s]
Seat 1: poker_soul11 (small blind) folded before Flop
Seat 2: app1e_j@ck (big blind) folded on the Flop
Seat 3: MAO_DZEDYN_S folded before Flop (didn't bet)
Seat 4: Vodilazila collected ($5.22)
Seat 5: MaikonAll folded before Flop (didn't bet)
Seat 6: BUMU80 (button) folded before Flop (didn't bet)



PokerStars Hand #254485984179:  Hold'em No Limit ($0.50/$1.00 USD) - 2025/01/21 17:17:30 WET [2025/01/21 12:17:30 ET]
Table 'Huygens III' 6-max Seat #1 is the button
Seat 1: poker_soul11 ($100 in chips) 
Seat 2: app1e_j@ck ($108.60 in chips) 
Seat 3: MAO_DZEDYN_S ($212.64 in chips) 
Seat 4: Vodilazila ($113.88 in chips) 
Seat 5: MaikonAll ($100 in chips) 
Seat 6: BUMU80 ($54.79 in chips) 
app1e_j@ck: posts small blind $0.50
MAO_DZEDYN_S: posts big blind $1
*** HOLE CARDS ***
Vodilazila: raises $1.50 to $2.50
MaikonAll: folds 
BUMU80: folds 
poker_soul11: folds 
app1e_j@ck: folds 
MAO_DZEDYN_S: folds 
Uncalled bet ($1.50) returned to Vodilazila
Vodilazila collected $2.50 from pot
Vodilazila: doesn't show hand 
*** SUMMARY ***
Total pot $2.50 | Rake $0 
Seat 1: poker_soul11 (button) folded before Flop (didn't bet)
Seat 2: app1e_j@ck (small blind) folded before Flop
Seat 3: MAO_DZEDYN_S (big blind) folded before Flop
Seat 4: Vodilazila collected ($2.50)
Seat 5: MaikonAll folded before Flop (didn't bet)
Seat 6: BUMU80 folded before Flop (didn't bet)



PokerStars Hand #254485988160:  Hold'em No Limit ($0.50/$1.00 USD) - 2025/01/21 17:17:46 WET [2025/01/21 12:17:46 ET]
Table 'Huygens III' 6-max Seat #2 is the button
Seat 1: poker_soul11 ($100 in chips) 
Seat 2: app1e_j@ck ($108.10 in chips) 
Seat 3: MAO_DZEDYN_S ($211.64 in chips) 
Seat 4: Vodilazila ($115.38 in chips) 
Seat 5: MaikonAll ($100 in chips) 
Seat 6: BUMU80 ($54.79 in chips) 
MAO_DZEDYN_S: posts small blind $0.50
Vodilazila: posts big blind $1
*** HOLE CARDS ***
MaikonAll: folds 
BUMU80: raises $2 to $3
poker_soul11: raises $3.60 to $6.60
app1e_j@ck: folds 
MAO_DZEDYN_S: folds 
Vodilazila: folds 
BUMU80: calls $3.60
*** FLOP *** [Td 4c Qs]
BUMU80: checks 
poker_soul11: bets $4.61
BUMU80: calls $4.61
*** TURN *** [Td 4c Qs] [As]
BUMU80: checks 
poker_soul11: checks 
*** RIVER *** [Td 4c Qs As] [Kc]
BUMU80: bets $30
poker_soul11: folds 
Uncalled bet ($30) returned to BUMU80
BUMU80 collected $22.72 from pot
*** SUMMARY ***
Total pot $23.92 | Rake $1.20 
Board [Td 4c Qs As Kc]
Seat 1: poker_soul11 folded on the River
Seat 2: app1e_j@ck (button) folded before Flop (didn't bet)
Seat 3: MAO_DZEDYN_S (small blind) folded before Flop
Seat 4: Vodilazila (big blind) folded before Flop
Seat 5: MaikonAll folded before Flop (didn't bet)
Seat 6: BUMU80 collected ($22.72)



PokerStars Hand #254486008498:  Hold'em No Limit ($0.50/$1.00 USD) - 2025/01/21 17:19:07 WET [2025/01/21 12:19:07 ET]
Table 'Huygens III' 6-max Seat #3 is the button
Seat 1: poker_soul11 ($100 in chips) 
Seat 2: app1e_j@ck ($108.10 in chips) 
Seat 3: MAO_DZEDYN_S ($211.14 in chips) 
Seat 4: Vodilazila ($114.38 in chips) 
Seat 5: MaikonAll ($100 in chips) 
Seat 6: BUMU80 ($66.30 in chips) 
Vodilazila: posts small blind $0.50
MaikonAll: posts big blind $1
*** HOLE CARDS ***
BUMU80: raises $2 to $3
poker_soul11: folds 
app1e_j@ck: folds 
MAO_DZEDYN_S: folds 
Vodilazila: folds 
MaikonAll: calls $2
*** FLOP *** [8s Kd 9s]
MaikonAll: checks 
BUMU80: bets $6.18
MaikonAll: calls $6.18
*** TURN *** [8s Kd 9s] [3h]
MaikonAll: checks 
BUMU80: bets $8.96
MaikonAll: folds 
Uncalled bet ($8.96) returned to BUMU80
BUMU80 collected $17.92 from pot
*** SUMMARY ***
Total pot $18.86 | Rake $0.94 
Board [8s Kd 9s 3h]
Seat 1: poker_soul11 folded before Flop (didn't bet)
Seat 2: app1e_j@ck folded before Flop (didn't bet)
Seat 3: MAO_DZEDYN_S (button) folded before Flop (didn't bet)
Seat 4: Vodilazila (small blind) folded before Flop
Seat 5: MaikonAll (big blind) folded on the Turn
Seat 6: BUMU80 collected ($17.92)



PokerStars Hand #254486028166:  Hold'em No Limit ($0.50/$1.00 USD) - 2025/01/21 17:20:26 WET [2025/01/21 12:20:26 ET]
Table 'Huygens III' 6-max Seat #4 is the button
Seat 1: poker_soul11 ($100 in chips) 
Seat 2: app1e_j@ck ($108.10 in chips) 
Seat 3: MAO_DZEDYN_S ($211.14 in chips) 
Seat 4: Vodilazila ($113.88 in chips) 
Seat 5: MaikonAll ($100 in chips) 
Seat 6: BUMU80 ($75.04 in chips) 
MaikonAll: posts small blind $0.50
BUMU80: posts big blind $1
*** HOLE CARDS ***
poker_soul11: raises $1.20 to $2.20
app1e_j@ck: folds 
MAO_DZEDYN_S: folds 
Vodilazila: raises $5.30 to $7.50
MaikonAll: folds 
BUMU80: folds 
poker_soul11: folds 
Uncalled bet ($5.30) returned to Vodilazila
Vodilazila collected $5.90 from pot
Vodilazila: doesn't show hand 
*** SUMMARY ***
Total pot $5.90 | Rake $0 
Seat 1: poker_soul11 folded before Flop
Seat 2: app1e_j@ck folded before Flop (didn't bet)
Seat 3: MAO_DZEDYN_S folded before Flop (didn't bet)
Seat 4: Vodilazila (button) collected ($5.90)
Seat 5: MaikonAll (small blind) folded before Flop
Seat 6: BUMU80 (big blind) folded before Flop



PokerStars Hand #254486035610:  Hold'em No Limit ($0.50/$1.00 USD) - 2025/01/21 17:20:56 WET [2025/01/21 12:20:56 ET]
Table 'Huygens III' 6-max Seat #5 is the button
Seat 1: poker_soul11 ($100 in chips) 
Seat 2: app1e_j@ck ($108.10 in chips) 
Seat 3: MAO_DZEDYN_S ($211.14 in chips) 
Seat 4: Vodilazila ($117.58 in chips) 
Seat 5: MaikonAll ($100 in chips) 
Seat 6: BUMU80 ($74.04 in chips) 
BUMU80: posts small blind $0.50
poker_soul11: posts big blind $1
*** HOLE CARDS ***
app1e_j@ck: folds 
MAO_DZEDYN_S: raises $1.25 to $2.25
Vodilazila: folds 
MaikonAll: folds 
BUMU80: raises $5.50 to $7.75
poker_soul11: folds 
MAO_DZEDYN_S: calls $5.50
*** FLOP *** [Kc 8s 7d]
BUMU80: bets $15.68
MAO_DZEDYN_S: folds 
Uncalled bet ($15.68) returned to BUMU80
BUMU80 collected $15.68 from pot
*** SUMMARY ***
Total pot $16.50 | Rake $0.82 
Board [Kc 8s 7d]
Seat 1: poker_soul11 (big blind) folded before Flop
Seat 2: app1e_j@ck folded before Flop (didn't bet)
Seat 3: MAO_DZEDYN_S folded on the Flop
Seat 4: Vodilazila folded before Flop (didn't bet)
Seat 5: MaikonAll (button) folded before Flop (didn't bet)
Seat 6: BUMU80 (small blind) collected ($15.68)



PokerStars Hand #254486044447:  Hold'em No Limit ($0.50/$1.00 USD) - 2025/01/21 17:21:32 WET [2025/01/21 12:21:32 ET]
Table 'Huygens III' 6-max Seat #6 is the button
Seat 1: poker_soul11 ($100 in chips) 
Seat 2: app1e_j@ck ($108.10 in chips) 
Seat 3: MAO_DZEDYN_S ($203.39 in chips) 
Seat 4: Vodilazila ($117.58 in chips) 
Seat 5: MaikonAll ($100 in chips) 
Seat 6: BUMU80 ($81.97 in chips) 
poker_soul11: posts small blind $0.50
app1e_j@ck: posts big blind $1
*** HOLE CARDS ***
MAO_DZEDYN_S: folds 
Vodilazila: raises $1.50 to $2.50
MaikonAll: folds 
BUMU80: folds 
poker_soul11: folds 
app1e_j@ck: folds 
Uncalled bet ($1.50) returned to Vodilazila
BUMU80 leaves the table
Vodilazila collected $2.50 from pot
Vodilazila: doesn't show hand 
*** SUMMARY ***
Total pot $2.50 | Rake $0 
Seat 1: poker_soul11 (small blind) folded before Flop
Seat 2: app1e_j@ck (big blind) folded before Flop
Seat 3: MAO_DZEDYN_S folded before Flop (didn't bet)
Seat 4: Vodilazila collected ($2.50)
Seat 5: MaikonAll folded before Flop (didn't bet)
Seat 6: BUMU80 (button) folded before Flop (didn't bet)



PokerStars Hand #254486048553:  Hold'em No Limit ($0.50/$1.00 USD) - 2025/01/21 17:21:48 WET [2025/01/21 12:21:48 ET]
Table 'Huygens III' 6-max Seat #1 is the button
Seat 1: poker_soul11 ($100 in chips) 
Seat 2: app1e_j@ck ($107.10 in chips) 
Seat 3: MAO_DZEDYN_S ($203.39 in chips) 
Seat 4: Vodilazila ($119.08 in chips) 
Seat 5: MaikonAll ($100 in chips) 
app1e_j@ck: posts small blind $0.50
MAO_DZEDYN_S: posts big blind $1
*** HOLE CARDS ***
Vodilazila: folds 
Vodilazila leaves the table
MaikonAll: folds 
poker_soul11: raises $1.20 to $2.20
app1e_j@ck: folds 
MAO_DZEDYN_S: calls $1.20
*** FLOP *** [Qc 3h Ad]
MAO_DZEDYN_S: checks 
poker_soul11: bets $5.83
MAO_DZEDYN_S: folds 
Uncalled bet ($5.83) returned to poker_soul11
poker_soul11 collected $4.66 from pot
poker_soul11: doesn't show hand 
*** SUMMARY ***
Total pot $4.90 | Rake $0.24 
Board [Qc 3h Ad]
Seat 1: poker_soul11 (button) collected ($4.66)
Seat 2: app1e_j@ck (small blind) folded before Flop
Seat 3: MAO_DZEDYN_S (big blind) folded on the Flop
Seat 4: Vodilazila folded before Flop (didn't bet)
Seat 5: MaikonAll folded before Flop (didn't bet)



PokerStars Hand #254486062735:  Hold'em No Limit ($0.50/$1.00 USD) - 2025/01/21 17:22:45 WET [2025/01/21 12:22:45 ET]
Table 'Huygens III' 6-max Seat #2 is the button
Seat 5: MaikonAll ($100 in chips) is sitting out
Seat 1: poker_soul11 ($102.46 in chips) 
Seat 2: app1e_j@ck ($106.60 in chips) 
Seat 3: MAO_DZEDYN_S ($201.19 in chips) 
MAO_DZEDYN_S: posts small blind $0.50
MaikonAll: is sitting out 
poker_soul11: posts big blind $1
*** HOLE CARDS ***
app1e_j@ck: raises $1.50 to $2.50
MAO_DZEDYN_S: folds 
poker_soul11: raises $9.50 to $12
app1e_j@ck: folds 
Uncalled bet ($9.50) returned to poker_soul11
MAO_DZEDYN_S leaves the table
poker_soul11 collected $5.50 from pot
poker_soul11: doesn't show hand 
*** SUMMARY ***
Total pot $5.50 | Rake $0 
Seat 5: MaikonAll
Seat 1: poker_soul11 (big blind) collected ($5.50)
Seat 2: app1e_j@ck (button) folded before Flop
Seat 3: MAO_DZEDYN_S (small blind) folded before Flop



PokerStars Hand #254486068680:  Hold'em No Limit ($0.50/$1.00 USD) - 2025/01/21 17:23:08 WET [2025/01/21 12:23:08 ET]
Table 'Huygens III' 6-max Seat #1 is the button
Seat 1: poker_soul11 ($105.46 in chips) 
Seat 2: app1e_j@ck ($104.10 in chips) 
Seat 5: MaikonAll ($100 in chips) 
app1e_j@ck: posts small blind $0.50
MaikonAll: posts big blind $1
*** HOLE CARDS ***
poker_soul11: folds 
app1e_j@ck: folds 
Uncalled bet ($0.50) returned to MaikonAll
MaikonAll collected $1 from pot
MaikonAll: doesn't show hand 
*** SUMMARY ***
Total pot $1 | Rake $0 
Seat 1: poker_soul11 (button) folded before Flop (didn't bet)
Seat 2: app1e_j@ck (small blind) folded before Flop
Seat 5: MaikonAll (big blind) collected ($1)



PokerStars Hand #254486074596:  Hold'em No Limit ($0.50/$1.00 USD) - 2025/01/21 17:23:32 WET [2025/01/21 12:23:32 ET]
Table 'Huygens III' 6-max Seat #2 is the button
Seat 1: poker_soul11 ($105.46 in chips) 
Seat 2: app1e_j@ck ($103.60 in chips) 
Seat 5: MaikonAll ($100.50 in chips) 
MaikonAll: posts small blind $0.50
poker_soul11: posts big blind $1
*** HOLE CARDS ***
app1e_j@ck: folds 
MaikonAll: folds 
Uncalled bet ($0.50) returned to poker_soul11
poker_soul11 collected $1 from pot
poker_soul11: doesn't show hand 
*** SUMMARY ***
Total pot $1 | Rake $0 
Seat 1: poker_soul11 (big blind) collected ($1)
Seat 2: app1e_j@ck (button) folded before Flop (didn't bet)
Seat 5: MaikonAll (small blind) folded before Flop



PokerStars Hand #254486077371:  Hold'em No Limit ($0.50/$1.00 USD) - 2025/01/21 17:23:43 WET [2025/01/21 12:23:43 ET]
Table 'Huygens III' 6-max Seat #1 is the button
Seat 2: app1e_j@ck ($103.60 in chips) is sitting out
Seat 1: poker_soul11 ($105.96 in chips) 
Seat 5: MaikonAll ($100 in chips) 
poker_soul11: posts small blind $0.50
app1e_j@ck: is sitting out 
MaikonAll: posts big blind $1
*** HOLE CARDS ***
poker_soul11: raises $1.20 to $2.20
app1e_j@ck leaves the table
MaikonAll: calls $1.20
*** FLOP *** [6d 7h Kc]
MaikonAll: checks 
poker_soul11: bets $2.76
MaikonAll: folds 
Uncalled bet ($2.76) returned to poker_soul11
poker_soul11 collected $4.18 from pot
poker_soul11: doesn't show hand 
*** SUMMARY ***
Total pot $4.40 | Rake $0.22 
Board [6d 7h Kc]
Seat 2: app1e_j@ck
Seat 1: poker_soul11 (button) (small blind) collected ($4.18)
Seat 5: MaikonAll (big blind) folded on the Flop



PokerStars Hand #254486088551:  Hold'em No Limit ($0.50/$1.00 USD) - 2025/01/21 17:24:27 WET [2025/01/21 12:24:27 ET]
Table 'Huygens III' 6-max Seat #5 is the button
Seat 1: poker_soul11 ($107.94 in chips) 
Seat 5: MaikonAll ($100 in chips) 
MaikonAll: posts small blind $0.50
poker_soul11: posts big blind $1
*** HOLE CARDS ***
MaikonAll: raises $1.50 to $2.50
poker_soul11: folds 
Uncalled bet ($1.50) returned to MaikonAll
MaikonAll collected $2 from pot
MaikonAll: doesn't show hand 
*** SUMMARY ***
Total pot $2 | Rake $0 
Seat 1: poker_soul11 (big blind) folded before Flop
Seat 5: MaikonAll (button) (small blind) collected ($2)



