PokerStars Hand #254488525097:  Hold'em No Limit ($0.50/$1.00 USD) - 2025/01/21 19:50:10 WET [2025/01/21 14:50:10 ET]
Table 'McElroy IV' 6-max Seat #5 is the button
Seat 1: Brookstj500 ($40 in chips) 
Seat 2: app1e_j@ck ($100 in chips) 
Seat 3: Supermegopro ($100 in chips) 
Seat 4: IREQO ($100 in chips) 
Seat 5: Xenicide ($100 in chips) 
robercarlos3 joins the table at seat #6 
Brookstj500: posts small blind $0.50
app1e_j@ck: posts big blind $1
*** HOLE CARDS ***
Supermegopro: folds 
IREQO: folds 
Xenicide: folds 
Brookstj500: calls $0.50
app1e_j@ck: checks 
*** FLOP *** [9h 7c 3d]
Brookstj500: bets $2
app1e_j@ck: calls $2
*** TURN *** [9h 7c 3d] [4c]
Brookstj500: checks 
app1e_j@ck: checks 
*** RIVER *** [9h 7c 3d 4c] [Qs]
Brookstj500: checks 
app1e_j@ck: checks 
*** SHOW DOWN ***
Brookstj500: shows [7d 6c] (a pair of Sevens)
app1e_j@ck: mucks hand 
Brookstj500 collected $5.70 from pot
*** SUMMARY ***
Total pot $6 | Rake $0.30 
Board [9h 7c 3d 4c Qs]
Seat 1: Brookstj500 (small blind) showed [7d 6c] and won ($5.70) with a pair of Sevens
Seat 2: app1e_j@ck (big blind) mucked
Seat 3: Supermegopro folded before Flop (didn't bet)
Seat 4: IREQO folded before Flop (didn't bet)
Seat 5: Xenicide (button) folded before Flop (didn't bet)



PokerStars Hand #254488549736:  Hold'em No Limit ($0.50/$1.00 USD) - 2025/01/21 19:51:31 WET [2025/01/21 14:51:31 ET]
Table 'McElroy IV' 6-max Seat #1 is the button
Seat 6: robercarlos3 ($100 in chips) is sitting out
Seat 1: Brookstj500 ($42.70 in chips) 
Seat 2: app1e_j@ck ($100 in chips) 
Seat 3: Supermegopro ($100 in chips) 
Seat 4: IREQO ($100 in chips) 
Seat 5: Xenicide ($100 in chips) 
app1e_j@ck: posts small blind $0.50
Supermegopro: posts big blind $1
robercarlos3: sits out 
*** HOLE CARDS ***
IREQO: folds 
Xenicide: raises $1 to $2
Brookstj500: folds 
app1e_j@ck: folds 
Supermegopro: folds 
Uncalled bet ($1) returned to Xenicide
Xenicide collected $2.50 from pot
*** SUMMARY ***
Total pot $2.50 | Rake $0 
Seat 6: robercarlos3
Seat 1: Brookstj500 (button) folded before Flop (didn't bet)
Seat 2: app1e_j@ck (small blind) folded before Flop
Seat 3: Supermegopro (big blind) folded before Flop
Seat 4: IREQO folded before Flop (didn't bet)
Seat 5: Xenicide collected ($2.50)



PokerStars Hand #254488555364:  Hold'em No Limit ($0.50/$1.00 USD) - 2025/01/21 19:51:49 WET [2025/01/21 14:51:49 ET]
Table 'McElroy IV' 6-max Seat #2 is the button
Seat 6: robercarlos3 ($100 in chips) is sitting out
Seat 1: Brookstj500 ($42.70 in chips) 
Seat 2: app1e_j@ck ($100 in chips) 
Seat 3: Supermegopro ($100 in chips) 
Seat 4: IREQO ($100 in chips) 
Seat 5: Xenicide ($101.50 in chips) 
Supermegopro: posts small blind $0.50
IREQO: posts big blind $1
robercarlos3: sits out 
*** HOLE CARDS ***
Xenicide: raises $1 to $2
Brookstj500: folds 
app1e_j@ck: folds 
Supermegopro: folds 
IREQO: folds 
Uncalled bet ($1) returned to Xenicide
Xenicide collected $2.50 from pot
*** SUMMARY ***
Total pot $2.50 | Rake $0 
Seat 6: robercarlos3
Seat 1: Brookstj500 folded before Flop (didn't bet)
Seat 2: app1e_j@ck (button) folded before Flop (didn't bet)
Seat 3: Supermegopro (small blind) folded before Flop
Seat 4: IREQO (big blind) folded before Flop
Seat 5: Xenicide collected ($2.50)



PokerStars Hand #254488559874:  Hold'em No Limit ($0.50/$1.00 USD) - 2025/01/21 19:52:04 WET [2025/01/21 14:52:04 ET]
Table 'McElroy IV' 6-max Seat #3 is the button
Seat 6: robercarlos3 ($100 in chips) is sitting out
Seat 1: Brookstj500 ($42.70 in chips) 
Seat 2: app1e_j@ck ($100 in chips) 
Seat 3: Supermegopro ($100 in chips) 
Seat 4: IREQO ($100 in chips) 
Seat 5: Xenicide ($103 in chips) 
IREQO: posts small blind $0.50
Xenicide: posts big blind $1
robercarlos3: sits out 
*** HOLE CARDS ***
Brookstj500: folds 
app1e_j@ck: folds 
Supermegopro: folds 
IREQO: folds 
Uncalled bet ($0.50) returned to Xenicide
Xenicide collected $1 from pot
*** SUMMARY ***
Total pot $1 | Rake $0 
Seat 6: robercarlos3
Seat 1: Brookstj500 folded before Flop (didn't bet)
Seat 2: app1e_j@ck folded before Flop (didn't bet)
Seat 3: Supermegopro (button) folded before Flop (didn't bet)
Seat 4: IREQO (small blind) folded before Flop
Seat 5: Xenicide (big blind) collected ($1)



PokerStars Hand #254488564327:  Hold'em No Limit ($0.50/$1.00 USD) - 2025/01/21 19:52:19 WET [2025/01/21 14:52:19 ET]
Table 'McElroy IV' 6-max Seat #4 is the button
Seat 1: Brookstj500 ($42.70 in chips) 
Seat 2: app1e_j@ck ($100 in chips) 
Seat 3: Supermegopro ($100 in chips) 
Seat 4: IREQO ($100 in chips) 
Seat 5: Xenicide ($103.50 in chips) 
Seat 6: robercarlos3 ($100 in chips) 
Xenicide: posts small blind $0.50
robercarlos3: posts big blind $1
*** HOLE CARDS ***
Brookstj500: folds 
app1e_j@ck: folds 
Supermegopro: raises $1.50 to $2.50
IREQO: folds 
Xenicide: folds 
robercarlos3: raises $8.50 to $11
Supermegopro: raises $14 to $25
robercarlos3: calls $14
*** FLOP *** [6h 7h Td]
robercarlos3: checks 
Supermegopro: bets $75 and is all-in
robercarlos3: calls $75 and is all-in
*** TURN *** [6h 7h Td] [Qh]
*** RIVER *** [6h 7h Td Qh] [Kh]
*** SHOW DOWN ***
robercarlos3: shows [Ac Tc] (a pair of Tens)
Supermegopro: shows [Ks Kc] (three of a kind, Kings)
Supermegopro collected $198 from pot
*** SUMMARY ***
Total pot $200.50 | Rake $2.50 
Board [6h 7h Td Qh Kh]
Seat 1: Brookstj500 folded before Flop (didn't bet)
Seat 2: app1e_j@ck folded before Flop (didn't bet)
Seat 3: Supermegopro showed [Ks Kc] and won ($198) with three of a kind, Kings
Seat 4: IREQO (button) folded before Flop (didn't bet)
Seat 5: Xenicide (small blind) folded before Flop
Seat 6: robercarlos3 (big blind) showed [Ac Tc] and lost with a pair of Tens



PokerStars Hand #254488587244:  Hold'em No Limit ($0.50/$1.00 USD) - 2025/01/21 19:53:35 WET [2025/01/21 14:53:35 ET]
Table 'McElroy IV' 6-max Seat #5 is the button
Seat 1: Brookstj500 ($42.70 in chips) 
Seat 2: app1e_j@ck ($100 in chips) 
Seat 3: Supermegopro ($198 in chips) 
Seat 4: IREQO ($100 in chips) 
Seat 5: Xenicide ($103 in chips) 
Seat 6: robercarlos3 ($100 in chips) 
robercarlos3: posts small blind $0.50
Brookstj500: posts big blind $1
*** HOLE CARDS ***
app1e_j@ck: folds 
Supermegopro: raises $1.50 to $2.50
IREQO: folds 
Xenicide: folds 
robercarlos3: folds 
Brookstj500: folds 
Uncalled bet ($1.50) returned to Supermegopro
Supermegopro collected $2.50 from pot
Supermegopro: doesn't show hand 
*** SUMMARY ***
Total pot $2.50 | Rake $0 
Seat 1: Brookstj500 (big blind) folded before Flop
Seat 2: app1e_j@ck folded before Flop (didn't bet)
Seat 3: Supermegopro collected ($2.50)
Seat 4: IREQO folded before Flop (didn't bet)
Seat 5: Xenicide (button) folded before Flop (didn't bet)
Seat 6: robercarlos3 (small blind) folded before Flop



PokerStars Hand #254488593202:  Hold'em No Limit ($0.50/$1.00 USD) - 2025/01/21 19:53:54 WET [2025/01/21 14:53:54 ET]
Table 'McElroy IV' 6-max Seat #6 is the button
Seat 2: app1e_j@ck ($100 in chips) is sitting out
Seat 1: Brookstj500 ($41.70 in chips) 
Seat 3: Supermegopro ($199.50 in chips) 
Seat 4: IREQO ($100 in chips) 
Seat 5: Xenicide ($103 in chips) 
Seat 6: robercarlos3 ($100 in chips) 
Brookstj500: posts small blind $0.50
app1e_j@ck: is sitting out 
Supermegopro: posts big blind $1
*** HOLE CARDS ***
app1e_j@ck leaves the table
IREQO: raises $1.50 to $2.50
Xenicide: raises $4.50 to $7
robercarlos3: folds 
Brookstj500: folds 
z00mba joins the table at seat #2 
Supermegopro: folds 
IREQO: folds 
Uncalled bet ($4.50) returned to Xenicide
Xenicide collected $6.50 from pot
*** SUMMARY ***
Total pot $6.50 | Rake $0 
Seat 2: app1e_j@ck
Seat 1: Brookstj500 (small blind) folded before Flop
Seat 3: Supermegopro (big blind) folded before Flop
Seat 4: IREQO folded before Flop
Seat 5: Xenicide collected ($6.50)
Seat 6: robercarlos3 (button) folded before Flop (didn't bet)



PokerStars Hand #254488600580:  Hold'em No Limit ($0.50/$1.00 USD) - 2025/01/21 19:54:19 WET [2025/01/21 14:54:19 ET]
Table 'McElroy IV' 6-max Seat #1 is the button
Seat 2: z00mba ($100 in chips) is sitting out
Seat 1: Brookstj500 ($41.20 in chips) 
Seat 3: Supermegopro ($198.50 in chips) 
Seat 4: IREQO ($100 in chips) 
Seat 5: Xenicide ($107 in chips) 
Seat 6: robercarlos3 ($100 in chips) 
Supermegopro: posts small blind $0.50
IREQO: posts big blind $1
*** HOLE CARDS ***
Xenicide: raises $1 to $2
robercarlos3: folds 
Brookstj500: folds 
Supermegopro: folds 
IREQO: folds 
Uncalled bet ($1) returned to Xenicide
Xenicide collected $2.50 from pot
*** SUMMARY ***
Total pot $2.50 | Rake $0 
Seat 2: z00mba
Seat 1: Brookstj500 (button) folded before Flop (didn't bet)
Seat 3: Supermegopro (small blind) folded before Flop
Seat 4: IREQO (big blind) folded before Flop
Seat 5: Xenicide collected ($2.50)
Seat 6: robercarlos3 folded before Flop (didn't bet)



PokerStars Hand #254488604278:  Hold'em No Limit ($0.50/$1.00 USD) - 2025/01/21 19:54:32 WET [2025/01/21 14:54:32 ET]
Table 'McElroy IV' 6-max Seat #3 is the button
Seat 2: z00mba ($100 in chips) is sitting out
Seat 1: Brookstj500 ($41.20 in chips) 
Seat 3: Supermegopro ($198 in chips) 
Seat 4: IREQO ($100 in chips) 
Seat 5: Xenicide ($108.50 in chips) 
Seat 6: robercarlos3 ($100 in chips) 
IREQO: posts small blind $0.50
Xenicide: posts big blind $1
z00mba: sits out 
*** HOLE CARDS ***
robercarlos3: folds 
Brookstj500: calls $1
Supermegopro: folds 
IREQO: folds 
Xenicide: checks 
*** FLOP *** [5s 2d 2c]
Xenicide: bets $1
Brookstj500: calls $1
*** TURN *** [5s 2d 2c] [8c]
Xenicide: bets $5
Brookstj500: folds 
Uncalled bet ($5) returned to Xenicide
Xenicide collected $4.28 from pot
*** SUMMARY ***
Total pot $4.50 | Rake $0.22 
Board [5s 2d 2c 8c]
Seat 2: z00mba
Seat 1: Brookstj500 folded on the Turn
Seat 3: Supermegopro (button) folded before Flop (didn't bet)
Seat 4: IREQO (small blind) folded before Flop
Seat 5: Xenicide (big blind) collected ($4.28)
Seat 6: robercarlos3 folded before Flop (didn't bet)



PokerStars Hand #254488614106:  Hold'em No Limit ($0.50/$1.00 USD) - 2025/01/21 19:55:05 WET [2025/01/21 14:55:05 ET]
Table 'McElroy IV' 6-max Seat #4 is the button
Seat 2: z00mba ($100 in chips) is sitting out
Seat 1: Brookstj500 ($39.20 in chips) 
Seat 3: Supermegopro ($198 in chips) 
Seat 4: IREQO ($100 in chips) 
Seat 5: Xenicide ($110.78 in chips) 
Seat 6: robercarlos3 ($100 in chips) 
Xenicide: posts small blind $0.50
robercarlos3: posts big blind $1
z00mba: sits out 
*** HOLE CARDS ***
Brookstj500: raises $2.50 to $3.50
Supermegopro: folds 
IREQO: folds 
Xenicide: raises $9.50 to $13
robercarlos3: folds 
Brookstj500: raises $26.20 to $39.20 and is all-in
Xenicide: calls $26.20
*** FLOP *** [Tc 4s 2c]
*** TURN *** [Tc 4s 2c] [6d]
*** RIVER *** [Tc 4s 2c 6d] [Js]
*** SHOW DOWN ***
Xenicide: shows [Ah Ks] (high card Ace)
Brookstj500: shows [Ad Ac] (a pair of Aces)
Brookstj500 cashed out the hand for $69.77 | Cash Out Fee $1.42
*** SUMMARY ***
Total pot $79.40 | Rake $2.50 
Board [Tc 4s 2c 6d Js]
Seat 2: z00mba
Seat 1: Brookstj500 showed [Ad Ac] and won ($76.90) with a pair of Aces (pot not awarded as player cashed out)
Seat 3: Supermegopro folded before Flop (didn't bet)
Seat 4: IREQO (button) folded before Flop (didn't bet)
Seat 5: Xenicide (small blind) showed [Ah Ks] and lost with high card Ace
Seat 6: robercarlos3 (big blind) folded before Flop



PokerStars Hand #254488625489:  Hold'em No Limit ($0.50/$1.00 USD) - 2025/01/21 19:55:56 WET [2025/01/21 14:55:56 ET]
Table 'McElroy IV' 6-max Seat #5 is the button
Seat 2: z00mba ($100 in chips) is sitting out
Seat 1: Brookstj500 ($69.77 in chips) 
Seat 3: Supermegopro ($198 in chips) 
Seat 4: IREQO ($100 in chips) 
Seat 5: Xenicide ($100 in chips) 
Seat 6: robercarlos3 ($100 in chips) 
robercarlos3: posts small blind $0.50
Brookstj500: posts big blind $1
z00mba: sits out 
*** HOLE CARDS ***
Supermegopro: raises $1.50 to $2.50
IREQO: folds 
Xenicide: folds 
robercarlos3: folds 
Brookstj500: calls $1.50
*** FLOP *** [Ks 6c 4d]
Brookstj500: checks 
Supermegopro: bets $2.61
Brookstj500: folds 
Uncalled bet ($2.61) returned to Supermegopro
Supermegopro collected $5.22 from pot
Supermegopro: doesn't show hand 
*** SUMMARY ***
Total pot $5.50 | Rake $0.28 
Board [Ks 6c 4d]
Seat 2: z00mba
Seat 1: Brookstj500 (big blind) folded on the Flop
Seat 3: Supermegopro collected ($5.22)
Seat 4: IREQO folded before Flop (didn't bet)
Seat 5: Xenicide (button) folded before Flop (didn't bet)
Seat 6: robercarlos3 (small blind) folded before Flop



PokerStars Hand #254488631756:  Hold'em No Limit ($0.50/$1.00 USD) - 2025/01/21 19:56:24 WET [2025/01/21 14:56:24 ET]
Table 'McElroy IV' 6-max Seat #6 is the button
Seat 1: Brookstj500 ($67.27 in chips) 
Seat 2: z00mba ($100 in chips) 
Seat 3: Supermegopro ($200.72 in chips) 
Seat 4: IREQO ($100 in chips) 
Seat 5: Xenicide ($100 in chips) 
Seat 6: robercarlos3 ($100 in chips) 
Brookstj500: posts small blind $0.50
z00mba: posts big blind $1
*** HOLE CARDS ***
Supermegopro: raises $1.50 to $2.50
IREQO: folds 
Xenicide: folds 
robercarlos3: folds 
Brookstj500: folds 
z00mba: folds 
Uncalled bet ($1.50) returned to Supermegopro
Supermegopro collected $2.50 from pot
Supermegopro: doesn't show hand 
*** SUMMARY ***
Total pot $2.50 | Rake $0 
Seat 1: Brookstj500 (small blind) folded before Flop
Seat 2: z00mba (big blind) folded before Flop
Seat 3: Supermegopro collected ($2.50)
Seat 4: IREQO folded before Flop (didn't bet)
Seat 5: Xenicide folded before Flop (didn't bet)
Seat 6: robercarlos3 (button) folded before Flop (didn't bet)



PokerStars Hand #254488635008:  Hold'em No Limit ($0.50/$1.00 USD) - 2025/01/21 19:56:39 WET [2025/01/21 14:56:39 ET]
Table 'McElroy IV' 6-max Seat #1 is the button
Seat 3: Supermegopro ($202.22 in chips) is sitting out
Seat 1: Brookstj500 ($66.77 in chips) 
Seat 2: z00mba ($100 in chips) 
Seat 4: IREQO ($100 in chips) 
Seat 5: Xenicide ($100 in chips) 
Seat 6: robercarlos3 ($100 in chips) 
z00mba: posts small blind $0.50
Supermegopro: is sitting out 
IREQO: posts big blind $1
*** HOLE CARDS ***
Supermegopro leaves the table
Xenicide: folds 
robercarlos3: folds 
Brookstj500: folds 
z00mba: raises $2 to $3
xcinaz joins the table at seat #3 
IREQO: calls $2
*** FLOP *** [6c 6s Qs]
z00mba: checks 
IREQO: bets $2.85
z00mba: calls $2.85
*** TURN *** [6c 6s Qs] [3d]
z00mba: checks 
IREQO: bets $7
z00mba: folds 
Uncalled bet ($7) returned to IREQO
IREQO collected $11.12 from pot
IREQO: doesn't show hand 
*** SUMMARY ***
Total pot $11.70 | Rake $0.58 
Board [6c 6s Qs 3d]
Seat 3: Supermegopro
Seat 1: Brookstj500 (button) folded before Flop (didn't bet)
Seat 2: z00mba (small blind) folded on the Turn
Seat 4: IREQO (big blind) collected ($11.12)
Seat 5: Xenicide folded before Flop (didn't bet)
Seat 6: robercarlos3 folded before Flop (didn't bet)



PokerStars Hand #254488648169:  Hold'em No Limit ($0.50/$1.00 USD) - 2025/01/21 19:57:38 WET [2025/01/21 14:57:38 ET]
Table 'McElroy IV' 6-max Seat #2 is the button
Seat 3: xcinaz ($100 in chips) is sitting out
Seat 1: Brookstj500 ($66.77 in chips) 
Seat 2: z00mba ($100 in chips) 
Seat 4: IREQO ($105.27 in chips) 
Seat 5: Xenicide ($100 in chips) 
Seat 6: robercarlos3 ($100 in chips) 
IREQO: posts small blind $0.50
Xenicide: posts big blind $1
*** HOLE CARDS ***
robercarlos3: folds 
Brookstj500 has timed out
Brookstj500: folds 
z00mba: raises $1.50 to $2.50
IREQO: folds 
Xenicide: folds 
Uncalled bet ($1.50) returned to z00mba
z00mba collected $2.50 from pot
z00mba: doesn't show hand 
*** SUMMARY ***
Total pot $2.50 | Rake $0 
Seat 3: xcinaz
Seat 1: Brookstj500 folded before Flop (didn't bet)
Seat 2: z00mba (button) collected ($2.50)
Seat 4: IREQO (small blind) folded before Flop
Seat 5: Xenicide (big blind) folded before Flop
Seat 6: robercarlos3 folded before Flop (didn't bet)



PokerStars Hand #254488653090:  Hold'em No Limit ($0.50/$1.00 USD) - 2025/01/21 19:58:01 WET [2025/01/21 14:58:01 ET]
Table 'McElroy IV' 6-max Seat #4 is the button
Seat 3: xcinaz ($100 in chips) is sitting out
Seat 1: Brookstj500 ($66.77 in chips) 
Seat 2: z00mba ($101.50 in chips) 
Seat 4: IREQO ($104.77 in chips) 
Seat 5: Xenicide ($100 in chips) 
Seat 6: robercarlos3 ($100 in chips) 
Xenicide: posts small blind $0.50
robercarlos3: posts big blind $1
xcinaz: sits out 
*** HOLE CARDS ***
Brookstj500: calls $1
z00mba: folds 
IREQO: folds 
Xenicide: raises $4.50 to $5.50
robercarlos3: folds 
Brookstj500: folds 
Uncalled bet ($4.50) returned to Xenicide
Xenicide collected $3 from pot
*** SUMMARY ***
Total pot $3 | Rake $0 
Seat 3: xcinaz
Seat 1: Brookstj500 folded before Flop
Seat 2: z00mba folded before Flop (didn't bet)
Seat 4: IREQO (button) folded before Flop (didn't bet)
Seat 5: Xenicide (small blind) collected ($3)
Seat 6: robercarlos3 (big blind) folded before Flop



PokerStars Hand #254488662536:  Hold'em No Limit ($0.50/$1.00 USD) - 2025/01/21 19:58:44 WET [2025/01/21 14:58:44 ET]
Table 'McElroy IV' 6-max Seat #5 is the button
Seat 3: xcinaz ($100 in chips) is sitting out
Seat 1: Brookstj500 ($65.77 in chips) 
Seat 2: z00mba ($101.50 in chips) 
Seat 4: IREQO ($104.77 in chips) 
Seat 5: Xenicide ($102 in chips) 
Seat 6: robercarlos3 ($100 in chips) 
robercarlos3: posts small blind $0.50
Brookstj500: posts big blind $1
xcinaz: sits out 
*** HOLE CARDS ***
z00mba: folds 
IREQO: folds 
Xenicide: folds 
robercarlos3: raises $1.50 to $2.50
Brookstj500: calls $1.50
*** FLOP *** [8s 7d 3s]
robercarlos3: checks 
Brookstj500: bets $4.75
robercarlos3: raises $92.75 to $97.50 and is all-in
Brookstj500: folds [7s]
Uncalled bet ($92.75) returned to robercarlos3
robercarlos3 collected $13.78 from pot
robercarlos3: doesn't show hand 
*** SUMMARY ***
Total pot $14.50 | Rake $0.72 
Board [8s 7d 3s]
Seat 3: xcinaz
Seat 1: Brookstj500 (big blind) folded on the Flop
Seat 2: z00mba folded before Flop (didn't bet)
Seat 4: IREQO folded before Flop (didn't bet)
Seat 5: Xenicide (button) folded before Flop (didn't bet)
Seat 6: robercarlos3 (small blind) collected ($13.78)



PokerStars Hand #254488676130:  Hold'em No Limit ($0.50/$1.00 USD) - 2025/01/21 19:59:45 WET [2025/01/21 14:59:45 ET]
Table 'McElroy IV' 6-max Seat #6 is the button
Seat 3: xcinaz ($100 in chips) is sitting out
Seat 1: Brookstj500 ($58.52 in chips) 
Seat 2: z00mba ($101.50 in chips) 
Seat 4: IREQO ($104.77 in chips) 
Seat 5: Xenicide ($102 in chips) 
Seat 6: robercarlos3 ($106.53 in chips) 
Brookstj500: posts small blind $0.50
z00mba: posts big blind $1
xcinaz: sits out 
*** HOLE CARDS ***
IREQO: folds 
Xenicide: raises $1 to $2
robercarlos3: raises $5.75 to $7.75
Brookstj500: folds 
z00mba: folds 
Xenicide: folds 
Uncalled bet ($5.75) returned to robercarlos3
robercarlos3 collected $5.50 from pot
robercarlos3: doesn't show hand 
*** SUMMARY ***
Total pot $5.50 | Rake $0 
Seat 3: xcinaz
Seat 1: Brookstj500 (small blind) folded before Flop
Seat 2: z00mba (big blind) folded before Flop
Seat 4: IREQO folded before Flop (didn't bet)
Seat 5: Xenicide folded before Flop
Seat 6: robercarlos3 (button) collected ($5.50)



PokerStars Hand #254488680742:  Hold'em No Limit ($0.50/$1.00 USD) - 2025/01/21 20:00:06 WET [2025/01/21 15:00:06 ET]
Table 'McElroy IV' 6-max Seat #1 is the button
Seat 1: Brookstj500 ($58.02 in chips) 
Seat 2: z00mba ($100.50 in chips) 
Seat 3: xcinaz ($100 in chips) 
Seat 4: IREQO ($104.77 in chips) 
Seat 5: Xenicide ($100 in chips) 
Seat 6: robercarlos3 ($110.03 in chips) 
z00mba: posts small blind $0.50
xcinaz: posts big blind $1
*** HOLE CARDS ***
IREQO: folds 
Xenicide: folds 
robercarlos3: folds 
Brookstj500: folds 
z00mba: raises $2 to $3
xcinaz: raises $6 to $9
z00mba: folds 
Uncalled bet ($6) returned to xcinaz
xcinaz collected $6 from pot
xcinaz: doesn't show hand 
*** SUMMARY ***
Total pot $6 | Rake $0 
Seat 1: Brookstj500 (button) folded before Flop (didn't bet)
Seat 2: z00mba (small blind) folded before Flop
Seat 3: xcinaz (big blind) collected ($6)
Seat 4: IREQO folded before Flop (didn't bet)
Seat 5: Xenicide folded before Flop (didn't bet)
Seat 6: robercarlos3 folded before Flop (didn't bet)



PokerStars Hand #254488690378:  Hold'em No Limit ($0.50/$1.00 USD) - 2025/01/21 20:00:46 WET [2025/01/21 15:00:46 ET]
Table 'McElroy IV' 6-max Seat #2 is the button
Seat 1: Brookstj500 ($58.02 in chips) 
Seat 2: z00mba ($100 in chips) 
Seat 3: xcinaz ($103 in chips) 
Seat 4: IREQO ($104.77 in chips) 
Seat 5: Xenicide ($100 in chips) 
Seat 6: robercarlos3 ($110.03 in chips) 
xcinaz: posts small blind $0.50
IREQO: posts big blind $1
*** HOLE CARDS ***
Xenicide: raises $1 to $2
robercarlos3: raises $5.75 to $7.75
Brookstj500: folds 
z00mba: folds 
xcinaz: folds 
IREQO: folds 
Xenicide: folds 
Uncalled bet ($5.75) returned to robercarlos3
robercarlos3 collected $5.50 from pot
robercarlos3: doesn't show hand 
*** SUMMARY ***
Total pot $5.50 | Rake $0 
Seat 1: Brookstj500 folded before Flop (didn't bet)
Seat 2: z00mba (button) folded before Flop (didn't bet)
Seat 3: xcinaz (small blind) folded before Flop
Seat 4: IREQO (big blind) folded before Flop
Seat 5: Xenicide folded before Flop
Seat 6: robercarlos3 collected ($5.50)



PokerStars Hand #254488699378:  Hold'em No Limit ($0.50/$1.00 USD) - 2025/01/21 20:01:21 WET [2025/01/21 15:01:21 ET]
Table 'McElroy IV' 6-max Seat #3 is the button
Seat 1: Brookstj500 ($58.02 in chips) 
Seat 2: z00mba ($100 in chips) 
Seat 3: xcinaz ($102.50 in chips) 
Seat 4: IREQO ($103.77 in chips) 
Seat 5: Xenicide ($100 in chips) 
Seat 6: robercarlos3 ($113.53 in chips) 
IREQO: posts small blind $0.50
Xenicide: posts big blind $1
*** HOLE CARDS ***
robercarlos3: raises $1.30 to $2.30
Brookstj500: folds 
z00mba: folds 
xcinaz: folds 
IREQO: folds 
Xenicide: folds 
Uncalled bet ($1.30) returned to robercarlos3
robercarlos3 collected $2.50 from pot
robercarlos3: doesn't show hand 
*** SUMMARY ***
Total pot $2.50 | Rake $0 
Seat 1: Brookstj500 folded before Flop (didn't bet)
Seat 2: z00mba folded before Flop (didn't bet)
Seat 3: xcinaz (button) folded before Flop (didn't bet)
Seat 4: IREQO (small blind) folded before Flop
Seat 5: Xenicide (big blind) folded before Flop
Seat 6: robercarlos3 collected ($2.50)



PokerStars Hand #254488706423:  Hold'em No Limit ($0.50/$1.00 USD) - 2025/01/21 20:01:47 WET [2025/01/21 15:01:47 ET]
Table 'McElroy IV' 6-max Seat #4 is the button
Seat 1: Brookstj500 ($58.02 in chips) 
Seat 2: z00mba ($100 in chips) 
Seat 3: xcinaz ($102.50 in chips) 
Seat 4: IREQO ($103.27 in chips) 
Seat 5: Xenicide ($100 in chips) 
Seat 6: robercarlos3 ($115.03 in chips) 
Xenicide: posts small blind $0.50
robercarlos3: posts big blind $1
*** HOLE CARDS ***
Brookstj500: folds 
z00mba: folds 
xcinaz: folds 
IREQO: raises $1.50 to $2.50
Xenicide: folds 
robercarlos3: calls $1.50
*** FLOP *** [2h Tc 4d]
robercarlos3: checks 
IREQO: bets $1.72
robercarlos3: raises $6.28 to $8
IREQO: folds 
Uncalled bet ($6.28) returned to robercarlos3
robercarlos3 collected $8.49 from pot
robercarlos3: doesn't show hand 
*** SUMMARY ***
Total pot $8.94 | Rake $0.45 
Board [2h Tc 4d]
Seat 1: Brookstj500 folded before Flop (didn't bet)
Seat 2: z00mba folded before Flop (didn't bet)
Seat 3: xcinaz folded before Flop (didn't bet)
Seat 4: IREQO (button) folded on the Flop
Seat 5: Xenicide (small blind) folded before Flop
Seat 6: robercarlos3 (big blind) collected ($8.49)



PokerStars Hand #254488722246:  Hold'em No Limit ($0.50/$1.00 USD) - 2025/01/21 20:02:42 WET [2025/01/21 15:02:42 ET]
Table 'McElroy IV' 6-max Seat #5 is the button
Seat 1: Brookstj500 ($58.02 in chips) 
Seat 2: z00mba ($100 in chips) 
Seat 3: xcinaz ($102.50 in chips) 
Seat 4: IREQO ($100 in chips) 
Seat 5: Xenicide ($100 in chips) 
Seat 6: robercarlos3 ($119.30 in chips) 
robercarlos3: posts small blind $0.50
Brookstj500: posts big blind $1
*** HOLE CARDS ***
z00mba: folds 
xcinaz: raises $1 to $2
IREQO: folds 
Xenicide: folds 
robercarlos3: folds 
Brookstj500: calls $1
*** FLOP *** [4h 6s Tc]
Brookstj500: checks 
xcinaz: bets $3.64
Brookstj500: folds 
Uncalled bet ($3.64) returned to xcinaz
xcinaz collected $4.28 from pot
xcinaz: doesn't show hand 
*** SUMMARY ***
Total pot $4.50 | Rake $0.22 
Board [4h 6s Tc]
Seat 1: Brookstj500 (big blind) folded on the Flop
Seat 2: z00mba folded before Flop (didn't bet)
Seat 3: xcinaz collected ($4.28)
Seat 4: IREQO folded before Flop (didn't bet)
Seat 5: Xenicide (button) folded before Flop (didn't bet)
Seat 6: robercarlos3 (small blind) folded before Flop



PokerStars Hand #254488734689:  Hold'em No Limit ($0.50/$1.00 USD) - 2025/01/21 20:03:25 WET [2025/01/21 15:03:25 ET]
Table 'McElroy IV' 6-max Seat #6 is the button
Seat 1: Brookstj500 ($56.02 in chips) 
Seat 2: z00mba ($100 in chips) 
Seat 3: xcinaz ($104.78 in chips) 
Seat 4: IREQO ($100 in chips) 
Seat 5: Xenicide ($100 in chips) 
Seat 6: robercarlos3 ($118.80 in chips) 
Brookstj500: posts small blind $0.50
z00mba: posts big blind $1
*** HOLE CARDS ***
xcinaz: folds 
IREQO: folds 
Xenicide: raises $1 to $2
robercarlos3: folds 
Brookstj500: folds 
z00mba: folds 
Uncalled bet ($1) returned to Xenicide
Xenicide collected $2.50 from pot
*** SUMMARY ***
Total pot $2.50 | Rake $0 
Seat 1: Brookstj500 (small blind) folded before Flop
Seat 2: z00mba (big blind) folded before Flop
Seat 3: xcinaz folded before Flop (didn't bet)
Seat 4: IREQO folded before Flop (didn't bet)
Seat 5: Xenicide collected ($2.50)
Seat 6: robercarlos3 (button) folded before Flop (didn't bet)



PokerStars Hand #254488741418:  Hold'em No Limit ($0.50/$1.00 USD) - 2025/01/21 20:03:48 WET [2025/01/21 15:03:48 ET]
Table 'McElroy IV' 6-max Seat #1 is the button
Seat 1: Brookstj500 ($55.52 in chips) 
Seat 2: z00mba ($100 in chips) 
Seat 3: xcinaz ($104.78 in chips) 
Seat 4: IREQO ($100 in chips) 
Seat 5: Xenicide ($101.50 in chips) 
Seat 6: robercarlos3 ($118.80 in chips) 
z00mba: posts small blind $0.50
xcinaz: posts big blind $1
*** HOLE CARDS ***
IREQO: raises $1.50 to $2.50
Xenicide: folds 
robercarlos3: folds 
Brookstj500: folds 
z00mba: folds 
xcinaz: folds 
Uncalled bet ($1.50) returned to IREQO
IREQO collected $2.50 from pot
IREQO: doesn't show hand 
*** SUMMARY ***
Total pot $2.50 | Rake $0 
Seat 1: Brookstj500 (button) folded before Flop (didn't bet)
Seat 2: z00mba (small blind) folded before Flop
Seat 3: xcinaz (big blind) folded before Flop
Seat 4: IREQO collected ($2.50)
Seat 5: Xenicide folded before Flop (didn't bet)
Seat 6: robercarlos3 folded before Flop (didn't bet)



PokerStars Hand #254488754543:  Hold'em No Limit ($0.50/$1.00 USD) - 2025/01/21 20:04:33 WET [2025/01/21 15:04:33 ET]
Table 'McElroy IV' 6-max Seat #2 is the button
Seat 1: Brookstj500 ($55.52 in chips) 
Seat 2: z00mba ($100 in chips) 
Seat 3: xcinaz ($103.78 in chips) 
Seat 4: IREQO ($101.50 in chips) 
Seat 5: Xenicide ($101.50 in chips) 
Seat 6: robercarlos3 ($118.80 in chips) 
xcinaz: posts small blind $0.50
IREQO: posts big blind $1
*** HOLE CARDS ***
Xenicide: folds 
robercarlos3: folds 
Brookstj500: raises $3 to $4
z00mba: folds 
xcinaz: folds 
IREQO: folds 
Uncalled bet ($3) returned to Brookstj500
Brookstj500 collected $2.50 from pot
Brookstj500: doesn't show hand 
*** SUMMARY ***
Total pot $2.50 | Rake $0 
Seat 1: Brookstj500 collected ($2.50)
Seat 2: z00mba (button) folded before Flop (didn't bet)
Seat 3: xcinaz (small blind) folded before Flop
Seat 4: IREQO (big blind) folded before Flop
Seat 5: Xenicide folded before Flop (didn't bet)
Seat 6: robercarlos3 folded before Flop (didn't bet)



PokerStars Hand #254488760970:  Hold'em No Limit ($0.50/$1.00 USD) - 2025/01/21 20:04:54 WET [2025/01/21 15:04:54 ET]
Table 'McElroy IV' 6-max Seat #3 is the button
Seat 1: Brookstj500 ($57.02 in chips) 
Seat 2: z00mba ($100 in chips) 
Seat 3: xcinaz ($103.28 in chips) 
Seat 4: IREQO ($100.50 in chips) 
Seat 5: Xenicide ($101.50 in chips) 
Seat 6: robercarlos3 ($118.80 in chips) 
IREQO: posts small blind $0.50
Xenicide: posts big blind $1
*** HOLE CARDS ***
robercarlos3: raises $1.30 to $2.30
Brookstj500: folds 
z00mba: folds 
xcinaz: folds 
IREQO: folds 
Xenicide: calls $1.30
*** FLOP *** [Kh Kc 4s]
Xenicide: checks 
robercarlos3: checks 
*** TURN *** [Kh Kc 4s] [9s]
Xenicide: checks 
robercarlos3: bets $3.73
Xenicide: folds 
Uncalled bet ($3.73) returned to robercarlos3
robercarlos3 collected $4.84 from pot
robercarlos3: doesn't show hand 
*** SUMMARY ***
Total pot $5.10 | Rake $0.26 
Board [Kh Kc 4s 9s]
Seat 1: Brookstj500 folded before Flop (didn't bet)
Seat 2: z00mba folded before Flop (didn't bet)
Seat 3: xcinaz (button) folded before Flop (didn't bet)
Seat 4: IREQO (small blind) folded before Flop
Seat 5: Xenicide (big blind) folded on the Turn
Seat 6: robercarlos3 collected ($4.84)



PokerStars Hand #254488779994:  Hold'em No Limit ($0.50/$1.00 USD) - 2025/01/21 20:05:58 WET [2025/01/21 15:05:58 ET]
Table 'McElroy IV' 6-max Seat #4 is the button
Seat 1: Brookstj500 ($57.02 in chips) 
Seat 2: z00mba ($100 in chips) 
Seat 3: xcinaz ($103.28 in chips) 
Seat 4: IREQO ($100 in chips) 
Seat 5: Xenicide ($100 in chips) 
Seat 6: robercarlos3 ($121.34 in chips) 
Xenicide: posts small blind $0.50
robercarlos3: posts big blind $1
*** HOLE CARDS ***
Brookstj500: folds 
z00mba: folds 
xcinaz: folds 
IREQO: raises $1.50 to $2.50
Xenicide: folds 
robercarlos3: calls $1.50
*** FLOP *** [3s Jd Tc]
robercarlos3: checks 
IREQO: checks 
*** TURN *** [3s Jd Tc] [9d]
robercarlos3: checks 
IREQO: checks 
*** RIVER *** [3s Jd Tc 9d] [6s]
robercarlos3: bets $1.67
IREQO: calls $1.67
*** SHOW DOWN ***
robercarlos3: shows [3h 4h] (a pair of Threes)
IREQO: shows [Kd Ts] (a pair of Tens)
IREQO collected $8.40 from pot
*** SUMMARY ***
Total pot $8.84 | Rake $0.44 
Board [3s Jd Tc 9d 6s]
Seat 1: Brookstj500 folded before Flop (didn't bet)
Seat 2: z00mba folded before Flop (didn't bet)
Seat 3: xcinaz folded before Flop (didn't bet)
Seat 4: IREQO (button) showed [Kd Ts] and won ($8.40) with a pair of Tens
Seat 5: Xenicide (small blind) folded before Flop
Seat 6: robercarlos3 (big blind) showed [3h 4h] and lost with a pair of Threes



PokerStars Hand #254488803749:  Hold'em No Limit ($0.50/$1.00 USD) - 2025/01/21 20:07:17 WET [2025/01/21 15:07:17 ET]
Table 'McElroy IV' 6-max Seat #5 is the button
Seat 1: Brookstj500 ($57.02 in chips) 
Seat 2: z00mba ($100 in chips) 
Seat 3: xcinaz ($103.28 in chips) 
Seat 4: IREQO ($104.23 in chips) 
Seat 5: Xenicide ($100 in chips) 
Seat 6: robercarlos3 ($117.17 in chips) 
robercarlos3: posts small blind $0.50
Brookstj500: posts big blind $1
*** HOLE CARDS ***
z00mba: raises $1.50 to $2.50
xcinaz: folds 
IREQO: folds 
Xenicide: folds 
robercarlos3: folds 
Brookstj500: calls $1.50
*** FLOP *** [5d As 3s]
Brookstj500: checks 
z00mba: bets $3
Brookstj500: folds 
Uncalled bet ($3) returned to z00mba
z00mba collected $5.22 from pot
z00mba: doesn't show hand 
*** SUMMARY ***
Total pot $5.50 | Rake $0.28 
Board [5d As 3s]
Seat 1: Brookstj500 (big blind) folded on the Flop
Seat 2: z00mba collected ($5.22)
Seat 3: xcinaz folded before Flop (didn't bet)
Seat 4: IREQO folded before Flop (didn't bet)
Seat 5: Xenicide (button) folded before Flop (didn't bet)
Seat 6: robercarlos3 (small blind) folded before Flop



PokerStars Hand #254488816424:  Hold'em No Limit ($0.50/$1.00 USD) - 2025/01/21 20:07:59 WET [2025/01/21 15:07:59 ET]
Table 'McElroy IV' 6-max Seat #6 is the button
Seat 1: Brookstj500 ($54.52 in chips) 
Seat 2: z00mba ($102.72 in chips) 
Seat 3: xcinaz ($103.28 in chips) 
Seat 4: IREQO ($104.23 in chips) 
Seat 5: Xenicide ($100 in chips) 
Seat 6: robercarlos3 ($116.67 in chips) 
Brookstj500: posts small blind $0.50
z00mba: posts big blind $1
*** HOLE CARDS ***
xcinaz: raises $1 to $2
IREQO: folds 
Xenicide: raises $4 to $6
robercarlos3: folds 
Brookstj500: folds 
z00mba: folds 
xcinaz: raises $12 to $18
Xenicide: folds 
Uncalled bet ($12) returned to xcinaz
xcinaz collected $13.50 from pot
xcinaz: doesn't show hand 
*** SUMMARY ***
Total pot $13.50 | Rake $0 
Seat 1: Brookstj500 (small blind) folded before Flop
Seat 2: z00mba (big blind) folded before Flop
Seat 3: xcinaz collected ($13.50)
Seat 4: IREQO folded before Flop (didn't bet)
Seat 5: Xenicide folded before Flop
Seat 6: robercarlos3 (button) folded before Flop (didn't bet)



PokerStars Hand #254488828445:  Hold'em No Limit ($0.50/$1.00 USD) - 2025/01/21 20:08:39 WET [2025/01/21 15:08:39 ET]
Table 'McElroy IV' 6-max Seat #1 is the button
Seat 1: Brookstj500 ($54.02 in chips) 
Seat 2: z00mba ($101.72 in chips) 
Seat 3: xcinaz ($110.78 in chips) 
Seat 4: IREQO ($104.23 in chips) 
Seat 5: Xenicide ($100 in chips) 
Seat 6: robercarlos3 ($116.67 in chips) 
z00mba: posts small blind $0.50
xcinaz: posts big blind $1
*** HOLE CARDS ***
IREQO: folds 
Xenicide: folds 
robercarlos3: folds 
Brookstj500: folds 
z00mba: folds 
Uncalled bet ($0.50) returned to xcinaz
xcinaz collected $1 from pot
xcinaz: doesn't show hand 
*** SUMMARY ***
Total pot $1 | Rake $0 
Seat 1: Brookstj500 (button) folded before Flop (didn't bet)
Seat 2: z00mba (small blind) folded before Flop
Seat 3: xcinaz (big blind) collected ($1)
Seat 4: IREQO folded before Flop (didn't bet)
Seat 5: Xenicide folded before Flop (didn't bet)
Seat 6: robercarlos3 folded before Flop (didn't bet)



PokerStars Hand #254488832833:  Hold'em No Limit ($0.50/$1.00 USD) - 2025/01/21 20:08:54 WET [2025/01/21 15:08:54 ET]
Table 'McElroy IV' 6-max Seat #2 is the button
Seat 1: Brookstj500 ($54.02 in chips) 
Seat 2: z00mba ($101.22 in chips) 
Seat 3: xcinaz ($111.28 in chips) 
Seat 4: IREQO ($104.23 in chips) 
Seat 5: Xenicide ($100 in chips) 
Seat 6: robercarlos3 ($116.67 in chips) 
xcinaz: posts small blind $0.50
IREQO: posts big blind $1
*** HOLE CARDS ***
Xenicide: folds 
robercarlos3: folds 
Brookstj500: folds 
z00mba: folds 
xcinaz: raises $2 to $3
IREQO: raises $7 to $10
xcinaz: calls $7
*** FLOP *** [Qc Kd 3d]
xcinaz: checks 
IREQO: bets $6.27
xcinaz: calls $6.27
*** TURN *** [Qc Kd 3d] [Ts]
xcinaz: checks 
IREQO: checks 
*** RIVER *** [Qc Kd 3d Ts] [2c]
xcinaz: checks 
IREQO: checks 
*** SHOW DOWN ***
xcinaz: shows [9h Jh] (a straight, Nine to King)
IREQO: mucks hand 
xcinaz collected $30.91 from pot
*** SUMMARY ***
Total pot $32.54 | Rake $1.63 
Board [Qc Kd 3d Ts 2c]
Seat 1: Brookstj500 folded before Flop (didn't bet)
Seat 2: z00mba (button) folded before Flop (didn't bet)
Seat 3: xcinaz (small blind) showed [9h Jh] and won ($30.91) with a straight, Nine to King
Seat 4: IREQO (big blind) mucked
Seat 5: Xenicide folded before Flop (didn't bet)
Seat 6: robercarlos3 folded before Flop (didn't bet)



PokerStars Hand #254488885132:  Hold'em No Limit ($0.50/$1.00 USD) - 2025/01/21 20:11:47 WET [2025/01/21 15:11:47 ET]
Table 'McElroy IV' 6-max Seat #3 is the button
Seat 1: Brookstj500 ($54.02 in chips) 
Seat 2: z00mba ($101.22 in chips) 
Seat 3: xcinaz ($125.92 in chips) 
Seat 4: IREQO ($100 in chips) 
Seat 5: Xenicide ($100 in chips) 
Seat 6: robercarlos3 ($116.67 in chips) 
IREQO: posts small blind $0.50
Xenicide: posts big blind $1
*** HOLE CARDS ***
robercarlos3: folds 
Brookstj500: calls $1
z00mba: raises $3 to $4
xcinaz: folds 
IREQO: folds 
Xenicide: folds 
Brookstj500: folds 
Uncalled bet ($3) returned to z00mba
z00mba collected $3.50 from pot
z00mba: doesn't show hand 
*** SUMMARY ***
Total pot $3.50 | Rake $0 
Seat 1: Brookstj500 folded before Flop
Seat 2: z00mba collected ($3.50)
Seat 3: xcinaz (button) folded before Flop (didn't bet)
Seat 4: IREQO (small blind) folded before Flop
Seat 5: Xenicide (big blind) folded before Flop
Seat 6: robercarlos3 folded before Flop (didn't bet)



PokerStars Hand #254488893649:  Hold'em No Limit ($0.50/$1.00 USD) - 2025/01/21 20:12:16 WET [2025/01/21 15:12:16 ET]
Table 'McElroy IV' 6-max Seat #4 is the button
Seat 1: Brookstj500 ($53.02 in chips) 
Seat 2: z00mba ($103.72 in chips) 
Seat 3: xcinaz ($125.92 in chips) 
Seat 4: IREQO ($100 in chips) 
Seat 5: Xenicide ($100 in chips) 
Seat 6: robercarlos3 ($116.67 in chips) 
Xenicide: posts small blind $0.50
robercarlos3: posts big blind $1
*** HOLE CARDS ***
Brookstj500: folds 
z00mba: folds 
xcinaz: folds 
IREQO: folds 
Xenicide: raises $2.50 to $3.50
robercarlos3: raises $6.50 to $10
Xenicide: raises $90 to $100 and is all-in
robercarlos3: folds 
Uncalled bet ($90) returned to Xenicide
Xenicide collected $20 from pot
Xenicide: doesn't show hand 
*** SUMMARY ***
Total pot $20 | Rake $0 
Seat 1: Brookstj500 folded before Flop (didn't bet)
Seat 2: z00mba folded before Flop (didn't bet)
Seat 3: xcinaz folded before Flop (didn't bet)
Seat 4: IREQO (button) folded before Flop (didn't bet)
Seat 5: Xenicide (small blind) collected ($20)
Seat 6: robercarlos3 (big blind) folded before Flop



PokerStars Hand #254488907205:  Hold'em No Limit ($0.50/$1.00 USD) - 2025/01/21 20:13:01 WET [2025/01/21 15:13:01 ET]
Table 'McElroy IV' 6-max Seat #5 is the button
Seat 1: Brookstj500 ($53.02 in chips) 
Seat 2: z00mba ($103.72 in chips) 
Seat 3: xcinaz ($125.92 in chips) 
Seat 4: IREQO ($100 in chips) 
Seat 5: Xenicide ($110 in chips) 
Seat 6: robercarlos3 ($106.67 in chips) 
robercarlos3: posts small blind $0.50
Brookstj500: posts big blind $1
*** HOLE CARDS ***
z00mba: folds 
xcinaz: folds 
IREQO: folds 
Xenicide: folds 
robercarlos3: raises $1.50 to $2.50
Brookstj500: calls $1.50
*** FLOP *** [9d Ah 7h]
robercarlos3: bets $1.52
Brookstj500: folds 
Uncalled bet ($1.52) returned to robercarlos3
robercarlos3 collected $4.75 from pot
robercarlos3: doesn't show hand 
*** SUMMARY ***
Total pot $5 | Rake $0.25 
Board [9d Ah 7h]
Seat 1: Brookstj500 (big blind) folded on the Flop
Seat 2: z00mba folded before Flop (didn't bet)
Seat 3: xcinaz folded before Flop (didn't bet)
Seat 4: IREQO folded before Flop (didn't bet)
Seat 5: Xenicide (button) folded before Flop (didn't bet)
Seat 6: robercarlos3 (small blind) collected ($4.75)



PokerStars Hand #254488914867:  Hold'em No Limit ($0.50/$1.00 USD) - 2025/01/21 20:13:26 WET [2025/01/21 15:13:26 ET]
Table 'McElroy IV' 6-max Seat #6 is the button
Seat 1: Brookstj500 ($50.52 in chips) 
Seat 2: z00mba ($103.72 in chips) 
Seat 3: xcinaz ($125.92 in chips) 
Seat 4: IREQO ($100 in chips) 
Seat 5: Xenicide ($110 in chips) 
Seat 6: robercarlos3 ($108.92 in chips) 
Brookstj500: posts small blind $0.50
z00mba: posts big blind $1
*** HOLE CARDS ***
xcinaz: folds 
IREQO: folds 
Xenicide: folds 
robercarlos3: raises $1.50 to $2.50
Brookstj500: calls $2
z00mba: folds 
*** FLOP *** [2h Kh Js]
Brookstj500: checks 
robercarlos3: checks 
*** TURN *** [2h Kh Js] [Ts]
Brookstj500: checks 
robercarlos3: bets $1.82
Brookstj500: calls $1.82
*** RIVER *** [2h Kh Js Ts] [5s]
Brookstj500: bets $1
robercarlos3: calls $1
*** SHOW DOWN ***
Brookstj500: shows [7c 7h] (a pair of Sevens)
robercarlos3: shows [Qc Jh] (a pair of Jacks)
robercarlos3 collected $11.06 from pot
*** SUMMARY ***
Total pot $11.64 | Rake $0.58 
Board [2h Kh Js Ts 5s]
Seat 1: Brookstj500 (small blind) showed [7c 7h] and lost with a pair of Sevens
Seat 2: z00mba (big blind) folded before Flop
Seat 3: xcinaz folded before Flop (didn't bet)
Seat 4: IREQO folded before Flop (didn't bet)
Seat 5: Xenicide folded before Flop (didn't bet)
Seat 6: robercarlos3 (button) showed [Qc Jh] and won ($11.06) with a pair of Jacks



PokerStars Hand #254488931501:  Hold'em No Limit ($0.50/$1.00 USD) - 2025/01/21 20:14:22 WET [2025/01/21 15:14:22 ET]
Table 'McElroy IV' 6-max Seat #1 is the button
Seat 1: Brookstj500 ($45.20 in chips) 
Seat 2: z00mba ($102.72 in chips) 
Seat 3: xcinaz ($125.92 in chips) 
Seat 4: IREQO ($100 in chips) 
Seat 5: Xenicide ($110 in chips) 
Seat 6: robercarlos3 ($114.66 in chips) 
z00mba: posts small blind $0.50
xcinaz: posts big blind $1
*** HOLE CARDS ***
IREQO: folds 
Xenicide: raises $1 to $2
robercarlos3: folds 
Brookstj500: folds 
z00mba: folds 
xcinaz: calls $1
*** FLOP *** [Kh 6s Jc]
xcinaz: checks 
Xenicide: bets $1.07
xcinaz: raises $3.21 to $4.28
Xenicide: folds 
Uncalled bet ($3.21) returned to xcinaz
xcinaz collected $6.31 from pot
xcinaz: doesn't show hand 
*** SUMMARY ***
Total pot $6.64 | Rake $0.33 
Board [Kh 6s Jc]
Seat 1: Brookstj500 (button) folded before Flop (didn't bet)
Seat 2: z00mba (small blind) folded before Flop
Seat 3: xcinaz (big blind) collected ($6.31)
Seat 4: IREQO folded before Flop (didn't bet)
Seat 5: Xenicide folded on the Flop
Seat 6: robercarlos3 folded before Flop (didn't bet)



PokerStars Hand #254488948026:  Hold'em No Limit ($0.50/$1.00 USD) - 2025/01/21 20:15:16 WET [2025/01/21 15:15:16 ET]
Table 'McElroy IV' 6-max Seat #2 is the button
Seat 1: Brookstj500 ($45.20 in chips) 
Seat 2: z00mba ($102.22 in chips) 
Seat 3: xcinaz ($129.16 in chips) 
Seat 4: IREQO ($100 in chips) 
Seat 5: Xenicide ($106.93 in chips) 
Seat 6: robercarlos3 ($114.66 in chips) 
xcinaz: posts small blind $0.50
IREQO: posts big blind $1
*** HOLE CARDS ***
Xenicide: raises $1 to $2
robercarlos3: folds 
Brookstj500: calls $2
z00mba: folds 
xcinaz: folds 
IREQO: folds 
*** FLOP *** [4s 9d 8d]
Xenicide: checks 
Brookstj500: checks 
*** TURN *** [4s 9d 8d] [7d]
Xenicide: checks 
Brookstj500: bets $5.22
Xenicide: folds 
Uncalled bet ($5.22) returned to Brookstj500
Brookstj500 collected $5.22 from pot
Brookstj500: doesn't show hand 
*** SUMMARY ***
Total pot $5.50 | Rake $0.28 
Board [4s 9d 8d 7d]
Seat 1: Brookstj500 collected ($5.22)
Seat 2: z00mba (button) folded before Flop (didn't bet)
Seat 3: xcinaz (small blind) folded before Flop
Seat 4: IREQO (big blind) folded before Flop
Seat 5: Xenicide folded on the Turn
Seat 6: robercarlos3 folded before Flop (didn't bet)



PokerStars Hand #254488966994:  Hold'em No Limit ($0.50/$1.00 USD) - 2025/01/21 20:16:18 WET [2025/01/21 15:16:18 ET]
Table 'McElroy IV' 6-max Seat #3 is the button
Seat 1: Brookstj500 ($48.42 in chips) 
Seat 2: z00mba ($102.22 in chips) 
Seat 3: xcinaz ($128.66 in chips) 
Seat 4: IREQO ($100 in chips) 
Seat 5: Xenicide ($104.93 in chips) 
Seat 6: robercarlos3 ($114.66 in chips) 
IREQO: posts small blind $0.50
Xenicide: posts big blind $1
*** HOLE CARDS ***
robercarlos3: folds 
Brookstj500: calls $1
z00mba: raises $2.50 to $3.50
xcinaz: folds 
IREQO: folds 
Xenicide: folds 
Brookstj500: folds 
Uncalled bet ($2.50) returned to z00mba
z00mba collected $3.50 from pot
z00mba: doesn't show hand 
*** SUMMARY ***
Total pot $3.50 | Rake $0 
Seat 1: Brookstj500 folded before Flop
Seat 2: z00mba collected ($3.50)
Seat 3: xcinaz (button) folded before Flop (didn't bet)
Seat 4: IREQO (small blind) folded before Flop
Seat 5: Xenicide (big blind) folded before Flop
Seat 6: robercarlos3 folded before Flop (didn't bet)



PokerStars Hand #254488973727:  Hold'em No Limit ($0.50/$1.00 USD) - 2025/01/21 20:16:40 WET [2025/01/21 15:16:40 ET]
Table 'McElroy IV' 6-max Seat #4 is the button
Seat 1: Brookstj500 ($47.42 in chips) 
Seat 2: z00mba ($104.72 in chips) 
Seat 3: xcinaz ($128.66 in chips) 
Seat 4: IREQO ($100 in chips) 
Seat 5: Xenicide ($103.93 in chips) 
Seat 6: robercarlos3 ($114.66 in chips) 
Xenicide: posts small blind $0.50
robercarlos3: posts big blind $1
*** HOLE CARDS ***
Brookstj500: folds 
z00mba: folds 
xcinaz: folds 
IREQO: raises $1.50 to $2.50
Xenicide: folds 
robercarlos3: folds 
Uncalled bet ($1.50) returned to IREQO
IREQO collected $2.50 from pot
IREQO: doesn't show hand 
*** SUMMARY ***
Total pot $2.50 | Rake $0 
Seat 1: Brookstj500 folded before Flop (didn't bet)
Seat 2: z00mba folded before Flop (didn't bet)
Seat 3: xcinaz folded before Flop (didn't bet)
Seat 4: IREQO (button) collected ($2.50)
Seat 5: Xenicide (small blind) folded before Flop
Seat 6: robercarlos3 (big blind) folded before Flop



PokerStars Hand #254488983116:  Hold'em No Limit ($0.50/$1.00 USD) - 2025/01/21 20:17:11 WET [2025/01/21 15:17:11 ET]
Table 'McElroy IV' 6-max Seat #5 is the button
Seat 1: Brookstj500 ($47.42 in chips) 
Seat 2: z00mba ($104.72 in chips) 
Seat 3: xcinaz ($128.66 in chips) 
Seat 4: IREQO ($101.50 in chips) 
Seat 5: Xenicide ($103.43 in chips) 
Seat 6: robercarlos3 ($113.66 in chips) 
robercarlos3: posts small blind $0.50
Brookstj500: posts big blind $1
*** HOLE CARDS ***
z00mba: folds 
xcinaz: raises $1 to $2
IREQO: folds 
Xenicide: folds 
robercarlos3: folds 
Brookstj500: calls $1
*** FLOP *** [2d 3h 6d]
Brookstj500: checks 
xcinaz: bets $1.07
Brookstj500: calls $1.07
*** TURN *** [2d 3h 6d] [8d]
Brookstj500: bets $6.31
xcinaz: calls $6.31
*** RIVER *** [2d 3h 6d 8d] [4d]
Brookstj500: checks 
xcinaz: checks 
*** SHOW DOWN ***
Brookstj500: shows [3s Ts] (a pair of Threes)
xcinaz: shows [6h 6c] (three of a kind, Sixes)
xcinaz collected $18.30 from pot
*** SUMMARY ***
Total pot $19.26 | Rake $0.96 
Board [2d 3h 6d 8d 4d]
Seat 1: Brookstj500 (big blind) showed [3s Ts] and lost with a pair of Threes
Seat 2: z00mba folded before Flop (didn't bet)
Seat 3: xcinaz showed [6h 6c] and won ($18.30) with three of a kind, Sixes
Seat 4: IREQO folded before Flop (didn't bet)
Seat 5: Xenicide (button) folded before Flop (didn't bet)
Seat 6: robercarlos3 (small blind) folded before Flop



PokerStars Hand #254489001963:  Hold'em No Limit ($0.50/$1.00 USD) - 2025/01/21 20:18:13 WET [2025/01/21 15:18:13 ET]
Table 'McElroy IV' 6-max Seat #6 is the button
Seat 1: Brookstj500 ($38.04 in chips) 
Seat 2: z00mba ($104.72 in chips) 
Seat 3: xcinaz ($137.58 in chips) 
Seat 4: IREQO ($101.50 in chips) 
Seat 5: Xenicide ($103.43 in chips) 
Seat 6: robercarlos3 ($113.16 in chips) 
Brookstj500: posts small blind $0.50
z00mba: posts big blind $1
*** HOLE CARDS ***
xcinaz: folds 
IREQO: folds 
Xenicide: raises $1 to $2
robercarlos3: folds 
Brookstj500: calls $1.50
z00mba: calls $1
*** FLOP *** [Qs Tc Jc]
Brookstj500: checks 
z00mba: checks 
Xenicide: bets $1.43
Brookstj500: calls $1.43
z00mba: folds 
*** TURN *** [Qs Tc Jc] [2s]
Brookstj500: checks 
Xenicide: bets $4.63
Brookstj500: folds 
Uncalled bet ($4.63) returned to Xenicide
Xenicide collected $8.42 from pot
*** SUMMARY ***
Total pot $8.86 | Rake $0.44 
Board [Qs Tc Jc 2s]
Seat 1: Brookstj500 (small blind) folded on the Turn
Seat 2: z00mba (big blind) folded on the Flop
Seat 3: xcinaz folded before Flop (didn't bet)
Seat 4: IREQO folded before Flop (didn't bet)
Seat 5: Xenicide collected ($8.42)
Seat 6: robercarlos3 (button) folded before Flop (didn't bet)



PokerStars Hand #254489026754:  Hold'em No Limit ($0.50/$1.00 USD) - 2025/01/21 20:19:35 WET [2025/01/21 15:19:35 ET]
Table 'McElroy IV' 6-max Seat #1 is the button
Seat 1: Brookstj500 ($34.61 in chips) 
Seat 2: z00mba ($102.72 in chips) 
Seat 3: xcinaz ($137.58 in chips) 
Seat 4: IREQO ($101.50 in chips) 
Seat 5: Xenicide ($108.42 in chips) 
Seat 6: robercarlos3 ($113.16 in chips) 
z00mba: posts small blind $0.50
xcinaz: posts big blind $1
*** HOLE CARDS ***
IREQO: folds 
Xenicide: folds 
robercarlos3: folds 
Brookstj500: calls $1
z00mba: calls $0.50
xcinaz: raises $3 to $4
Brookstj500: calls $3
z00mba: folds 
*** FLOP *** [5d 9s 7h]
xcinaz: checks 
Brookstj500: checks 
*** TURN *** [5d 9s 7h] [5s]
xcinaz: checks 
Brookstj500: checks 
*** RIVER *** [5d 9s 7h 5s] [Ts]
xcinaz: bets $6.41
Brookstj500: folds 
Uncalled bet ($6.41) returned to xcinaz
xcinaz collected $8.55 from pot
xcinaz: doesn't show hand 
*** SUMMARY ***
Total pot $9 | Rake $0.45 
Board [5d 9s 7h 5s Ts]
Seat 1: Brookstj500 (button) folded on the River
Seat 2: z00mba (small blind) folded before Flop
Seat 3: xcinaz (big blind) collected ($8.55)
Seat 4: IREQO folded before Flop (didn't bet)
Seat 5: Xenicide folded before Flop (didn't bet)
Seat 6: robercarlos3 folded before Flop (didn't bet)



PokerStars Hand #254489049861:  Hold'em No Limit ($0.50/$1.00 USD) - 2025/01/21 20:20:51 WET [2025/01/21 15:20:51 ET]
Table 'McElroy IV' 6-max Seat #2 is the button
Seat 1: Brookstj500 ($30.61 in chips) 
Seat 2: z00mba ($101.72 in chips) 
Seat 3: xcinaz ($142.13 in chips) 
Seat 4: IREQO ($101.50 in chips) 
Seat 5: Xenicide ($108.42 in chips) 
Seat 6: robercarlos3 ($113.16 in chips) 
xcinaz: posts small blind $0.50
IREQO: posts big blind $1
*** HOLE CARDS ***
Xenicide: folds 
robercarlos3: folds 
Brookstj500: folds 
z00mba: folds 
xcinaz: raises $2 to $3
IREQO: folds 
Uncalled bet ($2) returned to xcinaz
xcinaz collected $2 from pot
xcinaz: doesn't show hand 
*** SUMMARY ***
Total pot $2 | Rake $0 
Seat 1: Brookstj500 folded before Flop (didn't bet)
Seat 2: z00mba (button) folded before Flop (didn't bet)
Seat 3: xcinaz (small blind) collected ($2)
Seat 4: IREQO (big blind) folded before Flop
Seat 5: Xenicide folded before Flop (didn't bet)
Seat 6: robercarlos3 folded before Flop (didn't bet)



PokerStars Hand #254489054672:  Hold'em No Limit ($0.50/$1.00 USD) - 2025/01/21 20:21:07 WET [2025/01/21 15:21:07 ET]
Table 'McElroy IV' 6-max Seat #3 is the button
Seat 1: Brookstj500 ($30.61 in chips) 
Seat 2: z00mba ($101.72 in chips) 
Seat 3: xcinaz ($143.13 in chips) 
Seat 4: IREQO ($100.50 in chips) 
Seat 5: Xenicide ($108.42 in chips) 
Seat 6: robercarlos3 ($113.16 in chips) 
IREQO: posts small blind $0.50
Xenicide: posts big blind $1
*** HOLE CARDS ***
robercarlos3: folds 
Brookstj500: calls $1
z00mba: raises $2.50 to $3.50
xcinaz: folds 
IREQO: folds 
Xenicide: folds 
Brookstj500: calls $2.50
*** FLOP *** [Ac 6s 4h]
Brookstj500: checks 
z00mba: checks 
*** TURN *** [Ac 6s 4h] [9s]
Brookstj500: checks 
z00mba: checks 
*** RIVER *** [Ac 6s 4h 9s] [4d]
Brookstj500: checks 
z00mba: checks 
*** SHOW DOWN ***
Brookstj500: shows [9c 8d] (two pair, Nines and Fours)
z00mba: mucks hand 
Brookstj500 collected $8.08 from pot
*** SUMMARY ***
Total pot $8.50 | Rake $0.42 
Board [Ac 6s 4h 9s 4d]
Seat 1: Brookstj500 showed [9c 8d] and won ($8.08) with two pair, Nines and Fours
Seat 2: z00mba mucked
Seat 3: xcinaz (button) folded before Flop (didn't bet)
Seat 4: IREQO (small blind) folded before Flop
Seat 5: Xenicide (big blind) folded before Flop
Seat 6: robercarlos3 folded before Flop (didn't bet)



PokerStars Hand #254489068791:  Hold'em No Limit ($0.50/$1.00 USD) - 2025/01/21 20:21:54 WET [2025/01/21 15:21:54 ET]
Table 'McElroy IV' 6-max Seat #4 is the button
Seat 1: Brookstj500 ($35.19 in chips) 
Seat 2: z00mba ($100 in chips) 
Seat 3: xcinaz ($143.13 in chips) 
Seat 4: IREQO ($100 in chips) 
Seat 5: Xenicide ($107.42 in chips) 
Seat 6: robercarlos3 ($113.16 in chips) 
Xenicide: posts small blind $0.50
robercarlos3: posts big blind $1
*** HOLE CARDS ***
Brookstj500: folds 
z00mba: folds 
xcinaz: folds 
IREQO: folds 
Xenicide: raises $2.50 to $3.50
robercarlos3: folds 
Uncalled bet ($2.50) returned to Xenicide
Xenicide collected $2 from pot
*** SUMMARY ***
Total pot $2 | Rake $0 
Seat 1: Brookstj500 folded before Flop (didn't bet)
Seat 2: z00mba folded before Flop (didn't bet)
Seat 3: xcinaz folded before Flop (didn't bet)
Seat 4: IREQO (button) folded before Flop (didn't bet)
Seat 5: Xenicide (small blind) collected ($2)
Seat 6: robercarlos3 (big blind) folded before Flop



PokerStars Hand #254489075732:  Hold'em No Limit ($0.50/$1.00 USD) - 2025/01/21 20:22:17 WET [2025/01/21 15:22:17 ET]
Table 'McElroy IV' 6-max Seat #5 is the button
Seat 1: Brookstj500 ($35.19 in chips) 
Seat 2: z00mba ($100 in chips) 
Seat 3: xcinaz ($143.13 in chips) 
Seat 4: IREQO ($100 in chips) 
Seat 5: Xenicide ($108.42 in chips) 
Seat 6: robercarlos3 ($112.16 in chips) 
robercarlos3: posts small blind $0.50
Brookstj500: posts big blind $1
*** HOLE CARDS ***
z00mba: folds 
xcinaz: folds 
IREQO: raises $1.50 to $2.50
Xenicide: folds 
robercarlos3: folds 
Brookstj500: folds 
Uncalled bet ($1.50) returned to IREQO
IREQO collected $2.50 from pot
IREQO: doesn't show hand 
*** SUMMARY ***
Total pot $2.50 | Rake $0 
Seat 1: Brookstj500 (big blind) folded before Flop
Seat 2: z00mba folded before Flop (didn't bet)
Seat 3: xcinaz folded before Flop (didn't bet)
Seat 4: IREQO collected ($2.50)
Seat 5: Xenicide (button) folded before Flop (didn't bet)
Seat 6: robercarlos3 (small blind) folded before Flop



PokerStars Hand #254489084516:  Hold'em No Limit ($0.50/$1.00 USD) - 2025/01/21 20:22:46 WET [2025/01/21 15:22:46 ET]
Table 'McElroy IV' 6-max Seat #6 is the button
Seat 1: Brookstj500 ($34.19 in chips) 
Seat 2: z00mba ($100 in chips) 
Seat 3: xcinaz ($143.13 in chips) 
Seat 4: IREQO ($101.50 in chips) 
Seat 5: Xenicide ($108.42 in chips) 
Seat 6: robercarlos3 ($111.66 in chips) 
Brookstj500: posts small blind $0.50
z00mba: posts big blind $1
*** HOLE CARDS ***
xcinaz: folds 
IREQO: folds 
Xenicide: folds 
robercarlos3: folds 
Brookstj500: calls $0.50
z00mba: checks 
*** FLOP *** [7c 6h 5s]
Brookstj500: checks 
z00mba: checks 
*** TURN *** [7c 6h 5s] [Td]
Brookstj500: checks 
z00mba: checks 
*** RIVER *** [7c 6h 5s Td] [9h]
Brookstj500: checks 
z00mba: bets $1.50
Brookstj500: folds 
Uncalled bet ($1.50) returned to z00mba
z00mba collected $1.90 from pot
z00mba: doesn't show hand 
*** SUMMARY ***
Total pot $2 | Rake $0.10 
Board [7c 6h 5s Td 9h]
Seat 1: Brookstj500 (small blind) folded on the River
Seat 2: z00mba (big blind) collected ($1.90)
Seat 3: xcinaz folded before Flop (didn't bet)
Seat 4: IREQO folded before Flop (didn't bet)
Seat 5: Xenicide folded before Flop (didn't bet)
Seat 6: robercarlos3 (button) folded before Flop (didn't bet)



PokerStars Hand #254489099748:  Hold'em No Limit ($0.50/$1.00 USD) - 2025/01/21 20:23:37 WET [2025/01/21 15:23:37 ET]
Table 'McElroy IV' 6-max Seat #1 is the button
Seat 1: Brookstj500 ($33.19 in chips) 
Seat 2: z00mba ($100.90 in chips) 
Seat 3: xcinaz ($143.13 in chips) 
Seat 4: IREQO ($101.50 in chips) 
Seat 5: Xenicide ($108.42 in chips) 
Seat 6: robercarlos3 ($111.66 in chips) 
z00mba: posts small blind $0.50
xcinaz: posts big blind $1
*** HOLE CARDS ***
IREQO: folds 
Xenicide: folds 
robercarlos3: raises $1.30 to $2.30
Brookstj500: folds 
z00mba: folds 
xcinaz: folds 
Uncalled bet ($1.30) returned to robercarlos3
robercarlos3 collected $2.50 from pot
robercarlos3: doesn't show hand 
*** SUMMARY ***
Total pot $2.50 | Rake $0 
Seat 1: Brookstj500 (button) folded before Flop (didn't bet)
Seat 2: z00mba (small blind) folded before Flop
Seat 3: xcinaz (big blind) folded before Flop
Seat 4: IREQO folded before Flop (didn't bet)
Seat 5: Xenicide folded before Flop (didn't bet)
Seat 6: robercarlos3 collected ($2.50)



PokerStars Hand #254489104972:  Hold'em No Limit ($0.50/$1.00 USD) - 2025/01/21 20:23:54 WET [2025/01/21 15:23:54 ET]
Table 'McElroy IV' 6-max Seat #2 is the button
Seat 1: Brookstj500 ($33.19 in chips) 
Seat 2: z00mba ($100.40 in chips) 
Seat 3: xcinaz ($142.13 in chips) 
Seat 4: IREQO ($101.50 in chips) 
Seat 5: Xenicide ($108.42 in chips) 
Seat 6: robercarlos3 ($113.16 in chips) 
xcinaz: posts small blind $0.50
IREQO: posts big blind $1
*** HOLE CARDS ***
Xenicide: folds 
robercarlos3: folds 
Brookstj500: calls $1
z00mba: folds 
xcinaz: folds 
IREQO: checks 
*** FLOP *** [6d 9s 5d]
IREQO: checks 
Brookstj500: checks 
*** TURN *** [6d 9s 5d] [2s]
IREQO: checks 
Brookstj500: checks 
*** RIVER *** [6d 9s 5d 2s] [9c]
IREQO: checks 
Brookstj500: checks 
*** SHOW DOWN ***
IREQO: shows [Kh 8d] (a pair of Nines)
Brookstj500: shows [Ad 7s] (a pair of Nines - Ace kicker)
Brookstj500 collected $2.38 from pot
*** SUMMARY ***
Total pot $2.50 | Rake $0.12 
Board [6d 9s 5d 2s 9c]
Seat 1: Brookstj500 showed [Ad 7s] and won ($2.38) with a pair of Nines
Seat 2: z00mba (button) folded before Flop (didn't bet)
Seat 3: xcinaz (small blind) folded before Flop
Seat 4: IREQO (big blind) showed [Kh 8d] and lost with a pair of Nines
Seat 5: Xenicide folded before Flop (didn't bet)
Seat 6: robercarlos3 folded before Flop (didn't bet)



PokerStars Hand #254489126900:  Hold'em No Limit ($0.50/$1.00 USD) - 2025/01/21 20:25:07 WET [2025/01/21 15:25:07 ET]
Table 'McElroy IV' 6-max Seat #3 is the button
Seat 5: Xenicide ($108.42 in chips) is sitting out
Seat 1: Brookstj500 ($34.57 in chips) 
Seat 2: z00mba ($100.40 in chips) 
Seat 3: xcinaz ($141.63 in chips) 
Seat 4: IREQO ($100.50 in chips) 
Seat 6: robercarlos3 ($113.16 in chips) 
IREQO: posts small blind $0.50
Xenicide: is sitting out 
robercarlos3: posts big blind $1
*** HOLE CARDS ***
Xenicide leaves the table
Brookstj500: folds 
z00mba: folds 
xcinaz: folds 
BoyLoc0 joins the table at seat #5 
IREQO: raises $1.50 to $2.50
robercarlos3: calls $1.50
*** FLOP *** [4c 6h 4s]
IREQO: checks 
robercarlos3: bets $3.66
IREQO: folds 
Uncalled bet ($3.66) returned to robercarlos3
robercarlos3 collected $4.75 from pot
robercarlos3: doesn't show hand 
*** SUMMARY ***
Total pot $5 | Rake $0.25 
Board [4c 6h 4s]
Seat 5: Xenicide
Seat 1: Brookstj500 folded before Flop (didn't bet)
Seat 2: z00mba folded before Flop (didn't bet)
Seat 3: xcinaz (button) folded before Flop (didn't bet)
Seat 4: IREQO (small blind) folded on the Flop
Seat 6: robercarlos3 (big blind) collected ($4.75)



PokerStars Hand #254489140818:  Hold'em No Limit ($0.50/$1.00 USD) - 2025/01/21 20:25:53 WET [2025/01/21 15:25:53 ET]
Table 'McElroy IV' 6-max Seat #4 is the button
Seat 5: BoyLoc0 ($100 in chips) is sitting out
Seat 1: Brookstj500 ($34.57 in chips) 
Seat 2: z00mba ($100.40 in chips) 
Seat 3: xcinaz ($141.63 in chips) 
Seat 4: IREQO ($100 in chips) 
Seat 6: robercarlos3 ($115.41 in chips) 
robercarlos3: posts small blind $0.50
Brookstj500: posts big blind $1
*** HOLE CARDS ***
z00mba: folds 
xcinaz: folds 
IREQO: raises $1.50 to $2.50
robercarlos3: raises $8.50 to $11
Brookstj500: folds 
IREQO: folds 
Uncalled bet ($8.50) returned to robercarlos3
robercarlos3 collected $6 from pot
robercarlos3: doesn't show hand 
*** SUMMARY ***
Total pot $6 | Rake $0 
Seat 5: BoyLoc0
Seat 1: Brookstj500 (big blind) folded before Flop
Seat 2: z00mba folded before Flop (didn't bet)
Seat 3: xcinaz folded before Flop (didn't bet)
Seat 4: IREQO (button) folded before Flop
Seat 6: robercarlos3 (small blind) collected ($6)



PokerStars Hand #254489149295:  Hold'em No Limit ($0.50/$1.00 USD) - 2025/01/21 20:26:20 WET [2025/01/21 15:26:20 ET]
Table 'McElroy IV' 6-max Seat #6 is the button
Seat 5: BoyLoc0 ($100 in chips) is sitting out
Seat 1: Brookstj500 ($33.57 in chips) 
Seat 2: z00mba ($100.40 in chips) 
Seat 3: xcinaz ($141.63 in chips) 
Seat 4: IREQO ($100 in chips) 
Seat 6: robercarlos3 ($118.91 in chips) 
Brookstj500: posts small blind $0.50
z00mba: posts big blind $1
BoyLoc0: sits out 
*** HOLE CARDS ***
xcinaz: folds 
IREQO: folds 
robercarlos3: raises $1.50 to $2.50
Brookstj500: folds 
z00mba: folds 
Uncalled bet ($1.50) returned to robercarlos3
robercarlos3 collected $2.50 from pot
robercarlos3: doesn't show hand 
*** SUMMARY ***
Total pot $2.50 | Rake $0 
Seat 5: BoyLoc0
Seat 1: Brookstj500 (small blind) folded before Flop
Seat 2: z00mba (big blind) folded before Flop
Seat 3: xcinaz folded before Flop (didn't bet)
Seat 4: IREQO folded before Flop (didn't bet)
Seat 6: robercarlos3 (button) collected ($2.50)



PokerStars Hand #254489154133:  Hold'em No Limit ($0.50/$1.00 USD) - 2025/01/21 20:26:37 WET [2025/01/21 15:26:37 ET]
Table 'McElroy IV' 6-max Seat #1 is the button
Seat 5: BoyLoc0 ($100 in chips) is sitting out
Seat 1: Brookstj500 ($33.07 in chips) 
Seat 2: z00mba ($100 in chips) 
Seat 3: xcinaz ($141.63 in chips) 
Seat 4: IREQO ($100 in chips) 
Seat 6: robercarlos3 ($120.41 in chips) 
z00mba: posts small blind $0.50
xcinaz: posts big blind $1
BoyLoc0: sits out 
*** HOLE CARDS ***
IREQO: folds 
robercarlos3: folds 
Brookstj500: folds 
z00mba: folds 
Uncalled bet ($0.50) returned to xcinaz
xcinaz collected $1 from pot
xcinaz: doesn't show hand 
*** SUMMARY ***
Total pot $1 | Rake $0 
Seat 5: BoyLoc0
Seat 1: Brookstj500 (button) folded before Flop (didn't bet)
Seat 2: z00mba (small blind) folded before Flop
Seat 3: xcinaz (big blind) collected ($1)
Seat 4: IREQO folded before Flop (didn't bet)
Seat 6: robercarlos3 folded before Flop (didn't bet)



PokerStars Hand #254489157590:  Hold'em No Limit ($0.50/$1.00 USD) - 2025/01/21 20:26:48 WET [2025/01/21 15:26:48 ET]
Table 'McElroy IV' 6-max Seat #2 is the button
Seat 5: BoyLoc0 ($100 in chips) is sitting out
Seat 1: Brookstj500 ($33.07 in chips) 
Seat 2: z00mba ($100 in chips) 
Seat 3: xcinaz ($142.13 in chips) 
Seat 4: IREQO ($100 in chips) 
Seat 6: robercarlos3 ($120.41 in chips) 
xcinaz: posts small blind $0.50
IREQO: posts big blind $1
BoyLoc0: sits out 
*** HOLE CARDS ***
robercarlos3: folds 
Brookstj500: calls $1
z00mba: folds 
xcinaz: calls $0.50
IREQO: checks 
*** FLOP *** [Ks Js 6s]
xcinaz: checks 
IREQO: checks 
Brookstj500: bets $3
xcinaz: folds 
IREQO: folds 
Uncalled bet ($3) returned to Brookstj500
Brookstj500 collected $2.85 from pot
Brookstj500: doesn't show hand 
*** SUMMARY ***
Total pot $3 | Rake $0.15 
Board [Ks Js 6s]
Seat 5: BoyLoc0
Seat 1: Brookstj500 collected ($2.85)
Seat 2: z00mba (button) folded before Flop (didn't bet)
Seat 3: xcinaz (small blind) folded on the Flop
Seat 4: IREQO (big blind) folded on the Flop
Seat 6: robercarlos3 folded before Flop (didn't bet)



PokerStars Hand #254489167344:  Hold'em No Limit ($0.50/$1.00 USD) - 2025/01/21 20:27:21 WET [2025/01/21 15:27:21 ET]
Table 'McElroy IV' 6-max Seat #3 is the button
Seat 1: Brookstj500 ($34.92 in chips) 
Seat 2: z00mba ($100 in chips) 
Seat 3: xcinaz ($141.13 in chips) 
Seat 4: IREQO ($100 in chips) 
Seat 5: BoyLoc0 ($100 in chips) 
Seat 6: robercarlos3 ($120.41 in chips) 
IREQO: posts small blind $0.50
BoyLoc0: posts big blind $1
*** HOLE CARDS ***
robercarlos3: folds 
Brookstj500: calls $1
z00mba: folds 
xcinaz: folds 
IREQO: folds 
BoyLoc0: checks 
*** FLOP *** [Qd 6s 7c]
BoyLoc0: checks 
Brookstj500: bets $3
BoyLoc0: folds 
Uncalled bet ($3) returned to Brookstj500
Brookstj500 collected $2.38 from pot
Brookstj500: doesn't show hand 
*** SUMMARY ***
Total pot $2.50 | Rake $0.12 
Board [Qd 6s 7c]
Seat 1: Brookstj500 collected ($2.38)
Seat 2: z00mba folded before Flop (didn't bet)
Seat 3: xcinaz (button) folded before Flop (didn't bet)
Seat 4: IREQO (small blind) folded before Flop
Seat 5: BoyLoc0 (big blind) folded on the Flop
Seat 6: robercarlos3 folded before Flop (didn't bet)



PokerStars Hand #254489318782:  Hold'em No Limit ($0.50/$1.00 USD) - 2025/01/21 20:35:49 WET [2025/01/21 15:35:49 ET]
Table 'McElroy IV' 6-max Seat #5 is the button
Seat 1: Brookstj500 ($40 in chips) 
Seat 2: z00mba ($101.50 in chips) 
Seat 3: xcinaz ($165.57 in chips) 
Seat 4: IREQO ($102.25 in chips) 
Seat 5: BoyLoc0 ($100 in chips) 
Seat 6: robercarlos3 ($122.41 in chips) 
robercarlos3: posts small blind $0.50
Brookstj500: posts big blind $1
*** HOLE CARDS ***
z00mba: folds 
xcinaz: folds 
IREQO: folds 
BoyLoc0: folds 
robercarlos3: raises $1.50 to $2.50
Brookstj500: folds 
Uncalled bet ($1.50) returned to robercarlos3
robercarlos3 collected $2 from pot
robercarlos3: doesn't show hand 
*** SUMMARY ***
Total pot $2 | Rake $0 
Seat 1: Brookstj500 (big blind) folded before Flop
Seat 2: z00mba folded before Flop (didn't bet)
Seat 3: xcinaz folded before Flop (didn't bet)
Seat 4: IREQO folded before Flop (didn't bet)
Seat 5: BoyLoc0 (button) folded before Flop (didn't bet)
Seat 6: robercarlos3 (small blind) collected ($2)



PokerStars Hand #254489323069:  Hold'em No Limit ($0.50/$1.00 USD) - 2025/01/21 20:36:03 WET [2025/01/21 15:36:03 ET]
Table 'McElroy IV' 6-max Seat #6 is the button
Seat 1: Brookstj500 ($39 in chips) 
Seat 2: z00mba ($101.50 in chips) 
Seat 3: xcinaz ($165.57 in chips) 
Seat 4: IREQO ($102.25 in chips) 
Seat 5: BoyLoc0 ($100 in chips) 
Seat 6: robercarlos3 ($123.41 in chips) 
Brookstj500: posts small blind $0.50
z00mba: posts big blind $1
*** HOLE CARDS ***
xcinaz: raises $1 to $2
IREQO: folds 
BoyLoc0: folds 
robercarlos3: folds 
Brookstj500: calls $1.50
z00mba: folds 
*** FLOP *** [Jh Td Th]
Brookstj500: checks 
xcinaz: bets $1.19
Brookstj500: folds 
Uncalled bet ($1.19) returned to xcinaz
xcinaz collected $4.75 from pot
xcinaz: doesn't show hand 
*** SUMMARY ***
Total pot $5 | Rake $0.25 
Board [Jh Td Th]
Seat 1: Brookstj500 (small blind) folded on the Flop
Seat 2: z00mba (big blind) folded before Flop
Seat 3: xcinaz collected ($4.75)
Seat 4: IREQO folded before Flop (didn't bet)
Seat 5: BoyLoc0 folded before Flop (didn't bet)
Seat 6: robercarlos3 (button) folded before Flop (didn't bet)



PokerStars Hand #254489336905:  Hold'em No Limit ($0.50/$1.00 USD) - 2025/01/21 20:36:50 WET [2025/01/21 15:36:50 ET]
Table 'McElroy IV' 6-max Seat #1 is the button
Seat 1: Brookstj500 ($37 in chips) 
Seat 2: z00mba ($100.50 in chips) 
Seat 3: xcinaz ($168.32 in chips) 
Seat 4: IREQO ($102.25 in chips) 
Seat 5: BoyLoc0 ($100 in chips) 
Seat 6: robercarlos3 ($123.41 in chips) 
z00mba: posts small blind $0.50
xcinaz: posts big blind $1
*** HOLE CARDS ***
IREQO: folds 
BoyLoc0: folds 
robercarlos3: folds 
Brookstj500: calls $1
z00mba: calls $0.50
xcinaz: raises $3 to $4
Brookstj500: folds 
z00mba: folds 
Uncalled bet ($3) returned to xcinaz
xcinaz collected $3 from pot
xcinaz: doesn't show hand 
*** SUMMARY ***
Total pot $3 | Rake $0 
Seat 1: Brookstj500 (button) folded before Flop
Seat 2: z00mba (small blind) folded before Flop
Seat 3: xcinaz (big blind) collected ($3)
Seat 4: IREQO folded before Flop (didn't bet)
Seat 5: BoyLoc0 folded before Flop (didn't bet)
Seat 6: robercarlos3 folded before Flop (didn't bet)



PokerStars Hand #254489347566:  Hold'em No Limit ($0.50/$1.00 USD) - 2025/01/21 20:37:26 WET [2025/01/21 15:37:26 ET]
Table 'McElroy IV' 6-max Seat #2 is the button
Seat 1: Brookstj500 ($36 in chips) 
Seat 2: z00mba ($100 in chips) 
Seat 3: xcinaz ($170.32 in chips) 
Seat 4: IREQO ($102.25 in chips) 
Seat 5: BoyLoc0 ($100 in chips) 
Seat 6: robercarlos3 ($123.41 in chips) 
xcinaz: posts small blind $0.50
IREQO: posts big blind $1
*** HOLE CARDS ***
BoyLoc0: raises $1.50 to $2.50
robercarlos3: folds 
Brookstj500: folds 
z00mba: folds 
xcinaz: folds 
IREQO: folds 
Uncalled bet ($1.50) returned to BoyLoc0
BoyLoc0 collected $2.50 from pot
BoyLoc0: doesn't show hand 
*** SUMMARY ***
Total pot $2.50 | Rake $0 
Seat 1: Brookstj500 folded before Flop (didn't bet)
Seat 2: z00mba (button) folded before Flop (didn't bet)
Seat 3: xcinaz (small blind) folded before Flop
Seat 4: IREQO (big blind) folded before Flop
Seat 5: BoyLoc0 collected ($2.50)
Seat 6: robercarlos3 folded before Flop (didn't bet)



PokerStars Hand #254489357910:  Hold'em No Limit ($0.50/$1.00 USD) - 2025/01/21 20:38:01 WET [2025/01/21 15:38:01 ET]
Table 'McElroy IV' 6-max Seat #3 is the button
Seat 1: Brookstj500 ($36 in chips) 
Seat 2: z00mba ($100 in chips) 
Seat 3: xcinaz ($169.82 in chips) 
Seat 4: IREQO ($101.25 in chips) 
Seat 5: BoyLoc0 ($101.50 in chips) 
Seat 6: robercarlos3 ($123.41 in chips) 
IREQO: posts small blind $0.50
BoyLoc0: posts big blind $1
*** HOLE CARDS ***
robercarlos3: folds 
Brookstj500: raises $2.50 to $3.50
z00mba: folds 
xcinaz: folds 
IREQO: folds 
BoyLoc0: folds 
Uncalled bet ($2.50) returned to Brookstj500
Brookstj500 collected $2.50 from pot
Brookstj500: doesn't show hand 
*** SUMMARY ***
Total pot $2.50 | Rake $0 
Seat 1: Brookstj500 collected ($2.50)
Seat 2: z00mba folded before Flop (didn't bet)
Seat 3: xcinaz (button) folded before Flop (didn't bet)
Seat 4: IREQO (small blind) folded before Flop
Seat 5: BoyLoc0 (big blind) folded before Flop
Seat 6: robercarlos3 folded before Flop (didn't bet)



PokerStars Hand #254489363774:  Hold'em No Limit ($0.50/$1.00 USD) - 2025/01/21 20:38:21 WET [2025/01/21 15:38:21 ET]
Table 'McElroy IV' 6-max Seat #4 is the button
Seat 1: Brookstj500 ($37.50 in chips) 
Seat 2: z00mba ($100 in chips) 
Seat 3: xcinaz ($169.82 in chips) 
Seat 4: IREQO ($100.75 in chips) 
Seat 5: BoyLoc0 ($100.50 in chips) 
Seat 6: robercarlos3 ($123.41 in chips) 
BoyLoc0: posts small blind $0.50
robercarlos3: posts big blind $1
*** HOLE CARDS ***
Brookstj500: folds 
z00mba: folds 
xcinaz: folds 
IREQO: raises $1.50 to $2.50
BoyLoc0: raises $7.50 to $10
robercarlos3: folds 
IREQO: folds 
Uncalled bet ($7.50) returned to BoyLoc0
BoyLoc0 collected $6 from pot
BoyLoc0: doesn't show hand 
*** SUMMARY ***
Total pot $6 | Rake $0 
Seat 1: Brookstj500 folded before Flop (didn't bet)
Seat 2: z00mba folded before Flop (didn't bet)
Seat 3: xcinaz folded before Flop (didn't bet)
Seat 4: IREQO (button) folded before Flop
Seat 5: BoyLoc0 (small blind) collected ($6)
Seat 6: robercarlos3 (big blind) folded before Flop



PokerStars Hand #254489375768:  Hold'em No Limit ($0.50/$1.00 USD) - 2025/01/21 20:39:01 WET [2025/01/21 15:39:01 ET]
Table 'McElroy IV' 6-max Seat #5 is the button
Seat 1: Brookstj500 ($37.50 in chips) 
Seat 2: z00mba ($100 in chips) 
Seat 3: xcinaz ($169.82 in chips) 
Seat 4: IREQO ($100 in chips) 
Seat 5: BoyLoc0 ($104 in chips) 
Seat 6: robercarlos3 ($122.41 in chips) 
robercarlos3: posts small blind $0.50
Brookstj500: posts big blind $1
*** HOLE CARDS ***
z00mba: folds 
xcinaz: folds 
IREQO: folds 
BoyLoc0: folds 
robercarlos3: raises $1.50 to $2.50
Brookstj500: calls $1.50
*** FLOP *** [7s Js 4s]
robercarlos3: bets $1.52
Brookstj500: raises $4.48 to $6
robercarlos3: raises $113.91 to $119.91 and is all-in
Brookstj500: folds 
Uncalled bet ($113.91) returned to robercarlos3
robercarlos3 collected $16.15 from pot
robercarlos3: doesn't show hand 
*** SUMMARY ***
Total pot $17 | Rake $0.85 
Board [7s Js 4s]
Seat 1: Brookstj500 (big blind) folded on the Flop
Seat 2: z00mba folded before Flop (didn't bet)
Seat 3: xcinaz folded before Flop (didn't bet)
Seat 4: IREQO folded before Flop (didn't bet)
Seat 5: BoyLoc0 (button) folded before Flop (didn't bet)
Seat 6: robercarlos3 (small blind) collected ($16.15)



PokerStars Hand #254489388301:  Hold'em No Limit ($0.50/$1.00 USD) - 2025/01/21 20:39:44 WET [2025/01/21 15:39:44 ET]
Table 'McElroy IV' 6-max Seat #6 is the button
Seat 1: Brookstj500 ($29 in chips) 
Seat 2: z00mba ($100 in chips) 
Seat 3: xcinaz ($169.82 in chips) 
Seat 4: IREQO ($100 in chips) 
Seat 5: BoyLoc0 ($104 in chips) 
Seat 6: robercarlos3 ($130.06 in chips) 
Brookstj500: posts small blind $0.50
z00mba: posts big blind $1
*** HOLE CARDS ***
xcinaz: folds 
IREQO: folds 
BoyLoc0: raises $1.50 to $2.50
robercarlos3: folds 
Brookstj500: folds 
z00mba: folds 
Uncalled bet ($1.50) returned to BoyLoc0
BoyLoc0 collected $2.50 from pot
BoyLoc0: doesn't show hand 
*** SUMMARY ***
Total pot $2.50 | Rake $0 
Seat 1: Brookstj500 (small blind) folded before Flop
Seat 2: z00mba (big blind) folded before Flop
Seat 3: xcinaz folded before Flop (didn't bet)
Seat 4: IREQO folded before Flop (didn't bet)
Seat 5: BoyLoc0 collected ($2.50)
Seat 6: robercarlos3 (button) folded before Flop (didn't bet)



PokerStars Hand #254489394470:  Hold'em No Limit ($0.50/$1.00 USD) - 2025/01/21 20:40:05 WET [2025/01/21 15:40:05 ET]
Table 'McElroy IV' 6-max Seat #1 is the button
Seat 1: Brookstj500 ($28.50 in chips) 
Seat 2: z00mba ($100 in chips) 
Seat 3: xcinaz ($169.82 in chips) 
Seat 4: IREQO ($100 in chips) 
Seat 5: BoyLoc0 ($105.50 in chips) 
Seat 6: robercarlos3 ($130.06 in chips) 
z00mba: posts small blind $0.50
xcinaz: posts big blind $1
*** HOLE CARDS ***
IREQO: folds 
BoyLoc0: folds 
robercarlos3: folds 
Brookstj500: calls $1
z00mba: calls $0.50
xcinaz: checks 
*** FLOP *** [9s 2h Js]
z00mba: checks 
xcinaz: checks 
Brookstj500: checks 
*** TURN *** [9s 2h Js] [9d]
robercarlos3 leaves the table
z00mba: checks 
xcinaz: bets $2.42
Brookstj500: folds 
z00mba: folds 
Uncalled bet ($2.42) returned to xcinaz
xcinaz collected $2.85 from pot
xcinaz: doesn't show hand 
*** SUMMARY ***
Total pot $3 | Rake $0.15 
Board [9s 2h Js 9d]
Seat 1: Brookstj500 (button) folded on the Turn
Seat 2: z00mba (small blind) folded on the Turn
Seat 3: xcinaz (big blind) collected ($2.85)
Seat 4: IREQO folded before Flop (didn't bet)
Seat 5: BoyLoc0 folded before Flop (didn't bet)
Seat 6: robercarlos3 folded before Flop (didn't bet)



PokerStars Hand #254489410764:  Hold'em No Limit ($0.50/$1.00 USD) - 2025/01/21 20:41:01 WET [2025/01/21 15:41:01 ET]
Table 'McElroy IV' 6-max Seat #2 is the button
Seat 4: IREQO ($100 in chips) is sitting out
Seat 1: Brookstj500 ($27.50 in chips) 
Seat 2: z00mba ($100 in chips) 
Seat 3: xcinaz ($171.67 in chips) 
Seat 5: BoyLoc0 ($105.50 in chips) 
xcinaz: posts small blind $0.50
IREQO: is sitting out 
BoyLoc0: posts big blind $1
*** HOLE CARDS ***
Brookstj500: folds 
z00mba: folds 
xcinaz: raises $2 to $3
BoyLoc0: folds 
Uncalled bet ($2) returned to xcinaz
BumHuntKing joins the table at seat #6 
xcinaz collected $2 from pot
IREQO leaves the table
xcinaz: doesn't show hand 
*** SUMMARY ***
Total pot $2 | Rake $0 
Seat 4: IREQO
Seat 1: Brookstj500 folded before Flop (didn't bet)
Seat 2: z00mba (button) folded before Flop (didn't bet)
Seat 3: xcinaz (small blind) collected ($2)
Seat 5: BoyLoc0 (big blind) folded before Flop



PokerStars Hand #254489413803:  Hold'em No Limit ($0.50/$1.00 USD) - 2025/01/21 20:41:12 WET [2025/01/21 15:41:12 ET]
Table 'McElroy IV' 6-max Seat #3 is the button
Seat 1: Brookstj500 ($27.50 in chips) 
Seat 2: z00mba ($100 in chips) 
Seat 3: xcinaz ($172.67 in chips) 
Seat 5: BoyLoc0 ($104.50 in chips) 
Seat 6: BumHuntKing ($100 in chips) 
BoyLoc0: posts small blind $0.50
BumHuntKing: posts big blind $1
*** HOLE CARDS ***
xxxZeka joins the table at seat #4 
Brookstj500: folds 
z00mba: folds 
xcinaz: folds 
BoyLoc0: raises $2 to $3
BumHuntKing: folds 
Uncalled bet ($2) returned to BoyLoc0
BoyLoc0 collected $2 from pot
BoyLoc0: doesn't show hand 
*** SUMMARY ***
Total pot $2 | Rake $0 
Seat 1: Brookstj500 folded before Flop (didn't bet)
Seat 2: z00mba folded before Flop (didn't bet)
Seat 3: xcinaz (button) folded before Flop (didn't bet)
Seat 5: BoyLoc0 (small blind) collected ($2)
Seat 6: BumHuntKing (big blind) folded before Flop



PokerStars Hand #254489417814:  Hold'em No Limit ($0.50/$1.00 USD) - 2025/01/21 20:41:25 WET [2025/01/21 15:41:25 ET]
Table 'McElroy IV' 6-max Seat #5 is the button
Seat 4: xxxZeka ($100 in chips) is sitting out
Seat 1: Brookstj500 ($27.50 in chips) 
Seat 2: z00mba ($100 in chips) 
Seat 3: xcinaz ($172.67 in chips) 
Seat 5: BoyLoc0 ($105.50 in chips) 
Seat 6: BumHuntKing ($100 in chips) 
BumHuntKing: posts small blind $0.50
Brookstj500: posts big blind $1
xxxZeka: sits out 
*** HOLE CARDS ***
z00mba: folds 
xcinaz: folds 
BoyLoc0: folds 
BumHuntKing: raises $2 to $3
Brookstj500: folds 
Uncalled bet ($2) returned to BumHuntKing
BumHuntKing collected $2 from pot
BumHuntKing: doesn't show hand 
*** SUMMARY ***
Total pot $2 | Rake $0 
Seat 4: xxxZeka
Seat 1: Brookstj500 (big blind) folded before Flop
Seat 2: z00mba folded before Flop (didn't bet)
Seat 3: xcinaz folded before Flop (didn't bet)
Seat 5: BoyLoc0 (button) folded before Flop (didn't bet)
Seat 6: BumHuntKing (small blind) collected ($2)



PokerStars Hand #254489421771:  Hold'em No Limit ($0.50/$1.00 USD) - 2025/01/21 20:41:39 WET [2025/01/21 15:41:39 ET]
Table 'McElroy IV' 6-max Seat #6 is the button
Seat 4: xxxZeka ($100 in chips) is sitting out
Seat 1: Brookstj500 ($26.50 in chips) 
Seat 2: z00mba ($100 in chips) 
Seat 3: xcinaz ($172.67 in chips) 
Seat 5: BoyLoc0 ($105.50 in chips) 
Seat 6: BumHuntKing ($101 in chips) 
Brookstj500: posts small blind $0.50
z00mba: posts big blind $1
*** HOLE CARDS ***
xcinaz: folds 
BoyLoc0: raises $1.50 to $2.50
BumHuntKing: folds 
Brookstj500: calls $2
z00mba: calls $1.50
*** FLOP *** [Th 4d 7d]
Brookstj500: checks 
z00mba: checks 
BoyLoc0: bets $2.35
Brookstj500: raises $8.65 to $11
z00mba: folds 
BoyLoc0: raises $14.56 to $25.56
Brookstj500: calls $13 and is all-in
Uncalled bet ($1.56) returned to BoyLoc0
*** TURN *** [Th 4d 7d] [Jc]
*** RIVER *** [Th 4d 7d Jc] [5c]
*** SHOW DOWN ***
Brookstj500: shows [Ad Ts] (a pair of Tens)
BoyLoc0: shows [4h 4c] (three of a kind, Fours)
BoyLoc0 collected $53 from pot
*** SUMMARY ***
Total pot $55.50 | Rake $2.50 
Board [Th 4d 7d Jc 5c]
Seat 4: xxxZeka
Seat 1: Brookstj500 (small blind) showed [Ad Ts] and lost with a pair of Tens
Seat 2: z00mba (big blind) folded on the Flop
Seat 3: xcinaz folded before Flop (didn't bet)
Seat 5: BoyLoc0 showed [4h 4c] and won ($53) with three of a kind, Fours
Seat 6: BumHuntKing (button) folded before Flop (didn't bet)



PokerStars Hand #254489449904:  Hold'em No Limit ($0.50/$1.00 USD) - 2025/01/21 20:43:14 WET [2025/01/21 15:43:14 ET]
Table 'McElroy IV' 6-max Seat #2 is the button
Seat 1: Brookstj500 ($0 in chips) is sitting out
Seat 4: xxxZeka ($100 in chips) is sitting out
Seat 2: z00mba ($100 in chips) 
Seat 3: xcinaz ($172.67 in chips) 
Seat 5: BoyLoc0 ($132 in chips) 
Seat 6: BumHuntKing ($101 in chips) 
xcinaz: posts small blind $0.50
BoyLoc0: posts big blind $1
*** HOLE CARDS ***
Brookstj500 leaves the table
BumHuntKing: folds 
z00mba: folds 
MaRKiToScoK joins the table at seat #1 
xcinaz: folds 
Uncalled bet ($0.50) returned to BoyLoc0
BoyLoc0 collected $1 from pot
BoyLoc0: doesn't show hand 
*** SUMMARY ***
Total pot $1 | Rake $0 
Seat 1: Brookstj500
Seat 4: xxxZeka
Seat 2: z00mba (button) folded before Flop (didn't bet)
Seat 3: xcinaz (small blind) folded before Flop
Seat 5: BoyLoc0 (big blind) collected ($1)
Seat 6: BumHuntKing folded before Flop (didn't bet)



PokerStars Hand #254489453223:  Hold'em No Limit ($0.50/$1.00 USD) - 2025/01/21 20:43:26 WET [2025/01/21 15:43:26 ET]
Table 'McElroy IV' 6-max Seat #3 is the button
Seat 1: MaRKiToScoK ($100 in chips) is sitting out
Seat 4: xxxZeka ($100 in chips) is sitting out
Seat 2: z00mba ($100 in chips) 
Seat 3: xcinaz ($172.17 in chips) 
Seat 5: BoyLoc0 ($132.50 in chips) 
Seat 6: BumHuntKing ($101 in chips) 
BoyLoc0: posts small blind $0.50
BumHuntKing: posts big blind $1
MaRKiToScoK: sits out 
*** HOLE CARDS ***
z00mba: folds 
xcinaz: raises $1.50 to $2.50
BoyLoc0: folds 
BumHuntKing: folds 
Uncalled bet ($1.50) returned to xcinaz
xcinaz collected $2.50 from pot
xcinaz: doesn't show hand 
*** SUMMARY ***
Total pot $2.50 | Rake $0 
Seat 1: MaRKiToScoK
Seat 4: xxxZeka
Seat 2: z00mba folded before Flop (didn't bet)
Seat 3: xcinaz (button) collected ($2.50)
Seat 5: BoyLoc0 (small blind) folded before Flop
Seat 6: BumHuntKing (big blind) folded before Flop



PokerStars Hand #254489457338:  Hold'em No Limit ($0.50/$1.00 USD) - 2025/01/21 20:43:40 WET [2025/01/21 15:43:40 ET]
Table 'McElroy IV' 6-max Seat #5 is the button
Seat 4: xxxZeka ($100 in chips) is sitting out
Seat 1: MaRKiToScoK ($100 in chips) 
Seat 2: z00mba ($100 in chips) 
Seat 3: xcinaz ($173.67 in chips) 
Seat 5: BoyLoc0 ($132 in chips) 
Seat 6: BumHuntKing ($100 in chips) 
BumHuntKing: posts small blind $0.50
MaRKiToScoK: posts big blind $1
*** HOLE CARDS ***
z00mba: folds 
xcinaz: folds 
BoyLoc0: raises $1.50 to $2.50
z00mba leaves the table
BumHuntKing: folds 
MaRKiToScoK: raises $9.50 to $12
BoyLoc0: raises $13 to $25
kenk101 joins the table at seat #2 
kenk101 is disconnected 
MaRKiToScoK: calls $13
*** FLOP *** [6h 5d 3c]
MaRKiToScoK: checks 
BoyLoc0: bets $24
MaRKiToScoK: folds 
Uncalled bet ($24) returned to BoyLoc0
BoyLoc0 collected $48 from pot
BoyLoc0: doesn't show hand 
*** SUMMARY ***
Total pot $50.50 | Rake $2.50 
Board [6h 5d 3c]
Seat 4: xxxZeka
Seat 1: MaRKiToScoK (big blind) folded on the Flop
Seat 2: z00mba folded before Flop (didn't bet)
Seat 3: xcinaz folded before Flop (didn't bet)
Seat 5: BoyLoc0 (button) collected ($48)
Seat 6: BumHuntKing (small blind) folded before Flop



PokerStars Hand #254489471718:  Hold'em No Limit ($0.50/$1.00 USD) - 2025/01/21 20:44:29 WET [2025/01/21 15:44:29 ET]
Table 'McElroy IV' 6-max Seat #6 is the button
Seat 4: xxxZeka ($100 in chips) is sitting out
Seat 1: MaRKiToScoK ($100 in chips) 
Seat 2: kenk101 ($100 in chips) 
Seat 3: xcinaz ($173.67 in chips) 
Seat 5: BoyLoc0 ($155 in chips) 
Seat 6: BumHuntKing ($100 in chips) 
MaRKiToScoK: posts small blind $0.50
kenk101: posts big blind $1
*** HOLE CARDS ***
xcinaz: raises $1 to $2
BoyLoc0: folds 
BumHuntKing: folds 
MaRKiToScoK: calls $1.50
kenk101: calls $1
*** FLOP *** [5s 8c Jh]
MaRKiToScoK: checks 
kenk101: checks 
xcinaz: checks 
*** TURN *** [5s 8c Jh] [3c]
MaRKiToScoK: bets $4.28
kenk101: folds 
xcinaz: folds 
Uncalled bet ($4.28) returned to MaRKiToScoK
MaRKiToScoK collected $5.70 from pot
*** SUMMARY ***
Total pot $6 | Rake $0.30 
Board [5s 8c Jh 3c]
Seat 4: xxxZeka
Seat 1: MaRKiToScoK (small blind) collected ($5.70)
Seat 2: kenk101 (big blind) folded on the Turn
Seat 3: xcinaz folded on the Turn
Seat 5: BoyLoc0 folded before Flop (didn't bet)
Seat 6: BumHuntKing (button) folded before Flop (didn't bet)



PokerStars Hand #254489484217:  Hold'em No Limit ($0.50/$1.00 USD) - 2025/01/21 20:45:11 WET [2025/01/21 15:45:11 ET]
Table 'McElroy IV' 6-max Seat #1 is the button
Seat 3: xcinaz ($171.67 in chips) is sitting out
Seat 4: xxxZeka ($100 in chips) is sitting out
Seat 1: MaRKiToScoK ($103.70 in chips) 
Seat 2: kenk101 ($98 in chips) 
Seat 5: BoyLoc0 ($155 in chips) 
Seat 6: BumHuntKing ($100 in chips) 
kenk101: posts small blind $0.50
xcinaz: is sitting out 
BoyLoc0: posts big blind $1
*** HOLE CARDS ***
BumHuntKing: raises $1.20 to $2.20
MaRKiToScoK: folds 
kenk101: raises $3.20 to $5.40
BoyLoc0: folds 
BumHuntKing: calls $3.20
*** FLOP *** [8s 7h Ah]
kenk101: bets $11
BumHuntKing: raises $16.61 to $27.61
kenk101: folds 
Uncalled bet ($16.61) returned to BumHuntKing
BumHuntKing collected $32.80 from pot
BumHuntKing: doesn't show hand 
*** SUMMARY ***
Total pot $33.80 | Rake $1 
Board [8s 7h Ah]
Seat 3: xcinaz
Seat 4: xxxZeka
Seat 1: MaRKiToScoK (button) folded before Flop (didn't bet)
Seat 2: kenk101 (small blind) folded on the Flop
Seat 5: BoyLoc0 (big blind) folded before Flop
Seat 6: BumHuntKing collected ($32.80)



PokerStars Hand #254489499399:  Hold'em No Limit ($0.50/$1.00 USD) - 2025/01/21 20:46:02 WET [2025/01/21 15:46:02 ET]
Table 'McElroy IV' 6-max Seat #2 is the button
Seat 3: xcinaz ($171.67 in chips) is sitting out
Seat 4: xxxZeka ($100 in chips) is sitting out
Seat 1: MaRKiToScoK ($103.70 in chips) 
Seat 2: kenk101 ($81.60 in chips) 
Seat 5: BoyLoc0 ($154 in chips) 
Seat 6: BumHuntKing ($116.40 in chips) 
BoyLoc0: posts small blind $0.50
BumHuntKing: posts big blind $1
*** HOLE CARDS ***
MaRKiToScoK: folds 
kenk101: folds 
xcinaz leaves the table
BoyLoc0: raises $2 to $3
BumHuntKing: raises $6 to $9
BoyLoc0: folds 
Uncalled bet ($6) returned to BumHuntKing
BumHuntKing collected $6 from pot
BumHuntKing: doesn't show hand 
*** SUMMARY ***
Total pot $6 | Rake $0 
Seat 3: xcinaz
Seat 4: xxxZeka
Seat 1: MaRKiToScoK folded before Flop (didn't bet)
Seat 2: kenk101 (button) folded before Flop (didn't bet)
Seat 5: BoyLoc0 (small blind) folded before Flop
Seat 6: BumHuntKing (big blind) collected ($6)



PokerStars Hand #254489505036:  Hold'em No Limit ($0.50/$1.00 USD) - 2025/01/21 20:46:21 WET [2025/01/21 15:46:21 ET]
Table 'McElroy IV' 6-max Seat #5 is the button
Seat 4: xxxZeka ($100 in chips) is sitting out
Seat 1: MaRKiToScoK ($103.70 in chips) 
Seat 2: kenk101 ($81.60 in chips) 
Seat 5: BoyLoc0 ($151 in chips) 
Seat 6: BumHuntKing ($119.40 in chips) 
BumHuntKing: posts small blind $0.50
MaRKiToScoK: posts big blind $1
*** HOLE CARDS ***
kenk101: raises $4 to $5
BoyLoc0: calls $5
BumHuntKing: folds 
nicofellow joins the table at seat #3 
MaRKiToScoK: folds 
*** FLOP *** [2s Kc 2c]
kenk101: checks 
BoyLoc0: checks 
*** TURN *** [2s Kc 2c] [2h]
kenk101: bets $9
BoyLoc0: calls $9
*** RIVER *** [2s Kc 2c 2h] [9h]
kenk101: bets $9
BoyLoc0: raises $69.75 to $78.75
kenk101: folds 
Uncalled bet ($69.75) returned to BoyLoc0
BoyLoc0 collected $46.50 from pot
BoyLoc0: doesn't show hand 
*** SUMMARY ***
Total pot $47.50 | Rake $1 
Board [2s Kc 2c 2h 9h]
Seat 4: xxxZeka
Seat 1: MaRKiToScoK (big blind) folded before Flop
Seat 2: kenk101 folded on the River
Seat 5: BoyLoc0 (button) collected ($46.50)
Seat 6: BumHuntKing (small blind) folded before Flop



PokerStars Hand #254489525614:  Hold'em No Limit ($0.50/$1.00 USD) - 2025/01/21 20:47:31 WET [2025/01/21 15:47:31 ET]
Table 'McElroy IV' 6-max Seat #6 is the button
Seat 3: nicofellow ($100 in chips) is sitting out
Seat 4: xxxZeka ($100 in chips) is sitting out
Seat 1: MaRKiToScoK ($102.70 in chips) 
Seat 2: kenk101 ($58.60 in chips) 
Seat 5: BoyLoc0 ($174.50 in chips) 
Seat 6: BumHuntKing ($118.90 in chips) 
MaRKiToScoK: posts small blind $0.50
kenk101: posts big blind $1
nicofellow: sits out 
*** HOLE CARDS ***
BoyLoc0: raises $1.50 to $2.50
BumHuntKing: folds 
MaRKiToScoK: folds 
kenk101: folds 
Uncalled bet ($1.50) returned to BoyLoc0
BoyLoc0 collected $2.50 from pot
BoyLoc0: doesn't show hand 
*** SUMMARY ***
Total pot $2.50 | Rake $0 
Seat 3: nicofellow
Seat 4: xxxZeka
Seat 1: MaRKiToScoK (small blind) folded before Flop
Seat 2: kenk101 (big blind) folded before Flop
Seat 5: BoyLoc0 collected ($2.50)
Seat 6: BumHuntKing (button) folded before Flop (didn't bet)



PokerStars Hand #254489533594:  Hold'em No Limit ($0.50/$1.00 USD) - 2025/01/21 20:47:57 WET [2025/01/21 15:47:57 ET]
Table 'McElroy IV' 6-max Seat #1 is the button
Seat 4: xxxZeka ($100 in chips) is sitting out
Seat 1: MaRKiToScoK ($102.20 in chips) 
Seat 2: kenk101 ($57.60 in chips) 
Seat 3: nicofellow ($100 in chips) 
Seat 5: BoyLoc0 ($176 in chips) 
Seat 6: BumHuntKing ($118.90 in chips) 
kenk101: posts small blind $0.50
nicofellow: posts big blind $1
*** HOLE CARDS ***
BoyLoc0: folds 
BumHuntKing: folds 
MaRKiToScoK: folds 
kenk101: folds 
Uncalled bet ($0.50) returned to nicofellow
nicofellow collected $1 from pot
nicofellow: doesn't show hand 
*** SUMMARY ***
Total pot $1 | Rake $0 
Seat 4: xxxZeka
Seat 1: MaRKiToScoK (button) folded before Flop (didn't bet)
Seat 2: kenk101 (small blind) folded before Flop
Seat 3: nicofellow (big blind) collected ($1)
Seat 5: BoyLoc0 folded before Flop (didn't bet)
Seat 6: BumHuntKing folded before Flop (didn't bet)



PokerStars Hand #254489538872:  Hold'em No Limit ($0.50/$1.00 USD) - 2025/01/21 20:48:15 WET [2025/01/21 15:48:15 ET]
Table 'McElroy IV' 6-max Seat #2 is the button
Seat 4: xxxZeka ($100 in chips) is sitting out
Seat 1: MaRKiToScoK ($102.20 in chips) 
Seat 2: kenk101 ($57.10 in chips) 
Seat 3: nicofellow ($100.50 in chips) 
Seat 5: BoyLoc0 ($176 in chips) 
Seat 6: BumHuntKing ($118.90 in chips) 
nicofellow: posts small blind $0.50
BoyLoc0: posts big blind $1
*** HOLE CARDS ***
BumHuntKing: folds 
MaRKiToScoK: raises $1.25 to $2.25
kenk101: folds 
nicofellow: folds 
BoyLoc0: raises $9.75 to $12
MaRKiToScoK: calls $9.75
*** FLOP *** [6h 2c 2d]
BoyLoc0: checks 
MaRKiToScoK: checks 
*** TURN *** [6h 2c 2d] [8h]
BoyLoc0: checks 
MaRKiToScoK: checks 
*** RIVER *** [6h 2c 2d 8h] [Jc]
BoyLoc0: bets $17.46
MaRKiToScoK: calls $17.46
*** SHOW DOWN ***
BoyLoc0: shows [Ah Jh] (two pair, Jacks and Deuces)
MaRKiToScoK: mucks hand 
BoyLoc0 collected $56.92 from pot
*** SUMMARY ***
Total pot $59.42 | Rake $2.50 
Board [6h 2c 2d 8h Jc]
Seat 4: xxxZeka
Seat 1: MaRKiToScoK mucked
Seat 2: kenk101 (button) folded before Flop (didn't bet)
Seat 3: nicofellow (small blind) folded before Flop
Seat 5: BoyLoc0 (big blind) showed [Ah Jh] and won ($56.92) with two pair, Jacks and Deuces
Seat 6: BumHuntKing folded before Flop (didn't bet)



PokerStars Hand #254489561146:  Hold'em No Limit ($0.50/$1.00 USD) - 2025/01/21 20:49:30 WET [2025/01/21 15:49:30 ET]
Table 'McElroy IV' 6-max Seat #3 is the button
Seat 4: xxxZeka ($100 in chips) is sitting out
Seat 1: MaRKiToScoK ($100 in chips) 
Seat 2: kenk101 ($57.10 in chips) 
Seat 3: nicofellow ($100 in chips) 
Seat 5: BoyLoc0 ($203.46 in chips) 
Seat 6: BumHuntKing ($118.90 in chips) 
BoyLoc0: posts small blind $0.50
BumHuntKing: posts big blind $1
*** HOLE CARDS ***
MaRKiToScoK: folds 
kenk101: folds 
nicofellow: raises $1.50 to $2.50
BoyLoc0: folds 
BumHuntKing: folds 
Uncalled bet ($1.50) returned to nicofellow
nicofellow collected $2.50 from pot
nicofellow: doesn't show hand 
*** SUMMARY ***
Total pot $2.50 | Rake $0 
Seat 4: xxxZeka
Seat 1: MaRKiToScoK folded before Flop (didn't bet)
Seat 2: kenk101 folded before Flop (didn't bet)
Seat 3: nicofellow (button) collected ($2.50)
Seat 5: BoyLoc0 (small blind) folded before Flop
Seat 6: BumHuntKing (big blind) folded before Flop



PokerStars Hand #254489565407:  Hold'em No Limit ($0.50/$1.00 USD) - 2025/01/21 20:49:44 WET [2025/01/21 15:49:44 ET]
Table 'McElroy IV' 6-max Seat #5 is the button
Seat 4: xxxZeka ($100 in chips) is sitting out
Seat 1: MaRKiToScoK ($100 in chips) 
Seat 2: kenk101 ($57.10 in chips) 
Seat 3: nicofellow ($101.50 in chips) 
Seat 5: BoyLoc0 ($202.96 in chips) 
Seat 6: BumHuntKing ($117.90 in chips) 
BumHuntKing: posts small blind $0.50
MaRKiToScoK: posts big blind $1
xxxZeka: sits out 
*** HOLE CARDS ***
kenk101: folds 
nicofellow: folds 
BoyLoc0: folds 
BumHuntKing: raises $2 to $3
MaRKiToScoK: calls $2
*** FLOP *** [8h 4d 6s]
BumHuntKing: checks 
MaRKiToScoK: bets $4.28
BumHuntKing: folds 
Uncalled bet ($4.28) returned to MaRKiToScoK
MaRKiToScoK collected $5.70 from pot
*** SUMMARY ***
Total pot $6 | Rake $0.30 
Board [8h 4d 6s]
Seat 4: xxxZeka
Seat 1: MaRKiToScoK (big blind) collected ($5.70)
Seat 2: kenk101 folded before Flop (didn't bet)
Seat 3: nicofellow folded before Flop (didn't bet)
Seat 5: BoyLoc0 (button) folded before Flop (didn't bet)
Seat 6: BumHuntKing (small blind) folded on the Flop



PokerStars Hand #254489576340:  Hold'em No Limit ($0.50/$1.00 USD) - 2025/01/21 20:50:20 WET [2025/01/21 15:50:20 ET]
Table 'McElroy IV' 6-max Seat #6 is the button
Seat 4: xxxZeka ($100 in chips) is sitting out
Seat 1: MaRKiToScoK ($102.70 in chips) 
Seat 2: kenk101 ($57.10 in chips) 
Seat 3: nicofellow ($101.50 in chips) 
Seat 5: BoyLoc0 ($202.96 in chips) 
Seat 6: BumHuntKing ($114.90 in chips) 
MaRKiToScoK: posts small blind $0.50
kenk101: posts big blind $1
xxxZeka: sits out 
*** HOLE CARDS ***
nicofellow: raises $1 to $2
BoyLoc0 is disconnected 
BoyLoc0 is connected 
BoyLoc0: folds 
BumHuntKing: folds 
MaRKiToScoK: folds 
kenk101: folds 
Uncalled bet ($1) returned to nicofellow
nicofellow collected $2.50 from pot
nicofellow: doesn't show hand 
*** SUMMARY ***
Total pot $2.50 | Rake $0 
Seat 4: xxxZeka
Seat 1: MaRKiToScoK (small blind) folded before Flop
Seat 2: kenk101 (big blind) folded before Flop
Seat 3: nicofellow collected ($2.50)
Seat 5: BoyLoc0 folded before Flop (didn't bet)
Seat 6: BumHuntKing (button) folded before Flop (didn't bet)



PokerStars Hand #254489583939:  Hold'em No Limit ($0.50/$1.00 USD) - 2025/01/21 20:50:45 WET [2025/01/21 15:50:45 ET]
Table 'McElroy IV' 6-max Seat #1 is the button
Seat 4: xxxZeka ($100 in chips) is sitting out
Seat 1: MaRKiToScoK ($102.20 in chips) 
Seat 2: kenk101 ($56.10 in chips) 
Seat 3: nicofellow ($103 in chips) 
Seat 5: BoyLoc0 ($202.96 in chips) 
Seat 6: BumHuntKing ($114.90 in chips) 
kenk101: posts small blind $0.50
nicofellow: posts big blind $1
xxxZeka: sits out 
*** HOLE CARDS ***
BoyLoc0: folds 
BumHuntKing: raises $1.20 to $2.20
MaRKiToScoK: folds 
kenk101: folds 
nicofellow: folds 
Uncalled bet ($1.20) returned to BumHuntKing
BumHuntKing collected $2.50 from pot
BumHuntKing: doesn't show hand 
*** SUMMARY ***
Total pot $2.50 | Rake $0 
Seat 4: xxxZeka
Seat 1: MaRKiToScoK (button) folded before Flop (didn't bet)
Seat 2: kenk101 (small blind) folded before Flop
Seat 3: nicofellow (big blind) folded before Flop
Seat 5: BoyLoc0 folded before Flop (didn't bet)
Seat 6: BumHuntKing collected ($2.50)



PokerStars Hand #254489587812:  Hold'em No Limit ($0.50/$1.00 USD) - 2025/01/21 20:50:58 WET [2025/01/21 15:50:58 ET]
Table 'McElroy IV' 6-max Seat #2 is the button
Seat 1: MaRKiToScoK ($102.20 in chips) 
Seat 2: kenk101 ($55.60 in chips) 
Seat 3: nicofellow ($102 in chips) 
Seat 4: xxxZeka ($100 in chips) 
Seat 5: BoyLoc0 ($202.96 in chips) 
Seat 6: BumHuntKing ($116.40 in chips) 
nicofellow: posts small blind $0.50
xxxZeka: posts big blind $1
*** HOLE CARDS ***
BoyLoc0: raises $1.50 to $2.50
BumHuntKing: folds 
MaRKiToScoK: folds 
kenk101: folds 
nicofellow: folds 
xxxZeka: folds 
Uncalled bet ($1.50) returned to BoyLoc0
BoyLoc0 collected $2.50 from pot
BoyLoc0: doesn't show hand 
*** SUMMARY ***
Total pot $2.50 | Rake $0 
Seat 1: MaRKiToScoK folded before Flop (didn't bet)
Seat 2: kenk101 (button) folded before Flop (didn't bet)
Seat 3: nicofellow (small blind) folded before Flop
Seat 4: xxxZeka (big blind) folded before Flop
Seat 5: BoyLoc0 collected ($2.50)
Seat 6: BumHuntKing folded before Flop (didn't bet)



PokerStars Hand #254489594228:  Hold'em No Limit ($0.50/$1.00 USD) - 2025/01/21 20:51:19 WET [2025/01/21 15:51:19 ET]
Table 'McElroy IV' 6-max Seat #3 is the button
Seat 5: BoyLoc0 ($204.46 in chips) is sitting out
Seat 1: MaRKiToScoK ($102.20 in chips) 
Seat 2: kenk101 ($55.60 in chips) 
Seat 3: nicofellow ($101.50 in chips) 
Seat 4: xxxZeka ($100 in chips) 
Seat 6: BumHuntKing ($116.40 in chips) 
xxxZeka: posts small blind $0.50
BoyLoc0: is sitting out 
BumHuntKing: posts big blind $1
*** HOLE CARDS ***
MaRKiToScoK: folds 
kenk101: folds 
nicofellow: folds 
xxxZeka: folds 
Uncalled bet ($0.50) returned to BumHuntKing
BoyLoc0 leaves the table
BumHuntKing collected $1 from pot
BumHuntKing: doesn't show hand 
*** SUMMARY ***
Total pot $1 | Rake $0 
Seat 5: BoyLoc0
Seat 1: MaRKiToScoK folded before Flop (didn't bet)
Seat 2: kenk101 folded before Flop (didn't bet)
Seat 3: nicofellow (button) folded before Flop (didn't bet)
Seat 4: xxxZeka (small blind) folded before Flop
Seat 6: BumHuntKing (big blind) collected ($1)



PokerStars Hand #254489598535:  Hold'em No Limit ($0.50/$1.00 USD) - 2025/01/21 20:51:34 WET [2025/01/21 15:51:34 ET]
Table 'McElroy IV' 6-max Seat #4 is the button
Seat 1: MaRKiToScoK ($102.20 in chips) 
Seat 2: kenk101 ($55.60 in chips) 
Seat 3: nicofellow ($101.50 in chips) 
Seat 4: xxxZeka ($100 in chips) 
Seat 6: BumHuntKing ($116.90 in chips) 
BumHuntKing: posts small blind $0.50
MaRKiToScoK: posts big blind $1
*** HOLE CARDS ***
kenk101: folds 
nicofellow: folds 
xxxZeka: folds 
BumHuntKing: folds 
Uncalled bet ($0.50) returned to MaRKiToScoK
MaRKiToScoK collected $1 from pot
*** SUMMARY ***
Total pot $1 | Rake $0 
Seat 1: MaRKiToScoK (big blind) collected ($1)
Seat 2: kenk101 folded before Flop (didn't bet)
Seat 3: nicofellow folded before Flop (didn't bet)
Seat 4: xxxZeka (button) folded before Flop (didn't bet)
Seat 6: BumHuntKing (small blind) folded before Flop



PokerStars Hand #254489602356:  Hold'em No Limit ($0.50/$1.00 USD) - 2025/01/21 20:51:46 WET [2025/01/21 15:51:46 ET]
Table 'McElroy IV' 6-max Seat #6 is the button
Seat 1: MaRKiToScoK ($102.70 in chips) 
Seat 2: kenk101 ($55.60 in chips) 
Seat 3: nicofellow ($101.50 in chips) 
Seat 4: xxxZeka ($100 in chips) 
Seat 6: BumHuntKing ($116.40 in chips) 
MaRKiToScoK: posts small blind $0.50
kenk101: posts big blind $1
*** HOLE CARDS ***
nicofellow: raises $1 to $2
xxxZeka: folds 
BumHuntKing: folds 
MaRKiToScoK: calls $1.50
kenk101: folds 
*** FLOP *** [Js 3c Tc]
MaRKiToScoK: checks 
nicofellow: bets $1.57
MaRKiToScoK: calls $1.57
*** TURN *** [Js 3c Tc] [4h]
MaRKiToScoK: checks 
BumHuntKing leaves the table
nicofellow: checks 
*** RIVER *** [Js 3c Tc 4h] [8h]
MaRKiToScoK: checks 
Brookstj500 joins the table at seat #5 
nicofellow: bets $5.87
Nicedaymybro joins the table at seat #6 
MaRKiToScoK: folds 
Uncalled bet ($5.87) returned to nicofellow
nicofellow collected $7.73 from pot
nicofellow: doesn't show hand 
*** SUMMARY ***
Total pot $8.14 | Rake $0.41 
Board [Js 3c Tc 4h 8h]
Seat 1: MaRKiToScoK (small blind) folded on the River
Seat 2: kenk101 (big blind) folded before Flop
Seat 3: nicofellow collected ($7.73)
Seat 4: xxxZeka folded before Flop (didn't bet)
Seat 6: BumHuntKing (button) folded before Flop (didn't bet)



PokerStars Hand #254489618481:  Hold'em No Limit ($0.50/$1.00 USD) - 2025/01/21 20:52:40 WET [2025/01/21 15:52:40 ET]
Table 'McElroy IV' 6-max Seat #1 is the button
Seat 5: Brookstj500 ($40 in chips) is sitting out
Seat 6: Nicedaymybro ($100 in chips) is sitting out
Seat 1: MaRKiToScoK ($100 in chips) 
Seat 2: kenk101 ($54.60 in chips) 
Seat 3: nicofellow ($105.66 in chips) 
Seat 4: xxxZeka ($100 in chips) 
kenk101: posts small blind $0.50
nicofellow: posts big blind $1
Brookstj500: sits out 
Nicedaymybro: sits out 
*** HOLE CARDS ***
xxxZeka: folds 
MaRKiToScoK: folds 
kenk101: raises $2 to $3
nicofellow: folds 
Uncalled bet ($2) returned to kenk101
kenk101 collected $2 from pot
*** SUMMARY ***
Total pot $2 | Rake $0 
Seat 5: Brookstj500
Seat 6: Nicedaymybro
Seat 1: MaRKiToScoK (button) folded before Flop (didn't bet)
Seat 2: kenk101 (small blind) collected ($2)
Seat 3: nicofellow (big blind) folded before Flop
Seat 4: xxxZeka folded before Flop (didn't bet)



PokerStars Hand #254489624148:  Hold'em No Limit ($0.50/$1.00 USD) - 2025/01/21 20:52:59 WET [2025/01/21 15:52:59 ET]
Table 'McElroy IV' 6-max Seat #2 is the button
Seat 5: Brookstj500 ($40 in chips) is sitting out
Seat 6: Nicedaymybro ($100 in chips) is sitting out
Seat 1: MaRKiToScoK ($100 in chips) 
Seat 2: kenk101 ($55.60 in chips) 
Seat 3: nicofellow ($104.66 in chips) 
Seat 4: xxxZeka ($100 in chips) 
nicofellow: posts small blind $0.50
xxxZeka: posts big blind $1
Brookstj500: sits out 
Nicedaymybro: sits out 
*** HOLE CARDS ***
MaRKiToScoK: folds 
kenk101: raises $2 to $3
nicofellow: folds 
xxxZeka: folds 
Uncalled bet ($2) returned to kenk101
kenk101 collected $2.50 from pot
*** SUMMARY ***
Total pot $2.50 | Rake $0 
Seat 5: Brookstj500
Seat 6: Nicedaymybro
Seat 1: MaRKiToScoK folded before Flop (didn't bet)
Seat 2: kenk101 (button) collected ($2.50)
Seat 3: nicofellow (small blind) folded before Flop
Seat 4: xxxZeka (big blind) folded before Flop



PokerStars Hand #254489628394:  Hold'em No Limit ($0.50/$1.00 USD) - 2025/01/21 20:53:13 WET [2025/01/21 15:53:13 ET]
Table 'McElroy IV' 6-max Seat #3 is the button
Seat 6: Nicedaymybro ($100 in chips) is sitting out
Seat 1: MaRKiToScoK ($100 in chips) 
Seat 2: kenk101 ($57.10 in chips) 
Seat 3: nicofellow ($104.16 in chips) 
Seat 4: xxxZeka ($100 in chips) 
Seat 5: Brookstj500 ($40 in chips) 
xxxZeka: posts small blind $0.50
Brookstj500: posts big blind $1
Nicedaymybro: sits out 
*** HOLE CARDS ***
MaRKiToScoK: folds 
kenk101: folds 
nicofellow: folds 
xxxZeka: folds 
Uncalled bet ($0.50) returned to Brookstj500
Brookstj500 collected $1 from pot
Brookstj500: doesn't show hand 
*** SUMMARY ***
Total pot $1 | Rake $0 
Seat 6: Nicedaymybro
Seat 1: MaRKiToScoK folded before Flop (didn't bet)
Seat 2: kenk101 folded before Flop (didn't bet)
Seat 3: nicofellow (button) folded before Flop (didn't bet)
Seat 4: xxxZeka (small blind) folded before Flop
Seat 5: Brookstj500 (big blind) collected ($1)



PokerStars Hand #254489633720:  Hold'em No Limit ($0.50/$1.00 USD) - 2025/01/21 20:53:31 WET [2025/01/21 15:53:31 ET]
Table 'McElroy IV' 6-max Seat #4 is the button
Seat 1: MaRKiToScoK ($100 in chips) 
Seat 2: kenk101 ($57.10 in chips) 
Seat 3: nicofellow ($104.16 in chips) 
Seat 4: xxxZeka ($100 in chips) 
Seat 5: Brookstj500 ($40.50 in chips) 
Seat 6: Nicedaymybro ($100 in chips) 
Brookstj500: posts small blind $0.50
Nicedaymybro: posts big blind $1
*** HOLE CARDS ***
MaRKiToScoK: folds 
kenk101: folds 
nicofellow: raises $1.20 to $2.20
xxxZeka: folds 
Brookstj500: folds 
Nicedaymybro: folds 
Uncalled bet ($1.20) returned to nicofellow
nicofellow collected $2.50 from pot
nicofellow: doesn't show hand 
*** SUMMARY ***
Total pot $2.50 | Rake $0 
Seat 1: MaRKiToScoK folded before Flop (didn't bet)
Seat 2: kenk101 folded before Flop (didn't bet)
Seat 3: nicofellow collected ($2.50)
Seat 4: xxxZeka (button) folded before Flop (didn't bet)
Seat 5: Brookstj500 (small blind) folded before Flop
Seat 6: Nicedaymybro (big blind) folded before Flop



PokerStars Hand #254489638875:  Hold'em No Limit ($0.50/$1.00 USD) - 2025/01/21 20:53:48 WET [2025/01/21 15:53:48 ET]
Table 'McElroy IV' 6-max Seat #5 is the button
Seat 1: MaRKiToScoK ($100 in chips) 
Seat 2: kenk101 ($57.10 in chips) 
Seat 3: nicofellow ($105.66 in chips) 
Seat 4: xxxZeka ($100 in chips) 
Seat 5: Brookstj500 ($40 in chips) 
Seat 6: Nicedaymybro ($100 in chips) 
Nicedaymybro: posts small blind $0.50
MaRKiToScoK: posts big blind $1
*** HOLE CARDS ***
kenk101: folds 
nicofellow: folds 
xxxZeka: raises $1.50 to $2.50
Brookstj500: folds 
Nicedaymybro: raises $8.50 to $11
MaRKiToScoK: raises $12 to $23
xxxZeka: folds 
Nicedaymybro: folds 
Uncalled bet ($12) returned to MaRKiToScoK
MaRKiToScoK collected $24.50 from pot
*** SUMMARY ***
Total pot $24.50 | Rake $0 
Seat 1: MaRKiToScoK (big blind) collected ($24.50)
Seat 2: kenk101 folded before Flop (didn't bet)
Seat 3: nicofellow folded before Flop (didn't bet)
Seat 4: xxxZeka folded before Flop
Seat 5: Brookstj500 (button) folded before Flop (didn't bet)
Seat 6: Nicedaymybro (small blind) folded before Flop



PokerStars Hand #254489649869:  Hold'em No Limit ($0.50/$1.00 USD) - 2025/01/21 20:54:24 WET [2025/01/21 15:54:24 ET]
Table 'McElroy IV' 6-max Seat #6 is the button
Seat 2: kenk101 ($57.10 in chips) is sitting out
Seat 1: MaRKiToScoK ($113.50 in chips) 
Seat 3: nicofellow ($105.66 in chips) 
Seat 4: xxxZeka ($100 in chips) 
Seat 5: Brookstj500 ($40 in chips) 
Seat 6: Nicedaymybro ($100 in chips) 
MaRKiToScoK: posts small blind $0.50
kenk101 has timed out
kenk101: is sitting out 
nicofellow: posts big blind $1
*** HOLE CARDS ***
xxxZeka: folds 
Brookstj500: folds 
Nicedaymybro: folds 
MaRKiToScoK: raises $2 to $3
nicofellow: folds 
Uncalled bet ($2) returned to MaRKiToScoK
MaRKiToScoK collected $2 from pot
*** SUMMARY ***
Total pot $2 | Rake $0 
Seat 2: kenk101
Seat 1: MaRKiToScoK (small blind) collected ($2)
Seat 3: nicofellow (big blind) folded before Flop
Seat 4: xxxZeka folded before Flop (didn't bet)
Seat 5: Brookstj500 folded before Flop (didn't bet)
Seat 6: Nicedaymybro (button) folded before Flop (didn't bet)



PokerStars Hand #254489658156:  Hold'em No Limit ($0.50/$1.00 USD) - 2025/01/21 20:54:51 WET [2025/01/21 15:54:51 ET]
Table 'McElroy IV' 6-max Seat #1 is the button
Seat 2: kenk101 ($57.10 in chips) is sitting out
Seat 1: MaRKiToScoK ($114.50 in chips) 
Seat 3: nicofellow ($104.66 in chips) 
Seat 4: xxxZeka ($100 in chips) 
Seat 5: Brookstj500 ($40 in chips) 
Seat 6: Nicedaymybro ($100 in chips) 
nicofellow: posts small blind $0.50
xxxZeka: posts big blind $1
*** HOLE CARDS ***
Brookstj500: folds 
Nicedaymybro: folds 
MaRKiToScoK: raises $1.50 to $2.50
nicofellow: folds 
xxxZeka: calls $1.50
*** FLOP *** [Kd 9s 7h]
xxxZeka: checks 
MaRKiToScoK: bets $1.72
xxxZeka: calls $1.72
*** TURN *** [Kd 9s 7h] [5s]
xxxZeka: checks 
MaRKiToScoK: bets $16.98
xxxZeka: folds 
Uncalled bet ($16.98) returned to MaRKiToScoK
MaRKiToScoK collected $8.49 from pot
*** SUMMARY ***
Total pot $8.94 | Rake $0.45 
Board [Kd 9s 7h 5s]
Seat 2: kenk101
Seat 1: MaRKiToScoK (button) collected ($8.49)
Seat 3: nicofellow (small blind) folded before Flop
Seat 4: xxxZeka (big blind) folded on the Turn
Seat 5: Brookstj500 folded before Flop (didn't bet)
Seat 6: Nicedaymybro folded before Flop (didn't bet)



PokerStars Hand #254489672537:  Hold'em No Limit ($0.50/$1.00 USD) - 2025/01/21 20:55:52 WET [2025/01/21 15:55:52 ET]
Table 'McElroy IV' 6-max Seat #3 is the button
Seat 1: MaRKiToScoK ($118.77 in chips) 
Seat 2: kenk101 ($57.10 in chips) 
Seat 3: nicofellow ($104.16 in chips) 
Seat 4: xxxZeka ($100 in chips) 
Seat 5: Brookstj500 ($40 in chips) 
Seat 6: Nicedaymybro ($100 in chips) 
xxxZeka: posts small blind $0.50
Brookstj500: posts big blind $1
kenk101: posts small & big blinds $1.50
*** HOLE CARDS ***
Nicedaymybro: folds 
MaRKiToScoK: raises $3.50 to $4.50
kenk101: folds 
nicofellow: folds 
xxxZeka: folds 
Brookstj500: folds 
Uncalled bet ($3.50) returned to MaRKiToScoK
MaRKiToScoK collected $4 from pot
*** SUMMARY ***
Total pot $4 | Rake $0 
Seat 1: MaRKiToScoK collected ($4)
Seat 2: kenk101 folded before Flop (didn't bet)
Seat 3: nicofellow (button) folded before Flop (didn't bet)
Seat 4: xxxZeka (small blind) folded before Flop
Seat 5: Brookstj500 (big blind) folded before Flop
Seat 6: Nicedaymybro folded before Flop (didn't bet)



PokerStars Hand #254489677794:  Hold'em No Limit ($0.50/$1.00 USD) - 2025/01/21 20:56:16 WET [2025/01/21 15:56:16 ET]
Table 'McElroy IV' 6-max Seat #4 is the button
Seat 1: MaRKiToScoK ($121.77 in chips) 
Seat 2: kenk101 ($55.60 in chips) 
Seat 3: nicofellow ($104.16 in chips) 
Seat 4: xxxZeka ($100 in chips) 
Seat 5: Brookstj500 ($39 in chips) 
Seat 6: Nicedaymybro ($100 in chips) 
Brookstj500: posts small blind $0.50
Nicedaymybro: posts big blind $1
*** HOLE CARDS ***
MaRKiToScoK: folds 
kenk101: folds 
nicofellow: folds 
xxxZeka: raises $1.50 to $2.50
Brookstj500: calls $2
Nicedaymybro: folds 
*** FLOP *** [Qs 8s Ac]
Brookstj500: checks 
xxxZeka: bets $1.88
Brookstj500: calls $1.88
*** TURN *** [Qs 8s Ac] [6c]
Brookstj500: checks 
xxxZeka: bets $5
Brookstj500: folds 
Uncalled bet ($5) returned to xxxZeka
xxxZeka collected $9.27 from pot
xxxZeka: doesn't show hand 
*** SUMMARY ***
Total pot $9.76 | Rake $0.49 
Board [Qs 8s Ac 6c]
Seat 1: MaRKiToScoK folded before Flop (didn't bet)
Seat 2: kenk101 folded before Flop (didn't bet)
Seat 3: nicofellow folded before Flop (didn't bet)
Seat 4: xxxZeka (button) collected ($9.27)
Seat 5: Brookstj500 (small blind) folded on the Turn
Seat 6: Nicedaymybro (big blind) folded before Flop



PokerStars Hand #254489694594:  Hold'em No Limit ($0.50/$1.00 USD) - 2025/01/21 20:57:30 WET [2025/01/21 15:57:30 ET]
Table 'McElroy IV' 6-max Seat #5 is the button
Seat 1: MaRKiToScoK ($121.77 in chips) 
Seat 2: kenk101 ($55.60 in chips) 
Seat 3: nicofellow ($104.16 in chips) 
Seat 4: xxxZeka ($104.89 in chips) 
Seat 5: Brookstj500 ($34.62 in chips) 
Seat 6: Nicedaymybro ($100 in chips) 
Nicedaymybro: posts small blind $0.50
MaRKiToScoK: posts big blind $1
*** HOLE CARDS ***
kenk101: folds 
nicofellow: folds 
xxxZeka: folds 
Brookstj500: raises $2 to $3
Nicedaymybro: folds 
MaRKiToScoK: calls $2
*** FLOP *** [6c 6h 2c]
MaRKiToScoK: checks 
Brookstj500: bets $6.18
MaRKiToScoK: calls $6.18
*** TURN *** [6c 6h 2c] [3d]
MaRKiToScoK: checks 
Brookstj500: checks 
*** RIVER *** [6c 6h 2c 3d] [8h]
MaRKiToScoK: checks 
Brookstj500: checks 
*** SHOW DOWN ***
MaRKiToScoK: shows [5d As] (a pair of Sixes)
Brookstj500: shows [7d Ac] (a pair of Sixes - Ace+Eight+Seven kicker)
Brookstj500 collected $17.92 from pot
*** SUMMARY ***
Total pot $18.86 | Rake $0.94 
Board [6c 6h 2c 3d 8h]
Seat 1: MaRKiToScoK (big blind) showed [5d As] and lost with a pair of Sixes
Seat 2: kenk101 folded before Flop (didn't bet)
Seat 3: nicofellow folded before Flop (didn't bet)
Seat 4: xxxZeka folded before Flop (didn't bet)
Seat 5: Brookstj500 (button) showed [7d Ac] and won ($17.92) with a pair of Sixes
Seat 6: Nicedaymybro (small blind) folded before Flop



PokerStars Hand #254489840426:  Hold'em No Limit ($0.50/$1.00 USD) - 2025/01/21 21:06:16 WET [2025/01/21 16:06:16 ET]
Table 'McElroy IV' 6-max Seat #6 is the button
Seat 1: MaRKiToScoK ($200.94 in chips) 
Seat 2: kenk101 ($100 in chips) 
Seat 3: nicofellow ($100.46 in chips) 
Seat 4: xxxZeka ($103.95 in chips) 
Seat 5: Brookstj500 ($26.94 in chips) 
Seat 6: henri789 ($100 in chips) 
MaRKiToScoK: posts small blind $0.50
kenk101: posts big blind $1
*** HOLE CARDS ***
nicofellow: folds 
xxxZeka: folds 
Brookstj500: calls $1
henri789: raises $3 to $4
MaRKiToScoK: calls $3.50
kenk101: folds 
Brookstj500: folds 
*** FLOP *** [Th Kc 4c]
Brookstj500 leaves the table
MaRKiToScoK: checks 
henri789: bets $3.14
MaRKiToScoK: folds 
Uncalled bet ($3.14) returned to henri789
henri789 collected $9.50 from pot
henri789: doesn't show hand 
*** SUMMARY ***
Total pot $10 | Rake $0.50 
Board [Th Kc 4c]
Seat 1: MaRKiToScoK (small blind) folded on the Flop
Seat 2: kenk101 (big blind) folded before Flop
Seat 3: nicofellow folded before Flop (didn't bet)
Seat 4: xxxZeka folded before Flop (didn't bet)
Seat 5: Brookstj500 folded before Flop
Seat 6: henri789 (button) collected ($9.50)



PokerStars Hand #254489851787:  Hold'em No Limit ($0.50/$1.00 USD) - 2025/01/21 21:06:52 WET [2025/01/21 16:06:52 ET]
Table 'McElroy IV' 6-max Seat #1 is the button
Seat 1: MaRKiToScoK ($196.94 in chips) 
Seat 2: kenk101 ($99 in chips) 
Seat 3: nicofellow ($100.46 in chips) 
Seat 4: xxxZeka ($103.95 in chips) 
Seat 6: henri789 ($105.50 in chips) 
kenk101: posts small blind $0.50
nicofellow: posts big blind $1
*** HOLE CARDS ***
xxxZeka: folds 
henri789: raises $1.50 to $2.50
MaRKiToScoK: folds 
kenk101: folds 
nicofellow: raises $9.50 to $12
henri789: folds 
Uncalled bet ($9.50) returned to nicofellow
nicofellow collected $5.50 from pot
nicofellow: doesn't show hand 
*** SUMMARY ***
Total pot $5.50 | Rake $0 
Seat 1: MaRKiToScoK (button) folded before Flop (didn't bet)
Seat 2: kenk101 (small blind) folded before Flop
Seat 3: nicofellow (big blind) collected ($5.50)
Seat 4: xxxZeka folded before Flop (didn't bet)
Seat 6: henri789 folded before Flop



PokerStars Hand #254489864668:  Hold'em No Limit ($0.50/$1.00 USD) - 2025/01/21 21:07:34 WET [2025/01/21 16:07:34 ET]
Table 'McElroy IV' 6-max Seat #2 is the button
Seat 1: MaRKiToScoK ($196.94 in chips) 
Seat 2: kenk101 ($98.50 in chips) 
Seat 3: nicofellow ($103.46 in chips) 
Seat 4: xxxZeka ($103.95 in chips) 
Seat 6: henri789 ($103 in chips) 
nicofellow: posts small blind $0.50
xxxZeka: posts big blind $1
*** HOLE CARDS ***
henri789: folds 
MaRKiToScoK: folds 
kenk101: folds 
kvcsszblcs joins the table at seat #5 
nicofellow: raises $2 to $3
xxxZeka: folds 
Uncalled bet ($2) returned to nicofellow
nicofellow collected $2 from pot
nicofellow: doesn't show hand 
*** SUMMARY ***
Total pot $2 | Rake $0 
Seat 1: MaRKiToScoK folded before Flop (didn't bet)
Seat 2: kenk101 (button) folded before Flop (didn't bet)
Seat 3: nicofellow (small blind) collected ($2)
Seat 4: xxxZeka (big blind) folded before Flop
Seat 6: henri789 folded before Flop (didn't bet)



PokerStars Hand #254489870540:  Hold'em No Limit ($0.50/$1.00 USD) - 2025/01/21 21:07:53 WET [2025/01/21 16:07:53 ET]
Table 'McElroy IV' 6-max Seat #3 is the button
Seat 1: MaRKiToScoK ($196.94 in chips) 
Seat 2: kenk101 ($98.50 in chips) 
Seat 3: nicofellow ($104.46 in chips) 
Seat 4: xxxZeka ($102.95 in chips) 
Seat 5: kvcsszblcs ($100 in chips) 
Seat 6: henri789 ($103 in chips) 
xxxZeka: posts small blind $0.50
kvcsszblcs: posts big blind $1
*** HOLE CARDS ***
henri789 is disconnected 
henri789 has timed out while disconnected
henri789: folds 
MaRKiToScoK: folds 
kenk101: folds 
nicofellow: folds 
xxxZeka: folds 
Uncalled bet ($0.50) returned to kvcsszblcs
kvcsszblcs collected $1 from pot
kvcsszblcs: doesn't show hand 
*** SUMMARY ***
Total pot $1 | Rake $0 
Seat 1: MaRKiToScoK folded before Flop (didn't bet)
Seat 2: kenk101 folded before Flop (didn't bet)
Seat 3: nicofellow (button) folded before Flop (didn't bet)
Seat 4: xxxZeka (small blind) folded before Flop
Seat 5: kvcsszblcs (big blind) collected ($1)
Seat 6: henri789 folded before Flop (didn't bet)



PokerStars Hand #254489882216:  Hold'em No Limit ($0.50/$1.00 USD) - 2025/01/21 21:08:31 WET [2025/01/21 16:08:31 ET]
Table 'McElroy IV' 6-max Seat #4 is the button
Seat 1: MaRKiToScoK ($196.94 in chips) 
Seat 2: kenk101 ($98.50 in chips) 
Seat 3: nicofellow ($104.46 in chips) 
Seat 4: xxxZeka ($102.45 in chips) 
Seat 5: kvcsszblcs ($100.50 in chips) 
Seat 6: henri789 ($103 in chips) 
kvcsszblcs: posts small blind $0.50
henri789: posts big blind $1
*** HOLE CARDS ***
MaRKiToScoK: raises $1 to $2
kenk101: folds 
nicofellow: raises $4.50 to $6.50
xxxZeka: folds 
kvcsszblcs: folds 
henri789: folds 
MaRKiToScoK: folds 
Uncalled bet ($4.50) returned to nicofellow
nicofellow collected $5.50 from pot
nicofellow: doesn't show hand 
*** SUMMARY ***
Total pot $5.50 | Rake $0 
Seat 1: MaRKiToScoK folded before Flop
Seat 2: kenk101 folded before Flop (didn't bet)
Seat 3: nicofellow collected ($5.50)
Seat 4: xxxZeka (button) folded before Flop (didn't bet)
Seat 5: kvcsszblcs (small blind) folded before Flop
Seat 6: henri789 (big blind) folded before Flop



PokerStars Hand #254489891002:  Hold'em No Limit ($0.50/$1.00 USD) - 2025/01/21 21:09:00 WET [2025/01/21 16:09:00 ET]
Table 'McElroy IV' 6-max Seat #5 is the button
Seat 1: MaRKiToScoK ($194.94 in chips) 
Seat 2: kenk101 ($98.50 in chips) 
Seat 3: nicofellow ($107.96 in chips) 
Seat 4: xxxZeka ($102.45 in chips) 
Seat 5: kvcsszblcs ($100 in chips) 
Seat 6: henri789 ($102 in chips) 
henri789: posts small blind $0.50
MaRKiToScoK: posts big blind $1
*** HOLE CARDS ***
kenk101: folds 
nicofellow: folds 
xxxZeka: folds 
kvcsszblcs: folds 
henri789: folds 
Uncalled bet ($0.50) returned to MaRKiToScoK
MaRKiToScoK collected $1 from pot
*** SUMMARY ***
Total pot $1 | Rake $0 
Seat 1: MaRKiToScoK (big blind) collected ($1)
Seat 2: kenk101 folded before Flop (didn't bet)
Seat 3: nicofellow folded before Flop (didn't bet)
Seat 4: xxxZeka folded before Flop (didn't bet)
Seat 5: kvcsszblcs (button) folded before Flop (didn't bet)
Seat 6: henri789 (small blind) folded before Flop



PokerStars Hand #254489897228:  Hold'em No Limit ($0.50/$1.00 USD) - 2025/01/21 21:09:21 WET [2025/01/21 16:09:21 ET]
Table 'McElroy IV' 6-max Seat #6 is the button
Seat 1: MaRKiToScoK ($195.44 in chips) 
Seat 2: kenk101 ($98.50 in chips) 
Seat 3: nicofellow ($107.96 in chips) 
Seat 4: xxxZeka ($102.45 in chips) 
Seat 5: kvcsszblcs ($100 in chips) 
Seat 6: henri789 ($101.50 in chips) 
MaRKiToScoK: posts small blind $0.50
kenk101: posts big blind $1
*** HOLE CARDS ***
nicofellow has timed out
nicofellow: folds 
xxxZeka: folds 
kvcsszblcs: folds 
henri789: folds 
MaRKiToScoK: raises $2 to $3
kenk101: raises $3 to $6
MaRKiToScoK: calls $3
*** FLOP *** [Qh Kh Ks]
MaRKiToScoK: checks 
kenk101: checks 
*** TURN *** [Qh Kh Ks] [3s]
MaRKiToScoK: checks 
kenk101: bets $55
MaRKiToScoK: folds 
Uncalled bet ($55) returned to kenk101
kenk101 collected $11.40 from pot
*** SUMMARY ***
Total pot $12 | Rake $0.60 
Board [Qh Kh Ks 3s]
Seat 1: MaRKiToScoK (small blind) folded on the Turn
Seat 2: kenk101 (big blind) collected ($11.40)
Seat 3: nicofellow folded before Flop (didn't bet)
Seat 4: xxxZeka folded before Flop (didn't bet)
Seat 5: kvcsszblcs folded before Flop (didn't bet)
Seat 6: henri789 (button) folded before Flop (didn't bet)



PokerStars Hand #254489913320:  Hold'em No Limit ($0.50/$1.00 USD) - 2025/01/21 21:10:14 WET [2025/01/21 16:10:14 ET]
Table 'McElroy IV' 6-max Seat #1 is the button
Seat 1: MaRKiToScoK ($189.44 in chips) 
Seat 2: kenk101 ($103.90 in chips) 
Seat 3: nicofellow ($107.96 in chips) 
Seat 4: xxxZeka ($102.45 in chips) 
Seat 5: kvcsszblcs ($100 in chips) 
Seat 6: henri789 ($101.50 in chips) 
kenk101: posts small blind $0.50
nicofellow: posts big blind $1
*** HOLE CARDS ***
xxxZeka: folds 
kvcsszblcs: folds 
henri789: folds 
MaRKiToScoK: raises $1.50 to $2.50
kenk101: folds 
nicofellow: folds 
Uncalled bet ($1.50) returned to MaRKiToScoK
MaRKiToScoK collected $2.50 from pot
*** SUMMARY ***
Total pot $2.50 | Rake $0 
Seat 1: MaRKiToScoK (button) collected ($2.50)
Seat 2: kenk101 (small blind) folded before Flop
Seat 3: nicofellow (big blind) folded before Flop
Seat 4: xxxZeka folded before Flop (didn't bet)
Seat 5: kvcsszblcs folded before Flop (didn't bet)
Seat 6: henri789 folded before Flop (didn't bet)



PokerStars Hand #254489919117:  Hold'em No Limit ($0.50/$1.00 USD) - 2025/01/21 21:10:33 WET [2025/01/21 16:10:33 ET]
Table 'McElroy IV' 6-max Seat #2 is the button
Seat 1: MaRKiToScoK ($190.94 in chips) 
Seat 2: kenk101 ($103.40 in chips) 
Seat 3: nicofellow ($106.96 in chips) 
Seat 4: xxxZeka ($102.45 in chips) 
Seat 5: kvcsszblcs ($100 in chips) 
Seat 6: henri789 ($101.50 in chips) 
nicofellow: posts small blind $0.50
xxxZeka: posts big blind $1
*** HOLE CARDS ***
kvcsszblcs: folds 
henri789: raises $1.50 to $2.50
MaRKiToScoK: calls $2.50
kenk101: folds 
nicofellow: folds 
xxxZeka: calls $1.50
*** FLOP *** [Td 4c Th]
xxxZeka: checks 
henri789: checks 
MaRKiToScoK: checks 
*** TURN *** [Td 4c Th] [Qc]
xxxZeka: checks 
henri789: checks 
MaRKiToScoK: checks 
*** RIVER *** [Td 4c Th Qc] [Jd]
xxxZeka: checks 
henri789: bets $10.11
MaRKiToScoK: folds 
xxxZeka: folds 
Uncalled bet ($10.11) returned to henri789
henri789 collected $7.60 from pot
henri789: doesn't show hand 
*** SUMMARY ***
Total pot $8 | Rake $0.40 
Board [Td 4c Th Qc Jd]
Seat 1: MaRKiToScoK folded on the River
Seat 2: kenk101 (button) folded before Flop (didn't bet)
Seat 3: nicofellow (small blind) folded before Flop
Seat 4: xxxZeka (big blind) folded on the River
Seat 5: kvcsszblcs folded before Flop (didn't bet)
Seat 6: henri789 collected ($7.60)



PokerStars Hand #254489953717:  Hold'em No Limit ($0.50/$1.00 USD) - 2025/01/21 21:12:24 WET [2025/01/21 16:12:24 ET]
Table 'McElroy IV' 6-max Seat #3 is the button
Seat 1: MaRKiToScoK ($188.44 in chips) 
Seat 2: kenk101 ($103.40 in chips) 
Seat 3: nicofellow ($106.46 in chips) 
Seat 4: xxxZeka ($100 in chips) 
Seat 5: kvcsszblcs ($100 in chips) 
Seat 6: henri789 ($106.60 in chips) 
xxxZeka: posts small blind $0.50
kvcsszblcs: posts big blind $1
*** HOLE CARDS ***
henri789: folds 
MaRKiToScoK: folds 
kenk101: folds 
nicofellow: folds 
xxxZeka: folds 
Uncalled bet ($0.50) returned to kvcsszblcs
kvcsszblcs collected $1 from pot
kvcsszblcs: doesn't show hand 
*** SUMMARY ***
Total pot $1 | Rake $0 
Seat 1: MaRKiToScoK folded before Flop (didn't bet)
Seat 2: kenk101 folded before Flop (didn't bet)
Seat 3: nicofellow (button) folded before Flop (didn't bet)
Seat 4: xxxZeka (small blind) folded before Flop
Seat 5: kvcsszblcs (big blind) collected ($1)
Seat 6: henri789 folded before Flop (didn't bet)



PokerStars Hand #254489960997:  Hold'em No Limit ($0.50/$1.00 USD) - 2025/01/21 21:12:48 WET [2025/01/21 16:12:48 ET]
Table 'McElroy IV' 6-max Seat #4 is the button
Seat 1: MaRKiToScoK ($188.44 in chips) 
Seat 2: kenk101 ($103.40 in chips) 
Seat 3: nicofellow ($106.46 in chips) 
Seat 4: xxxZeka ($100 in chips) 
Seat 5: kvcsszblcs ($100.50 in chips) 
Seat 6: henri789 ($106.60 in chips) 
kvcsszblcs: posts small blind $0.50
henri789: posts big blind $1
*** HOLE CARDS ***
MaRKiToScoK: raises $1 to $2
kenk101: folds 
kenk101 leaves the table
perketti joins the table at seat #2 
nicofellow: folds 
perketti is disconnected 
xxxZeka: folds 
kvcsszblcs: folds 
henri789: folds 
Uncalled bet ($1) returned to MaRKiToScoK
MaRKiToScoK collected $2.50 from pot
*** SUMMARY ***
Total pot $2.50 | Rake $0 
Seat 1: MaRKiToScoK collected ($2.50)
Seat 2: kenk101 folded before Flop (didn't bet)
Seat 3: nicofellow folded before Flop (didn't bet)
Seat 4: xxxZeka (button) folded before Flop (didn't bet)
Seat 5: kvcsszblcs (small blind) folded before Flop
Seat 6: henri789 (big blind) folded before Flop



PokerStars Hand #254489973526:  Hold'em No Limit ($0.50/$1.00 USD) - 2025/01/21 21:13:28 WET [2025/01/21 16:13:28 ET]
Table 'McElroy IV' 6-max Seat #5 is the button
Seat 1: MaRKiToScoK ($189.94 in chips) 
Seat 2: perketti ($100 in chips) 
Seat 3: nicofellow ($106.46 in chips) 
Seat 4: xxxZeka ($100 in chips) 
Seat 5: kvcsszblcs ($100 in chips) 
Seat 6: henri789 ($105.60 in chips) 
henri789: posts small blind $0.50
MaRKiToScoK: posts big blind $1
perketti: posts big blind $1
*** HOLE CARDS ***
perketti: checks 
nicofellow: folds 
xxxZeka: folds 
kvcsszblcs: raises $2.50 to $3.50
henri789: folds 
MaRKiToScoK: calls $2.50
perketti: folds 
*** FLOP *** [Qc 7c Jd]
MaRKiToScoK: checks 
kvcsszblcs: checks 
*** TURN *** [Qc 7c Jd] [5s]
MaRKiToScoK: checks 
kvcsszblcs: bets $5.33
MaRKiToScoK: folds 
Uncalled bet ($5.33) returned to kvcsszblcs
kvcsszblcs collected $8.08 from pot
kvcsszblcs: doesn't show hand 
*** SUMMARY ***
Total pot $8.50 | Rake $0.42 
Board [Qc 7c Jd 5s]
Seat 1: MaRKiToScoK (big blind) folded on the Turn
Seat 2: perketti folded before Flop (didn't bet)
Seat 3: nicofellow folded before Flop (didn't bet)
Seat 4: xxxZeka folded before Flop (didn't bet)
Seat 5: kvcsszblcs (button) collected ($8.08)
Seat 6: henri789 (small blind) folded before Flop



PokerStars Hand #254489992325:  Hold'em No Limit ($0.50/$1.00 USD) - 2025/01/21 21:14:28 WET [2025/01/21 16:14:28 ET]
Table 'McElroy IV' 6-max Seat #6 is the button
Seat 1: MaRKiToScoK ($186.44 in chips) 
Seat 2: perketti ($99 in chips) 
Seat 3: nicofellow ($106.46 in chips) 
Seat 4: xxxZeka ($100 in chips) 
Seat 5: kvcsszblcs ($104.58 in chips) 
Seat 6: henri789 ($105.10 in chips) 
MaRKiToScoK: posts small blind $0.50
perketti: posts big blind $1
*** HOLE CARDS ***
nicofellow: folds 
xxxZeka: folds 
kvcsszblcs: folds 
henri789: folds 
MaRKiToScoK: raises $2 to $3
perketti: raises $6 to $9
MaRKiToScoK: raises $177.44 to $186.44 and is all-in
perketti: folds 
Uncalled bet ($177.44) returned to MaRKiToScoK
MaRKiToScoK collected $18 from pot
*** SUMMARY ***
Total pot $18 | Rake $0 
Seat 1: MaRKiToScoK (small blind) collected ($18)
Seat 2: perketti (big blind) folded before Flop
Seat 3: nicofellow folded before Flop (didn't bet)
Seat 4: xxxZeka folded before Flop (didn't bet)
Seat 5: kvcsszblcs folded before Flop (didn't bet)
Seat 6: henri789 (button) folded before Flop (didn't bet)



PokerStars Hand #254490002262:  Hold'em No Limit ($0.50/$1.00 USD) - 2025/01/21 21:15:00 WET [2025/01/21 16:15:00 ET]
Table 'McElroy IV' 6-max Seat #1 is the button
Seat 1: MaRKiToScoK ($195.44 in chips) 
Seat 2: perketti ($90 in chips) 
Seat 3: nicofellow ($106.46 in chips) 
Seat 4: xxxZeka ($100 in chips) 
Seat 5: kvcsszblcs ($104.58 in chips) 
Seat 6: henri789 ($105.10 in chips) 
perketti: posts small blind $0.50
nicofellow: posts big blind $1
*** HOLE CARDS ***
xxxZeka: raises $1.50 to $2.50
kvcsszblcs: raises $5 to $7.50
henri789: folds 
MaRKiToScoK: folds 
perketti: folds 
nicofellow: folds 
xxxZeka: raises $14.50 to $22
kvcsszblcs: raises $82.58 to $104.58 and is all-in
xxxZeka: folds 
Uncalled bet ($82.58) returned to kvcsszblcs
kvcsszblcs collected $45.50 from pot
kvcsszblcs: doesn't show hand 
*** SUMMARY ***
Total pot $45.50 | Rake $0 
Seat 1: MaRKiToScoK (button) folded before Flop (didn't bet)
Seat 2: perketti (small blind) folded before Flop
Seat 3: nicofellow (big blind) folded before Flop
Seat 4: xxxZeka folded before Flop
Seat 5: kvcsszblcs collected ($45.50)
Seat 6: henri789 folded before Flop (didn't bet)



PokerStars Hand #254490022951:  Hold'em No Limit ($0.50/$1.00 USD) - 2025/01/21 21:16:05 WET [2025/01/21 16:16:05 ET]
Table 'McElroy IV' 6-max Seat #2 is the button
Seat 1: MaRKiToScoK ($195.44 in chips) 
Seat 2: perketti ($89.50 in chips) 
Seat 3: nicofellow ($105.46 in chips) 
Seat 4: xxxZeka ($100 in chips) 
Seat 5: kvcsszblcs ($128.08 in chips) 
Seat 6: henri789 ($105.10 in chips) 
nicofellow: posts small blind $0.50
xxxZeka: posts big blind $1
*** HOLE CARDS ***
kvcsszblcs: folds 
henri789: folds 
MaRKiToScoK: folds 
perketti: raises $1 to $2
nicofellow: folds 
xxxZeka: folds 
Uncalled bet ($1) returned to perketti
perketti collected $2.50 from pot
perketti: doesn't show hand 
*** SUMMARY ***
Total pot $2.50 | Rake $0 
Seat 1: MaRKiToScoK folded before Flop (didn't bet)
Seat 2: perketti (button) collected ($2.50)
Seat 3: nicofellow (small blind) folded before Flop
Seat 4: xxxZeka (big blind) folded before Flop
Seat 5: kvcsszblcs folded before Flop (didn't bet)
Seat 6: henri789 folded before Flop (didn't bet)



PokerStars Hand #254490032732:  Hold'em No Limit ($0.50/$1.00 USD) - 2025/01/21 21:16:36 WET [2025/01/21 16:16:36 ET]
Table 'McElroy IV' 6-max Seat #3 is the button
Seat 1: MaRKiToScoK ($195.44 in chips) 
Seat 2: perketti ($91 in chips) 
Seat 3: nicofellow ($104.96 in chips) 
Seat 4: xxxZeka ($100 in chips) 
Seat 5: kvcsszblcs ($128.08 in chips) 
Seat 6: henri789 ($105.10 in chips) 
xxxZeka: posts small blind $0.50
kvcsszblcs: posts big blind $1
*** HOLE CARDS ***
henri789: folds 
MaRKiToScoK: raises $1 to $2
perketti: calls $2
nicofellow: folds 
xxxZeka: folds 
kvcsszblcs: folds 
*** FLOP *** [6s 5c Ad]
MaRKiToScoK: bets $1.72
perketti: calls $1.72
*** TURN *** [6s 5c Ad] [Qh]
MaRKiToScoK: checks 
perketti: checks 
*** RIVER *** [6s 5c Ad Qh] [Kd]
MaRKiToScoK: bets $6.37
perketti: folds 
Uncalled bet ($6.37) returned to MaRKiToScoK
MaRKiToScoK collected $8.49 from pot
*** SUMMARY ***
Total pot $8.94 | Rake $0.45 
Board [6s 5c Ad Qh Kd]
Seat 1: MaRKiToScoK collected ($8.49)
Seat 2: perketti folded on the River
Seat 3: nicofellow (button) folded before Flop (didn't bet)
Seat 4: xxxZeka (small blind) folded before Flop
Seat 5: kvcsszblcs (big blind) folded before Flop
Seat 6: henri789 folded before Flop (didn't bet)



PokerStars Hand #254490052839:  Hold'em No Limit ($0.50/$1.00 USD) - 2025/01/21 21:17:40 WET [2025/01/21 16:17:40 ET]
Table 'McElroy IV' 6-max Seat #4 is the button
Seat 1: MaRKiToScoK ($200.21 in chips) 
Seat 2: perketti ($87.28 in chips) 
Seat 3: nicofellow ($104.96 in chips) 
Seat 4: xxxZeka ($100 in chips) 
Seat 5: kvcsszblcs ($127.08 in chips) 
Seat 6: henri789 ($105.10 in chips) 
kvcsszblcs: posts small blind $0.50
henri789: posts big blind $1
*** HOLE CARDS ***
MaRKiToScoK: folds 
perketti: raises $1 to $2
nicofellow: folds 
xxxZeka: folds 
kvcsszblcs: folds 
henri789: folds 
Uncalled bet ($1) returned to perketti
perketti collected $2.50 from pot
perketti: doesn't show hand 
*** SUMMARY ***
Total pot $2.50 | Rake $0 
Seat 1: MaRKiToScoK folded before Flop (didn't bet)
Seat 2: perketti collected ($2.50)
Seat 3: nicofellow folded before Flop (didn't bet)
Seat 4: xxxZeka (button) folded before Flop (didn't bet)
Seat 5: kvcsszblcs (small blind) folded before Flop
Seat 6: henri789 (big blind) folded before Flop



PokerStars Hand #254490060635:  Hold'em No Limit ($0.50/$1.00 USD) - 2025/01/21 21:18:05 WET [2025/01/21 16:18:05 ET]
Table 'McElroy IV' 6-max Seat #5 is the button
Seat 1: MaRKiToScoK ($200.21 in chips) 
Seat 2: perketti ($88.78 in chips) 
Seat 3: nicofellow ($104.96 in chips) 
Seat 4: xxxZeka ($100 in chips) 
Seat 5: kvcsszblcs ($126.58 in chips) 
Seat 6: henri789 ($104.10 in chips) 
henri789: posts small blind $0.50
MaRKiToScoK: posts big blind $1
*** HOLE CARDS ***
perketti: folds 
nicofellow: raises $1 to $2
perketti leaves the table
xxxZeka: folds 
kvcsszblcs: folds 
henri789: folds 
MaRKiToScoK: raises $10 to $12
nicofellow: raises $92.96 to $104.96 and is all-in
MaRKiToScoK: calls $92.96
henri789 leaves the table
*** FLOP *** [4s Kc 2c]
*** TURN *** [4s Kc 2c] [Tc]
*** RIVER *** [4s Kc 2c Tc] [2s]
*** SHOW DOWN ***
MaRKiToScoK: shows [Jd Jc] (two pair, Jacks and Deuces)
nicofellow: shows [Ks Ah] (two pair, Kings and Deuces)
nicofellow collected $207.92 from pot
*** SUMMARY ***
Total pot $210.42 | Rake $2.50 
Board [4s Kc 2c Tc 2s]
Seat 1: MaRKiToScoK (big blind) showed [Jd Jc] and lost with two pair, Jacks and Deuces
Seat 2: perketti folded before Flop (didn't bet)
Seat 3: nicofellow showed [Ks Ah] and won ($207.92) with two pair, Kings and Deuces
Seat 4: xxxZeka folded before Flop (didn't bet)
Seat 5: kvcsszblcs (button) folded before Flop (didn't bet)
Seat 6: henri789 (small blind) folded before Flop



PokerStars Hand #254490077520:  Hold'em No Limit ($0.50/$1.00 USD) - 2025/01/21 21:18:58 WET [2025/01/21 16:18:58 ET]
Table 'McElroy IV' 6-max Seat #1 is the button
Seat 4: xxxZeka ($100 in chips) is sitting out
Seat 1: MaRKiToScoK ($100 in chips) 
Seat 3: nicofellow ($207.92 in chips) 
Seat 5: kvcsszblcs ($126.58 in chips) 
nicofellow: posts small blind $0.50
xxxZeka: is sitting out 
kvcsszblcs: posts big blind $1
*** HOLE CARDS ***
MaRKiToScoK: folds 
MaRKiToScoK leaves the table
xxxZeka leaves the table
nicofellow: folds 
Uncalled bet ($0.50) returned to kvcsszblcs
kvcsszblcs collected $1 from pot
kvcsszblcs: doesn't show hand 
*** SUMMARY ***
Total pot $1 | Rake $0 
Seat 4: xxxZeka
Seat 1: MaRKiToScoK (button) folded before Flop (didn't bet)
Seat 3: nicofellow (small blind) folded before Flop
Seat 5: kvcsszblcs (big blind) collected ($1)



PokerStars Hand #254490080836:  Hold'em No Limit ($0.50/$1.00 USD) - 2025/01/21 21:19:09 WET [2025/01/21 16:19:09 ET]
Table 'McElroy IV' 6-max Seat #5 is the button
Seat 3: nicofellow ($207.42 in chips) 
Seat 5: kvcsszblcs ($127.08 in chips) 
kvcsszblcs: posts small blind $0.50
nicofellow: posts big blind $1
*** HOLE CARDS ***
kvcsszblcs: folds 
Uncalled bet ($0.50) returned to nicofellow
nicofellow collected $1 from pot
nicofellow: doesn't show hand 
*** SUMMARY ***
Total pot $1 | Rake $0 
Seat 3: nicofellow (big blind) collected ($1)
Seat 5: kvcsszblcs (button) (small blind) folded before Flop



PokerStars Hand #254490083913:  Hold'em No Limit ($0.50/$1.00 USD) - 2025/01/21 21:19:18 WET [2025/01/21 16:19:18 ET]
Table 'McElroy IV' 6-max Seat #3 is the button
Seat 3: nicofellow ($207.92 in chips) 
Seat 5: kvcsszblcs ($126.58 in chips) 
nicofellow: posts small blind $0.50
kvcsszblcs: posts big blind $1
*** HOLE CARDS ***
nicofellow: raises $1.50 to $2.50
kvcsszblcs: calls $1.50
*** FLOP *** [8d 3s 2c]
kvcsszblcs: checks 
nicofellow: bets $2.56
kvcsszblcs: calls $2.56
*** TURN *** [8d 3s 2c] [Ts]
kvcsszblcs: checks 
nicofellow: bets $12.01
kvcsszblcs: folds 
Uncalled bet ($12.01) returned to nicofellow
nicofellow collected $9.61 from pot
nicofellow: doesn't show hand 
*** SUMMARY ***
Total pot $10.12 | Rake $0.51 
Board [8d 3s 2c Ts]
Seat 3: nicofellow (button) (small blind) collected ($9.61)
Seat 5: kvcsszblcs (big blind) folded on the Turn



